3898 6390
154 425 222 491 45

1465 430 1966 498 CHRONICON.
1999 471 2080 484 --
2107 438 2261 501 LIB.
2310 440 2356 502 Ι.

2107 438 2261 501 LIB.
2310 440 2356 502 Ι.
3527 450 3628 517 46·

173 576 383 660 quoque
418 567 483 623 in
519 568 799 660 civitate
831 567 1180 660 Ostiajuxta
1214 574 1445 660 portum
1469 567 1634 624 urbis
1653 569 1846 660 Boium
1875 567 1931 628 A
1964 567 2184 660 hilium,
2219 575 2275 626 et
2306 572 2360 628 in
2389 576 2584 630 Iesum
2618 576 2911 634 Christum
2946 580 3125 637 ﬁlium
3177 583 3305 651 ejus
3346 587 3597 660 unicum,

180 654 472 712 beatorum
508 659 944 731 apostolorum
978 657 1134 713 Petri
1167 660 1223 713 et
1258 657 1422 714 Pauli
1454 662 1511 714 ct
1545 657 1729 714 sancti
1753 658 1847 712 Jo-

191 743 375 802 hannis
448 748 774 819 baptistze.
838 749 977 803 Item
1058 745 1225 803 aliam
1316 747 1499 803 sancti
1569 746 1845 819 Johannis

203 834 450 905 baptista;
479 836 542 891 in
573 836 833 892 civitate
868 835 1196 891 Albanensi.
1235 838 1376 891 Item
1410 835 1579 892 aliam
1613 835 1666 891 in
1703 836 1846 891 urbe

205 923 417 994 Neapoli
460 924 696 997 [BI-EDA].
745 925 903 980 Idem
956 925 1373 981 Constantinus
1430 926 1751 995 Drcpanam
1804 923 1849 957 ⁸⁸

205 1012 465 1081 Bythiniae
487 1013 803 1069 civitatem
832 1013 885 1068 in
908 1013 1186 1070 honorem
1213 1014 1486 1083 martyris
1511 1013 1741 1069 Lueiani
1768 1013 1845 1069 ibi

199 1101 397 1156 conditi
423 1102 774 1159 instaurans
804 1117 876 1159 ex
906 1102 1188 1159 vocabulo
1226 1102 1431 1158 matris
1466 1117 1584 1159 suae
1608 1102 1848 1158 Helene-

202 1189 360 1260 pelim
422 1192 818 1262 nuncupavit.
856 1192 1169 1248 Constituit
1223 1190 1441 1263 templa
1492 1206 1844 1263 paganorum

195 1278 399 1334 claudi.
428 1279 533 1334 llic
559 1283 836 1336 statuens
855 1280 1059 1337 urbem
1084 1279 1331 1335 nominis
1355 1279 1441 1336 sui
1481 1280 1535 1334 in
1585 1280 1841 1350 Trachia,

198 1368 761 1439 Constantinopolim
786 1368 1125 1441 appellavit,
1146 1367 1603 1440 quametlsedem
1621 1369 1844 1439 imperii

194 1461 246 1509 et
270 1456 456 1513 totius
479 1457 741 1513 Orientis
762 1472 827 1513 ca
837 1462 939 1528 put
961 1472 1094 1513 esse
1117 1456 1326 1513 voluit.
1356 1457 1509 1511 Fecit
1535 1457 1708 1512 etiam
1734 1458 1848 1528 pri-

194 1545 465 1615 vilegium
501 1550 727 1603 sanetae
758 1548 1029 1603 Romana}
1058 1546 1323 1602 ecclesia:
1355 1546 1506 1616 quod
1539 1546 1842 1601 constituit

194 1635 360 1689 beato
386 1649 559 1706 papas
583 1635 869 1692 Silvestro
891 1639 949 1691 et
975 1636 1245 1691 omnibus
1267 1626 1707 1691 successoribus
1721 1634 1847 1703 ejus

192 1723 574 1793 pontiﬁcibus
602 1739 790 1796 usque
824 1725 880 1780 in
928 1728 1299 1796 perpetuum.
1327 1728 1384 1779 et
1433 1724 1647 1795 optulit
1702 1722 1842 1778 illud

187 1827 363 1883 super
379 1828 606 1885 corpus
622 1814 777 1869 beati
799 1814 960 1870 Petri
985 1813 1258 1885 apostoli.
1278 1813 1442 1879 Quod
1467 1813 1560 1869 hic
1584 1813 1842 1869 inserere

1960 658 2263 715 Dominum
2293 666 2578 731 nostrum,
2609 671 2805 721 creata
2842 671 2973 723 sunt
3007 670 3218 740 omnia,
3245 677 3301 727 et
3340 674 3397 729 in
3432 658 3605 747 spiri-

1959 748 2081 802 tum
2130 753 2392 805 sanctum
2435 750 2727 808 dominum
2759 758 2815 809 et
2848 756 3271 814 viviﬁcatorem
3306 761 3597 821 universa:

1961 840 2642 896 creatiirm.NesPatreiii
2659 846 2715 897 et
2735 842 2935 899 Filium
2951 852 3007 899 et
3035 846 3311 917 Spiritum
3337 857 3598 909 sanctum

1959 925 2322 983 conﬁtemur.
2360 928 2438 984 ita
2473 933 2532 984 ut
2559 929 2909 988 inTrinitate
2926 935 3185 1003 perfecta
3205 936 3604 1009 sitplenitudo

1962 1012 2287 1069 divinitatis
2322 1020 2382 1071 et
2414 1017 2607 1073 unitas
2641 1021 2970 1090 potestatis,
3004 1024 3178 1078 Pater
3222 1026 3390 1097 Deus,
3428 1028 3604 1085 Filius

1960 1102 2131 1172 Deus,
2158 1103 2409 1174 Spiritus
2434 1110 2674 1163 sanctus
2688 1109 2841 1164 Deus
2860 1126 2873 1175 ;
2889 1114 2946 1164 et
2964 1117 3087 1167 tres
3103 1128 3275 1168 unum
3292 1122 3448 1171 sunt.
3464 1118 3603 1173 Tres

1962 1190 2159 1261 itaque
2184 1207 2470 1263 personzc,
2490 1196 2588 1251 sed
2616 1212 2725 1252 una
2755 1203 3046 1269 potestas;
3067 1216 3192 1257 nam
3209 1218 3437 1274 semper
3457 1207 3607 1263 Deus

1960 1294 2021 1335 se
2044 1280 2228 1336 edidit
2254 1297 2326 1337 ex
2349 1298 2409 1338 se
2433 1284 2585 1354 quod
2612 1299 2843 1357 semper
2865 1294 2991 1343 erat
3015 1290 3304 1358 gignenda
3321 1293 3388 1348 ad
3408 1293 3600 1351 secula

1960 1370 2220 1426 verbum.
2238 1373 2305 1426 Et
2333 1372 2563 1441 quando
2582 1374 2784 1431 eodem
2811 1377 2938 1433 sole
2964 1394 3080 1434 sum
3099 1381 3400 1451 sapientiae
3423 1384 3599 1439 verbo

1962 1458 2291 1515 universam
2327 1462 2595 1518 formavit
2617 1467 2970 1535 creaturam,
2996 1483 3125 1522 cum
3150 1483 3218 1523 ce
3240 1474 3363 1524 erat
3389 1476 3599 1526 cuncta

1960 1562 2066 1603 suo
2098 1549 2350 1605 archane
2371 1566 2728 1623 componens
2754 1554 3096 1610 ministerio.
3119 1557 3299 1625 igitur
3323 1560 3599 1629 perfectis

1958 1634 2215 1691 celerum
2247 1638 2569 1694 virtutibus
2601 1645 2656 1694 et
2696 1642 2984 1696 universis
3012 1647 3182 1699 terra:
3208 1646 3486 1713 materiis,
3508 1648 3601 1717 pio

1959 1724 2259 1794 sapientim
2288 1731 2431 1781 nutu
2466 1728 2534 1782 ad
2559 1728 2868 1797 imaginem
2891 1736 2947 1785 ct
2974 1731 3416 1789 similitudinem
3438 1749 3598 1790 suam

1962 1812 2207 1883 primum
2232 1814 2301 1869 de
2327 1816 2462 1870 limo
2488 1821 2662 1872 terrae
2691 1819 2914 1887 ﬁngens
2938 1821 3243 1879 hominem.
3264 1821 3413 1878 hunc
3440 1838 3601 1894 para-

188 1916 296 1958 non
322 1903 694 1973 pigebit.Est
716 1908 912 1960 autem
937 1902 1264 1975 hujusmodi
1292 1902 1723 1974 (Decret.):«ln
1747 1916 1843 1958 no-
1871 1924 1928 1986 Β
1960 1900 2088 1957 diso
2122 1902 2315 1969 posuit
2350 1904 2687 1975 voluptatis.
2721 1905 2899 1971 Quem
2942 1908 3221 1976 antiquus
3267 1924 3511 1980 serpens
3541 1918 3597 1966 et

192 1991 339 2046 mine
372 1995 598 2047 sanctae
630 1996 691 2047 et
716 1991 1030 2049 individua:
1051 1992 1370 2061 Trinitatis,
1395 1991 1588 2047 Patris
1612 1990 1838 2047 scilicet

190 2087 245 2134 et
277 2080 409 2135 Filii
440 2084 505 2136 et
539 2080 796 2152 Spiritus
826 2081 1032 2138 sancti.
1060 2083 1382 2152 Imperator
1404 2095 1586 2138 caesar
1610 2080 1840 2136 Flavius

189 2169 635 2240 Constantinus,
664 2170 718 2224 in
754 2171 987 2227 Christo
1015 2172 1150 2227 Iesu
1182 2186 1293 2227 una
1327 2184 1399 2226 ex
1431 2171 1631 2226 eadem
1662 2169 1842 2225 Trini-

188 2258 328 2314 tatis
359 2273 619 2330 persona
655 2258 951 2315 salvatore
982 2259 1216 2315 demino
1246 2260 1363 2315 Deo
1394 2264 1595 2315 nostro
1633 2258 1836 2328 fidelis,

188 2352 560 2417 mansuetus,
582 2347 888 2417 maximus,
917 2347 1227 2417 beneﬁcus,
1256 2347 1682 2415 Alcmannicus,
1702 2347 1844 2401 Brit-

187 2436 437 2505 tanicus,
464 2437 750 2502 Hunicus,
780 2436 927 2507 pius,
956 2436 1111 2508 felix,
1131 2437 1323 2493 victor
1343 2440 1399 2492 et
1424 2436 1841 2508 triumphator,

188 2538 419 2597 semper
454 2527 768 2593 augustus,
800 2525 1164 2581 sanctissimo
1195 2540 1261 2581 ac
1311 2525 1646 2581 beatissimo
1690 2524 1838 2594 patri

190 2612 476 2669 Silvestro
496 2613 666 2669 urbis
687 2614 882 2669 Roma:
903 2613 1177 2685 episcopo
1198 2618 1257 2669 et
1284 2619 1548 2685 papm,'et
1573 2613 1842 2669 omnibus

184 2701 311 2771 ejus
343 2703 808 2759 successoribus
841 2703 938 2773 qui
972 2703 1025 2757 in
1058 2703 1197 2758 sede
1230 2703 1385 2758 beati
1410 2702 1565 2757 Petri
1591 2701 1839 2773 apostoli

186 2792 408 2848 sessuri
430 2796 573 2847 sunt
598 2806 787 2861 usque
802 2790 857 2845 in
875 2790 984 2847 ﬁne
998 2791 1179 2847 seculi
1196 2790 1590 2862 pontiﬁcibus,
1610 2805 1714 2846 nec
1728 2805 1839 2845 non

184 2880 360 2935 etiam
395 2880 677 2936 omnibus
710 2880 1207 2936 reverentissimis
1238 2884 1296 2935 et
1331 2880 1448 2935 Deo
1491 2878 1840 2934 amabilibus

182 2968 495 3026 catholicis
510 2968 813 3039 episcOpis
835 2968 1138 3043 eidemque
1158 2974 1546 3025 sacrosancta:
1568 2968 1839 3024 Romanas

184 3057 449 3115 ecclesiae
481 3072 591 3130 per
623 3059 772 3114 hanc
804 3062 1059 3113 nostram
1090 3057 1447 3129 imperialem
1470 3057 1839 3113 constitutio-

184 3161 310 3202 nem
334 3147 629 3217 subjectis
654 3147 709 3202 in
736 3146 1008 3203 universo
1029 3148 1171 3202 orbe
1192 3151 1507 3217 terrarum,
1536 3161 1757 3202 necnon
1780 3151 1836 3201 et

186 3237 441 3305 posteris
462 3251 673 3292 eorum
698 3235 934 3291 cunctis
958 3236 1307 3306 postfuturis
1332 3236 1695 3306 temporibus
1714 3250 1841 3291 con-

184 3324 431 3393 stitutis,
445 3324 667 3394 gratia,
697 3339 829 3394 pax,
855 3323 1150 3395 gaudium,
1168 3323 1600 3394 longanimitas,
1618 3323 1841 3379 miseri-

184 3413 450 3483 cordia,a
476 3415 598 3469 Deo
612 3416 787 3484 patre
805 3412 1203 3483 omnipotente
1217 3415 1455 3469 etJesus
1469 3412 1698 3467 Christe
1722 3411 1840 3467 ﬁlio

183 3502 310 3572 ejus
352 3509 417 3558 et
468 3502 699 3575 Spiritu
732 3505 939 3557 sancto
973 3501 1028 3556 in
1058 3501 1329 3557 omnibus
1357 3500 1528 3557 vobis
1559 3500 1682 3571 (fel.
1725 3501 1837 3572 20).

183 3589 344 3656 Quod
356 3591 586 3662 cqualis
599 3590 864 3646 salvator
880 3596 935 3645 et
952 3589 1287 3662 redemptor
1304 3589 1840 3646 nosterJesusChri-

182 3683 326 3750 stus,
351 3679 626 3736 altissimi
655 3678 847 3750 patris
870 3676 1044 3748 ﬁlius,
1072 3693 1174 3749 per
1193 3694 1329 3735 suos
1350 3683 1586 3734 sanctos
1609 3682 1841 3750 aposto-

182 3766 269 3825 los
290 3771 534 3826 Petrum
551 3772 615 3824 et
636 3767 905 3837 Paulum,
921 3767 1349 3823 interveniente
1363 3774 1610 3839 patrono
1639 3772 1839 3823 nostro

178 3857 465 3916 Silvestre
488 3872 723 3915 summo
746 3855 1022 3928 pontiﬁce
1043 3863 1104 3912 et
1126 3857 1445 3913 universali
1476 3871 1643 3928 papa,
1670 3856 1840 3911 mira-

179 3947 383 4004 biliter
413 3946 653 4019 operari
686 3946 966 4015 dignatus
996 3950 1105 4016 est,
1136 3945 1354 4017 liquida
1375 3946 1711 4001 narratione
1737 3961 1840 4017 per

178 4034 354 4108 hujus
383 4040 606 4093 nostra
636 4034 961 4106 imperialis
988 4034 1430 4092 constitutionis
1470 4034 1736 4106 paginam
1766 4035 1837 4090 ad

178 4125 543 4195 agnitionem
566 4124 827 4181 omnium
843 4122 1192 4196 populorum
1206 4124 1482 4180 universe
1497 4124 1639 4178 orbe
1654 4128 1839 4179 terra-

178 4228 310 4270 rum
341 4215 573 4272 studuit
606 4228 941 4287 propagare
970 4217 1166 4269 nostra
1192 4212 1660 4269 mansuetissima
1686 4227 1840 4269 sere-

174 4304 361 4374 nitas,
392 4304 644 4381 primnm
677 4302 916 4373 quidem
947 4301 1117 4357 ﬁdem
1151 4305 1429 4371 nostram,
1459 4316 1628 4371 quam
1656 4313 1685 4355 a
1708 4315 1838 4372 prc-

176 4390 303 4448 late
332 4397 676 4449 exortatore
708 4395 915 4448 nostro
946 4388 1227 4447 Silvestro
1254 4389 1567 4447 universali
1599 4405 1746 4461 papa
1777 4394 1837 4446 et

174 4481 463 4552 pontiﬁce
491 4482 693 4539 edocti
726 4495 950 4551 sumus,
985 4480 1184 4537 intima
1214 4480 1411 4537 cordis
1465 4479 1835 4536 confessione

174 4571 251 4627 ad
265 4570 652 4628 instruendas
665 4569 923 4627 omnium
938 4574 1164 4626 mentes
1177 4570 1630 4641 proferentes,et
1648 4568 1725 4624 ita
1741 4567 1838 4623 de-

1960 1990 2238 2060 antiquns
2263 1992 2452 2047 hostis
2476 1993 2707 2048 invidus
2734 1993 3019 2064 diabolus,
3048 2011 3149 2066 per
3171 1999 3598 2054 amarissimum

1958 2079 2096 2149 ligni
2114 2081 2279 2136 vetiti
2295 2086 2553 2151 gustum,
2571 2082 2799 2137 exulem
2816 2084 2887 2138 ah
2902 2083 3122 2139 eisdem
3138 2084 3327 2140 effecit
3344 2088 3597 2155 gaudiis,

1956 2184 2142 2239 coque
2174 2169 2421 2241 expulso
2444 2185 2553 2225 non
2581 2171 2793 2227 desunt
2820 2186 2922 2227 sua
2950 2187 3234 2229 venenosa
3260 2173 3459 2230 multis
3486 2191 3601 2231 mo-

1956 2257 2046 2312 dis
2075 2257 2365 2328 protelare
2383 2258 2597 2329 jacula,
2618 2263 2725 2315 uta
2741 2259 2830 2315 via
2847 2261 3116 2316 veritatis
3138 2261 3447 2319 humanum
3470 2265 3602 2319 abs-

1959 2346 2410 2417 trahensgenus,
2430 2346 2713 2403 idolorum
2732 2347 3001 2417 culturas,
3018 2354 3306 2406 creatura:
3323 2349 3597 2408 videlicet

1955 2440 2013 2489 et
2038 2449 2146 2490 non
2163 2435 2439 2505 creatori,
2461 2436 2755 2492 deservire
2771 2437 3039 2493 suadent.
3059 2438 3345 2503 Quatinus
3363 2453 3468 2511 per
3490 2440 3597 2496 hoc

1954 2538 2055 2579 eos
2078 2539 2222 2594 quos
2240 2524 2362 2580 suis
2384 2525 2635 2580 valuerit
2655 2525 2886 2581 irrctire
2903 2526 3157 2597 insidiis,
3175 2542 3373 2583 secum
3389 2532 3595 2583 eterne

1955 2612 2162 2668 al’ﬁciat
2215 2613 2638 2668 cencremando
2687 2613 2991 2684 supplicio.
3031 2615 3139 2670 Sed
3192 2615 3345 2671 Deus
3401 2620 3599 2673 noster

1955 2701 2225 2757 miserius
2257 2702 2562 2772 plasmatis
2592 2703 2699 2771 sui,
2736 2703 2995 2773 dirigens
3024 2709 3264 2761 sanctos
3306 2721 3445 2761 suos
3473 2721 3602 2777 pro-

1956 2790 2184 2860 phctas,
2215 2805 2316 2860 per
2350 2805 2494 2861 quos
2527 2790 2716 2846 lumen
2754 2791 2964 2849 futurae
2996 2792 3152 2861 vita),
3180 2793 3491 2849 adventum
3518 2795 3599 2849 vi-

1955 2878 2167 2935 delicet
2188 2878 2289 2933 ﬁlii
2310 2880 2399 2935 sui
2430 2879 2643 2935 domini
2670 2881 2855 2935 nostri
2880 2881 2977 2935 Dei
2997 2887 3053 2937 et
3079 2881 3394 2937 salvatoris
3414 2883 3597 2939 nostri

1953 2969 2089 3024 Jesu
2125 2967 2337 3023 Christi
2372 2968 2750 3038 adnuncians,
2773 2969 2929 3024 misit
2962 2970 3207 3025 eundem
3238 2970 3596 3040 unigenitum

1958 3057 2133 3112 filium
2166 3072 2332 3112 suum
2366 3062 2421 3111 et
2457 3057 2760 3127 sapientiae
2795 3058 3033 3114 verbum
3063 3058 3183 3129 (fol.
3212 3058 3341 3129 20’).
3370 3059 3476 3126 Qui
3504 3060 3601 3114 de-

1956 3145 2246 3201 scendens
2277 3145 2348 3201 de
2384 3145 2527 3202 cells
2558 3153 2799 3218 propter
2830 3150 3090 3202 nostrain
3122 3146 3393 3218 salutem,
3428 3151 3602 3203 natus

1955 3234 2026 3289 de
2061 3234 2283 3305 Spiritu
2322 3240 2525 3291 sancto
2550 3240 2609 3290 et
2634 3235 2805 3290 Maria
2828 3234 3074 3305 virgine,
3099 3237 3338 3292 verbum
3362 3251 3499 3293 caro
3523 3237 3601 3292 fa-

1954 3327 2111 3379 ctum
2144 3328 2237 3379 est
2268 3329 2324 3378 ct
2359 3324 2641 3379 habitavit
2670 3324 2723 3378 in
2747 3324 2936 3394 nobis,
2963 3340 3067 3381 nec
3092 3325 3279 3381 amisit
3306 3325 3457 3397 quod
3482 3325 3601 3381 fne-

1955 3418 2064 3483 rat,
2100 3413 2199 3469 sed
2234 3414 2388 3485 cepit
2420 3428 2550 3468 esse
2583 3412 2737 3484 quod
2770 3428 2877 3467 non
2930 3417 3078 3483 erat,
3117 3415 3413 3484 perfectus
3450 3416 3602 3471 Deus

1953 3507 2010 3557 et
2046 3502 2245 3568 homo;
2281 3506 2342 3558 ut
2377 3504 2530 3558 Deus
2554 3502 2863 3573 pcrliciens
2890 3502 3195 3573 mirabilia,
3223 3506 3283 3558 ut
3310 3503 3478 3559 homo
3502 3503 3604 3559 hu-

1956 3605 2156 3647 manas
2189 3590 2490 3646 sustinens
2524 3591 2849 3662 passiones.
2877 3591 2959 3645 Ita
2993 3605 3192 3646 verum
3228 3590 3510 3647 hominem
3544 3597 3600 3646 et

1956 3695 2154 3735 verum
2210 3680 2388 3735 Deum
2453 3679 2795 3751 predicante
2847 3682 3012 3751 patre
3063 3684 3266 3735 nostro
3323 3679 3639 3736 Silvestro.

1955 3784 2180 3825 summo
2235 3768 2511 3840 pontiﬁce
2566 3768 2969 3837 intelligimus,
3004 3773 3062 3823 ut
3107 3783 3304 3823 verum
3336 3770 3512 3823 Deum
3542 3774 3601 3824 et

1956 3872 2155 3913 verum
2192 3857 2481 3912 hominem
2516 3856 2695 3910 fuisse
2728 3870 2839 3909 non
2864 3856 3236 3923 abnegemus.
3264 3854 3369 3919 Qui
3393 3855 3599 3910 electis

1955 3950 2024 4002 l2
2049 3943 2334 4016 apostolis
2351 3942 2650 3999 miraculis
2675 3957 2869 3997 coram
2890 3941 2975 3996 eis
2996 3946 3052 3997 et
3077 3942 3374 3997 innumera
3402 3944 3597 4013 pepuli

1956 4032 2331 4090 multitudine
2363 4031 2715 4087 eoruscavit.
2747 4030 3103 4086 Cenﬁtemur
3135 4028 3378 4085 eundem
3414 4031 3601 4087 Domi-

1956 4138 2089 4178 nam
2111 4124 2376 4177 nostrum
2401 4119 2693 4176 dominum
2710 4118 3000 4175 Christum
3024 4121 3080 4173 et
3108 4118 3384 4189 implesse
3409 4119 3595 4188 legem

1953 4216 2009 4267 et
2045 4209 2382 4283 prophetas,
2419 4223 2673 4280 passum,
2709 4206 3072 4275 cruciﬁxum,
3099 4206 3419 4263 secundum
3446 4210 3600 4264 Scri-

1954 4303 2160 4372 pturas
2192 4299 2376 4356 tercia
2412 4298 2504 4353 die
2524 4314 2553 4354 a
2579 4298 2826 4354 mortuis
2851 4298 3205 4367 surrexisse,
3233 4300 3599 4368 assumptum

1955 4389 2011 4444 in
2046 4387 2434 4459 cmles,atque
2458 4386 2757 4443 sedentem
2789 4386 2859 4441 ad
2893 4386 3194 4441 dexteram
3226 4386 3438 4456 Patris,
3468 4386 3601 4442 inde

1954 4483 2262 4534 venturum
2290 4476 2554 4546 judicare
2585 4476 2751 4532 vivos
2774 4482 2833 4530 et
2858 4480 3159 4540 mortuos;
3186 4473 3353 4543 cujus
3374 4474 3601 4544 imperii

1954 4581 2068 4622 non
2091 4566 2203 4621 erit
2231 4566 2382 4621 ﬁnis.
2413 4566 2541 4621 llzec
2560 4569 2650 4621 est
2674 4563 2820 4619 ﬁdes
2841 4568 3038 4619 nostra
3063 4561 3385 4617 orthodoxa
3414 4576 3443 4616 a
3469 4561 3603 4616 bea-

175 4674 339 4717 mum
380 4658 788 4717 misericordia
829 4658 928 4714 Dei
979 4672 1156 4729 super
1177 4634 1294 4714 nos
1320 4634 1585 4715 diffusam
1619 4671 1837 4713 annun-
1865 4634 1920 4694 D
1951 4655 2180 4713 tissime
2201 4654 2484 4710 Silvestro
2506 4668 2727 4709 summo
2753 4651 3025 4724 pontiﬁce
3049 4650 3217 4706 nobis
3249 4648 3491 4721 prolata.
3523 4650 3604 4703 ld-

172 4748 430 4807 ciantes.
452 4749 636 4805 Nosse
659 4745 817 4804 enim
838 4762 943 4804 vos
962 4746 1247 4817 volumus,
1274 4747 1426 4804 sicut
1449 4761 1553 4819 per
1584 4747 1839 4803 anterio-

177 4852 307 4895 rem
333 4839 596 4895 nostram
620 4851 851 4894 sacram
876 4837 1294 4908 pragmaticum
1312 4837 1631 4909 jussionem
1664 4836 1838 4906 signi-

122 4970 135 4974 -
175 4925 503 4998 ﬁcavimus,
519 4942 627 4986 nos
646 4940 679 4982 a
702 4924 957 4983 culturis
978 4925 1291 4997 idolorum,
1309 4925 1636 4983 simulacris
1659 4924 1838 4982 mutis

172 5020 240 5073 et
261 5016 632 5087 manufactis,
662 5013 973 5073 diabolicis
1000 5015 1527 5088 compositionibus
1557 5019 1734 5085 atque
1765 5015 1837 5071 ab

172 5108 452 5165 omnibus
483 5107 721 5166 Satanae
755 5104 982 5177 pompis
1010 5105 1346 5175 recessisse,
1372 5110 1433 5161 et
1454 5104 1526 5160 ad
1551 5104 1836 5174 integram

170 5194 638 5256 cbristianerum
673 5192 873 5263 ﬁdem,
898 5208 1022 5265 quas
1052 5200 1142 5251 est
1172 5195 1275 5252 lux
1306 5208 1443 5250 vera
1475 5197 1533 5250 et
1565 5193 1684 5250 vita
1712 5207 1839 5265 per-

178 5290 373 5359 petua,
389 5286 769 5361 pervenisse,
785 5281 1269 5357 credentesjuxta
1294 5282 1352 5338 id
1377 5283 1531 5353 quod
1555 5298 1660 5339 nos
1684 5283 1835 5339 idem

176 5375 457 5437 almiﬁcus
489 5388 773 5435 summus
803 5375 967 5442 pater
987 5380 1043 5432 et
1076 5377 1288 5433 doctor
1320 5376 1523 5428 noster
1555 5371 1841 5429 Silvester

170 5465 472 5541 instruxit,
512 5463 782 5524 credere
815 5458 869 5515 in
901 5462 1070 5522 Deum
1094 5471 1328 5539 patrem
1353 5461 1836 5533 omnipotentem,

164 5557 441 5620 factorem
477 5556 601 5616 celi
636 5556 705 5610 et
731 5556 927 5622 terrae,
945 5556 1261 5614 visibilium
1288 5551 1544 5609 omnium
1568 5558 1627 5608 et
1652 5550 1821 5608 invisi

1952 4746 2112 4802 circo
2141 4749 2480 4800 exortamur
2514 4756 2737 4798 omnem
2771 4740 3047 4813 populum
3080 4743 3138 4794 et
3169 4738 3433 4793 diversas
3463 4750 3602 4806 gen-

1952 4835 2098 4891 tium
2112 4832 2380 4889 nationes
2394 4833 2539 4887 hanc
2562 4830 2731 4886 ﬁdem
2750 4837 2971 4897 tenere,
2988 4826 3184 4883 celere
3197 4830 3255 4881 et
3271 4823 3597 4897 predicare,

1953 4923 2104 4981 etin
2135 4926 2355 4978 sanctae
2403 4919 2704 4976 Trinitatis
2752 4918 2979 4973 nomine
3029 4914 3274 4985 gratiam
3325 4913 3601 4985 baptismi

1954 5011 2257 5083 consequi,
2289 5015 2347 5066 et
2379 5009 2673 5067 dominum
2704 5009 2901 5063 Iesum
2936 5003 3225 5060 Christum
3253 5001 3602 5061 salvatorem

1955 5107 2238 5171 nostrum,
2258 5100 2495 5171 quicum
2512 5099 2684 5154 Patre
2706 5100 2762 5152 et
2790 5093 3007 5168 Spiritu
3032 5096 3231 5150 sancto
3255 5106 3357 5164 per
3379 5091 3603 5149 inﬁnita

1957 5191 2097 5249 vivit
2131 5194 2191 5246 et
2225 5195 2426 5259 regnat
2463 5186 2681 5255 secula,
2716 5200 2883 5255 quem
2920 5181 3199 5239 Silvester
3233 5180 3609 5238 beatissimus

1959 5285 2125 5353 pater
2147 5284 2348 5335 noster
2364 5273 2713 5333 universalis
2735 5273 2998 5344 predicat
3020 5271 3299 5344 pontifex,
3317 5269 3493 5327 corde
3507 5268 3607 5325 de-

1960 5374 2097 5426 voto
2128 5366 2393 5436 adorare,
2428 5366 2558 5436 Ipse
2590 5361 2741 5418 enim
2773 5361 3044 5417 dominus
3073 5362 3224 5417 Deus
3255 5364 3455 5416 noster
3504 5358 3609 5412 mi-

1960 5464 2157 5515 sertus
2172 5454 2304 5510 mihi
2324 5450 2642 5526 peccatori,
2660 5450 2882 5505 nostris
2900 5464 3039 5505 suos
3053 5453 3291 5505 sanctos
3306 5445 3605 5519 apostolos

1958 5548 2032 5604 ad
2063 5543 2418 5603 visitandum
2452 5556 2560 5597 nos
2588 5543 2647 5594 et
2682 5537 2872 5594 lumen
2901 5536 2991 5593 sui
3018 5534 3350 5608 Splendoris
3376 5531 3601 5590 infulsit

1566 5667 1801 5723 νΑΒιΑῐ
1843 5661 2245 5730 LECTIONES.

215 5752 262 5790 ⁸⁸
287 5755 609 5825 depravari
637 5753 694 5799 c.
