3898 6344
337 407 414 481 47
1300 406 1670 476 HUGONIS
1711 401 2062 472 ABBATIS
2103 403 2780 473 FLAVINIACENSIS
3647 415 3722 482 48

344 551 513 611 nobis
536 557 598 610 et
618 550 981 610 abstractum
995 565 1025 606 a
1039 546 1300 606 tenebris
1313 547 1382 604 ad
1400 561 1594 604 veram
1611 560 1774 604 suam
1789 542 1976 602 lucem
2007 541 2064 604 A
2099 542 2168 599 ad
2183 539 2368 615 ipsum
2385 542 2676 615 presulem
2691 543 2841 616 veni,
2860 544 3056 617 ibique
3071 545 3492 606 abrenuncians
3503 549 3722 610 Satanaa

343 649 402 699 et
432 642 784 714 agnitionem
833 640 921 697 sui
965 639 1212 696 nominis
1241 652 1328 694 me
1362 636 1696 708 pervenisse
1723 633 1980 704 gratula-

341 731 497 788 mini.
526 733 664 788 Nam
687 745 816 788 cum
839 729 1056 786 dudum
1080 727 1267 784 valida
1294 725 1582 798 squaloris
1613 725 1772 796 lepra
1797 727 1978 780 totam

343 820 452 876 mei
483 818 748 890 corporis
780 817 1084 874 invasisset
1109 831 1364 885 carnem,
1387 819 1444 871 et
1470 813 1781 872 multorum
1805 810 1980 867 medi-

343 924 544 966 corum
577 906 1047 964 convenientium
1081 919 1220 962 cura
1246 903 1644 972 adhiberetur,
1681 900 1819 958 nihil
1852 915 1980 968 pre-

343 997 450 1053 fuit
479 996 550 1052 ad
583 995 850 1053 salutem.
880 994 963 1051 Ad
989 995 1110 1050 haec
1134 993 1494 1049 advenerunt
1517 990 1856 1046 sacerdotes
1881 991 1980 1044 Ca-

343 1084 531 1156 pitolii
555 1085 821 1140 dicentes
843 1083 981 1139 mihi
999 1083 1214 1139 debere
1230 1081 1443 1137 fontem
1460 1079 1584 1136 ﬁeri
1601 1079 1656 1134 in
1671 1079 1744 1134 Ca
1754 1075 1975 1149 pitolie,

339 1179 399 1228 et
431 1172 707 1246 compleri
751 1172 902 1229 hunc
953 1171 1321 1227 innocentum
1371 1168 1668 1238 sanguine,
1703 1171 1762 1221 et
1805 1165 1862 1220 in
1911 1179 1980 1220 eo

341 1260 567 1318 calente
596 1265 788 1318 totum
819 1275 909 1316 me
943 1274 1114 1332 posse
1142 1257 1424 1315 mundari.
1452 1257 1518 1312 Et
1543 1253 1861 1312 secundum
1885 1267 1980 1308 eo-

342 1365 466 1406 rum
497 1349 652 1407 dicta
685 1349 1022 1420 aggregatis
1065 1346 1334 1418 pluribus
1383 1343 1806 1412 innocentibus,
1844 1341 1978 1397 dum

341 1437 556 1494 vellent
573 1437 845 1508 sacrilegi
870 1450 1224 1508 paganorum
1251 1434 1594 1490 sacerdotes
1615 1447 1718 1488 eos
1739 1429 1978 1486 mactari

339 1532 396 1582 et
429 1542 504 1583 ex
522 1541 724 1584 eorum
747 1525 1027 1596 sanguine
1053 1525 1268 1580 fontem
1295 1522 1532 1594 repleri,
1555 1535 1804 1578 cernens
1828 1533 1980 1576 sere-

341 1615 494 1672 nitas
524 1620 721 1672 nostra
755 1613 1028 1671 lacrimas
1058 1618 1305 1670 matrum
1339 1627 1560 1675 eorum.
1587 1610 1721 1665 ilico
1743 1607 1978 1664 exorrui

341 1703 585 1774 facinus,
622 1703 1011 1772 misertusque
1043 1717 1264 1770 earum,
1300 1700 1568 1772 preprios
1602 1698 1718 1754 illis
1749 1695 1978 1752 restitui

341 1791 510 1862 filios,
537 1791 810 1860 datisque
841 1789 1123 1846 vehiculis
1145 1793 1202 1844 et
1229 1789 1394 1844 donis
1415 1786 1718 1844 concessis
1745 1785 1816 1841 ad
1850 1798 1981 1856 pro-

339 1879 463 1951 pria
525 1879 656 1937 illas
701 1894 902 1936 omnes
940 1878 1265 1949 gaudentes
1325 1875 1730 1932 relaxavimus.
1766 1873 1976 1929 Eadem
2011 1903 2064 1962 Β

338 1967 516 2036 igitur
557 1973 853 2025 transacta
889 1967 982 2023 die
1019 1970 1304 2023 nocturno
1342 1965 1514 2020 nobis
1551 1964 1704 2020 facto
1743 1961 1976 2018 silentio

335 2057 470 2112 dum
495 2057 680 2113 somni
703 2062 936 2128 tempus
957 2055 1316 2124 advenisset,
1339 2054 1550 2109 adsunt
1575 2049 1827 2122 apostoli
1851 2064 1979 2104 san-

333 2144 412 2200 cti
429 2145 705 2202 Petrusct
724 2145 941 2202 Paulus
957 2144 1224 2200 dicentes
1238 2141 1373 2198 mihi
1396 2161 1406 2194 :
1429 2139 1614 2207 «Quia
1629 2138 1866 2208 ﬂagitiis
1881 2151 1980 2208 po-

335 2233 508 2290 suisti
531 2233 860 2303 terminum,
879 2242 936 2289 et
953 2233 1298 2289 effusionem
1336 2228 1634 2299 sanguinis
1656 2226 1980 2283 innocentis

333 2321 596 2391 orruisti,
631 2322 792 2378 missi
826 2337 1025 2378 sumus
1045 2337 1075 2376 a
1104 2321 1336 2375 Christo
1359 2317 1590 2375 domino
1614 2321 1814 2373 nostro
1837 2315 1976 2371 dare

333 2409 443 2465 tibi
475 2411 746 2466 sanitatis
799 2409 1202 2481 recuperando
1253 2406 1581 2464 consilium.
1621 2404 1765 2461 Audi
1800 2404 1976 2473 igitur

335 2499 551 2554 monita
567 2503 790 2574 nostra,
807 2502 868 2553 et
893 2497 978 2553 fac
998 2509 1356 2566 quacunque
1381 2493 1704 2549 indicamus
1726 2491 1854 2548 tibi.
1873 2491 1977 2545 Sil-

335 2592 532 2644 vester
561 2587 876 2659 episcopus
906 2585 1166 2643 civitatis
1195 2585 1265 2640 ad
1297 2587 1550 2639 montem
1583 2581 1868 2652 Seraptim
1896 2581 1976 2636 fu-

335 2674 501 2744 giens
529 2675 1024 2746 persequutiones
1079 2678 1229 2744 tuas,
1265 2673 1321 2728 in
1361 2671 1627 2728 cavernis
1673 2685 1803 2726 cum
1851 2669 1974 2726 suis

331 2762 567 2820 clericis
600 2763 882 2820 latebram
919 2764 1093 2820 fovet.
1117 2763 1280 2818 Hunc
1305 2775 1435 2817 cum
1459 2759 1531 2816 ad
1555 2764 1613 2814 te
1637 2759 1971 2828 adduxeris,

332 2852 458 2924 ipse
491 2851 595 2908 tibi
629 2853 909 2924 piscinam
943 2851 1152 2908 salutis
1182 2849 1479 2919 ostendet,
1516 2847 1570 2903 in
1603 2863 1713 2920 qua
1747 2848 1882 2904 dum
1915 2851 1974 2901 te

333 2939 510 2997 tertio
534 2941 824 3012 merserit,
849 2940 1036 2998 omnis
1053 2954 1082 2995 a
1107 2947 1165 2996 te
1189 2939 1366 3010 lepra;
1391 2936 1665 2994 valetudo
1688 2935 1970 3006 difl‘ugiet.

331 3029 493 3096 Quod
527 3045 656 3086 cum
691 3029 906 3086 factum
941 3029 1138 3098 fuerit,
1172 3028 1318 3082 hanc
1363 3024 1830 3081 vicissitudinem
1875 3027 1974 3079 tuo

331 3117 967 3189 Salvatoricompensa,
997 3119 1056 3172 ut
1087 3130 1286 3172 omnes
1318 3129 1421 3185 per
1443 3120 1629 3169 totum
1651 3113 1851 3168 orbem
1871 3118 1972 3168 tuo

323 3205 491 3276 jussu
515 3205 786 3263 ecclesiae
811 3209 1238 3261 restaurentur.
1260 3205 1333 3258 Te
1356 3207 1548 3258 autem
1573 3201 1761 3272 ipsum
1788 3201 1844 3257 in
1866 3202 1972 3256 hac

2097 632 2321 704 pompis
2342 638 2398 688 et
2422 634 2698 704 operibus
2719 634 2864 704 ejus,
2883 638 2938 690 et
2957 635 3244 693 universis
3270 637 3442 696 idolis
3466 655 3632 697 manu
3654 642 3725 698 fa-

2093 721 2226 792 ctis,
2248 721 2492 778 credere
2507 737 2594 778 me
2609 723 2727 778 dixi
2751 723 2804 778 in
2829 725 3004 780 Deum
3029 730 3252 796 patrem
3275 728 3722 800 omnipotentem

2095 811 2374 867 factorem
2407 811 2539 868 coeli
2573 817 2632 867 et
2661 816 2856 882 terrae,
2886 813 3201 871 visibilium
3233 820 3292 870 et
3326 816 3721 890 invisibilium,

2091 903 2148 955 et
2183 898 2237 954 in
2268 901 2462 956 Jesum
2495 900 2785 958 Christum
2834 901 3066 958 unicum
3119 903 3414 962 dominum
3468 909 3724 963 nostrum

2093 987 2186 1058 qui
2222 991 2394 1044 natus
2423 993 2510 1044 est
2541 989 2612 1044 de
2642 987 2861 1060 Spiritu
2907 995 3110 1047 sancto
3153 1007 3223 1048 ex
3279 993 3453 1048 Maria
3486 993 3720 1064 virgine,

2092 1079 2409 1146 spontanee
2435 1075 2734 1132 voluntate
2765 1091 2958 1133 coram
2994 1080 3144 1134 omni
3181 1081 3394 1152 populo
3425 1081 3726 1139 confessus

2092 1177 2238 1218 sum.
2275 1153 2706 1234 Benedictoq'ue
2759 1166 2915 1222 fonte
2965 1166 3086 1222 illic
3128 1182 3216 1223 me
3263 1169 3414 1226 trina
3445 1169 3724 1226 mersione

2095 1249 2245 1308 unda
2268 1250 2480 1308 salutis
2502 1253 2852 1323 purificavit.
2877 1255 3193 1326 Positoque
3215 1271 3304 1312 me
3328 1257 3382 1312 in
3407 1257 3584 1314 fontis
3603 1273 3727 1328 gre-

2093 1339 2225 1409 mio,
2279 1355 2506 1396 manum
2557 1355 2646 1396 me
2697 1341 2768 1398 de
2815 1341 2966 1398 coelo
3009 1343 3443 1414 contingentem
3476 1347 3728 1418 propriis

2091 1427 2277 1484 oculis
2312 1427 2449 1499 vidi,
2479 1429 2550 1484 de
2583 1444 2694 1500 qua
2729 1431 2979 1488 mundus
3007 1447 3314 1502 exurgens,
3351 1435 3422 1490 ab
3453 1435 3609 1490 omni
3641 1451 3726 1492 me

2093 1517 2270 1588 lepra;
2301 1516 2576 1588 squalore
2610 1519 2947 1575 mundatum
2975 1522 3312 1590 cognoscite
3335 1521 3455 1593 (fol.
3478 1522 3604 1596 21’).
3631 1525 3730 1580 Le-

2091 1610 2342 1676 vateque
2375 1621 2462 1662 me
2495 1607 2566 1662 de
2597 1607 2914 1664 venerabili
2942 1610 3098 1665 fonte
3122 1610 3442 1681 indutoque
3465 1613 3727 1669 vestibus

2093 1693 2357 1750 candidis
2391 1695 2753 1767 septiformis
2777 1697 3030 1767 Spiritus
3053 1699 3237 1754 sancti
3263 1699 3318 1754 in
3342 1700 3732 1770 consignatio-

2093 1797 2220 1839 nem
2255 1782 2542 1854 adhibuit,
2579 1785 2730 1840 beati
2760 1785 3053 1843 crismatis
3101 1787 3368 1844 unctione
3412 1795 3468 1845 ct
3513 1795 3728 1847 sanctae

2091 1873 2286 1928 crucis
2316 1871 2532 1928 vexillo
2565 1888 2747 1930 meam
2783 1874 3030 1931 frontem
3063 1875 3270 1946 linivit,
3305 1877 3508 1935 dicens
3540 1897 3552 1932 :
3592 1902 3618 1926 α
3651 1878 3728 1933 Si-

2091 1966 2228 2030 gnat
2263 1965 2320 2016 te
2349 1961 2628 2018 Dominus
2653 1962 2846 2033 sigillo
2871 1964 3002 2020 ﬁdei
3029 1980 3148 2020 suae
3173 1965 3226 2021 in
3252 1966 3481 2022 nomine
3509 1967 3724 2037 Patris,

2091 2054 2150 2104 et
2180 2048 2327 2120 Filii,
2362 2055 2418 2105 et
2453 2049 2708 2122 Spiritus
2738 2053 2923 2108 sancti
2959 2052 3015 2108 in
3047 2055 3486 2124 consignatione
3512 2055 3678 2123 ﬁdei;
3702 2079 3726 2104 ι

2090 2141 2456 2209 cunctasque
2488 2139 2685 2197 clerus
2718 2141 3020 2212 respondit
3042 2161 3053 2196 :
3079 2166 3104 2190 ιι
3130 2146 3326 2199 Amen.
3359 2161 3388 2194 ››
3421 2145 3488 2200 Ει
3515 2143 3731 2214 adjecit

2091 2226 2324 2297 presul:
2357 2251 2382 2276 α
2407 2229 2522 2284 Pax
2551 2227 2680 2285 tibi.
2707 2252 2732 2277 ι
2767 2229 2960 2285 Primo
2993 2229 3189 2302 itaque
3220 2236 3351 2303 post
3387 2237 3731 2306 perceptum

2090 2315 2242 2371 sacri
2263 2316 2632 2386 baptismatis
2649 2319 2984 2390 mysterium
2999 2323 3056 2374 et
3073 2323 3204 2391 post
3219 2321 3586 2378 curationem
3606 2336 3750 2389 cor-,

2091 2405 2248 2475 poris
2281 2405 2388 2462 mei
2419 2420 2448 2460 a
2483 2405 2756 2477 squalore
2790 2407 2968 2478 leprze
3000 2409 3205 2478 agnovi
3248 2425 3360 2466 non
3391 2424 3521 2467 esse
3554 2409 3732 2468 alium

2089 2493 2267 2548 Deum
2301 2493 2410 2550 nisi
2438 2495 2668 2551 Patrem
2701 2499 2758 2552 et
2791 2495 2995 2552 Filium
3027 2502 3084 2552 et
3117 2497 3395 2569 Spiritum
3437 2504 3732 2569 sanctum,

2089 2596 2258 2652 quem
2293 2583 2672 2640 beatissimus
2695 2587 2860 2655 pater
2884 2585 3168 2642 Silvester
3191 2587 3476 2659 predicat,
3500 2587 3738 2644 trinita-

2087 2677 2204 2726 tem
2236 2671 2290 2726 in
2328 2671 2572 2742 unitate,
2607 2671 2890 2728 unitatem
2925 2673 2979 2728 in
3018 2674 3307 2732 trinitate.
3343 2677 3480 2732 Nam
3532 2691 3738 2734 omnes

2087 2759 2166 2815 dii
2199 2760 2457 2832 gentium
2509 2776 2656 2832 quos
2701 2762 2982 2820 hactenus
3029 2762 3207 2834 colui,
3239 2765 3503 2821 demonia
3553 2781 3736 2839 opera

2087 2864 2258 2905 manu
2291 2849 2584 2906 hominum
2617 2850 2766 2906 facta
2799 2851 3272 2923 comprobantur.
3301 2853 3526 2910 Etenim
3551 2869 3736 2926 quan-

2087 2941 2202 2993 tam
2237 2941 2590 3008 potestatem
2636 2936 2784 2994 idem
2816 2939 3080 2996 Salvator
3110 2939 3382 3012 apostolo
3414 2955 3523 2999 suo
3555 2943 3736 3000 Petro

2087 3024 2400 3082 contulerit
2425 3025 2480 3082 in
2501 3025 2651 3082 coelo
2666 3031 2724 3082 et
2740 3026 2990 3099 interra,
3006 3027 3365 3087 lucidissime
3386 3031 3560 3088 nobis
3579 3032 3736 3089 idem

2087 3113 2440 3171 venerabilis
2466 3119 2632 3185 pater
2655 3115 2858 3186 edixit,
2883 3115 3019 3173 dum
3044 3117 3271 3176 ﬁdelem
3290 3134 3420 3176 eum
3442 3119 3497 3176 in
3524 3135 3636 3178 sua
3657 3120 3740 3176 in-

2040 3265 2051 3282 ‘
2091 3201 2485 3272 terrogatione
2508 3203 2994 3260 inveniensdixit:
3019 3207 3133 3263 «Tu
3158 3221 3221 3264 es
3241 3209 3452 3265 Petrus
3471 3214 3532 3265 et
3557 3224 3741 3282 super

329 3300 496 3366 parte
513 3289 1969 3366 puritlca,utrelictaomnisuperstitioneidolorum
2006 3263 2054 3322 (λ
2087 3291 2231 3348 hanc
2268 3297 2490 3362 petram
2522 3291 2806 3351 edificabo
2856 3293 3166 3352 ecclesiam
3217 3311 3420 3368 meam,
3453 3303 3514 3354 et
3548 3263 3740 3371 portae

328 3383 630 3439 Dominum
651 3383 844 3438 vivum
865 3387 922 3438 et
947 3395 1172 3450 verum,
1199 3379 1296 3450 qui
1321 3377 1483 3435 solus
1501 3383 1592 3434 est
1605 3379 1758 3434 Deus
1773 3392 1966 3448 verus,

328 3472 537 3529 adores
563 3477 620 3526 ct
651 3469 831 3541 colas,
866 3474 926 3527 ut
961 3468 1033 3525 ad
1083 3467 1210 3538 ejus
1238 3465 1600 3523 voluntatem
1634 3465 1904 3536 attingas.
1942 3490 1966 3514 ι»

328 3563 631 3630 Exurgens
653 3563 846 3615 autem
877 3573 908 3615 a
943 3571 1164 3613 sommo
1195 3555 1464 3628 protinus
1491 3553 1658 3624 juxta
1684 3553 1739 3610 id
1765 3553 1918 3624 quod
1942 3569 1971 3610 a

329 3648 550 3706 sanctis
578 3646 862 3720 apostolis
893 3645 1229 3703 admonitus
1263 3659 1390 3700 sum
1425 3643 1642 3714 peregi,
1665 3643 1976 3699 advocato-

328 3752 440 3809 que
473 3737 674 3794 eodem
699 3736 981 3809 precipuo
1003 3737 1062 3790 et
1085 3733 1393 3804 magnifico
1416 3736 1582 3804 patre
1605 3735 1666 3787 et
1690 3729 1977 3787 illumina-

323 3832 488 3884 ctore
519 3831 724 3883 nostro
758 3825 1039 3882 Silvestre
1066 3820 1381 3879 universali
1407 3836 1574 3894 papa,
1602 3819 1790 3876 omnia
1817 3835 1847 3876 a
1872 3835 1973 3876 san

324 3916 404 3972 tis
415 3913 700 3986 apostolis
712 3917 990 3986 percepta
1005 3912 1059 3967 in
1076 3911 1250 3968 verba
1266 3909 1406 3980 dixi,
1414 3913 1978 3982 percunctatusque-

324 4019 453 4062 sum
476 4018 628 4074 eum,
654 4003 751 4074 qui
776 4006 976 4058 essent
992 4001 1070 4057 dii
1088 4001 1182 4056 isti
1196 4002 1408 4056 Petrus
1423 3997 1708 4055 etPaulus
1722 3998 1842 4068 (fol.
1860 4001 1970 4068 21).

326 4093 427 4150 llle
459 4107 598 4150 vero
617 4107 728 4149 non
747 4106 849 4148 eos
871 4105 1010 4148 vere
1034 4090 1177 4146 deos
1199 4089 1393 4144 dictos
1415 4089 1516 4158 ait,
1544 4089 1648 4144 sed
1672 4087 1975 4158 apostolos

326 4180 650 4239 Salvatoris
700 4179 916 4234 domini
970 4177 1159 4233 nostri
1197 4179 1334 4232 Jesu
1363 4175 1598 4232 Christi.
1635 4177 1701 4230 Et
1739 4191 1970 4234 rursum

327 4270 692 4339 interrogare
722 4267 986 4340 cepimus
1023 4265 1272 4322 eundem
1315 4263 1710 4321 beatissimum
1741 4279 1967 4337 papam,

326 4365 523 4416 utrum
545 4371 744 4414 eorum
769 4355 1050 4426 imagines
1065 4353 1256 4426 pictas
1276 4353 1540 4424 haberet,
1559 4357 1623 4410 ut
1637 4367 1707 4409 ex
1722 4353 1969 4424 picturis

327 4449 693 4506 disceremus
726 4447 834 4502 hes
865 4459 998 4501 esse
1033 4459 1178 4515 quos
1206 4459 1293 4499 me
1326 4441 1608 4499 revelatio
1662 4443 1964 4500 docuerat.

323 4541 478 4595 Tunc
511 4535 696 4602 isdem
728 4532 1080 4591 venerabilis
1112 4538 1278 4606 pater
1327 4531 1603 4602 imagines
1649 4532 1966 4590 eorundem

2087 3379 2257 3435 inferi
2290 3393 2400 3435 non
2432 3379 2834 3453 praevalebunt
2862 3384 3143 3440 adversus
3173 3399 3321 3456 eam,
3348 3389 3404 3440 et
3441 3385 3550 3442 tibi
3583 3387 3742 3444 dabo

2086 3467 2284 3524 claves
2309 3469 2470 3539 regni
2487 3468 2764 3540 celerum,
2783 3475 2839 3526 et
2858 3471 3248 3544 quodcunque
3263 3472 3539 3543 ligaveris
3555 3489 3744 3549 super

2091 3561 2305 3613 terram
2321 3557 2432 3612 erit
2448 3555 2690 3628 ligatum
2702 3565 2762 3614 et
2784 3559 2840 3614 in
2861 3559 3110 3632 ccelis,et
3131 3561 3518 3633 quodcunque
3543 3565 3744 3622 solve-

2087 3647 2168 3702 ris
2207 3661 2384 3719 super
2405 3651 2622 3704 terram
2654 3647 2768 3703 erit
2799 3648 3054 3706 solutum
3085 3655 3141 3706 et
3178 3651 3230 3706 in
3259 3651 3444 3708 caelis.
3471 3672 3501 3704 »
3527 3653 3742 3710 Mirum

2087 3736 2194 3792 hoc
2213 3740 2302 3792 est
2319 3735 2486 3792 valde
2509 3738 2566 3791 et
2588 3734 2908 3806 gloriosum
2927 3737 2984 3793 in
3008 3745 3166 3795 terra
3193 3738 3372 3809 ligare
3389 3747 3450 3796 et
3473 3741 3738 3814 solvere,

2087 3828 2144 3880 et
2175 3823 2231 3878 in
2251 3823 2378 3880 celo
2402 3823 2642 3894 ligatum
2664 3829 2724 3882 et
2747 3825 3004 3882 solutum
3025 3841 3174 3884 esse.
3192 3829 3258 3884 Et
3284 3829 3416 3886 dum
3441 3829 3567 3888 haec
3595 3847 3745 3903 prae—

2091 3913 2319 3970 dicante
2353 3913 2690 3970 beatissimo
2721 3913 3000 3972 Silvestre
3031 3931 3407 3986 agnoscerem
3430 3923 3490 3974 et
3515 3919 3741 3976 benefi-

2085 4001 2194 4058 ciis
2213 4001 2394 4073 ipsius
2421 4001 2574 4058 beati
2587 4002 2745 4058 Petri
2761 4003 2990 4073 integre
3005 4019 3093 4060 me
3107 4005 3342 4062 sanitati
3357 4009 3635 4079 corporis
3651 4023 3744 4066 re-

2085 4088 2936 4161 stitutum,utilejudicavimus
2949 4109 3060 4150 una
3077 4109 3206 4151 cum
3221 4095 3490 4152 omnibus
3507 4098 3744 4154 nostris

2086 4177 2342 4250 satrapis
2370 4183 2430 4234 et
2461 4178 2734 4236 universo
2765 4185 2968 4237 senatu
2999 4189 3056 4237 et
3091 4186 3306 4239 cuncto
3357 4184 3580 4256 populo
3627 4187 3743 4244 Ro-

2085 4281 2267 4323 manae
2289 4266 2490 4338 gloriae
2514 4274 2570 4324 et
2593 4267 2836 4340 imperio
2849 4269 3211 4344 subjacente,
3230 4278 3290 4329 ut
3309 4272 3460 4330 sicut
3477 4273 3534 4330 in
3550 4276 3744 4332 terris

2081 4356 2338 4413 vicarius
2371 4355 2470 4410 ﬁlii
2503 4355 2726 4412 Domini
2778 4356 3014 4414 videtur
3057 4374 3183 4416 esse
3231 4360 3621 4435 constitutus,
3657 4364 3742 4421 ita

2081 4444 2256 4500 etiam
2286 4449 2343 4498 et
2368 4444 2674 4516 pontifices
2697 4445 2794 4516 qui
2818 4445 3002 4518 ipsius
3025 4447 3306 4520 principis
3325 4451 3742 4521 apostolorum

2081 4533 2239 4590 vices
2261 4536 2490 4603 gerunt,
2518 4533 2884 4604 principatus
2903 4540 3258 4607 potestatem
3280 4537 3531 4610 amplius
3554 4556 3744 4613 quam

325 4625 728 4700 apostolorum
764 4639 868 4697 per
900 4623 1201 4680 diaconcm
1235 4637 1403 4679 suum
1434 4621 1656 4679 exiberi
1680 4621 1962 4694 precepit.
1997 4620 2050 4682 D
2080 4626 2314 4678 terrena
2345 4623 2564 4677 nostrae
2606 4621 2926 4694 imperialis
2965 4626 3348 4684 mansuetudo
3380 4630 3742 4688 serenitatis

325 4715 504 4782 Quam
535 4715 669 4773 dum
702 4713 1023 4786 aspicerem
1055 4716 1114 4768 et
1143 4726 1345 4768 eorum
1377 4726 1524 4782 quos
1557 4710 1614 4766 in
1654 4724 1856 4766 somno
1887 4709 1968 4766 vi-

328 4803 527 4862 deram
560 4803 847 4875 figuratos
893 4802 951 4857 in
1000 4799 1144 4873 ipsis
1194 4799 1543 4870 imaginibus
1601 4799 1962 4870 aspexissem

327 4891 542 4965 vultus,
578 4893 800 4963 ingenti
848 4891 1104 4948 clamore
1152 4903 1348 4946 coram
1397 4889 1666 4944 omnibus
1711 4887 1966 4958 satrapis

325 4981 468 5039 meis
499 4983 810 5040 confessus
840 4995 966 5037 sum
998 4993 1102 5035 eos
1131 4994 1262 5036 esse
1297 4991 1444 5048 quos
1485 4976 1542 5031 in
1575 4989 1778 5031 somno
1809 4975 1967 5032 vidc-

327 5085 470 5128 ram.
497 5071 582 5126 Ad
605 5070 728 5126 haec
754 5068 963 5125 indixit
987 5067 1360 5126 beatissimus
1383 5065 1688 5135 Silvester,
1706 5064 1855 5120 idem
1873 5081 1966 5136 pa-

327 5165 420 5216 ter
443 5163 668 5228 noster,
688 5157 848 5214 urbis
868 5157 1062 5214 Romae
1075 5156 1411 5228 cpiscopus,
1429 5153 1596 5210 nobis
1609 5153 1966 5226 poenitentia:

329 5253 559 5320 tempus
589 5246 742 5302 intra
775 5245 1053 5318 palatium
1085 5247 1350 5302 nostrum
1377 5243 1767 5300 Lateranense
1799 5243 1855 5297 in
1882 5241 1966 5312 je-

317 5336 483 5406 junio
514 5339 572 5392 et
605 5334 820 5405 cilicio,
846 5339 906 5393 ut
930 5333 1117 5392 omnia
1139 5347 1268 5404 quae
1289 5347 1320 5389 a
1344 5331 1513 5388 nobis
1535 5331 1707 5402 impie
1731 5334 1964 5402 peracta

323 5431 500 5496 atque
525 5423 741 5496 injuste
765 5423 1052 5496 disposita
1079 5423 1329 5492 fuerant,
1353 5419 1590 5491 vigiliis,
1609 5419 1862 5490 jejuniis,
1889 5419 1969 5474 la-

323 5515 592 5573 crimiset
614 5512 985 5572 orationibus
1000 5511 1151 5582 apud
1167 5509 1462 5567 dominum
1486 5511 1752 5564 nostrum
1771 5511 1966 5567 Jesum

325 5605 616 5662 Christum
667 5602 1030 5660 Salvatorem
1064 5599 1229 5654 nobis
1261 5597 1464 5654 donari
1495 5597 1961 5668 impetraremus.

325 5693 538 5750 Deinde
575 5708 678 5764 per
709 5705 913 5745 manus
943 5686 1367 5758 impositioncm
1399 5684 1748 5742 clericorum
1781 5702 1968 5757 usque

2079 4712 2293 4768 habere
2322 4709 2578 4782 videtur,
2602 4725 2938 4770 concessam
2981 4729 3012 4770 a
3053 4715 3222 4772 nobis
3263 4725 3591 4790 nostroque
3629 4721 3744 4777 im-

2077 4798 2241 4871 perio
2269 4797 2591 4870 obtineant,
2627 4797 2912 4870 eligentes
2944 4803 3111 4860 nobis
3155 4803 3344 4878 ipsum
3397 4808 3739 4880 principem

2077 4887 2476 4960 apostolorum
2493 4889 2585 4946 vel
2601 4888 2730 4960 ejus
2744 4891 2996 4948 vicarios
3009 4891 3204 4951 ﬁrmos
3224 4895 3377 4966 apud
3397 4895 3586 4954 Deum
3600 4913 3740 4957 esse

2075 4982 2375 5049 patronos.
2403 4979 2472 5034 Et
2494 4977 2648 5036 sicut
2679 4984 2770 5035 est
2791 4989 2988 5037 nostra
3011 4985 3246 5040 terrena
3277 4983 3608 5056 imperialis
3634 5002 3742 5060 po-

2078 5073 2110 5122 t~
2136 5065 2256 5122 ntia
2285 5067 2411 5138 ejus
2441 5071 2869 5126 sacrosanctam
2917 5069 3230 5128 Romanam
3270 5070 3591 5131 ecclesiam
3631 5076 3741 5134 de-

2075 5155 2368 5212 crevimus
2401 5155 2686 5212 honorarc
2735 5161 2793 5212 et
2833 5157 3084 5229 amplius
3116 5174 3284 5230 quam
3315 5165 3594 5219 nostrum
3629 5164 3743 5222 im-

2076 5243 2299 5317 perium
2333 5249 2391 5299 et
2421 5249 2718 5301 terrenum
2751 5260 2991 5316 regnum
3022 5246 3220 5306 sedem
3258 5250 3741 5310 sacratissimam

2079 5333 2232 5388 beati
2267 5333 2424 5388 Petri
2454 5333 2713 5403 gloriose
2734 5333 3016 5405 exaltare,
3034 5336 3362 5394 tribuentes
3383 5338 3436 5394 ei
3461 5345 3745 5411 potesta-

2079 5427 2194 5477 tem
2227 5425 2285 5476 et
2315 5419 2516 5490 gloria:
2539 5420 2883 5490 dignitatem
2906 5428 3082 5494 atque
3112 5425 3370 5496 vigorem
3399 5427 3456 5484 et
3486 5426 3744 5488 honori-

2077 5509 2369 5566 ﬁcentiam
2400 5507 2756 5579 imperialem
2781 5515 2956 5583 atque
2981 5512 3363 5572 decernentes
3385 5516 3737 5594 sancimus,

2078 5602 2142 5654 ut
2157 5595 2544 5668 principatum
2559 5597 2816 5668 optineat
2832 5603 2951 5657 tam
2965 5603 3506 5676 supertprecipuas
3521 5607 3741 5680 sedes,

2080 5683 2994 5762 Antiochenam,Alexandrinam,
3013 5690 3746 5765 ConstantinOpolitanam
