3898 6386
201 451 260 526 49
990 404 995 407 μ
1441 455 1740 522 CHRONI

2047 496 2050 506 -
2081 459 2235 526 LIB.
2281 464 2326 529 Ῑ.
3509 472 3586 537 50

205 598 251 666 et
274 597 819 663 Jerosolimitanam.
873 613 1159 675 quamque
1198 597 1382 655 eciam
1426 610 1605 669 super
1634 608 1832 652 omnes
1858 598 1917 663 Α
1947 608 2057 667 que
2080 594 2151 654 de
2175 599 2435 670 presenti
2465 602 2865 661 contradimus
2887 601 3165 676 palatium
3208 609 3470 665 nostrum
3486 608 3587 666 La-

210 697 445 755 universo
472 697 621 753 orbe
655 701 947 751 terrarum
981 691 1077 749 Dei
1138 689 1438 748 ecclesias.
1458 689 1525 744 Et
1564 685 1831 760 pontifex

208 786 288 859 qui
319 801 418 858 pro
447 788 718 856 tempore
733 783 921 856 ipsius
942 783 1335 839 sacrosanctae
1354 779 1624 834 Romanae
1640 772 1832 831 eccle-

209 876 294 933 sia:
321 874 599 943 extiterit,
634 872 852 930 celsior
881 876 941 928 et
966 870 1239 944 princeps
1270 862 1830 925 cunctissacerdoti-

207 963 490 1020 bustotius
507 961 706 1018 mundi
731 960 969 1027 existat,
993 965 1050 1014 et
1075 958 1201 1028 ejus
1240 955 1464 1027 judicio
1478 964 1740 1026 quaequze
1756 951 1825 1007 ad

202 1051 408 1109 cultum
440 1051 536 1108 Dei
568 1047 1251 1106 etfldeichristianorum
1294 1042 1678 1101 stabilitatem
1698 1054 1829 1114 pro-

201 1139 441 1198 curanda
459 1139 695 1208 fuerint,
713 1138 1096 1209 disponantur
1110 1134 1233 1206 (fol.
1249 1134 1356 1205 22).
1372 1135 1599 1190 Iustum
1614 1130 1827 1202 quippe

200 1233 284 1285 est
316 1232 373 1285 ut
406 1227 513 1283 tibi
547 1227 639 1283 lex
656 1229 854 1284 saneta
872 1228 1047 1297 caput
1080 1227 1277 1279 teneat
1302 1221 1690 1294 principatus,
1730 1218 1827 1276 ubi

200 1315 730 1385 sanctarumlegum
755 1314 1059 1370 institutor
1083 1311 1350 1368 Salvator
1375 1314 1579 1366 noster
1594 1310 1828 1365 beatum

198 1407 420 1462 Petrum
458 1404 791 1476 apostolum
833 1401 1197 1474 apostolatus
1249 1400 1517 1472 optinere
1564 1395 1828 1470 precepit

195 1494 524 1551 cathedram
539 1492 711 1550 ubiet
760 1492 951 1548 crucis
983 1488 1307 1563 patibulum
1326 1487 1625 1546 sustinens
1643 1484 1829 1541 beatze

194 1582 393 1639 mortis
415 1582 664 1654 sumpsit
683 1580 974 1653 poculum,
1006 1580 1215 1650 suique
1242 1575 1507 1647 magistri
1532 1579 1591 1631 et
1610 1573 1829 1630 domini

194 1671 445 1727 imitator
491 1670 760 1742 apparuit
788 1688 801 1737 ;
834 1675 893 1724 et
924 1668 1030 1725 tibi
1062 1671 1271 1739 gentes
1305 1682 1409 1737 pro
1457 1662 1827 1721 confessione

194 1759 400 1815 Christi
453 1759 703 1815 nominis
730 1756 880 1815 colla
943 1758 1202 1826 flectant,
1250 1754 1347 1813 ubi
1388 1768 1587 1810 earum
1624 1751 1831 1807 doctor

192 1847 405 1905 Paulus
434 1854 675 1905 extenso
689 1845 844 1904 collo
875 1862 980 1920 pro
1012 1846 1241 1904 Christo
1267 1843 1545 1915 martyrio
1565 1844 1653 1898 est
1668 1854 1833 1897 coro-

1944 688 2271 760 teranensc,
2291 692 2439 761 quod
2458 694 2728 749 omnibus
2744 693 2799 748 in
2817 696 2941 749 toto
2961 695 3104 750 orbe
3127 697 3420 753 terrarum
3447 712 3575 769 prc-

1943 775 2129 832 fertur
2158 781 2333 849 atque
2365 780 2576 837 eminet
2596 781 3087 853 palatiis;deinde
3111 784 3396 855 diadema,
3421 786 3579 843 vide-

1940 862 2074 921 licet
2132 881 2407 925 coronam
2457 870 2670 941 capitis
2729 871 2935 941 nostri,
2990 872 3279 943 simulque
3343 874 3574 946 frigium

1937 966 2043 1008 nec
2076 967 2185 1009 non
2201 959 2257 1010 ct
2275 957 2735 1029 superumerale,
2754 959 3027 1016 videlicet
3054 959 3240 1017 lorum
3258 977 3372 1033 quo
3395 961 3573 1035 impe-

1939 1040 2081 1097 riale
2106 1043 2317 1101 assolet
2352 1046 2683 1103 circundari
2706 1047 2938 1117 collum,
2958 1063 3159 1105 verum
3193 1049 3576 1110 etclamidem

1939 1145 2288 1203 purpuream
2313 1137 2489 1204 atque
2521 1136 2774 1192 tunicam
2809 1137 3142 1193 coccineam
3166 1140 3222 1193 et
3273 1139 3579 1198 omniaim-

1939 1219 2179 1290 perialia
2238 1221 2573 1280 indumenta
2624 1229 2680 1281 et
2712 1220 3587 1303 omnemprocessionemimpe-

1940 1307 2102 1366 rialis
2131 1309 2402 1368 culminis
2416 1326 2520 1369 seu
2544 1317 2599 1369 et
2627 1313 2971 1383 dignitatem
2992 1315 3381 1388 imperialium
3398 1320 3583 1390 presi-

1939 1397 2200 1455 dentium
2232 1401 2491 1471 equitum
2520 1420 2533 1469 ;
2569 1404 2942 1459 conferentes
2972 1405 3147 1461 etiam
3181 1408 3237 1461 et
3263 1407 3585 1478 imperialia

1940 1491 2195 1558 sceptra,
2227 1489 2397 1546 simul
2430 1497 2599 1547 conta
2626 1497 2802 1562 atque
2847 1493 3008 1562 signa
3035 1493 3241 1550 blanda
3273 1499 3331 1551 et
3381 1498 3572 1553 omnia

1941 1573 2166 1632 diversa
2182 1583 2519 1636 ornamenta
2553 1581 2872 1652 imperialia
2894 1584 2949 1638 et
2974 1581 3220 1653 gloriam
3243 1588 3463 1642 nostrae
3490 1602 3586 1658 po-

1942 1666 2197 1722 testatis.
2216 1667 2387 1724 Viros
2402 1668 2575 1724 etiam
2593 1672 3098 1729 reverentissimos
3111 1672 3358 1731 clericos
3371 1673 3583 1732 diversi

1944 1752 2166 1811 ordinis
2196 1756 2383 1812 eidem
2408 1763 2792 1815 sacrosanctae
2835 1762 3106 1818 Romanae
3166 1761 3436 1820 ecclesia
3466 1777 3587 1820 ser-

1943 1842 2170 1900 vientes
2201 1844 2342 1901 illud
2359 1846 2610 1917 culmen,
2646 1848 3137 1920 singularitatem,
3176 1852 3497 1922 potentiam
3524 1855 3580 1909 et

189 1940 358 1993 natus
390 1955 404 2003 ;
438 1935 557 1993 illic
591 1951 772 2009 usque
806 1936 862 1992 in
887 1935 1055 1993 finem
1081 1939 1327 2007 querant
1369 1933 1691 2001 doctorem,
1728 1929 1827 1985 ubi
1862 1957 1915 2017 Β
1947 1931 2396 2003 praecollentiam
2415 1934 2629 1991 habere
2649 1938 2958 2005 sancimus,
2999 1937 3168 2007 cujus
3189 1937 3582 2011 amplissimus

188 2028 451 2082 sanctum
475 2025 729 2097 quiescit
759 2024 1018 2082 doctoris
1055 2039 1271 2095 corpus
1301 2027 1389 2089 ;et
1422 2021 1497 2077 ibi
1560 2021 1727 2093 proni
1771 2024 1827 2075 et

189 2112 476 2170 humiliati
504 2113 746 2171 celestis
762 2114 917 2184 regis
930 2108 1673 2170 dominisalvatorisuostri
1688 2110 1824 2165 Iesu

188 2202 402 2259 Christi
436 2202 794 2259 famulentur
830 2202 1033 2273 omcio,
1061 2202 1157 2259 ubi
1182 2198 1832 2273 superbiterrcniregis

188 2291 551 2348 serviebant.
575 2293 802 2349 Interea
836 2305 1008 2347 nosse
1032 2290 1299 2347 volumus
1313 2304 1537 2345 omnem
1557 2287 1832 2360 populum

190 2380 598 2437 universarum
622 2380 882 2451 gentium
914 2384 972 2435 et
988 2379 1287 2436 nationum
1312 2382 1615 2450 pertotum
1633 2377 1831 2434 orbem

191 2474 482 2526 terrarum
515 2467 912 2526 construxisse
942 2483 1048 2524 nos
1071 2468 1222 2524 intra
1269 2467 1545 2539 palatium
1571 2470 1832 2522 nostrum

184 2560 578 2615 Lateranense
606 2557 796 2614 eidem
829 2556 1105 2614 salvatori
1166 2561 1369 2612 nostro
1426 2555 1657 2611 domino
1718 2556 1834 2611 Deo

179 2649 322 2704 Jesu
353 2646 589 2704 Christo
620 2646 926 2704 ecclesiam
957 2660 988 2701 a
1033 2644 1446 2715 fundamentis,
1479 2648 1539 2700 et
1600 2648 1666 2701 12
1728 2659 1833 2701 nos

184 2734 394 2793 sciatis
426 2733 499 2791 de
525 2734 653 2805 ejus
689 2734 1411 2791 fundamentissecundum
1445 2737 1837 2789 numeruml2

181 2822 585 2897 apostolorum
599 2823 1072 2895 cophinosterrae
1087 2826 1340 2879 onustos
1364 2820 1622 2894 propriis
1638 2834 1838 2891 aspor-

187 2918 347 2969 tasse
378 2912 639 2969 humeris
670 2930 684 2979 ;
704 2925 872 2983 quam
890 2915 1323 2968 sacrosanctam
1337 2909 1647 2967 ecclesiam
1662 2913 1839 2980 caput

184 3005 246 3057 et
271 3001 826 3058 verticemomnium
848 3000 1233 3057 ecclesiarum
1276 3000 1329 3055 in
1383 2999 1655 3055 universo
1695 2998 1837 3054 orbe

190 3095 487 3146 terrarum
504 3088 639 3159 dici,
659 3088 770 3145 coli
786 3094 843 3145 et
860 3088 1123 3145 venerari
1140 3093 1197 3144 et
1212 3087 1503 3160 predicari
1521 3087 1834 3157 sancimus,

185 3180 347 3236 sicut
369 3194 476 3252 per
497 3178 611 3235 alia
640 3176 1181 3250 nostraimperialia
1224 3179 1461 3233 decreta
1497 3178 1833 3233 statuimus.

178 3269 637 3326 Construximus
669 3268 846 3324 etiam
879 3267 1164 3324 ecclesias
1208 3269 1512 3323 beatorum
1557 3267 1715 3323 Petri
1775 3270 1833 3322 et

178 3356 349 3414 Pauli
369 3356 704 3429 principum
728 3355 1148 3428 apostolorum,
1166 3371 1311 3426 quas
1345 3370 1489 3411 auro
1505 3359 1563 3410 et
1589 3358 1836 3426 argento

182 3444 707 3518 locupletavimus,
745 3444 844 3502 ubi
873 3449 929 3501 et
956 3445 1350 3502 sacratissima
1377 3459 1578 3500 eorum
1591 3458 1838 3515 corpora

184 3550 323 3592 cum
358 3548 571 3606 magno
593 3534 814 3590 honore
838 3526 1247 3603 recondentcs,
1282 3532 1480 3589 thecas
1496 3532 1752 3603 ipsorum
1768 3546 1842 3587 ex

179 3624 440 3695 electro,
487 3623 581 3681 cui
606 3621 763 3680 nulla
796 3621 1513 3680 fortitudoelementorum
1550 3620 1835 3692 prevalet,

177 3715 609 3771 construentes
645 3730 659 3779 ;
692 3726 925 3768 crucem
942 3725 1171 3768 exauro
1188 3710 1500 3782 purissimo
1526 3714 1581 3764 et
1597 3709 1841 3780 gemmis

178 3802 476 3873 preciosis
505 3816 612 3873 per
642 3800 905 3871 singulas
937 3814 1137 3857 eorum
1182 3800 1385 3856 thecas
1424 3813 1741 3870 posuimus,
1779 3802 1838 3853 et

177 3890 375 3948 clavis
419 3889 618 3946 aureis
677 3889 1041 3959 confiximus,
1084 3887 1179 3959 qui
1232 3903 1336 3960 pro
1393 3887 1838 3944 concinnatione

180 3978 570 4035 luminarium
594 3977 815 4050 praedia
831 3976 1186 4033 contulimus
1198 3981 1257 4032 et
1281 3976 1457 4032 rebus
1478 3975 1725 4031 diversis
1739 3989 1839 4031 eas

177 4067 534 4137 ditavimus,
569 4071 629 4120 et
660 4079 765 4138 per
794 4068 1053 4121 nostram
1103 4063 1489 4136 imperialium
1516 4064 1838 4135 jussionem

178 4158 556 4212 sacramtam
588 4153 644 4210 in
667 4155 895 4209 oriente
910 4159 968 4209 et
989 4153 1291 4211 occidente
1317 4167 1489 4224 quam
1520 4154 1572 4207 in
1611 4156 1842 4225 septen-

176 4243 439 4300 trionali
468 4248 526 4300 et
562 4241 928 4299 meridionali
980 4241 1169 4315 plaga,
1203 4242 1475 4298 videlicet
1506 4243 1560 4297 in
1618 4241 1838 4311 Iudaea,

175 4331 841 4404 Grecia,Asia,Tracia,
877 4330 1088 4399 Africa,
1114 4331 1278 4387 Italia
1322 4331 1410 4387 vel
1476 4331 1726 4387 diversis
1761 4330 1842 4385 in-

173 4420 365 4492 sulis,
402 4424 665 4478 nostram
698 4419 1028 4490 largitatem
1044 4419 1562 4485 eisconcessimus.
1600 4434 1664 4476 ea
1682 4434 1842 4491 pror-

176 4522 293 4566 sus
336 4508 564 4567 ratione
589 4512 653 4565 ut
685 4521 791 4580 per
821 4520 1024 4565 manus
1072 4507 1395 4565 beatissimi
1430 4508 1614 4580 patris
1655 4506 1839 4563 nostri

178 4596 471 4653 Silvestri
497 4595 792 4669 pontificis
824 4609 1346 4666 succcssorumque
1375 4595 1502 4666 ejus
1526 4594 1842 4652 omniadis-

1943 2025 2139 2077 noster
2172 2028 2407 2079 senatus
2430 2024 2663 2081 vidctur
2694 2024 2876 2095 gloria
2901 2025 3192 2097 adornari,
3211 2027 3268 2083 id
3298 2031 3390 2085 est
3407 2029 3585 2101 patri-

1943 2108 2070 2165 cios
2096 2114 2271 2180 atque
2296 2112 2571 2169 consules
2603 2113 2768 2184 efflci,
2795 2130 2901 2171 nec
2926 2129 3035 2172 non
3067 2118 3124 2171 et
3157 2117 3376 2173 ceteris
3400 2116 3580 2187 digni-
3651 2133 3663 2150 ·

1944 2198 2695 2271 tatibusimpcrialibuseos
2713 2202 3150 2273 promulgantes
3195 2204 3481 2262 decorari.
3513 2206 3581 2262 Et

1944 2287 2095 2342 sicut
2118 2290 2698 2362 ornaturimperialis
2714 2292 2945 2362 milicia,
2964 2292 3043 2348 ita
3058 2292 3351 2351 etclerum
3366 2299 3584 2353 sanctae

1944 2377 2211 2434 Romanae
2251 2378 2517 2437 ecclesiae
2565 2380 2761 2436 ornari
2794 2380 3188 2451 decernimus,
3214 2385 3271 2437 et
3307 2383 3578 2454 quemad-

1947 2466 2176 2523 modum
2203 2467 2525 2539 imperialia
2563 2468 2749 2525 oﬁlcia
2802 2468 3031 2526 diversa
3081 2470 3577 2529 cubiculariorum

1947 2554 2320 2613 ostiariorum
2343 2562 2399 2612 et
2425 2557 2678 2613 omnium
2710 2559 3122 2615 excubitorum
3164 2564 3465 2631 ornantur,
3500 2561 3582 2618 ita

1946 2647 2002 2699 ct
2025 2649 2281 2700 sanetam
2307 2647 2617 2719 Romanam
2640 2645 2948 2702 ecclesiam
3000 2647 3267 2703 deroravi
3313 2648 3585 2706 volumus

1946 2736 2006 2786 et
2039 2736 2100 2788 ut
2133 2732 2487 2804 amplissime
2520 2733 2839 2805 pontificali
2862 2735 3071 2792 decore
3089 2735 3452 2807 praefulgent.
3479 2738 3583 2794 De-

1947 2820 2241 2877 cernimus
2268 2826 2325 2877 et
2360 2823 2468 2878 hoc
2502 2822 2734 2880 clericis
2756 2822 3015 2892 ejusdem
3063 2828 3284 2881 sancta
3315 2825 3584 2883 Romanae

1947 2906 2236 2979 ecclesiae,
2271 2924 2343 2965 ex
2368 2910 2803 2968 linteaminibus
2821 2911 3237 2968 candidissimo
3262 2911 3474 2971 decore
3487 2929 3581 2971 eo-

1950 3011 2075 3053 rum
2100 2998 2362 3055 decorari
2396 3013 2581 3070 equos
2613 3005 2669 3056 et
2705 3000 2782 3055 ita
2798 3001 3085 3072 equitare,
3123 3004 3178 3056 et
3205 3001 3355 3058 sicut
3382 3006 3586 3060 noster

1949 3090 2189 3143 senatus
2221 3086 2621 3146 calciamentis
2656 3094 2840 3146 utitur
2871 3104 3000 3146 cum
3055 3089 3363 3160 udonibus,
3404 3090 3461 3147 id
3493 3094 3583 3148 est

1948 3174 2197 3233 candido
2229 3176 2561 3233 linteamine
2594 3176 2876 3233 illustrari
2913 3196 2927 3246 ;
2954 3183 3020 3234 ut
3050 3178 3203 3234 sicut
3234 3176 3473 3235 eelestia
3508 3180 3588 3237 ita

1950 3269 2006 3320 et
2039 3265 2273 3321 terrena
2323 3265 2698 3322 decorentur.
2734 3267 2861 3323 Prae
2901 3266 3173 3323 omnibus
3198 3267 3590 3325 autemlicen-

1953 3353 2090 3409 tiam
2107 3353 2561 3425 tribucntesipsi
2587 3355 2955 3411 sanctissimo
2979 3356 3131 3427 patri
3148 3361 3352 3412 nostro
3376 3355 3587 3415 Silves-

1951 3445 2065 3512 tro,
2104 3441 2268 3498 urbis
2302 3444 2493 3499 Romae
2527 3443 2804 3514 episcopo
2826 3448 2885 3499 ct
2913 3459 3093 3516 papae,
3125 3448 3182 3500 et
3203 3445 3472 3503 omnibus
3492 3446 3589 3518 qui

1954 3533 2082 3602 post
2105 3530 2657 3587 euminsuccessum
2705 3533 3388 3604 perpetuistemporibus
3418 3534 3591 3592 adve-

1951 3618 2141 3674 nerint
2168 3619 3056 3693 beatissimispontificibus,pro
3081 3623 3372 3679 bonoreet
3400 3621 3589 3693 gloria

1953 3706 2392 3764 Christidomini
2416 3708 2601 3765 nostri
2624 3709 2677 3763 in
2702 3709 2904 3765 eadem
2924 3725 3125 3779 magna
3168 3710 3264 3766 Dei
3299 3710 3586 3767 catholica

1948 3802 2008 3852 et
2022 3794 2341 3868 apostolica
2361 3796 2605 3853 ecclesia
2620 3812 2691 3852 ex
2706 3798 2926 3853 nostris
2949 3797 3189 3867 inclitis,
3208 3814 3376 3869 quem
3395 3798 3585 3869 placa-

1953 3884 2557 3956 tusprOprioconsilio
2574 3885 2858 3940 clericare
2883 3884 3130 3941 voluerit
3173 3890 3230 3941 et
3257 3887 3312 3940 in
3346 3901 3588 3943 numero

1956 3972 2367 4042 religiosorum
2399 3971 3154 4041 clericorumdinumerare,
3190 3973 3439 4029 nulloex
3471 3988 3592 4030 om-

1952 4062 2123 4118 nibus
2138 4064 2509 4133 presumente
2525 4062 2779 4132 superbe
2796 4075 2987 4132 agere.
3006 4062 3379 4118 Decrevimus
3393 4061 3591 4133 itaque

1950 4153 2010 4208 et
2042 4150 2147 4206 hoc
2182 4152 2242 4205 ut
2274 4149 2424 4205 idem
2461 4149 2813 4207 Venerabilis
2869 4154 3037 4222 pater
3081 4155 3278 4207 noster
3310 4148 3593 4208 Silvester

1951 4254 2208 4297 summus
2228 4238 2483 4311 pontifex
2515 4238 2607 4295 vel
2647 4255 2848 4297 omnes
2888 4240 3015 4312 ejus
3062 4255 3442 4298 successores
3469 4240 3594 4297 dia-

1952 4329 2137 4398 dema,
2173 4327 2449 4385 videlicet
2474 4344 2749 4385 coronam
2771 4345 2842 4386 ex
2868 4330 3062 4402 capite
3076 4336 3298 4400 nostro,
3316 4329 3470 4402 quod
3495 4328 3581 4386 illi

1950 4417 2373 4488 concessimus,
2392 4432 2464 4474 ex
2483 4433 2626 4474 auro
2651 4419 2964 4490 purissimo
2979 4423 3036 4475 et
3050 4419 3295 4490 gemmis
3309 4418 3597 4491 preciosis

1953 4507 2035 4563 uti
2070 4507 2320 4564 debeant
2352 4513 2407 4564 et
2449 4506 2503 4562 in
2530 4523 2640 4563 suo
2667 4508 2861 4579 capite
2884 4508 2954 4564 ad
2981 4507 3208 4564 laudem
3240 4508 3336 4564 Dci
3362 4523 3465 4579 pro
3496 4507 3599 4563 bo-

1953 4610 2092 4652 nore
2125 4595 2280 4652 beati
2312 4596 2468 4652 Petri
2491 4600 2728 4666 gestare
2762 4596 2881 4668 (fol.
2918 4597 3026 4666 23).
3062 4598 3189 4668 Ipse
3221 4610 3361 4653 vero
3386 4596 3597 4651 beatus

178 4687 514 4757 ponantur.
541 4683 800 4741 Gaudeat
849 4683 1046 4756 itaque
1070 4700 1177 4741 una
1200 4684 1502 4741 uobiscum
1525 4685 1714 4740 omnis
1747 4699 1842 4756 po-
1869 4684 1923 4744 D
1955 4699 2097 4756 papa
2128 4699 2301 4755 supra
2317 4700 2590 4741 coronam
2618 4684 2959 4756 clericatus,
2993 4699 3161 4755 quam
3196 4683 3345 4754 gerit
3380 4683 3449 4739 ad
3466 4681 3590 4752 glo-

178 4772 377 4846 pulus
398 4778 462 4830 et
481 4772 742 4844 gentium
775 4772 1044 4829 nationes
1076 4773 1132 4827 in
1152 4775 1425 4829 universo
1484 4774 1626 4830 orbe
1659 4777 1842 4828 terra-

180 4877 353 4933 rum,
387 4875 537 4933 quos
565 4866 905 4918 exortamus
931 4874 1132 4918 omnes
1156 4866 1223 4917 ut
1284 4862 1400 4918 Deo
1449 4868 1509 4918 et
1561 4861 1841 4918 salvatori

180 4956 406 5008 nostro
433 4952 569 5007 Jesu
603 4950 835 5007 Christo
856 4949 1167 5007 immensas
1188 4964 1296 5006 una
1314 4950 1609 5007 nobiscum
1624 4951 1843 5020 gratias

179 5038 495 5109 referatis,
530 5037 803 5110 quoniam
832 5038 955 5109 ipse
985 5038 1138 5095 Deus
1160 5038 1215 5094 in
1238 5037 1381 5095 celis
1427 5039 1678 5110 desuper
1697 5043 1754 5094 et
1789 5039 1844 5095 in

179 5134 365 5185 terra
389 5126 659 5184 deorsum
694 5144 710 5193 ;
739 5125 838 5198 qui
871 5141 976 5183 nos
991 5141 1092 5199 per
1113 5141 1251 5184 suos
1272 5130 1513 5184 sanctos
1545 5126 1845 5199 apostolos

174 5216 454 5275 visitans
479 5220 749 5274 sanctum
785 5216 1121 5288 baptismtis
1138 5220 1566 5273 sacramentum
1584 5216 1847 5289 percipe-

172 5305 480 5377 rejussit,
495 5303 841 5376 etcorporis
854 5305 1110 5361 sanitate
1128 5303 1338 5375 dignos
1351 5302 1673 5373 eil‘ecit(fol.
1711 5304 1842 5378 22’).

170 5397 300 5452 Pro
344 5408 456 5468 qua
489 5392 1031 5467 concedimusipsis
1046 5393 1566 5465 sanetisapostolis
1598 5395 1849 5453 dominis

169 5484 363 5556 meis,
399 5486 458 5541 et
487 5497 594 5558 per
621 5496 727 5540 eos
758 5481 934 5538 etiam
959 5482 1136 5540 beato
1164 5480 1445 5538 Silvestro
1464 5483 1614 5554 patri
1645 5489 1848 5542 nostro

173 5587 424 5632 summo
456 5569 1131 5647 pontificietuniversali
1156 5570 1320 5627 urbis
1352 5569 1547 5628 Romae
1582 5588 1763 5645 papae,
1789 5577 1846 5629 et

176 5662 466 5720 omnibus
489 5660 623 5732 ejus
655 5658 1108 5716 successoribus
1135 5656 1517 5730 pontificibus
1549 5660 1849 5733 quiusque

170 5752 234 5809 in
277 5751 393 5810 ﬁne
421 5749 627 5809 mundi
657 5747 717 5803 in
752 5746 890 5803 sede
913 5747 1070 5805 beati
1103 5746 1264 5802 Petri
1296 5750 1467 5802 erunt
1501 5749 1741 5820 sessuri,
1767 5753 1851 5806 at-

1954 4773 2095 4829 riam
2112 4772 2263 4829 beati
2282 4774 2460 4845 Petri,
2482 4774 2715 4830 omnino
2736 4775 2856 4845 ipsa
2872 4789 2943 4831 ex
2958 4788 3100 4828 auro
3121 4787 3233 4828 non
3265 4776 3355 4828 est
3372 4785 3584 4843 passus

1955 4862 2037 4918 uti
2053 4876 2287 4918 corona.
2314 4852 2568 4931 Frigium
2583 4878 2720 4919 vero
2736 4861 2984 4918 candido
3003 4861 3194 4917 nitore
3218 4858 3589 4932 splendidum

1956 4950 2444 5007 resurrectionem
2494 4951 2839 5008 dominicam
2892 4950 3220 5019 designans,
3253 4949 3380 5019 ejus
3398 4963 3592 5009 sacra-

1953 5039 2176 5096 tissimo
2210 5038 2415 5096 vertici
2450 5041 2717 5097 manibus
2742 5040 2966 5096 nostris
3025 5038 3440 5110 imposuimus:
3476 5042 3595 5096 sta-

1956 5130 2190 5185 tuentes
2211 5128 2413 5185 eodem
2446 5129 2614 5199 frigio
2646 5144 2848 5186 omnes
2885 5128 3013 5198 ejus
3071 5142 3453 5185 successores
3475 5128 3591 5186 sin-

1954 5216 2238 5287 gulariter
2297 5217 2379 5273 uti
2427 5217 2480 5272 in
2534 5217 3012 5289 proccssionibus
3071 5216 3141 5273 ad
3213 5215 3595 5275 imitationem

1956 5305 2181 5378 imperii
2222 5306 2431 5361 nostri.
2465 5305 2624 5361 Unde
2670 5308 2729 5361 ut
2776 5321 2887 5361 non
2938 5305 3179 5363 vilescat
3233 5304 3585 5378 pontificalis

1958 5410 2124 5468 apex,
2175 5394 2276 5451 sed
2318 5395 2501 5464 magis
2550 5393 2799 5466 amplius
2889 5409 3058 5466 quam
3098 5394 3320 5450 terreni
3370 5395 3599 5467 imperii

1958 5484 2214 5556 dignitas
2240 5487 2301 5539 et
2321 5482 2526 5553 gloriae
2580 5482 2841 5555 potentia
2900 5483 3239 5553 decoretur,
3289 5497 3429 5541 ecce
3476 5488 3589 5539 tam

1962 5573 2238 5646 palatium
2262 5577 2523 5629 nostrum
2540 5576 2600 5629 ut
2637 5571 2942 5644 prelatum
2958 5575 3071 5643 est,
3089 5585 3379 5643 quamque
3398 5571 3591 5628 Romam

1960 5661 2125 5717 urbis
2151 5665 2209 5716 et
2243 5675 2445 5717 omnes
2474 5660 2656 5717 Italiae
2676 5675 2781 5717 seu
2806 5659 3258 5718 occidentalium
3296 5659 3598 5728 regionum

1967 5747 2301 5822 provincias
2319 5747 2440 5804 loca
2458 5752 2518 5804 et
2533 5748 2807 5804 civitates
2823 5748 3087 5820 sepel‘ato
3116 5744 3452 5801 beatissimo
3466 5757 3602 5816 pon-
