3898 6386
329 418 402 483 51
1278 422 1648 488 HUGONIS
1691 421 2042 486 ABBATIS
2085 421 2770 487 FLAVINIACENSIS
3654 427 3728 489 52

333 556 810 644 tiﬁciuniversali
841 573 1008 634 papae
1023 557 1176 634 patri
1208 563 1412 620 nostro
1427 558 1712 619 Silvestro
1765 562 1970 619 contra
2003 557 2055 618 Α
2087 557 2241 632 apud
2274 555 2652 617 Arelatenses
2683 561 2788 618 600
2813 561 3065 632 patrum,
3125 557 3344 618 Marino
3384 559 3514 634 ejus
3564 558 3728 619 urbis

333 649 542 708 dentes
557 653 734 721 atque
752 647 1152 722 relinquentes
1165 652 1292 721 ejus
1314 649 1406 707 vel
1423 665 1831 708 successorum
1846 649 1972 721 ejus

333 738 670 810 pontiﬁcum
695 739 1050 810 potestatiet
1081 739 1309 808 ditioni,
1337 738 1499 796 ﬁrma
1530 737 1817 810 imperiali
1840 753 1972 795 cen-

334 842 466 884 sura
503 842 607 898 per
640 828 783 885 bane
807 833 1061 885 nostram
1112 827 1674 886 divinalemsacram
1725 833 1782 884 et
1845 844 1972 901 pra-

331 917 644 987 gmaticum
677 916 1061 974 constitutum
1097 917 1466 974 decernimus
1525 917 1966 990 disponendum,

333 1009 508 1076 atque
543 1005 651 1061 sub
671 1005 801 1076 jure
827 1010 1044 1062 sanctas
1069 1007 1337 1062 Romanae
1383 1006 1648 1064 ecclesia:
1707 1005 1971 1062 concedi-

334 1108 461 1150 mus
483 1089 959 1165 permanendum.
991 1095 1154 1150 Unde
1212 1109 1534 1164 eongruum
1567 1096 1968 1167 perspeximus

335 1185 598 1240 nostrum
616 1181 918 1254 imperium
935 1187 992 1238 et
1017 1183 1178 1252 regni
1207 1187 1561 1254 potestatem
1585 1183 1969 1240 orientalibus

331 1271 637 1326 transferri
671 1275 732 1327 et
759 1271 1136 1328 transmutari
1171 1271 1507 1342 regionibus
1530 1273 1660 1328 etin
1695 1273 1968 1328 Bizantiaa

336 1358 648 1431 provinicze
680 1360 736 1416 in
767 1360 986 1432 optimo
1017 1359 1144 1417 loco
1170 1361 1382 1416 nomini
1441 1366 1640 1417 nostro
1671 1361 1967 1418 civitatem

331 1447 592 1505 ediﬁeari
616 1453 672 1504 et
700 1454 964 1506 nostrum
993 1448 1111 1504 illic
1135 1450 1412 1506 constitui
1446 1449 1771 1522 imperium,
1791 1465 1964 1520 quum

333 1536 428 1591 ubi
462 1537 824 1609 principatus
857 1539 1230 1595 sacerdotum
1265 1543 1322 1594 ct
1359 1539 1718 1595 cliristianize
1739 1539 1968 1609 religio-

333 1625 422 1681 nis
449 1630 622 1698 caput
657 1627 1104 1699 abimperatore
1155 1627 1359 1684 celesti
1413 1628 1800 1684 constitutum
1854 1632 1963 1698 est,

325 1713 554 1782 justum.
573 1729 684 1770 non
717 1719 806 1772 est
841 1722 904 1772 ut
928 1716 1047 1773 illic
1083 1717 1404 1788 imperator
1452 1719 1724 1773 terrenus
1753 1717 1966 1773 habeat

334 1795 878 1873 potestatchHaae
913 1819 1049 1861 vero
1095 1805 1284 1861 omnia
1333 1819 1460 1875 quae
1518 1819 1620 1876 per
1674 1806 1819 1861 hanc
1869 1820 1968 1862 no-

329 1893 510 1947 stram
542 1891 896 1964 imperialem
925 1908 1145 1950 sacram
1179 1896 1234 1948 et
1263 1907 1364 1965 per
1397 1893 1508 1948 alia
1571 1892 1846 1949 divinalia
1871 1893 1966 1949 de-
1993 1915 2050 1980 Β

332 1983 496 2035 creto
528 1979 840 2038 statuimus
854 1985 1028 2052 atque
1050 1982 1483 2051 conﬁrmamus,
1503 1997 1688 2052 usque
1707 1982 1767 2046 in
1794 1981 1964 2038 ﬁnem

335 2067 528 2124 mundi
554 2067 775 2126 illibata
799 2074 854 2126 et
889 2071 1233 2128 inconcussa
1281 2070 1674 2142 permanenda
1707 2070 1968 2126 decerni-

332 2171 476 2214 mus.
513 2157 673 2213 Unde
705 2173 902 2216 coram
927 2160 1042 2216 Deo
1068 2161 1196 2215 vivo
1229 2174 1327 2228 qui
1351 2174 1455 2214 nos
1478 2172 1721 2227 regnare
1756 2173 1969 2230 praece-

331 2244 416 2316 pit
447 2250 506 2300 et
528 2262 722 2302 coram
757 2261 883 2317 ejus
907 2247 1401 2318 terribilijudicio
1455 2248 1822 2305 obtestamur
1866 2263 1968 2320 per

329 2332 437 2391 hoc
468 2339 730 2391 nostrum
754 2335 1058 2408 imperiale
1081 2335 1470 2393 constitutum
1513 2351 1712 2392 omnes
1741 2352 1970 2395 succes-

329 2436 495 2478 sores
525 2427 760 2481 nostro;
782 2423 1170 2494 imperatores
1194 2427 1515 2480 eteunctos
1535 2425 1850 2496 optimates
1879 2441 1968 2482 sa-

329 2514 533 2582 trapas
565 2516 620 2566 et
647 2510 1066 2582 amplissimum
1092 2517 1354 2569 senatum
1380 2517 1439 2568 et
1491 2512 1822 2570 universum
1871 2531 1966 2586 po-

331 2596 528 2670 pulum
563 2598 617 2654 in
649 2602 776 2654 toto
801 2599 942 2656 orbe
963 2602 1254 2656 terrarum
1287 2615 1438 2657 nunc
1497 2606 1556 2656 et
1578 2600 1630 2656 in
1668 2606 1962 2672 posterum

327 2685 562 2742 cunctis
586 2692 746 2744 retro
775 2687 1140 2761 temporibus
1173 2689 1414 2760 imperio
1447 2694 1652 2747 nostro
1673 2691 1968 2761 subjacen-

334 2781 470 2845 tem,
505 2775 648 2833 nulli
673 2791 871 2834 eorum
905 2793 1138 2850 quoquo
1171 2779 1341 2836 modo
1363 2779 1541 2836 licere
1600 2781 1723 2837 haec
1755 2795 1883 2851 qua}
1934 2795 1965 2837 a

328 2864 498 2923 nobis
537 2865 822 2939 imperiali
837 2868 1134 2926 sanctione
1166 2875 1558 2927 sacrosanctae
1590 2871 1967 2928 Romanaere-

329 2949 522 3013 clesize
551 2954 932 3014 velomnibus
954 2957 1080 3027 ejus
1111 2957 1489 3028 pontiﬁcibus
1517 2973 1800 3016 concessa
1831 2963 1965 3016 sunt

329 3043 609 3112 refragari
640 3049 739 3100 aut
763 3045 1134 3115 confringere
1165 3044 1258 3102 vel
1288 3046 1345 3102 in
1368 3061 1655 3116 quoquam
1689 3047 1968 3104 convelle-

328 3145 408 3187 re.
443 3131 500 3186 Si
529 3132 660 3202 quis
681 3135 896 3203 autem,
933 3134 1092 3204 quod
1116 3149 1229 3190 non
1263 3133 1577 3200 credimus,
1614 3135 1669 3190 in
1727 3137 1835 3192 hoc
1882 3141 1965 3192 tc-

325 3222 581 3276 merator
603 3223 700 3276 aut
731 3225 1106 3294 contemptor
1132 3221 1421 3293 extiterit,
1441 3223 1661 3280 eternis
1682 3225 1891 3296 dampn
1905 3239 1962 3281 a-

327 3307 1259 3380 tionibussubjaceatinnodatus,
1294 3315 1349 3368 et
1377 3313 1724 3369 sanctosDei
1755 3314 1966 3386 princi-

329 3409 430 3465 pes
461 3395 859 3467 apostolorum
895 3399 1504 3456 PetrietPaulisibiin
1551 3401 1883 3472 presentiet
1907 3403 1961 3458 in

329 3484 444 3540 vita
460 3485 658 3542 futura
675 3488 1259 3559 sentiatcontrarios,
1285 3494 1340 3546 et
1372 3491 1424 3546 in
1443 3491 1668 3548 inferno
1700 3491 1752 3546 in
1765 3493 1962 3550 feriori

324 3579 758 3645 conerematus,
782 3591 911 3633 cum
946 3576 1181 3634 diabolo
1213 3583 1270 3634 et
1304 3579 1574 3636 omnibus
1601 3579 1796 3653 impiis
1827 3580 1966 3636 deﬁ-

326 3661 440 3716 ciat
464 3661 568 3732 (fol
599 3662 727 3733 23’).
757 3664 936 3734 Hujus
967 3681 1109 3722 vero
1153 3666 1472 3738 imperialis
1505 3669 1689 3725 nostri
1741 3668 1964 3726 decreti

329 3749 594 3821 paginam
630 3753 886 3825 propriis
918 3756 1184 3812 manibus
1217 3757 1582 3827 roborantes,
1601 3772 1778 3830 super
1801 3772 1968 3814 vene-

331 3837 516 3895 rabile
545 3855 760 3911 corpus
812 3843 967 3899 beati
1020 3845 1179 3901 Petri
1227 3846 1626 3917 apostolorum
1685 3847 1970 3919 principis

329 3926 648 3998 posuimus,
685 3929 882 4002 ibique
911 3931 1098 3988 eidem
1121 3933 1222 3989 Dei
1249 3935 1517 4006 apostolo
1549 3935 1968 4008 spepondimus

327 4031 431 4072 nos
449 4022 658 4074 cuncta
685 4017 1104 4078 inviolabiliter
1127 4023 1431 4081 custodire
1462 4041 1476 4090 ;
1501 4029 1558 4081 et
1593 4025 1814 4083 nostris
1839 4041 1970 4082 suc-

326 4105 668 4164 cessoribus
691 4108 1524 4180 imperatoribusinmandatis
1559 4113 1964 4187 relinquimus,

325 4198 386 4248 et
418 4195 760 4253 beatissimo
783 4199 935 4272 patri
971 4206 1174 4258 nostro
1216 4202 1504 4260 Silvestro
1561 4205 1805 4274 ejusque
1865 4220 1969 4276 per

261 4339 270 4348 ,
330 4295 462 4337 eum
492 4283 720 4340 cunctis
751 4288 1219 4361 successoribus,
1257 4291 1489 4348 domino
1529 4292 1645 4347 Deo
1674 4296 1735 4347 et
1785 4293 1970 4349 salva-

324 4373 454 4425 tore
475 4376 676 4428 nostro
696 4374 832 4432 Jesu
857 4375 1090 4434 Christo
1110 4382 1426 4449 annuente,
1449 4379 1736 4436 tradimus
1765 4396 1968 4452 peren-

328 4457 672 4532 niteratque
689 4462 936 4522 feliciter
950 4466 1326 4537 possidenda.
1347 4468 1546 4522 Amen.
1567 4467 1853 4525 Divinitas
1869 4485 1970 4526 vos

326 4553 631 4606 conservet
666 4566 768 4624 per
801 4553 1017 4610 multos
1045 4569 1248 4624 annos,
1280 4555 1634 4611 sanctissimi
1659 4561 1716 4612 et
1745 4557 1967 4616 beatis-

1995 3275 2044 3338 Ο

2083 649 2378 720 episeopo,
2406 647 2648 706 Claudio
2679 649 3012 706 Viennensi.

2155 739 2314 794 Nono
2347 735 2526 806 igitur
2549 750 2700 792 anno
2733 741 3042 810 postquam
3105 737 3527 797 Constantinus
3552 738 3721 797 ﬁdem

2083 824 2298 881 Christi
2324 824 2609 895 suscepit,
2632 825 2910 896 pestilens
2933 825 3172 883 morbus
3190 825 3341 882 Arrii
3367 825 3421 882 in
3437 830 3566 885 toto
3583 827 3725 885 orbe

2081 911 2331 970 diﬁ‘usus
2350 917 2462 982 est,
2499 926 2528 968 a
2560 927 2676 983 quo
2710 913 2953 969 Arriana
3014 914 3242 971 heresis
3294 915 3583 988 ["IEBON].
3635 916 3720 972 Ad

2079 1003 2246 1073 cujus
2277 1001 2577 1073 perﬁdiam
2593 1001 3012 1059 destruendam
3046 1001 3198 1076 apud
3230 1003 3448 1060 'urbem
3478 1003 3725 1062 Niceam

2079 1091 2151 1146 ab
2183 1089 2572 1146 Alexandro].
2609 1093 2723 1146 35°.
2760 1105 2910 1147 anno
2943 1093 3014 1146 ab
3038 1091 3147 1148 inc.
3186 1093 3494 1149 Dom.’319
3520 1090 3587 1163 τί,
3625 1096 3726 1151 318

2077 1178 2338 1250 episeOpi
2363 1178 2876 1250 congregatisunt,
2910 1180 3290 1251 preceptione
3317 1193 3481 1252 papae
3513 1179 3726 1238 Silves-

2079 1267 2180 1336 tri,
2207 1267 2304 1324 ubi
2336 1272 2396 1324 et
2428 1266 2552 1340 ipse
2579 1283 2681 1324 rex
2713 1268 3056 1326 interfuitet
3078 1269 3476 1327 hereticorum
3511 1269 3726 1328 machi-

2079 1372 2181 1415 nas
2213 1355 2456 1414 omousii
2489 1357 2865 1428 oppositione
2899 1355 3245 1415 deleverunt
3305 1357 3510 1430 (Gesta
3537 1359 3719 1432 p.12).

2080 1445 2466 1516 Congregavit
2499 1445 2544 1478 τ’
2574 1445 2748 1502 etiam
2773 1443 3056 1502 Silvester
3081 1460 3229 1519 papa
3277 1447 3333 1502 in
3354 1447 3512 1518 furbe
3543 1448 3721 1506 Roma

2078 1535 2388 1592 concilium
2422 1550 2551 1591 cum
2584 1531 2830 1592 consilio
2852 1536 3086 1605 augusti
3121 1539 3206 1593 13.
3246 1535 3367 1593 Kal.
3419 1535 3557 1594 Julii
3615 1540 3722 1595 267

2079 1624 2408 1696 epiSCOpos,
2443 1628 2500 1680 et
2532 1623 3095 1695 dampnavititerum
3113 1623 3717 1695 Callixtum,Arrium,

2080 1712 2343 1770 Fotinum
2374 1717 2431 1770 et
2456 1712 2768 1769 Sabellium
2801 1717 2859 1768 et
2891 1711 3200 1769 constituit
3223 1717 3286 1770 ut
3312 1714 3720 1785 presbyterum

2081 1801 2854 1872 Arrianumresipiscentem
2876 1815 2986 1856 non
3019 1801 3390 1873 susciperent
3435 1801 3547 1858 nisi
3600 1803 3724 1875 epi-

2081 1904 2296 1961 scopus
2323 1888 2436 1947 loci
2461 1889 2797 1958 designaret
2817 1893 2878 1945 et
2907 1889 3118 1946 crisma
3153 1890 3226 1945 ab
3273 1889 3722 1963 episcopo'con-

2081 1977 2194 2048 ﬁci,
2219 1982 2278 2034 et
2312 1983 2372 2034 ut
2397 1978 2658 2050 episcopi
2692 1977 3050 2049 baptizatum
3077 1978 3422 2048 consignent
3476 1981 3722 2052 propter

2080 2067 2394 2137 hereticos,
2427 2071 2484 2124 et
2511 2071 2573 2124 ut
2597 2067 2958 2138 baptizatum
2985 2080 3226 2138 puerum
3261 2067 3574 2138 presbyter
3603 2067 3718 2126 cri-

2079 2160 2264 2212 smate
2297 2155 2460 2213 liniat
2487 2160 2730 2228 propter
2752 2154 3117 2213 occasionem
3159 2155 3386 2227 mortis,
3414 2159 3473 2212 et
3497 2161 3560 2212 ut
3593 2155 3722 2213 nul-

2079 2245 2171 2303 lus
2202 2245 2389 2303 laicus
2419 2244 2638 2302 crimen
2657 2243 2877 2307 clerico
2899 2245 3107 2302 audeat
3132 2243 3366 2302 inferre.
3395 2245 3498 2303 Ηιο
3522 2245 3718 2317 sepul-

2080 2340 2176 2391 tus
2205 2335 2297 2390 est
2331 2333 2386 2390 in
2418 2333 2706 2390 eimiterio
2737 2333 3020 2392 Priscillae
3050 2333 3240 2404 pridie
3272 2331 3392 2389 Kal.
3447 2334 3711 2392 Januarii

2077 2438 2213 2480 vere
2227 2423 2552 2480 catholicus
2565 2426 2620 2480 et
2637 2423 2940 2480 confessor
2960 2441 2976 2490 ;
2997 2425 3052 2478 et
3067 2422 3716 2495 cessavitepiscOpatus

2079 2513 2290 2570 diebus
2315 2516 2378 2570 13
2431 2513 2740 2585 [ΗιειιοΝ.].
2800 2511 3044 2569 Moritur
3097 2511 3517 2572 Constantinus
3563 2525 3716 2570 anno

2079 2602 2274 2658 {etatis
2305 2616 2426 2658 suae
2447 2604 2536 2671 65,
2569 2600 2798 2672 imperii
2824 2604 2910 2657 30.

2149 2693 2312 2747 Anno
2343 2705 2482 2746 vero
2515 2689 2588 2746 ab
2629 2689 2741 2748 inc.
2796 2689 2957 2744 Dom.
3013 2691 3108 2746 341
3157 2689 3538 2748 Constantius
3583 2704 3716 2746 cum

2078 2778 2454 2836 Constantino
2484 2781 2542 2834 et
2573 2779 2888 2835 Constante
2929 2778 3212 2834 fratribus
3247 2783 3639 2848 regnaverunt
3663 2793 3717 2836 a.

2077 2872 2166 2938 23,
2200 2883 2272 2924 m.
2304 2867 2548 2938 s,d.13.

2153 2959 2316 3013 Αηηο
2355 2956 2446 3013 ab.
2473 2955 2585 3013 inc.
2618 2957 2777 3012 Dom.
2813 2959 2934 3012 338.
2964 2956 3196 3028 praefuit
3229 2957 3502 3014 Romanae
3525 2957 3720 3016 eccle-

2082 3047 2183 3105 siae
2215 3047 2459 3115 Marcus,
2493 3043 2729 3102 natione
2761 3047 3072 3115 Romanus,
3101 3048 3267 3117 patre
3307 3045 3513 3104 Prisco
3548 3047 3722 3117 annis

2074 3142 2125 3202 ‘2,
2154 3149 2226 3191 m.
2261 3139 2312 3204 7,
2348 3133 2403 3190 d.
2429 3133 2516 3190 20.
2543 3133 2699 3188 Obiit
2734 3137 2784 3190 6.
2812 3135 2954 3190 Non.
2999 3134 3236 3190 Octobr.
3274 3152 3289 3202 ;
3341 3147 3392 3192 c.
3437 3147 3490 3192 θ.
3544 3133 3601 3192 d.
3656 3143 3722 3194 21

2074 3222 2278 3295 (Gesta
2293 3237 2360 3294 ρ.
2387 3221 2482 3294 Β).
2521 3221 2623 3279 Cui
2663 3222 3162 3281 suceessitJulius
3199 3224 3514 3294 Romanus,
3554 3228 3734 3298 patre

2072 3311 2335 3388 Rustico,
2369 3323 2416 3366 a.
2453 3314 2539 3381 15,
2577 3310 2731 3380 111.2,
2769 3311 2822 3366 d.
2851 3317 2903 3366 7.
2933 3310 3089 3368 Obiit
3122 3316 3172 3368 2.
3200 3311 3338 3368 Idus
3365 3312 3584 3384 Aprilis
3619 3330 3635 3381 ;
3666 3329 3728 3371 c.

2074 3416 2124 3456 e.
2159 3398 2215 3456 d.
2241 3403 2328 3456 26.
2356 3401 2518 3455 Anno
2549 3399 2710 3470 regni
2746 3400 3070 3457 Constantii
3106 3404 3190 3458 13.
3221 3399 3507 3472 [ΗιειιοΝῙ.
3546 3401 3730 3461 Cons-

2077 3493 2208 3546 tans
2239 3476 2616 3558 interﬁcitur,
2647 3493 2775 3560 post
2799 3503 2968 3560 quem
3021 3489 3400 3546 Constantius
3451 3488 3615 3548 solus
3651 3505 3738 3564 ορ

2074 3577 2250 3634 tinuit
2283 3576 2610 3649 imperium.
2647 3576 2858 3634 Eodem
2907 3591 3057 3635 anno
3119 3579 3390 3636 Romanas
3455 3578 3738 3637 ecclesiae

2079 3665 2479 3738 pontiﬁcatum
2504 3665 2760 3737 suscepit
2795 3665 3084 3736 Liberius,
3103 3667 3257 3724 sedit
3289 3683 3340 3724 a.
3376 3673 3428 3738 6,
3472 3683 3546 3725 m.
3579 3672 3633 3740 3,
3666 3671 3736 3726 d.

2079 3758 2112 3812 ι
2141 3753 2347 3826 (Gesta
2363 3769 2427 3828 ρ.
2461 3754 2582 3826 3.).
2619 3754 2833 3812 Dehinc
2866 3755 3138 3827 impietas
3166 3756 3410 3814 Arriana
3450 3758 3740 3816 Constan-

2079 3843 2149 3899 tii
2169 3841 2310 3900 fulta
2324 3842 2583 3914 presidio
2601 3841 2816 3914 exiliis,
2832 3845 3174 3902 carceribus
3191 3850 3251 3901 et
3265 3844 3446 3903 variis
3460 3845 3741 3904 afﬂictio-

2081 3947 2213 3989 num
2237 3929 2422 3988 modis
2455 3931 2640 4003 primo
2665 3932 3072 4004 Athanasium,
3108 3933 3318 3991 deinde
3349 3949 3550 3991 omnes
3605 3950 3728 3991 non

2081 4035 2202 4078 suae
2228 4021 2764 4092 partislepiscopos
2816 4026 3172 4093 persequuta
3227 4026 3338 4079 est.
3401 4022 3724 4096 [HIERON.].

2081 4109 2433 4166 Athanasius
2460 4113 2590 4167 toto
2622 4110 2764 4166 orbe
2788 4109 3018 4181 fugiens
3049 4111 3401 4170 aMaximino
3423 4112 3738 4170 Treviren-

2080 4213 2142 4256 se
2171 4198 2516 4272 suscipitur.
2546 4197 2749 4268 (Gesta
2764 4214 2824 4272 ρ.
2853 4199 2972 4270 8.).
3013 4200 3276 4259 Liberius
3307 4216 3454 4274 papa
3475 4201 3666 4276 primo
3697 4217 3734 4258 a

2081 4287 2110 4344 (
2124 4289 2417 4346 onstantio
2430 4303 2536 4360 pro
2550 4287 2688 4344 ﬁdei
2701 4287 3070 4346 confessione
3083 4288 3260 4347 exilio
3277 4289 3590 4362 relegatus.
3603 4293 3732 4348 Hoc

2083 4377 2190 4434 fuit
2211 4392 2361 4434 anno
2383 4381 2435 4448 3,
2469 4381 2530 4433 et
2560 4377 2944 4435 substituitur
2973 4393 3105 4434 cum
3155 4377 3281 4449 ejus
3301 4379 3551 4438 consilio
3565 4379 3734 4438 Felix

2079 4465 2170 4522 vir
2205 4465 2534 4524 catholicus
2556 4469 2617 4522 et
2631 4465 2891 4524 Arriana;
2905 4467 3181 4524 hereseos
3196 4467 3590 4528 adversarius.
3616 4470 3732 4526 Hic

2084 4553 2543 4612 tecitconcilium
2557 4557 2624 4612 48
2645 4554 3079 4628 episcoporum,
3095 4559 3153 4612 et
3177 4555 3391 4627 dejecit
3411 4557 3727 4616 Ursacium

329 4633 456 4693 simi
483 4643 700 4710 patres.
735 4641 943 4700 Datum
975 4643 1152 4698 Roma
1187 4643 1296 4697 sub
1335 4643 1426 4698 die
1466 4643 1520 4700 3.
1581 4643 1966 4704 Kalendarum
1999 4650 2050 4709 D
2080 4648 2141 4700 et
2171 4641 2473 4700 Valentem
2489 4643 2864 4716 presbyteros
2901 4643 3402 4703 communicantes
3439 4646 3724 4704 Constan-

328 4723 630 4798 Aprilium,
670 4728 906 4788 domino
961 4734 1166 4786 nostro
1209 4728 1402 4786 Flavio
1456 4733 1721 4802 Augusto
1759 4737 1968 4805 quater

325 4815 381 4866 et
415 4812 712 4874 Gallicano
743 4817 887 4874 viris
939 4815 1291 4874 clarissimis
1335 4819 1679 4878 consulibis.
1725 4824 1970 4880 Ambro-

325 4899 448 4958 sius
466 4899 513 4936 "
536 4903 591 4960 in
639 4903 792 4962 libro
828 4905 901 4961 de
926 4903 1090 4960 obitu
1115 4905 1444 4978 Theodosii,
1463 4910 1966 4970 Constantinohoc

324 4987 379 5044 in
411 4989 634 5048 ultimis
663 4991 988 5049 consiituto
1025 4993 1402 5066 baptismatis
1417 4998 1606 5066 gratia
1628 4999 1815 5056 omnia
1839 5017 1968 5072 pce-

321 5083 450 5134 cata
477 5079 792 5150 dimiserit,
827 5084 1018 5138 tamen
1059 5083 1213 5156 quod
1267 5085 1488 5156 primus
1545 5088 1964 5159 imperatorum

323 5167 598 5236 credidit,
623 5169 681 5222 et
705 5172 838 5239 post
855 5184 916 5226 se
941 5171 1316 5229 heriditatem
1335 5173 1468 5231 ﬁdei
1495 5175 1855 5248 principibus
1870 5177 1966 5234 de-

323 5252 587 5324 reliquit.
621 5254 809 5326 magni
845 5257 1036 5314 meriti
1059 5259 1242 5318 locum
1270 5263 1553 5334 repperit.

396 5341 563 5414 [Anc]
601 5343 762 5398 Anno
792 5343 838 5376 ⁷ο
868 5350 994 5416 post
1019 5346 1140 5404 ‘inc.
1187 5350 1348 5406 Dom.
1411 5355 1533 5408 625.
1573 5353 1640 5425 ,6.
1699 5353 1966 5424 Syncdus

2081 4731 2382 4800 tio.Quem
2401 4735 2605 4804 postea
2620 4730 3212 4806 ValensetUrsatius,
3247 4734 3478 4792 favente
3507 4735 3596 4793 eis
3629 4752 3734 4793 eo-

2081 4820 2210 4877 dem
2236 4820 2577 4878 Constantio
2599 4824 2849 4892 augusto
2887 4821 3152 4894 Arriano,
3187 4821 3526 4893 deiecerunt
3568 4825 3734 4882 facto

2080 4913 2330 4970 concilio
2347 4913 2787 4978 cumhereticis.
2803 4913 3158 4972 etLiberium
3178 4915 3250 4971 ab
3263 4914 3408 4986 ipsis
3437 4915 3698 4988 deprava
3715 4949 3738 4959 -

2077 5004 2200 5058 tum
2214 5001 2356 5058 etad
2370 5015 2629 5058 errorem
2644 5017 2810 5059 suum
2827 5003 3456 5074 conversum,Limenio
3469 5009 3528 5062 et
3549 5005 3725 5062 Catu-

2080 5089 2196 5148 lino
2219 5089 2577 5162 consulibus,
2602 5091 2673 5148 de
2705 5091 2884 5148 exilio
2905 5093 3139 5148 Romam
3166 5099 3613 5172 revocaverunt,
3648 5099 3720 5150 et

2076 5177 2121 5212 ⁷⁸
2153 5179 2304 5236 facta
2334 5183 2427 5236 est
2460 5179 2842 5252 persequutio
2871 5180 2926 5236 in
2951 5179 3132 5251 clero,
3169 5181 3250 5238 ita
3281 5185 3346 5238 ut
3375 5181 3543 5239 multi
3572 5197 3732 5239 mar-

2079 5267 2228 5338 tyrio
2241 5267 2847 5326 coronarenturl‘elix
2869 5283 3008 5324 vero
3019 5267 3330 5342 episeOpus
3350 5269 3636 5328 habitavit
3660 5269 3729 5327 in

2079 5355 2296 5428 praedio
2316 5372 2442 5428 suo,
2477 5357 2662 5414 ubiet
2688 5356 2743 5412 in
2777 5371 2919 5428 pace
2939 5355 3161 5428 quievit
3183 5359 3236 5414 4.
3267 5357 3388 5414 Kal.
3434 5361 3579 5430 Aug.
3644 5359 3746 5414 Li-

1681 5502 1919 5558 νΑΡιῐιιΕ
1959 5503 2360 5562 LECTIONES.

393 5631 438 5665 θ’
468 5633 810 5692 Ambrosius
849 5667 918 5679 --
942 5638 1200 5711 repperit
1233 5640 1300 5696 in
1326 5654 1520 5713 marg.
1564 5641 1610 5676 7°
1669 5645 1832 5700 Anno
1863 5676 1933 5686 —
1983 5645 2311 5702 Viennense
2349 5647 2416 5703 in
2441 5659 2634 5717 marg.
2659 5645 2703 5680 τί
2733 5649 3062 5704 CCCXXIIII
3105 5662 3256 5706 corr.
3314 5650 3642 5708 CCCXVIIII
3686 5667 3759 5710 co

322 5721 368 5756 τ’
389 5721 774 5792 Congregavit
795 5753 865 5767 —-
887 5726 1096 5782 diebus
1130 5730 1212 5784 15.
1273 5729 1341 5786 in
1357 5741 1553 5800 marg.
1579 5731 1623 5764 ⁷³
1653 5737 1713 5788 et
1735 5763 1804 5773 —
1832 5733 1989 5789 Felix
2008 5735 2076 5793 in
2101 5748 2294 5805 marg.
