3898 6318
152 358 222 425 63
1389 355 1778 422 CHRONIC(

1959 393 1998 405 —
2033 357 2186 422 LIB.
2242 359 2292 424 Ῑ.
3467 366 3545 430 54

151 495 335 554 herius
361 493 560 567 itaque
613 496 996 556 consentiens
1033 494 1377 554 Constantio
1411 496 1662 565 augusto
1687 496 1790 553 Ar-
1819 490 1875 553 A
1904 490 2125 551 cultum
2157 507 2477 554 conversus
2525 493 2883 555 christianos
2924 494 3316 570 persequitur.
3350 498 3546 560 Primo

154 585 321 657 riano,
344 596 453 644 non
478 590 718 644 tantum
738 585 1139 659 rebaptizat'us
1162 592 1274 659 est,
1296 588 1400 645 sed
1424 602 1720 646 assensum
1735 589 1786 646 ei

151 674 401 746 praebuit,
433 680 491 731 et
521 681 737 748 postea
763 677 993 748 praefuit
1026 677 1080 733 in
1109 682 1274 749 parte
1305 677 1471 735 annis
1493 684 1544 735 7.
1575 678 1787 738 Omnes

151 763 268 820 anni
299 762 551 821 feliciter
575 765 632 820 in
655 766 864 822 ordine
887 766 1099 822 Liberii
1126 770 1522 825 numerantur.
1538 770 1680 825 Post
1701 770 1789 826 Li-

153 852 354 908 berium
398 853 667 910 cessavit
714 854 1094 927 episcopatus
1140 854 1350 913 diebus
1397 860 1447 912 6.
1486 856 1784 914 Successit

151 940 312 1011 Felix,
353 942 589 999 natione
619 944 938 1007 Romanus,
976 947 1140 1016 patre
1170 946 1507 1013 Anastasio;
1544 947 1699 1003 sedit
1732 963 1782 1005 a.

90 1016 108 1039 ⁹
150 1030 195 1097 1,
227 1043 293 1084 m.
328 1034 377 1099 3,
411 1030 465 1087 d.
490 1036 543 1087 2.
575 1033 687 1089 Hic
706 1033 1029 1090 declaravit
1050 1035 1449 1091 Constantium
1472 1041 1786 1106 augustum

149 1116 450 1176 hereticum
472 1125 532 1177 et
558 1123 992 1193 rebaptizatum
1006 1123 1078 1180 ab
1092 1123 1342 1180 Eusebio
1354 1123 1789 1183 Nichomedien-

148 1220 202 1264 se
226 1207 279 1264 in
305 1208 441 1265 villa
471 1211 764 1281 Aquilone
783 1211 949 1281 juxta
974 1212 1426 1284 Nichomediam,
1453 1218 1509 1271 et
1537 1230 1642 1287 pro
1676 1216 1785 1275 hoc

147 1297 321 1368 capite
349 1303 677 1357 truncatur
708 1305 757 1356 3.
788 1300 921 1357 Idus
943 1302 1272 1372 Novembr.,
1298 1307 1359 1358 et
1391 1304 1644 1361 cessavit
1667 1305 1785 1377 epi-

146 1390 404 1529 scOpIatus
464 1388 683 1444 diebus
745 1393 829 1444 38.
892 1388 1169 1460 Sepultus
1217 1395 1307 1447 est
1363 1394 1447 1447 17.
1502 1392 1623 1449 Kal.
1688 1392 1786 1450 De-

146 1487 256 1528 cem
302 1490 346 1529 r.

145 1487 256 1528 cem
265 1487 346 1529 υτ.

207 1562 579 1621 Constantius
629 1564 853 1621 Gallum
896 1578 1171 1623 cessarem
1210 1574 1480 1640 nepotem
1504 1583 1671 1627 suum
1701 1570 1782 1627 in-

144 1651 362 1709 terfecit
395 1652 738 1725 [ιιιειιοΝηῙ.
765 1654 980 1712 Dehinc
1009 1654 1297 1713 Iulianum
1321 1672 1595 1715 czesarem
1620 1659 1776 1730 fecit,

142 1744 196 1794 et
223 1738 274 1796 in
306 1739 525 1797 Gallias
559 1741 802 1799 direxit.
829 1744 1118 1803 Eusebius
1138 1745 1549 1817 Vercellensis,
1576 1748 1781 1822 Diony-

1903 584 2031 654 ejus
2081 600 2229 642 anno
2278 586 2485 645 beatus
2533 586 2814 644 Martinus
2858 586 3129 644 miliciam
3181 588 3480 660 deserens,
3513 606 3542 648 a

1904 673 2075 732 beato
2116 674 2330 732 Hilario
2377 676 2732 747 baptizatus,
2766 676 2954 734 factus
2998 681 3087 734 est
3125 677 3340 735 Christi
3375 679 3543 736 miles

1898 763 2187 835 egregius.
2223 764 2434 821 Juliani
2471 764 2680 822 blanda
2715 765 2824 823 fuit
2857 766 3254 838 persequutio,
3290 765 3540 825 illiciens

1899 853 2081 923 magis
2116 868 2283 926 quam
2316 853 2638 927 impellens,
2665 859 2720 912 et
2765 853 2930 911 multi
2965 854 3267 912 voluntate
3300 857 3536 929 propria

1898 947 2269 999 corruerunt.
2292 943 2555 1000 Julianus
2575 958 2716 1013 ergo
2746 944 2801 999 in
2830 945 3039 1001 Persas
3070 944 3373 1016 profectus
3402 951 3537 1019 post

1897 1030 2200 1088 victoriam
2222 1046 2251 1088 a
2272 1032 2582 1089 contrariis
2598 1032 2870 1089 hostibus
2891 1037 3218 1105 separatus,
3239 1048 3269 1090 a
3286 1034 3534 1105 quodam

1896 1119 1969 1176 de
2000 1121 2120 1177 suis
2148 1127 2323 1178 conto
2354 1120 2449 1178 ilia
2480 1123 2779 1194 perfossus
2808 1121 3049 1179 interiit.
3077 1123 3215 1180 Post
3248 1137 3417 1195 quem
3450 1138 3540 1181 se-

1899 1210 2097 1280 quenti
2167 1209 2258 1267 die
2317 1210 2653 1267 Iovinianus
2709 1211 3163 1268 Christianorum
3220 1211 3538 1285 imperator

1895 1298 2164 1371 eﬂlcitur,
2200 1315 2368 1372 quem
2424 1299 2688 1358 Julianus
2748 1305 3015 1372 apostata
3071 1299 3285 1357 milicia
3348 1301 3532 1373 priva-

1895 1393 2079 1460 verat,
2116 1390 2247 1461 quia
2300 1389 2472 1447 idolis
2500 1389 2830 1447 sacrificare
2864 1389 3147 1448 noluisset
3179 1390 3397 1464 [Bson].
3434 1391 3539 1449 llic

1897 1478 2274 1535 Athanasium
2318 1479 2633 1536 revocavit.
2670 1481 2824 1537 Lata
2858 1477 2985 1549 ejus
3022 1483 3081 1535 et
3113 1479 3354 1537 honesta
3384 1480 3538 1553 prin-

1893 1566 2043 1637 cipia
2101 1582 2256 1624 mors
2290 1568 2595 1626 immatura
2627 1568 2914 1641 corrupit,
2946 1568 3194 1626 moritur
3224 1573 3275 1626 8.
3308 1568 3535 1641 imperii

1894 1669 2109 1711 mense.

1963 1744 2126 1800 Anno
2160 1744 2230 1801 ab
2264 1743 2665 1801 incarnatione
2694 1744 2919 1802 Domini
2950 1750 3069 1803 367.
3096 1745 3535 1805 Valentinianus

143 1828 253 1884 sius
279 1829 757 1901 Mediolanensis,
781 1835 838 1888 et
862 1832 1088 1889 Lucifer
1120 1834 1487 1893 Caralitanus
1519 1836 1780 1908 insignes
1808 1854 1861 1915 Β
1892 1832 2173 1889 successit
2205 1833 2506 1889 Joviniano
2533 1848 2663 1890 cum
2699 1833 2879 1890 fratre
2920 1834 3183 1892 Valente.
3219 1834 3431 1894 Valens
3463 1837 3535 1894 ab

144 1918 435 2010 habentur.
465 1920 782 1992 [Pnosrnn]
814 1921 1092 1979 Paulinus
1118 1923 1473 2010 Trevir-ensis
1504 1925 1557 1981 in
1589 1927 1775 1998 Frigia

144 2008 373 2064 exulans
423 2011 706 2079 moritur,
740 2011 1083 2068 Constantio
1131 2008 1332 2069 novies
1373 2017 1430 2069 et
1460 2013 1689 2073 Juliano
1722 2023 1773 2074 2.

142 2096 486 2154 consulibus.
515 2099 754 2155 Lucifer
781 2097 826 2132 "‘
859 2099 1222 2158 Caralitanus
1254 2101 1389 2159 dum
1423 2102 1779 2177 rigoremju-

145 2184 311 2241 stitize
356 2201 497 2258 erga
531 2188 736 2259 lapsos
763 2203 873 2245 non
904 2188 1151 2260 relaxat,
1194 2206 1224 2247 a
1260 2206 1494 2249 suorum
1526 2208 1779 2252 commu-

144 2272 300 2330 nione
327 2273 583 2333 descivit
614 2275 679 2331 ⁸⁸.

204 2364 611 2423 Priscillianus
658 2365 1029 2425 Galliciensis
1070 2369 1385 2441 episcopus
1415 2372 1664 2429 heresim
1689 2373 1777 2430 sui

145 2452 373 2510 nominis
404 2454 682 2511 condidit
716 2455 992 2514 Gratiano
1024 2461 1074 2514 6.
1102 2462 1161 2513 ct
1184 2458 1506 2516 Theodosio
1529 2462 1780 2518 consuli-

145 2541 257 2598 bus.
290 2542 707 2601 Priscillianus
754 2543 809 2600 in
862 2546 1084 2617 synodo
1133 2546 1532 2617 Burdigalensi
1583 2548 1779 2623 damp-

144 2629 374 2687 nandum
407 2646 470 2688 se
503 2630 852 2702 intelligens
898 2633 969 2690 ad
1014 2634 1315 2691 Maximum
1369 2636 1775 2708 imperatorem

146 2717 376 2789 fugit,ab
389 2720 624 2778 Evodio
640 2722 902 2793 prefecto
917 2723 1157 2794 pretorii
1172 2723 1368 2793 gladio
1383 2724 1651 2782 addictus
1664 2732 1773 2783 est.

145 2808 342 2866 ltacius
362 2813 420 2866 et
444 2810 727 2868 Ursatius
745 2810 1006 2883 episcOpi
1030 2812 1379 2869 Priscilliani
1404 2818 1780 2874 accusatores

144 2897 209 2953 ob
239 2912 431 2958 necem
467 2901 605 2971 ejus
636 2901 1041 2958 communione
1064 2903 1388 2974 privantur,
1412 2903 1701 2962 Archadio
1722 2910 1772 2963 2.

141 2989 193 3041 et
218 2987 416 3047 Rufino
448 2987 805 3047 consulibus
837 2988 1023 3062 [Anc].
1052 2988 1321 3047 Florebat
1346 2996 1484 3049 tunc
1510 2998 1777 3065 tempore

142 3072 426 3134 Nectarius
456 3076 815 3134 Viennensis
847 3077 1176 3149 episcOpus.

1892 1921 2148 1978 Eudoxio
2162 1921 2550 1979 Nichomediae
2565 1922 2761 1994 episco
2769 1938 2841 1994 po
2870 1923 3111 1979 Arriano
3134 1925 3536 1997 rebaptizatus

1889 2010 2247 2068 christianos
2277 2011 2693 2083 persequitur;
2738 2012 3001 2082 regnavit
3053 2012 3219 2069 annis
3264 2014 3533 2072 undecim

1891 2099 2078 2173 [Ano].
2116 2098 2385 2171 Hylarius
2413 2098 2459 2133 ⁷⁷
2490 2099 2851 2157 Pictavensis
2899 2103 2953 2155 et
3000 2101 3322 2158 Nectareus
3369 2103 3535 2159 Vien-

1889 2190 2090 2245 nensis
2135 2188 2463 2246 moriuntur
2515 2187 2731 2261 [880A].
2778 2189 3111 2259 Gratianus,
3145 2189 3533 2247 Valentiniani

1890 2276 2063 2348 illius,
2098 2276 2283 2334 tercio
2317 2276 2701 2334 Valentiniani
2735 2283 2795 2333 et
2824 2276 3086 2334 Valentis
3126 2292 3276 2334 anno
3308 2279 3536 2336 Ambia-

1890 2365 1979 2423 nis
2006 2366 2327 2439 imperator
2357 2366 2608 2423 eﬂlcitur
2643 2365 2953 2438 [HIERON.].
2990 2366 3399 2439 Athanaricus,
3432 2383 3536 2425 rex

1889 2457 2230 2526 Gothorum,
2254 2455 2610 2512 christianos
2633 2453 3013 2527 persequitur
3034 2460 3094 2511 et
3120 2455 3335 2512 multos
3359 2456 3537 2514 inter-

1890 2546 2031 2616 ﬁcit,
2064 2544 2324 2616 reliquos
2352 2543 2594 2601 sedibus
2615 2543 2873 2616 propriis
2893 2542 3093 2615 pulsos
3117 2542 3187 2600 ad
3212 2544 3399 2603 solum
3426 2545 3535 2603 Ro-

1888 2649 2115 2691 manum
2149 2632 2418 2705 expellit.
2455 2634 2618 2689 Anno
2667 2631 3053 2689 Valentiniani
3087 2636 3145 2689 et
3178 2632 3439 2691 Valentis
3469 2639 3527 2691 3.

1889 2724 2171 2779 Damasus
2197 2726 2331 2794 post
2365 2719 2634 2791 Felicem,
2663 2724 2827 2793 patre
2853 2721 3121 2791 Antonio,
3143 2723 3411 2779 Romanae
3442 2737 3534 2780 ec-

1888 2810 2082 2868 clesiae
2115 2809 2517 2882 pontificatum
2553 2809 2816 2882 suscepit
2849 2823 2997 2867 anno
3022 2809 3224 2868 abinc.
3247 2810 3406 2868 Dom.
3430 2814 3535 2869 379

1888 2897 2164 2972 (Gestap.
2195 2899 2316 2968 13.).
2342 2899 2409 2955 Et
2437 2913 2568 2955 cum
2592 2897 2794 2955 eodem
2820 2898 3127 2955 ordinatus
3151 2901 3243 2956 est
3268 2899 3529 2972 Ursinus,

1886 2993 1946 3045 et
1980 2989 2133 3045 facto
2163 2986 2416 3044 concilio
2446 2987 2803 3044 constitutus
2832 2990 2919 3044 est
2952 2987 3231 3050 Damasus
3287 2987 3343 3044 in
3393 2988 3531 3046 sede

1887 3076 2232 3149 apostolica,
2267 3082 2327 3134 et
2358 3076 2604 3134 Ursinus
2637 3076 2824 3133 factus
2857 3079 2945 3133 est
2977 3074 3277 3149 Neapolim
3310 3075 3533 3149 episco-

198 3162 476 3239 [Ηιεκοκ]
510 3164 794 3236 Hylarius
842 3164 1206 3222 Pictavensis
1257 3181 1387 3223 cum
1440 3170 1590 3240 apud
1636 3169 1778 3227 Con-
1807 3213 1855 3275 Ο
1890 3182 2015 3240 pus.
2053 3166 2211 3223 Sedit
2245 3180 2274 3222 a
2310 3171 2396 3235 18,
2432 3181 2506 3222 m.
2542 3171 2595 3236 2,
2616 3164 2695 3275 ad.
2748 3170 2797 3222 6.
2853 3164 3013 3266 Hunc
3035 3164 3438 3275 AConcordius'
3470 3171 3528 3224 et

138 3253 567 3326 stantinopolim
597 3252 813 3311 librum
840 3268 944 3325 pro
958 3267 1017 3310 se
1033 3256 1370 3312 Constantio
1390 3258 1771 3329 perrexisset,

135 3339 197 3396 de
223 3340 392 3399 exilio
424 3342 655 3399 Gallias
680 3340 877 3410 rediit,
903 3355 1218 3412 omnesque
1245 3357 1388 3413 pene
1410 3344 1597 3401 totius
1616 3346 1776 3403 orbis

136 3427 381 3488 ecclesiae
402 3431 515 3488 sub
540 3429 779 3487 nomine
803 3429 964 3501 pacis
987 3429 1142 3500 regis
1164 3433 1221 3486 et
1247 3431 1621 3489 Arrianorum
1639 3448 1775 3489 con-

138 3519 309 3577 sortio
338 3519 711 3592 polluuntur.

198 3606 313 3677 (fol.
346 3609 440 3681 2L)
472 3607 859 3668 Constantius
887 3622 917 3665 a
948 3613 1034 3666 20.
1072 3608 1236 3680 regni
1269 3610 1355 3667 sui
1407 3611 1642 3667 Romam
1693 3611 1775 3667 in-

135 3697 403 3768 greditur,
439 3703 498 3756 et
551 3701 644 3755 22.
695 3711 845 3754 anno
901 3696 1159 3768 synodus
1215 3698 1368 3771 apud
1430 3700 1770 3772 Ariminum,

138 3783 331 3844 deinde
361 3788 514 3860 apud
553 3785 941 3844 Mediolanum
976 3787 1125 3843 facta
1160 3793 1269 3857 est,
1305 3788 1359 3844 in
1393 3804 1502 3859 qua
1537 3789 1772 3861 antiqua

139 3874 230 3930 318
258 3875 674 3949 episcoporum
716 3873 860 3930 fides
883 3875 1125 3931 recitata
1147 3880 1256 3932 est.
1285 3876 1496 3932 Dehinc
1520 3877 1772 3935 omnium

138 3962 536 4035 episcoporum
558 3962 916 4019 auctoritate
939 3962 1166 4020 heresis
1193 3963 1433 4021 Arriana
1458 3964 1773 4038 dampnata

138 4054 234 4106 cst.
260 4052 501 4112 Moritur
538 4051 923 4108 Constantius
946 4066 1095 4108 anno
1118 4053 1310 4110 aetatis
1333 4068 1453 4110 suae
1473 4058 1539 4111 46
1563 4054 1770 4127 [Itan].

140 4139 262 4196 Post
290 4155 457 4213 quem
486 4139 762 4199 Julianus
791 4143 915 4195 35m
939 4140 1010 4195 ab
1044 4140 1307 4209 Augusto
1340 4142 1601 4212 regnavit
1633 4157 1682 4198 a.
1718 4148 1771 4214 2,

140 4238 207 4280 In.
234 4228 284 4282 8.
318 4228 417 4286 His
442 4227 491 4263 ⁷⁸
523 4225 679 4285 adde
709 4230 743 4282 6
773 4227 870 4298 qui
904 4232 1330 4300 remanserunt,
1353 4230 1415 4284 fit
1450 4245 1652 4286 ann....
1689 4246 1776 4288 re-

138 4321 351 4371 manent
382 4322 418 4374 2
446 4332 556 4387 m.,
590 4314 644 4372 d.
680 4320 750 4374 28
782 4315 1087 4389 [HIERON.].
1125 4318 1450 4388 Magnentio
1480 4320 1630 4391 apud
1664 4323 1776 4377 Au-

133 4402 529 4469 gustudunum
581 4403 900 4476 arripiente
946 4404 1269 4477 imperium.
1307 4408 1594 4464 Constans
1635 4407 1771 4464 haut

139 4488 293 4563 longe
324 4495 396 4550 ab
426 4493 714 4565 Hispania
750 4493 806 4550 in
836 4497 1035 4550 castro
1065 4494 1277 4550 Helena
1309 4494 1680 4569 interficitur,
1700 4498 1774 4554 ob

1887 3256 2179 3313 Addiscus
2211 3255 2299 3311 vel
2334 3254 2586 3311 Calistus
2612 3253 2889 3329 diacones
2910 3253 3189 3312 invidiose
3212 3253 3283 3311 de
3308 3254 3531 3312 adulte-

1887 3344 1954 3401 rii
1986 3343 2229 3401 crimine
2261 3347 2706 3414 accusaverunt,
2743 3358 2857 3414 quo
2886 3347 3082 3401 tamen
3133 3356 3195 3400 se
3243 3349 3529 3418 purgante

1887 3434 1939 3490 in
1966 3433 2187 3504 synodo
2210 3434 2316 3490 2M
2337 3433 2772 3506 episcoporum,
2808 3431 2919 3505 ipsi
2946 3432 3242 3505 dampnati
3265 3437 3323 3489 et
3347 3431 3417 3490 de
3438 3446 3530 3490 ec-

1884 3522 2064 3579 clesia
2095 3520 2341 3594 projecti
2369 3519 2638 3592 laqueum
2663 3535 2831 3592 quem
2864 3520 3240 3578 intenderant
3272 3520 3531 3579 incurre-

1885 3613 2041 3668 runt.
2077 3609 2258 3680 Hujus
2289 3613 2496 3679 rogatu
2528 3607 2912 3679 Hieronymus
2957 3607 3271 3681 plurimum
3325 3608 3381 3665 in
3428 3610 3528 3667 Dei

1885 3698 2207 3756 desudante
2239 3697 2488 3755 servicio
2518 3696 2829 3754 constituit
2864 3700 2923 3753 ut
2958 3695 3161 3768 psalmi
3205 3697 3298 3754 die
3330 3702 3529 3756 noctu-

1886 3801 1996 3859 que
2029 3787 2082 3842 in
2116 3785 2367 3843 ecclesia
2418 3790 2789 3842 canerentur.
2824 3785 2893 3841 Et
2944 3785 3077 3855 quia
3129 3785 3529 3844 indifferenter

1884 3876 2246 3934 canebantur
2273 3888 2346 3929 ex
2375 3875 2671 3945 praecepto
2700 3872 2885 3943 ipsius
2906 3872 3155 3939 Damasi,
3183 3872 3293 3929 hoc
3319 3874 3527 3932 beatus

1885 3964 2269 4033 Hieronymus
2300 3961 2387 4018 sic
2420 3959 2641 4029 divisit,
2667 3964 2735 4016 ut
2765 3958 2819 4015 in
2844 3957 2955 4015 ﬂne
2980 3958 3183 4031 psalmi
3208 3959 3402 4017 Gloria
3434 3962 3533 4019 Pa-

1886 4052 1982 4121 tri,
2018 4050 2159 4106 Filio
2189 4055 2249 4106 et
2279 4049 2499 4121 Spiritu
2533 4052 2740 4105 sancto
2770 4049 2843 4105 ab
2892 4048 3160 4105 omnibus
3206 4048 3523 4121 diceretur,

1885 4139 2228 4211 addiditque
2244 4141 2442 4212 postea
2468 4137 2622 4195 sicut
2645 4140 2769 4194 erat
2798 4137 2854 4194 in
2882 4136 3170 4211 principio
3193 4143 3253 4195 et
3277 4137 3529 4210 reliqua-

1885 4229 1956 4286 ad
1989 4226 2342 4285 confutanda
2374 4226 2577 4297 utique
2610 4225 2870 4283 Arrianae
2902 4225 3179 4283 hereseos
3229 4231 3527 4284 crementa

1886 4316 2320 4374 nefandissima.
2360 4317 2537 4372 Sexto
2559 4313 2605 4349 ⁷⁸
2627 4314 2869 4372 decimo
2888 4329 3037 4371 anno
3060 4315 3395 4387 presulatus
3424 4317 3529 4373 Da-

1886 4405 2049 4477 masi,
2086 4419 2234 4462 anno
2258 4410 2288 4461 :5
2322 4403 2579 4460 Gratiani
2613 4407 2669 4460 et
2702 4402 3114 4475 Valentiniani,
3152 4403 3409 4462 secunda
3439 4419 3528 4476 sy-

1885 4493 2074 4550 nodus
2134 4491 2800 4564 Constantinopolitana.
2855 4491 3013 4547 Obiit
3055 4493 3337 4550 Damasus
3380 4506 3526 4571 papa

140 4592 293 4650 quam
324 4598 444 4640 rem
497 4583 849 4639 conturbata
898 4581 1195 4654 republica
1244 4584 1553 4641 Veteranio
1593 4585 1768 4655 Missa,
1802 4569 1856 4633 D
1885 4583 2073 4656 pridie
2105 4581 2242 4638 ldus
2273 4582 2600 4653 Decembr.,
2624 4586 2683 4637 et
2713 4581 2972 4637 cessavit
3000 4569 3531 4656 episc0patusdies

142 4669 489 4742 Nepotianus
516 4671 713 4727 Romae
753 4670 1071 4742 imperator
1120 4672 1310 4729 factus
1337 4678 1450 4741 est,
1485 4673 1686 4743 Sergio
1714 4677 1771 4729 et

141 4756 395 4829 Nigriano
416 4758 770 4817 consulibus
792 4758 1098 4831 [HIERON.].
1127 4760 1434 4832 Nepotiani
1457 4766 1634 4833 caput
1656 4761 1777 4833 pilo

143 4844 277 4903 Pisae
306 4850 516 4906 urbem
538 4846 969 4918 circumlatum,
991 4849 1328 4905 Vetranioni
1354 4849 1506 4921 apud
1529 4851 1775 4921 Naysum

143 4934 348 5004 regium
382 4936 619 5007 insigne
649 4935 996 4993 detractum.
1032 4936 1397 5007 Magnentius
1427 4938 1580 4995 Misze
1610 4953 1778 5010 supe-

145 5024 294 5080 ratus
341 5028 434 5082 est
486 5026 619 5097 post
652 5023 1021 5081 consulatum
1051 5025 1233 5095 Sergii
1266 5030 1325 5082 et
1355 5025 1630 5095 Nigriani.
1668 5027 1777 5082 Ma-

140 5112 401 5177 gnentius
416 5111 684 5184 Lugduni
709 5112 765 5168 in
792 5112 1008 5185 palatio
1033 5128 1096 5170 se
1121 5114 1437 5170 interfecit.
1466 5115 1776 5172 Decentius

143 5196 311 5256 frater
339 5200 488 5273 ejus,
514 5215 687 5273 quem
719 5200 792 5258 ad
828 5202 1073 5260 tuendas
1095 5201 1308 5259 Gallias
1329 5218 1607 5260 caesar-em
1634 5204 1776 5260 fece-

143 5292 242 5360 rat,
278 5290 533 5350 Senonas
564 5290 774 5362 laqueo
802 5291 980 5348 vitam
1013 5291 1219 5349 ﬁnivit.
1243 5292 1347 5351 Hic
1378 5292 1449 5349 ad
1484 5291 1770 5351 idolorum

1886 4676 1944 4730 3l
1993 4670 2143 4744 (ib.).

1955 4759 2334 4832 Temporibus
2359 4758 2537 4829 igitur
2567 4759 2792 4830 Tyberii
2825 4757 3066 4815 caesaris
3096 4772 3238 4828 gens
3263 4758 3526 4831 quaedam

1885 4863 2123 4920 egressa
2158 4848 2230 4904 ab
2264 4846 2454 4903 insula
2493 4847 2873 4904 Scandinavia
2919 4862 3094 4920 super
3138 4848 3356 4905 Renum
3393 4862 3531 4905 con-

1885 4937 2040 4996 sedit
2059 4937 2079 4999 (
2096 4936 2229 4994 Vita
2248 4936 2300 4991 S.
2329 4935 2725 5007 Sigismundi).
2752 4936 2823 4992 Et
2848 4941 3109 5007 tempore
3131 4934 3525 4994 Valentiniani

1885 5025 1956 5083 ad
1970 5026 2190 5082 Renum
2211 5038 2398 5095 usque
2415 5025 2863 5094 descendentes,
2878 5030 3070 5081 castra
3088 5039 3216 5096 quae
3233 5023 3309 5081 ibi
3327 5040 3531 5098 posue-

1886 5118 2024 5171 runt
2038 5115 2253 5185 burgas
2265 5112 2310 5146 ⁷⁸
2327 5116 2772 5184 vocaverunt,et
2788 5114 2863 5169 ob
2880 5112 2934 5169 id
2953 5117 3304 5186 acceperunt
3320 5129 3525 5171 nomen

1884 5201 2327 5273 Burgundiones
2359 5200 2677 5274 [Faenza],
2708 5201 2804 5273 qui
2829 5207 2998 5258 antea
3024 5217 3129 5258 nec
3154 5202 3531 5261 nominaban-

1886 5296 2000 5361 tur,
2038 5289 2232 5362 ibique
2265 5288 2404 5346 nihil
2438 5286 2592 5345 aliud
2629 5290 3044 5361 presumebant
3092 5290 3201 5347 nisi
3248 5296 3527 5362 quantum

1478 5452 1715 5510 VARUE
1756 5451 2155 5515 LECTIONES.

204 5584 497 5665 [ﬁbucifer
525 5619 597 5631 --
629 5588 971 5665 Viennensis
1003 5589 1317 5665 episcopus
1346 5593 1414 5650 in
1439 5606 1630 5665 mam.
1716 5590 1763 5625 ⁷⁸
1793 5590 2044 5665 descivit
2073 5590 2525 5665 deseruit
2556 5605 2602 5649 ο.
2670 5590 2735 5665 ,⁸⁸
2766 5590 2867 5648 His
2895 5622 2965 5633 —
2992 5589 3176 5647 finivit
3220 5591 3286 5648 in
3331 5605 3502 5665 marg

145 5653 187 5690 π
214 5657 475 5730 Hylarius
511 5691 573 5702 -
610 5660 665 5717 d.
699 5664 731 5716 6
758 5663 826 5722 in
852 5653 1056 5735 marg:
1132 5660 1179 5694 ⁷⁸
1208 5653 1384 5720 Sexto
1410 5694 1479 5705 —-
1508 5653 1636 5719 dies
1667 5667 1753 5719 31.
1786 5664 1855 5722 in
1879 5675 2072 5733 marg.
2157 5662 2204 5698 τ’
2232 5663 2453 5733 burgus
2480 5676 2634 5722 corr.
2670 5662 2884 5734 burgas
2914 5675 2962 5721 ο.
