3898 6346
323 341 398 406 55
1279 356 1644 424 HUGONIS
1692 359 2053 423 ABBATIS
2099 361 2782 428 FLAVINIACENSIS
3667 361 3750 425 56

326 480 528 554 precio
561 487 828 544 ementes
861 500 890 544 a
925 485 1226 548 Germanis
1256 490 1550 566 stipendia
1584 493 1970 568 accipiebant.
2005 493 2059 554 A

327 571 436 628 Ubi
461 588 590 630 cum
619 573 850 633 duobus
875 577 1040 634 annis
1065 581 1449 655 resedissent,
1471 599 1574 656 per
1595 585 1820 656 legatos
1843 585 1977 642 invi-

332 661 436 719 tati
472 678 502 720 a
535 664 811 722 Romanis
843 672 903 723 et
937 668 1115 726 Gallis
1147 671 1243 742 qui
1270 671 1326 727 in
1351 673 1824 743 Lugdunensium
1847 691 1977 747 pro-

327 751 517 808 vincia
544 751 837 826 Cisalpina
861 755 1041 813 Gallia
1075 764 1299 816 comata
1336 761 1675 820 residebant
1697 763 1817 836 (fol.
1843 763 1972 837 2"),

333 840 630 899 uttributa
661 841 741 900 rei
764 844 1012 916 publica
1034 863 1281 904 renuere
1305 856 1567 922 possent,
1585 851 1661 908 ibi
1686 867 1816 910 cum
1841 869 1980 911 uxo-

333 928 497 986 ribus
517 935 575 988 et
600 930 960 1005 liberisjussi
986 941 1123 992 sunt
1148 938 1408 996 residere
1431 940 1598 1009 (Vita
1619 941 1894 1012 Sigism.),
1919 945 1976 998 et

337 1017 414 1074 ibi
451 1028 857 1078 remanserunt
906 1021 1100 1081 levato
1148 1042 1326 1098 super
1357 1043 1420 1085 se
1453 1043 1586 1100 rege
1619 1031 1974 1103 Gundiocho,

336 1106 432 1177 qui
467 1108 573 1165 fuit
605 1123 819 1178 genere
851 1111 1189 1172 Athanarici
1221 1120 1667 1189 persequutoris
1694 1119 1849 1190 regis
1873 1121 1980 1176 Go-

336 1196 568 1254 thorum
601 1198 780 1270 (Crn.,
829 1199 964 1260 Vita
1015 1203 1068 1258 S.
1106 1203 1503 1280 Chrothildis).
1541 1208 1978 1266 Valentinianus

340 1291 423 1341 11.
454 1301 603 1343 anno
632 1287 792 1358 regni
818 1289 908 1347 sui
934 1290 988 1347 in
1016 1291 1312 1351 Britannia
1331 1310 1654 1368 Oppressus
1681 1295 1727 1330 ”
1755 1303 1864 1368 est,
1886 1313 1981 1354 vo-

338 1374 484 1431 mitu
538 1377 834 1447 sanguinis
882 1381 1182 1439 extinctus
1224 1389 1314 1440 est
1347 1383 1653 1458 [llrsnosz].
1689 1386 1980 1443 Successit

339 1463 550 1520 Valens
579 1480 708 1523 cum
739 1467 1012 1527 Gratiano
1042 1474 1100 1528 et
1129 1471 1554 1543 Valentiniano,
1591 1473 1726 1534 filiis
1781 1475 1980 1532 fratris

341 1553 456 1624 sui,
483 1555 744 1624 regnavit
776 1555 820 1590 ⁸¹
851 1559 1015 1617 annis
1045 1562 1095 1630 4,
1123 1561 1219 1632 qui
1251 1567 1311 1617 et
1341 1561 1527 1632 legem
1560 1564 1659 1620 dat
1692 1567 1753 1621 ut
1786 1578 1980 1622 mona-

338 1641 430 1697 chi
463 1642 804 1716 militarent,
839 1646 1102 1706 nolentes
1141 1650 1319 1722 jussit
1373 1651 1638 1708 interflci.
1672 1653 1897 1710 Iustina
1934 1652 1980 1688 ⁸³

340 1735 896 1807 autem,superioris
918 1735 1302 1796 Valentiniani
1327 1756 1493 1810 uxor,
1514 1739 1978 1800 Valentinianum

2092 498 2256 571 [Anc]
2293 498 2416 566 Quo
2443 495 2488 532 ⁸⁸
2520 503 2780 572 tempore
2812 497 3192 556 Viennensem
3232 495 3545 556 ecclesiam
3581 511 3752 570 rege.

2093 589 2187 646 bat
2213 589 2432 659 Niccta,
2449 589 2539 644 vir
2563 589 3066 662 praclarissimus,
3087 590 3146 643 et
3167 588 3371 644 Justus
3396 587 3750 658 Lugdunen.

2091 693 2232 734 sem.
2268 677 2368 734 Hie
2400 678 2508 735 sub
2534 677 2845 735 Paschasio
2867 677 3128 734 nutritus
3142 681 3199 732 et
3222 675 3444 733 Claudii
3468 675 3743 748 episeOpi

2090 767 2370 824 diaconus
2427 766 2498 823 ad
2560 767 3000 838 Lugdunensem
3055 763 3362 822 ecclesiam
3421 764 3744 836 regendam

2087 855 2413 913 translatus
2441 860 2548 912 est.
2585 854 2850 927 Synodus
2887 859 2988 911 150
3005 859 3235 926 patrum
3259 857 3668 925 congregatur
3690 853 3744 909 in

2088 947 2234 1002 urbe
2277 946 2435 1015 regia
2480 946 2588 1002 sub
2620 947 2862 1002 Damaso
2895 959 3041 1016 papa
3071 949 3132 999 et
3163 943 3437 998 Gratiano
3472 940 3745 1014 principe

2086 1039 2288 1090 contra
2319 1033 2710 1091 Macedonium
2741 1037 2798 1090 et
2829 1031 3171 1090 Eudoxium.
3205 1029 3404 1103 [leua]
3436 1031 3606 1086 Inter
3635 1030 3744 1088 Ro-
3796 1025 3814 1050 '

2090 1138 2286 1180 manes
2315 1127 2374 1179 et
2405 1123 2625 1180 Gothos
2658 1121 2824 1194 plura
2855 1120 3176 1178 certamina
3209 1123 3632 1176 conseruntur.

2161 1211 2465 1284 [Pnosrsu]
2501 1215 2664 1269 Anno
2692 1213 2744 1266 3.
2781 1209 2942 1280 regni
2991 1207 3295 1266 Theodosii
3347 1205 3743 1264 Athanaricus

2089 1316 2191 1356 rex
2242 1301 2584 1357 Gotthorum
2623 1314 2687 1356 se
2717 1298 3044 1355 Theodosio
3075 1296 3280 1368 tradit,
3313 1302 3374 1353 et
3404 1297 3744 1354 Constanti-

2093 1387 2350 1461 nopolim
2372 1388 2636 1458 veniens,
2666 1402 2872 1458 magno
2890 1401 2919 1443 a
2942 1385 3204 1458 principe
3223 1385 3442 1442 honore
3461 1383 3741 1453 donatus,

2091 1486 2174 1535 13.
2202 1478 2295 1534 die
2319 1477 2563 1547 interiit,
2591 1481 2651 1534 et
2684 1475 2951 1532 Alaricus
2973 1473 3282 1544 successit,
3307 1470 3665 1530 Merabaudo
3683 1476 3744 1529 et

2091 1566 2404 1625 Saturnino
2433 1565 2790 1622 consulibus.
2821 1564 3018 1636 [lnam]
3050 1562 3363 1620 Undecimo
3392 1576 3550 1618 anno
3579 1562 3742 1632 regni

2091 1656 2180 1714 sui
2215 1656 2449 1712 Romam
2482 1655 2788 1724 ingressus
2819 1669 2950 1710 cum
2984 1651 3102 1709 filio
3133 1651 3409 1722 Honorio,
3434 1651 3606 1720 leges
3636 1649 3746 1706 Ro-

2098 1759 2398 1802 manorum
2431 1744 2657 1813 integra
2688 1742 3092 1799 emendatione
3110 1739 3389 1798 correxit.
3409 1737 3613 1812 [Bene]
3638 1738 3746 1795 Ila-

343 1834 582 1893 puerum
605 1823 676 1880 ad
692 1823 941 1882 heresim
957 1826 1332 1885 Arrianorum
1349 1829 1644 1888 declinare
1659 1833 1974 1904 persuasit,
2008 1851 2062 1912 B
2093 1835 2302 1904 ximus,
2335 1833 2427 1889 vir
2458 1836 2733 1890 strenuus
2761 1838 2819 1888 et
2853 1835 3105 1901 augusto
3137 1829 3372 1900 dignus,
3396 1827 3513 1884 nisi
3539 1831 3740 1886 contra

341 1916 472 1968 erat
501 1913 650 1970 enim
683 1919 741 1970 et
775 1915 896 1987 ipsa
930 1917 1190 1974 Arriana.
1222 1919 1524 1992 Preceptis
1554 1936 1694 1990 ergo
1735 1923 1980 1994 impera-

341 2000 530 2072 toriis,
555 2002 814 2061 Arrianis
830 2003 1141 2063 traduntur
1157 2007 1506 2078 ecclesia,et
1525 2009 1578 2065 in
1595 2010 1982 2068 mediolanen-

342 2088 390 2142 si
424 2089 672 2147 ecclesia
697 2089 742 2124 ⁸⁸
764 2094 1087 2152 Auxentius
1111 2103 1488 2167 promovetur
1504 2098 1820 2156 hereticus.
1838 2101 1979 2158 Post

339 2177 508 2248 cujus
530 2193 720 2236 seram
735 2186 979 2238 mortem
995 2184 1301 2241 Ambrosio
1322 2186 1600 2259 episcopo
1621 2187 1817 2245 divino
1839 2193 1981 2247 nutu

344 2267 692 2340 constituto,
717 2284 847 2326 cum
880 2270 936 2327 in
967 2285 1098 2328 eum
1130 2273 1289 2343 regia
1321 2273 1656 2333 desevirent
1689 2277 1979 2350 mandata,

342 2358 398 2411 et
435 2371 544 2414 una
578 2373 691 2428 quo
724 2359 951 2416 Arriani
983 2362 1361 2419 convenirent
1395 2368 1698 2435 peteretur
1741 2367 1982 2426 basilica

346 2459 448 2502 nec
483 2445 920 2520 impetraretur,
954 2449 1322 2523 populusque
1351 2453 1608 2512 civitatis
1638 2456 1980 2513 observaret

347 2536 739 2608 Ambrosium,
764 2551 836 2594 ne
867 2538 922 2594 vi
955 2543 1160 2611 raptus
1191 2542 1262 2598 ab
1293 2541 1538 2600 ecclesia
1571 2544 1746 2602 exilio
1778 2545 1985 2617 religa-

345 2626 526 2680 retur.
559 2639 885 2682 sermonem
917 2627 1140 2700 habuit,
1177 2643 1344 2700 quem
1377 2631 1448 2688 de
1478 2633 1784 2690 tradendis
1835 2635 1986 2691 basi-

339 2711 474 2770 licis
502 2717 706 2770 contra
736 2715 1086 2774 Auxentium
1122 2719 1524 2792 pratitulavit,
1547 2736 1716 2793 quem
1741 2724 1874 2794 quia
1893 2723 1984 2780 his

341 2807 564 2859 nostris
579 2804 944 2876 temporibus
957 2820 1281 2876 congruere
1296 2808 1530 2881 scimus,
1548 2810 1680 2868 huic
1703 2811 1985 2883 opusculo

341 2889 656 2948 adnectere
689 2893 1026 2951 curabimus
1055 2895 1188 2967 (38).
1225 2898 1400 2954 Tanta
1433 2899 1584 2956 enim
1618 2901 1826 2957 beatus
1859 2902 1987 2958 Am-

343 2979 592 3050 brosius,
627 2995 758 3038 cum
793 2981 1047 3054 undique
1075 2984 1318 3040 Iustina
1369 2987 1628 3044 Arriana
1679 2987 1897 3058 regina
1927 2991 1984 3044 et

345 3069 500 3138 regis
533 3074 912 3141 appeteretur
943 3071 1194 3143 insidiis,
1229 3073 1282 3128 in
1317 3073 1566 3132 ecclesia
1609 3075 1710 3132 Dei
1762 3074 1987 3134 labora-

343 3155 424 3212 vit
457 3159 513 3214 et
545 3156 851 3216 desudavit
884 3158 1192 3230 industria,
1224 3165 1288 3218 ut
1319 3177 1422 3233 per
1449 3177 1579 3218 eum
1611 3163 1682 3220 ad
1717 3163 1984 3222 ultimum

345 3249 522 3303 recta
546 3244 680 3302 fidei
703 3248 828 3302 tota
851 3247 1406 3320 subdereturltalia,
1423 3251 1575 3308 Gens
1598 3251 1776 3322 igitur
1799 3254 1986 3312 Huno-

345 3349 470 3390 rum
503 3332 601 3390 diu
625 3333 945 3392 inaccessis
965 3335 1192 3394 reclusa
1220 3339 1512 3397 montibus
1536 3339 1755 3414 [Osos],
1783 3357 1988 3415 repen-

342 3421 462 3479 tina
487 3420 650 3478 rabie
673 3422 895 3494 percita
919 3425 1141 3482 exarsit
1162 3425 1217 3482 in
1241 3428 1480 3499 Gothos,
1496 3443 1713 3500 eosque
1740 3431 1984 3501 sparsim

340 3511 724 3570 conturbatos
754 3511 828 3569 ab
858 3513 1116 3585 antiquis
1149 3516 1386 3575 sedibus
1408 3517 1593 3590 pellit.
1623 3519 1793 3576 Gothi
1823 3534 1984 3590 vero,

345 3601 594 3658 transito
611 3600 872 3659 Danubio
897 3603 1208 3675 fugientes,
1226 3621 1257 3662 a
1280 3606 1520 3664 Valente
1543 3607 1669 3665 sine
1694 3623 1986 3666 armorum

342 3687 708 3761 depositione
731 3694 865 3748 sunt
888 3693 1146 3764 suscepti
1173 3692 1388 3768 [Bson].
1417 3697 1658 3769 Moxque
1677 3712 1780 3769 per
1803 3698 1988 3754 avari-

341 3777 492 3834 ciam
519 3778 745 3836 Maximi
771 3778 938 3838 ducis
963 3780 1109 3837 fame
1127 3783 1198 3838 ad
1223 3782 1622 3842 rebellandum
1635 3786 1846 3856 coacti,
1865 3787 1988 3842 fun-

342 3865 565 3923 duntur
597 3866 653 3924 in
683 3867 904 3939 Tracia,
938 3869 1213 3941 victoque
1243 3871 1504 3931 Valentis
1526 3874 1790 3931 exercitu
1815 3873 1987 3932 simul

343 3954 534 4014 omnia
559 3955 842 4029 cadibus,
863 3957 1146 4016 incendiis
1171 3961 1503 4034 rapinisque
1532 3963 1810 4020 fuderunt
1839 3963 1988 4034 [His-

347 4044 525 4118 nou.].
553 4047 685 4120 lpse
719 4046 1058 4119 imperator,
1075 4049 1200 4106 suis
1225 4065 1412 4123 usque
1435 4050 1505 4107 ad
1531 4051 1985 4109 internecionem

343 4133 524 4207 cesis,
559 4150 689 4194 cum
721 4135 935 4206 sagitta
967 4137 1202 4195 saueius
1235 4139 1482 4210 fugeret,
1503 4143 1562 4196 et
1587 4138 1789 4196 dolore
1813 4139 1988 4197 nimio

347 4237 487 4297 sepe
510 4238 662 4296 equo
687 4223 1004 4293 laberetur,
1021 4226 1092 4283 ad
1115 4227 1394 4300 proxima
1407 4225 1625 4284 villula
1647 4227 1988 4286 casellulam

343 4312 698 4386 deportatus
728 4318 821 4371 est
845 4313 1061 4389 [Beas].
1085 4316 1208 4385 Quo
1233 4316 1678 4388 insequentibus
1701 4317 1984 4389 barbaris,

347 4401 583 4458 incensa
619 4401 810 4474 domo,
833 4403 1140 4477 sepultura
1161 4404 1374 4474 caruit,
1397 4403 1644 4462 eundem
1667 4405 1888 4462 habens
1908 4405 1988 4463 lo-

340 4504 474 4548 cum
504 4494 562 4546 et
597 4491 803 4548 mortis
831 4495 890 4549 et
924 4492 1210 4566 sepulcri,
1243 4507 1295 4548 a°
1331 4493 1492 4548 Dom.
1527 4494 1648 4550 377.
1673 4523 1717 4533 —
1773 4494 1990 4552 Gratia-

2017 3209 2066 3271 Ο

2095 1922 2444 1979 sacramenti
2481 1920 2649 1977 fidem
2671 1934 2775 1992 per
2795 1917 3163 1990 tyrannidem
3186 1916 3539 1974 emersisset
3559 1914 3626 1986 ⁸⁸,
3652 1930 3744 1972 eo-

2095 2012 2224 2067 dem
2255 2025 2404 2067 anno
2439 2010 2493 2065 in
2527 1997 2809 2064 Brittania
2844 2007 3062 2063 invitus
3092 2007 3165 2063 ab
3195 2004 3464 2063 exercitu
3498 2004 3742 2076 impera-

2095 2107 2190 2156 tor
2220 2104 2475 2170 creatus,
2513 2100 2566 2154 in
2601 2097 2844 2154 Galliam
2875 2095 3131 2166 transiit,
3165 2095 3362 2166 ibique
3399 2093 3741 2151 Gratianum

2095 2195 2408 2259 angustum
2443 2187 2596 2244 dolis
2625 2187 3085 2243 circumventum
3118 2183 3379 2254 Lugduni
3421 2180 3738 2240 interfecit.

2096 2276 2255 2334 Unde
2285 2276 2330 2310 ⁸⁸
2357 2276 2728 2332 Jheronimus
2763 2295 2774 2328 :
2814 2298 2839 2323 ι
2873 2275 3140 2330 Cruenta
3163 2272 3245 2329 ait
3268 2285 3474 2329 manus
3494 2269 3739 2339 vestigia

2099 2366 2352 2439 parietes
2399 2365 2482 2422 tui
2536 2365 2809 2434 Lugdune
2839 2361 2884 2396 ⁸⁷
2917 2367 3208 2419 testantur
3259 2369 3366 2434 (cp.
3403 2359 3516 2432 60).
3547 2382 3576 2410 η
3615 2360 3742 2415 Fra-

2097 2461 2362 2525 tremque
2415 2453 2542 2524 ejus
2597 2450 3066 2508 Valentinianum
3133 2447 3298 2505 Italia
3374 2445 3628 2520 expulit,
3683 2453 3737 2500 et

2094 2543 2390 2600 Victorem
2441 2541 2619 2598 filium
2663 2555 2830 2597 suum
2881 2537 3158 2606 instituit,
3193 2536 3292 2608 qui
3338 2536 3546 2593 eodem
3595 2549 3741 2591 anno

2097 2648 2210 2704 quo
2268 2631 2546 2687 Maximus
2595 2630 2828 2686 occisus
2876 2632 2967 2684 est
3013 2627 3086 2683 ab
3136 2627 3486 2698 Arbogaste.
3527 2623 3738 2696 [Bt-zm;

2095 2721 2401 2794 Pnosrsn].

2169 2813 2329 2868 llunc
2358 2807 2404 2844 ⁸⁸
2431 2823 2570 2880 ergo
2604 2807 2909 2864 Maximum
2952 2804 3291 2863 Ambrosius
3321 2817 3350 2860 a
3382 2803 3739 2861 communio-

2097 2900 2186 2957 nis
2204 2897 2500 2957 consortio
2523 2895 2874 2967 segregavit,
2892 2907 3226 2951 ammonens
3239 2898 3301 2950 ut
3323 2891 3495 2951 effusi
3513 2892 3739 2963 sangui-

2098 2989 2186 3046 nis
2217 2987 2432 3046 domini
2463 2987 2551 3044 sui
2582 2990 2640 3042 et
2672 2983 2826 3056 quod
2857 2989 2944 3041 est
2965 2983 3203 3053 gravius
3229 2982 3565 3038 innocentis
3587 2980 3738 3053 peni-

2099 3079 2338 3135 tentiam
2371 3080 2591 3146 ageret.
2629 3072 2740 3130 Sed
2769 3088 2899 3130 cum
2933 3071 3030 3128 ille
3071 3070 3455 3143 penitentiam
3489 3068 3735 3128 declinat

2098 3166 2390 3239 superbus
2424 3163 2656 3236 spiritu,
2674 3175 2786 3218 non
2811 3159 3000 3218 solum
3025 3160 3277 3216 futuram
3301 3157 3404 3215 sed
3429 3163 3490 3214 et
3514 3171 3738 3230 presen-

2099 3261 2214 3311 tem
2247 3254 2496 3310 salutem
2529 3251 2742 3308 amisit.
2781 3249 2990 3306 Contra
3021 3261 3194 3320 quem
3235 3245 3597 3304 Theodosius
3643 3259 3739 3318 pu-

2096 3341 2316 3415 gnavit,
2351 3347 2412 3398 et
2442 3355 2512 3396 eo
2544 3339 2880 3407 interfecto,
2908 3335 3373 3392 Valentinianum
3405 3348 3592 3404 regno
3623 3348 3734 3388 res-

2101 3433 2262 3490 tituit
2313 3428 2559 3502 [Onos.],
2597 3426 2852 3500 peractis
2900 3440 2930 3480 a
2976 3423 3308 3481 conditione
3355 3422 3558 3480 mundi
3607 3424 3740 3478 5690

2099 3521 2284 3588 annis,
2321 3503 2417 3590 qui
2471 3517 2624 3589 apud
2668 3515 2944 3572 Viennam
3003 3527 3152 3569 anno
3199 3511 3471 3583 sequenti
3523 3509 3738 3569 scelere

2101 3607 2443 3679 Arbogastis
2475 3604 2707 3664 comitis
2739 3603 3086 3659 interfectus
3106 3604 3198 3658 est
3223 3601 3380 3672 (lnar
3398 3601 3514 3673 Ep.
3541 3600 3650 3670 60).
3675 3598 3734 3654 Et

2099 3699 2169 3754 de
2200 3699 2309 3754 hoc
2337 3694 2708 3752 Jheronimus
2743 3712 2756 3746 :
2793 3716 2819 3741 ι
2845 3690 3224 3759 Adolescens,
3253 3688 3464 3760 inquit,
3493 3684 3738 3745 Valenti-

2098 3787 2306 3844 nianus
2328 3797 2476 3857 pene
2500 3797 2644 3854 puer
2666 3785 2798 3854 post
2826 3781 3040 3850 fugam,
3057 3783 3188 3851 post
3210 3775 3406 3848 exilia,
3429 3780 3564 3850 post
3583 3789 3738 3832 recu-

2101 3878 2364 3948 peratum
2395 3871 2580 3928 multo
2609 3869 2891 3940 sanguine
2925 3867 3251 3940 imperium,
3277 3866 3419 3922 baut
3446 3861 3650 3938 procul
3670 3861 3736 3918 ab

2099 3965 2242 4020 urbe
2275 3963 2548 4018 fraterna
2573 3957 2620 3994 ”
2648 3959 2856 4015 mortis
2884 3955 3116 4014 conscia
3147 3960 3392 4012 necatus
3422 3958 3536 4024 est,
3565 3955 3622 4009 et
3653 3964 3737 4008 ca-

2099 4053 2276 4111 daver
2289 4051 2554 4108 exanime
2572 4048 2909 4105 infamatum
2934 4043 3245 4118 suspendio
3268 4043 3490 4116 [Bsoa].
3512 4066 3536 4092 ιι
3567 4037 3736 4098 Annis

2101 4145 2161 4200 11
2188 4139 2570 4204 Theodosius,
2595 4136 2930 4194 viventibus
2949 4133 3224 4191 Gratiano
3241 4138 3301 4189 et
3316 4129 3732 4191 Valentiniano,

2099 4230 2396 4288 Orientem
2430 4227 2604 4298 rexit,
2631 4229 2760 4299 post
2795 4228 3036 4281 mortem
3070 4237 3271 4279 eorum
3294 4225 3328 4278 6
3349 4220 3737 4298 annis,regna-

2098 4320 2202 4376 vit.
2237 4321 2431 4392 Ipsum
2461 4315 2508 4351 ⁹⁰
2540 4327 2770 4387 quoque
2813 4312 3076 4386 prefatus
3125 4307 3491 4367 admirabilis
3537 4307 3736 4364 doctor

2101 4405 2446 4465 Ambrosius
2475 4405 2548 4462 ab
2586 4404 2856 4474 ingressu
2886 4398 3151 4458 ecclesia
3183 4403 3244 4456 ct
3273 4413 3303 4454 a
3334 4393 3732 4456 communione

2099 4500 2598 4554 sacramentorum
2632 4506 2737 4565 pro
2769 4488 3120 4562 quibusdam
3158 4485 3503 4544 excessibus
3553 4478 3735 4565 prohif

342 4594 452 4638 nus
479 4584 672 4638 autem
703 4595 835 4640 eum
869 4564 1050 4639 fratre
1082 4580 1492 4638 Valentiniano
1523 4583 1786 4654 regnavit
1821 4585 1986 4642 annis
2015 4569 2070 4632 D
2102 4585 2268 4651 buit;
2303 4581 2457 4656 quod
2487 4581 2568 4638 ita
2595 4564 3091 4639 clementissimus
3119 4576 3440 4650 imperator
3487 4564 3730 4645 gratanli

343 4675 395 4740 6,
421 4683 452 4724 a
485 4683 599 4741 quo
628 4667 989 4728 Theodosius
1017 4668 1245 4726 electus
1277 4669 1334 4726 in
1359 4669 1682 4743 imperium,
1706 4673 1987 4730 maximas

344 4756 478 4814 illas
508 4757 799 4818 Scithicas
849 4762 1083 4830 gentes,
1117 4757 1176 4814 id
1220 4761 1311 4816 est
1360 4757 1730 4832 Alemannos,
1765 4763 1986 4834 Hunos,

345 4847 582 4920 Gothos,
616 4848 844 4921 magnis
875 4845 1191 4919 multisque
1215 4846 1432 4920 praliis
1466 4849 1633 4906 fudit.
1669 4850 1846 4922 Cujus
1877 4852 1991 4908 vir-

343 4941 530 4995 tutein
563 4940 625 4995 et
654 4933 1030 4996 concordiam
1062 4949 1175 4993 non
1210 4936 1468 4995 ferentes
1491 4939 1745 5010 Arriani,
1769 4945 1902 5013 post
1921 4943 1991 4998 ιο

344 5038 527 5082 annos
582 5021 889 5095 ecclesias,
939 5037 1086 5098 quas
1132 5023 1187 5080 vi
1235 5029 1570 5100 tenuerant,
1602 5026 1986 5100 reliquerunt.

2101 4675 2292 4732 animo
2321 4671 2585 4745 suscepit
2614 4673 2676 4727 ut
2709 4667 3001 4744 publicam
3035 4665 3413 4740 penitentiam
3445 4677 3558 4720 non
3579 4659 3734 4716 abor-

2103 4766 2281 4820 rerct.
2308 4760 2624 4818 Interfecto
2650 4762 2845 4815 autem
2881 4755 3290 4814 Valentiniano
3323 4753 3588 4825 augusta
3628 4757 3730 4801 me-

2103 4851 2302 4908 moria
2326 4851 2382 4905 in
2407 4847 2573 4904 annis
2587 4845 2964 4918 juvenilibus,
2982 4843 3274 4915 Eugenius
3287 4839 3548 4913 suscepit
3568 4837 3730 4926 impe-

2104 4939 2274 5010 rium,
2302 4937 2398 5010 qui
2433 4936 2564 5008 quia
2597 4936 2668 4993 de
2702 4934 3020 5008 repetenda
3043 4947 3142 4989 ara
3171 4929 3445 4988 Victoria
3477 4941 3539 4984 se
3571 4933 3731 5010 sacri~

2106 5006 2268 5098 legio.
2291 5006 2544 5096 miscuit,
2571 5006 2908 5084 Ambrosius
2940 5035 3176 5080 munera
3207 5019 3335 5090 ejus
3355 5015 3576 5091 sprevit
3597 5006 3728 5068 etab

1699 5152 1936 5208 VARI/8
1975 5149 2373 5208 LECTIONES.

413 5273 541 5348 ηρ.
580 5287 632 5329 e.
666 5273 733 5330 in
759 5286 952 5348 marg.
986 5271 1105 5348 “Ar.
1141 5289 1191 5330 a.
1227 5277 1382 5348 tum
1409 5250 1604 5348 marg,
1636 5274 1680 5308 ⁸²
1708 5275 1932 5332 Justina
1964 5307 2034 5317 —
2079 5275 2243 5333 Italia
2290 5277 2356 5348 ia
2392 5288 2594 5348 piam.
2628 5273 2674 5307 ⁸³
2721 5271 2985 5348 ecclesia
3012 5283 3060 5328 c.
3090 5267 3136 5303 "
3167 5268 3389 5348 Quij
3418 5258 3726 5348 ιςέηὲξὲξξζδ

346 5347 434 5404 est
465 5346 533 5404 tu
564 5356 764 5449 marg.
792 5335 1184 5429 “e'versisset
1209 5361 1257 5405 c.
1283 5345 1330 5380 “
1359 5335 1612 5430 Unde:
1650 5351 1942 5404 testantur
1971 5348 2036 5404 in
2073 5361 2265 5418 πιανθ.
2299 5346 2344 5380 ⁸⁷
2392 5335 2667 5416 Liigd'uno
2699 5358 2747 5414 ο,
2793 5342 2839 5376 ⁸³
2883 5343 3046 5398 Hunc
3085 5371 3152 5380 --
3195 5337 3390 5394 amisit
3437 5335 3506 5393 in
3546 5335 3723 5393 ma?!-

346 5415 390 5450 ”
423 5417 585 5471 Frna
617 5427 664 5472 ο.
770 5417 961 5472 lnsum
991 5448 1060 5458 —
1091 5417 1441 5472 interfectus
1470 5432 1538 5472 ιη
1566 5431 1755 5472 mare.

344 5415 390 5450 ’ν
423 5417 585 5471 Frna
617 5427 664 5472 ο.
695 5415 742 5449 ⁸ο
770 5417 961 5488 Ipsum
991 5448 1060 5458 —
1091 5417 1441 5474 interfectus
1470 5417 1538 5474 in
1566 5431 1755 5490 marg.

1934 5539 2156 5596 NOTAE.

423 5663 532 5734 (38)
566 5666 851 5722 Ambrosii
889 5663 1131 5736 cpistola
1167 5667 1228 5720 21
1262 5663 1334 5719 ad
1366 5659 1847 5750 Valentinianum,
1881 5667 2085 5724 Sermo
2117 5669 2319 5724 contra
2353 5661 2702 5722 Auxentium
2735 5663 2803 5731 11,
2835 5665 2956 5718 863.
