3898 6322
373 372 454 437 59
1327 375 1695 441 HUGONIS
1739 375 2091 440 ABBATIS
2131 376 2814 446 FLAVINIACENSIS
3717 367 3786 432 ϐο

378 513 762 589 deprehendit
789 514 934 574 duas
957 515 1220 586 hereses,
1235 519 1293 572 et
1317 515 1392 572 ob
1414 514 1470 572 id
1514 513 1666 571 misit
1691 511 1761 570 ad
1785 510 2012 570 fidelem
2044 509 2102 574 Α
2134 516 2426 592 principes
2447 515 2672 576 scilicet
2713 521 2772 574 et
2798 513 3110 589 pontiﬁces
3159 510 3422 572 Arriano
3453 523 3626 570 cano
3675 522 3788 566 sor-

383 605 701 678 P'inCiPem
725 605 1096 675 Μετοίεηιιῐην
1131 608 1188 662 et
1221 605 1372 660 facta
1414 602 1878 660 CollaCionecum
1929 617 2019 658 80-
2131 608 2338 664 dentes
2358 607 2940 680 perquosecclesiam
2972 619 3133 662 suam
3175 603 3288 661 sub
3330 601 3598 676 prmfato
3629 602 3787 657 Cons-

382 695 510 753 dem
537 695 818 768 principe,
839 695 1139 752 convocati
1163 692 1566 766 suntepisc0pi
1583 691 1838 748 secundo
1853 690 2016 761 regni
2131 697 2337 766 tantio,
2362 695 2917 754 JulianoetValente
2933 691 3786 768 persequutionibuscrescere

381 784 510 854 ejus
533 799 704 855 anm,
731 785 828 856 qui
860 789 988 840 erat
1017 785 1216 841 abinc.
1252 786 1409 840 Dom.
1448 783 1570 852 452,
1621 782 1907 838 etfaclum
1929 783 2017 836 est
2129 786 2460 854 etdilatari,
2487 785 2760 842 meliusei
2803 799 2935 841 esse
2983 797 3153 853 quam
3191 782 3245 837 in
3278 794 3441 852 pace
3506 775 3786 836 luxuriari

385 873 695 931 concilium
721 873 775 929 in
793 874 935 931 urbe
951 873 1297 942 Calcedona,
1323 878 1382 929 et
1413 871 1900 941 congregatisunt
1915 871 2020 926 256
2130 875 2388 932 edocuit.
2417 875 2560 930 Hinc
2587 873 3054 945 paternoafl‘ectu
3071 870 3208 927 filiis
3225 869 3341 927 sub
3357 868 3625 925 verbere
3643 867 3785 936 inge-

386 961 728 1018 sacerdotes
757 966 816 1018 et
845 961 1092 1018 aliorum
1135 977 1376 1032 quorum
1431 960 1693 1018 cucurrit
1752 972 2022 1032 cyrogra-

389 1050 560 1122 phus,
593 1053 715 1120 354,
743 1049 1221 1121 quisimuljuncti
1253 1050 1394 1106 fiunt
1417 1051 1522 1106 600
1543 1049 2020 1106 sacerdotescum

394 1152 558 1210 papas
590 1138 798 1194 Leonis
823 1139 1183 1210 cyrographo
1221 1143 1282 1194 et
1331 1139 1610 1195 Martiano
1643 1141 1915 1207 augusto,
1965 1138 2025 1202 et

388 1227 970 1298 exposueruntfidem
1004 1227 1443 1296 catholicam,et
1475 1225 1855 1298 apostolicam
1883 1224 2028 1281 duas

389 1315 722 1383 naturas,in
749 1315 1086 1385 Chriso,Dei
1110 1315 1351 1371 simulet
1387 1315 1733 1370 hominis.fn
1767 1311 2026 1383 quoloco

394 1401 698 1474 piissimus
733 1403 1002 1477 princeps
1018 1419 1125 1460 una
1143 1421 1270 1462 cum
1297 1419 1478 1461 uxore
1518 1401 1823 1460 l’ulcheria
1856 1401 2029 1471 depo-

395 1489 504 1547 sita
531 1492 686 1561 regia
721 1493 1022 1562 majestate
1056 1493 1224 1549 fidem
1257 1509 1414 1550 suam
1453 1495 1852 1565 exposuerunt
1895 1493 2028 1545 ante

397 1583 1178 1652 conspectumsacerdotum,
1201 1588 1256 1638 et
1277 1597 1398 1639 eam
1418 1582 1653 1654 proprio
1665 1593 1908 1652 cyrogra
1919 1577 2030 1650 pho

397 1675 778 1740 exponentes,
813 1671 1546 1742 postulaveruntSanctum
1605 1665 1916 1726 concilium
1970 1669 2034 1721 ut

401 1755 764 1826 dirigeretur
812 1760 880 1816 ad
938 1760 1336 1816 beatissimum
1391 1775 1591 1832 papam
1633 1759 1893 1815 Leonem.
1951 1751 2034 1807 lbi

2133 963 2534 1032 miscentibus,
2568 961 3016 1018 etauxiliumde
3055 958 3458 1017 tribulatione
3510 953 3790 1028 poscenti-

2137 1054 2268 1122 bus,
2295 1053 2385 1124 pie
2414 1052 2705 1122 misertus,
2728 1052 2835 1107 sub
2874 1047 3197 1106 Theodosio
3249 1046 3536 1118 principe
3571 1041 3789 1112 flagella

2135 1140 2506 1212 temperavit,
2533 1140 2763 1211 quando
2795 1138 2922 1207 ejus
2941 1136 3220 1210 principis
3242 1133 3545 1192 virtutem
3581 1145 3692 1188 non
3725 1130 3791 1186 fe-

2139 1235 2335 1287 rentes
2353 1231 2600 1295 Arriani,
2625 1229 2905 1285 ecclesias
2949 1242 3093 1299 quas
3118 1241 3220 1298 per
3253 1222 3666 1297 quadraginta
3703 1234 3789 1276 an-

2140 1334 2244 1375 nos
2277 1320 2329 1374 vi
2354 1323 2686 1389 tenuerant,
2712 1317 3096 1388 reliquerunt.
3132 1314 3256 1381 Quo
3273 1315 3580 1385 respectu
3597 1308 3794 1368 divina:

2143 1403 3432 1480 pietatisexhilaratuspopuluschristianus,
3479 1399 3621 1458 dum
3678 1413 3794 1455 rur-

2143 1514 2244 1554 sus
2273 1498 2403 1570 plus
2431 1514 2596 1569 aaquo
2618 1497 2840 1554 nociva:
2865 1492 3426 1565 indulgeretquieti,
3447 1494 3510 1546 et
3537 1505 3612 1546 ex
3630 1489 3796 1545 abun-

2144 1589 2301 1644 danti
2325 1592 2384 1644 et
2407 1585 2840 1657 superemucnti
2870 1599 3061 1640 rerum
3095 1582 3261 1654 copia
3315 1578 3688 1654 propensius
3708 1591 3794 1634 cu-

2147 1683 2234 1733 rat
2251 1675 2852 1748 corpora,sncuritate
2874 1674 3157 1744 deceptus
3185 1675 3295 1741 est,
3338 1674 3400 1726 et
3456 1680 3718 1725 excusso
3769 1680 3794 1720 a

2148 1766 2478 1823 cervicibus
2493 1765 2764 1836 suisjugo
2780 1763 3004 1819 timoris
3019 1761 3312 1830 dominici,
3359 1772 3643 1832 praeceps
3666 1756 3794 1811 fere-

407 1843 704 1916 dampnati
738 1853 873 1905 sunt
921 1849 1220 1919 Euthices,
1279 1849 1582 1906 Nestorius
1612 1853 1672 1903 et
1719 1847 2035 1902 Dioscorus

2191 1862 2322 1912 atur
2343 1855 2412 1912 ad
2437 1855 2680 1924 scelera,
2699 1853 2862 1909 devia
2879 1865 3123 1922 quaeque
3140 1851 3496 1906 sectabatur
3524 1850 3588 1904 et
3637 1841 3798 1901 lubri-

409 1933 676 1990 heretici.
703 1936 801 1992 llic
823 1937 1030 1995 beatus
1060 1939 1169 1994 Leo
1194 1937 1349 1994 misit
1381 1937 1595 1994 multas
1645 1934 1925 2009 epistolas
1966 1933 2037 1989 de

2189 1960 2238 2015 a,
2263 1949 2608 2014 rectoreque
2632 1945 2969 2012 contempto
3003 1940 3056 1994 in
3093 1939 3375 1994 sordibus
3419 1934 3797 1992 volutabatur

404 2019 516 2076 fide
539 2022 608 2077 ad
634 2025 994 2095 Martianum,
1031 2027 1100 2082 ad
1127 2026 1369 2083 Leonem
1412 2028 1744 2093 augustum,
1801 2023 1869 2078 ad
1915 2021 2035 2077 Fla-

402 2108 629 2166 vianum
699 2114 1060 2186 episcopum,
1123 2131 1252 2186 quae
1315 2117 1606 2172 habentur
1683 2114 1735 2168 in
1787 2111 2038 2168 arehivis

404 2197 673 2256 Romanae
732 2203 1000 2260 ecclesia:
1043 2202 1232 2276 [Anc].
1273 2206 1550 2274 Tempore
1581 2201 1626 2235 ⁸⁵
1676 2199 1945 2256 Marciani
1983 2206 2042 2255 et

405 2283 790 2344 Valentiniani
811 2290 1080 2347 Ysiehius
1103 2291 1444 2347 Viennensis
1480 2289 1798 2361 episcopus
1829 2285 2044 2344 claruit

406 2378 542 2442 post
575 2376 946 2449 Mamercum,
972 2379 1068 2450 qui
1106 2377 1736 2448 rogationesinstituit,
1759 2376 2044 2433 etdiebus

417 2461 626 2519 Ysiehii
655 2467 905 2522 Severus
928 2472 1231 2540 presbyter
1261 2468 1330 2523 de
1365 2467 1519 2523 india
1569 2467 1842 2522 Viennam
1867 2465 2041 2521 venit.

423 2551 491 2606 Et
521 2553 846 2612 Eucherius
868 2555 1362 2625 Lugdunensiscla
1375 2571 1472 2613 rus
1495 2556 1761 2612 habetur.

490 2643 677 2712 igitur
699 2643 770 2699 de
807 2645 924 2700 vita
957 2650 1012 2702 et
1075 2646 1396 2702 virtutibus
1444 2645 1598 2702 beati
1643 2645 1825 2717 patris
1864 2645 2048 2702 nostri

417 2731 956 2805 Pulchroniipauca
991 2733 1311 2806 loquuturi,
1365 2735 1669 2807 superiora
1731 2739 2051 2806 pertracte-

419 2835 564 2890 mus,
589 2825 647 2877 et
672 2836 840 2894 quam
857 2823 1052 2892 gravia
1069 2839 1354 2894 quamque
1374 2823 1698 2896 periculosa
1727 2823 2052 2882 sacerdotis

414 2909 541 2979 rjus
569 2915 827 2982 tempora
846 2912 1083 2983 fuerint,
1106 2913 1161 2970 in
1185 2913 1312 2986 ejus
1330 2913 1500 2969 laude
1517 2913 1587 2970 ad
1605 2912 2050 2970 mdificationem

414 2999 776 3058 audientium
811 3001 1070 3059 breviter
1101 3001 1462 3070 indagemus.
1499 3003 1690 3071 thue
1736 2999 1962 3072 plenius
1986 2999 2052 3056 il-

414 3087 674 3147 lucescat
698 3090 779 3146 rei
813 3090 1055 3161 veritas,
1088 3090 1352 3147 dicamus
1376 3104 1447 3144 ex
1481 3089 1727 3145 historia
1774 3089 2053 3146 Italorum

414 3179 686 3235 Getarum
709 3182 770 3234 et
800 3180 1186 3235 Romanorum
1212 3192 1314 3234 seu
1349 3178 1524 3235 etiam
1555 3177 1965 3234 Wandalorum
1997 3182 2057 3234 et

416 3269 761 3340 Suevorum,
793 3267 932 3337 quid
957 3267 1027 3323 de
1051 3267 1144 3323 his
1174 3267 1538 3339 temporibus
1569 3273 1870 3325 recenseat
1911 3267 2058 3324 anti-

421 3452 605 3503 tremo
625 3450 834 3518 gentes
856 3452 918 3502 et
940 3461 1116 3516 regna
1174 3447 1668 3504 suisattestentur
1710 3445 2059 3518 periculiset

415 3534 814 3592 calamitatum
845 3534 1118 3592 miseriis.

491 3624 609 3681 Sub
634 3623 1014 3682 Constantino
1035 3624 1186 3681 enim
1218 3624 1478 3698 principe
1511 3625 1607 3697 qui
1664 3623 2057 3682 monarchiam

423 3713 649 3785 imperii
677 3712 841 3770 solus
859 3714 1108 3786 optinuit
1131 3719 1190 3770 et
1211 3715 1360 3770 citra
1393 3713 1574 3772 ullum
1620 3713 1912 3771 hominum
1945 3719 2062 3770 sta-

420 3801 1096 3876 tuittemplapagnorum
1111 3803 1326 3872 claudi,
1341 3803 1591 3861 ecclesia
1607 3803 1703 3859 Dei
1721 3801 2060 3873 jamdudum

421 3895 624 3965 optata
664 3891 938 3950 libertate
959 3893 1142 3965 potita
1175 3892 1407 3950 dilatari
1449 3892 1607 3964 cepit
1646 3897 1707 3948 et
1759 3905 2058 3956 crescere;

423 3981 524 4039 sed
539 3981 673 4040 dum
697 3981 868 4039 nimis
883 3982 1366 4053 Sibiaggandetin
1397 3981 1678 4039 felicitate
1713 3995 1950 4052 germen
1982 3981 2062 4036 vi-

424 4070 648 4128 ciorum
687 4070 1356 4130 luxuriantiumnimisin
1375 4085 1438 4126 se
1455 4069 1710 4140 neglexit
1743 4069 2058 4140 extirpare.

429 4159 581 4216 Arrii
613 4158 659 4192 ³⁸
683 4173 929 4230 namque
946 4159 1185 4230 perfidia
1220 4161 1437 4215 statum
1457 4159 1617 4229 pacis
1645 4157 2064 4216 ecclesiasticae

434 4247 799 4319 perturbavit
835 4251 896 4303 et
925 4247 1048 4320 ipsa
1086 4246 1526 4319 perturbatione
1549 4247 1625 4302 ita
1641 4245 1889 4316 gratiam
1912 4261 2068 4303 com-

433 4333 725 4392 munionis
743 4334 1051 4393 catholicae
1074 4333 1498 4408 pessumdedit,
1526 4339 1586 4392 ut
1603 4335 1714 4392 sub
1729 4333 2068 4391 Constantio

435 4423 956 4494 Constantinifilio,
983 4425 1118 4482 dum
1146 4439 1250 4496 per
1298 4424 1524 4494 singula
1559 4428 1844 4497 serperet,
1879 4424 2069 4482 Arria-

2087 3222 2137 3284 Ο

416 3357 785 3429 quitas,quid
802 3357 1172 3415 Jberonimus
1203 3357 1257 3413 in
1281 3357 1406 3414 suis
1427 3357 1721 3429 epistolis,
1756 3357 1893 3428 quid
1929 3373 2058 3429 pos-
2093 3382 2097 3384 ·

2151 2034 2416 2104 luxuriae,
2439 2047 2542 2089 nec
2558 2031 2771 2100 timuit,
2789 2029 3084 2085 distentus
3119 2025 3444 2084 saturitate
3460 2028 3521 2082 et
3565 2025 3795 2094 torpens

2151 2124 2300 2192 ccio,
2319 2121 2559 2191 inmergi
2576 2119 2882 2176 cenulenta
2897 2117 3175 2186 voragine
3191 2113 3510 2170 horribilis
3534 2116 3595 2169 et
3621 2110 3796 2168 detes-

2149 2213 2343 2268 tandae
2359 2209 2720 2266 sodomiticze
2758 2205 3144 2263 inmundiciaa.
3161 2203 3316 2260 Vidit
3331 2205 3578 2259 Deuset
3602 2197 3792 2266 doluit,

2153 2307 2210 2357 et
2235 2297 2682 2356 adiracundiam
2699 2295 3030 2352 concitatus
3062 2299 3174 2364 est,
3211 2291 3528 2350 exarsitut
3562 2285 3794 2360 ignisira

2154 2389 2299 2458 ejus,
2327 2388 2457 2458 quia
2476 2387 2941 2458 provocaverunt
2962 2397 3091 2439 eum
3137 2381 3434 2452 quondam
3458 2379 3568 2436 filii
3611 2375 3696 2434 sui
3749 2378 3798 2429 et

2161 2477 2310 2545 filiae,
2339 2491 2488 2531 nunc
2505 2477 2695 2529 autem
2718 2472 2922 2528 domus
2942 2470 3282 2526 irritatricis
3303 2472 3362 2524 et
3411 2461 3799 2538 exasperatri-

2157 2566 2242 2622 eis
2273 2564 2565 2620 Samaria.
2594 2561 2854 2629 Regebat
2884 2575 2986 2631 per
3007 2557 3367 2630 idtemporis
3393 2558 3798 2614 Romanamec-

2160 2654 2402 2711 clesiam
2423 2650 2820 2716 Innocentius,
2846 2653 2903 2703 et
2930 2663 3032 2719 per
3063 2647 3240 2702 urbes
3273 2643 3562 2702 Gallizeet
3583 2643 3800 2698 Germa-

2164 2745 2271 2800 nia:
2297 2741 2604 2814 pontifices
2655 2751 2850 2794 amore
2871 2736 3419 2805 Christiferventes,
3449 2725 3799 2802 ﬁde,doctri-

2163 2848 2230 2890 na
2253 2838 2311 2886 et
2331 2827 2628 2886 miraculis
2661 2826 2960 2897 prmeipui,
3012 2828 3302 2896 prmerant
3337 2820 3657 2880 :ecclesiis.
3681 2819 3799 2874 Pcr-

2165 2934 2364 2994 paucaa
2377 2923 2573 2975 tamen
2593 2929 2691 2972 era
2705 2919 2766 2970 nt
2785 2914 2996 2985 quibus
3011 2911 3271 2984 episcopi
3297 2911 3658 2982 praeessent,
3673 2901 3798 2960 mul-

2165 3015 2240 3065 tas
2256 3007 2406 3065 enim
2423 3005 2762 3078 pastoribus
2777 3003 3089 3073 vacabant(
3110 3001 3239 3058 Vita
3256 2999 3482 3070 Antid).
3501 3000 3744 3054 Remoru
3757 3006 3796 3046 m

2167 3093 2533 3167 metropolim
2567 3095 2808 3149 sanctus
2843 3091 3079 3161 regebat
3107 3088 3376 3146 Nicasius
3411 3087 3796 3156 ;Linguonum

2168 3185 2298 3244 urbi
2334 3189 2576 3241 sanctus
2605 3186 2857 3254 praerat
2879 3178 3216 3236 Desiderius
3251 3194 3264 3244 ;
3323 3175 3798 3248 CrisOpolitanam

2169 3266 2369 3324 sedem
2403 3263 2514 3320 fide
2531 3259 3084 3331 etmagnanimitate
3099 3272 3228 3314 cum
3257 3257 3552 3313 bonorum
3577 3261 3800 3325 operum

2167 3354 2456 3414 exercitio
2507 3354 2750 3409 sanctus
2818 3347 3140 3404 adornabat
3183 3343 3486 3411 Antidius,
3527 3347 3591 3400 et
3621 3337 3800 3413 plures

2168 3449 2338 3502 erant
2367 3442 2575 3513 alii,ex
2593 3442 2804 3497 tuncet
2823 3435 3245 3494 nunclucernaa
3273 3431 3626 3492 lucentesin
3655 3429 3803 3486 domo

2169 3532 2412 3592 Domini.
2446 3528 2731 3598 Hiiigitur
2752 3526 2894 3583 licet
2915 3524 3168 3582 assiduis
3201 3521 3632 3580 monitionibus
3681 3525 3800 3573 oves

2171 3623 2282 3680 Slbl
2304 3616 2938 3678 creditassuaderenta
2981 3613 3074 3671 via
3104 3612 3202 3669 Dei
3235 3625 3349 3668 non
3375 3609 3679 3676 recedere,
3717 3614 3800 3674 po-

2170 3711 2350 3784 pulus
2367 3715 2559 3764 tamen
2576 3700 3266 3774 retroactistemporibus
3289 3699 3547 3757 faciente
3581 3692 3797 3755 Arriana

2173 3797 2414 3871 perfidia
2449 3795 2570 3852 sine
2592 3794 2762 3862 duce,
2783 3793 2908 3850 sine
2923 3795 3173 3860 rectore,
3200 3789 3429 3859 absque
3443 3785 3801 3871 moderatore

2169 3869 2214 3923 δ”
2247 3901 2351 3958 per
2382 3899 2442 3942 se
2465 3884 2752 3940 inmatura
2781 3881 3001 3953 potitus
3023 3879 3319 3947 libertate,
3363 3877 3480 3933 etsi
3514 3873 3689 3932 verba
3711 3869 3798 3962 Dei

2172 3956 2466 4042 audiebat,
2502 3971 2724 4029 divitiis
2751 3975 2808 4028 et
2843 3966 3246 4040 voluptatibus
3281 3965 3488 4022 saeculi
3533 3966 3597 4020 ut
3641 3956 3802 4051 spinis

2174 4065 2511 4132 suffocatus,
2549 4061 2776 4119 fructus
2819 4060 3102 4116 bonorum
3139 4069 3381 4127 operum
3419 4053 3604 4111 at'fere
3664 4047 3802 4102 fasti-

2175 4155 2392 4212 diebat.
2427 4151 2588 4209 Unde
2635 4155 2694 4207 et
2754 4149 2943 4206 iratus
2990 4145 3268 4202 Dominus
3307 4157 3516 4200 omnes
3581 4134 3799 4195 Galliam

2177 4249 2235 4301 et
2253 4257 2400 4316 pene
2426 4243 2614 4298 totum
2635 4237 3009 4296 Occidentem
3025 4230 3466 4295 Wandalorum.
3483 4229 3798 4316 Alanorum,

2179 4307 2516 4402 Suevorum,
2551 4331 2944 4386 Sarmatorum
2976 4326 3036 4380 et
3067 4322 3366 4378 Hunorum
3389 4316 3639 4376 tradidit
3705 4307 3804 4404 gla-

2181 4423 2276 4480 dio
2299 4395 2614 4478 feriendam
2643 4415 2706 4471 ⁹⁸.
2743 4413 2855 4470 Sed
2909 4411 2954 4447 ”
3004 4410 3200 4482 querit
3253 4408 3348 4465 hic
3407 4409 3664 4466 fortasse
3715 4395 3800 4454 ali-

434 4528 566 4570 num
591 4527 654 4570 se
689 4513 808 4570 fere
842 4517 1001 4572 totus
1053 4495 1369 4570 miraretur
1407 4514 1590 4570 orbis.
1641 4495 1895 4585 Sequuta
1936 4517 2069 4572 sunt
2100 4579 2143 4585 _
2183 4511 2333 4584 quis,
2358 4508 2511 4566 unde
2542 4507 2666 4564 haec
2697 4507 2828 4562 orta
2863 4501 3058 4570 fuerit,
3083 4497 3172 4555 vel
3206 4496 3358 4554 unde
3389 4507 3603 4554 nomen
3631 4495 3801 4583 traxe-

437 4607 658 4676 pestem
679 4601 936 4674 illam,ut
961 4579 2069 4675 matrem,omniumgeneracriminum,
2100 4579 2156 4643 D
2185 4579 2364 4658 runt?
2395 4599 2627 4672 [lsmom
2661 4593 2749 4649 Et.
2787 4592 2877 4660 IX,
2900 4589 2976 4662 2].
2998 4585 3620 4676 Wandelicusquoque
3636 4579 3801 4676 amuif

437 4708 564 4764 qua;
597 4693 676 4750 ita
705 4693 1012 4750 universos
1028 4687 1887 4764 propemoduminfeeerunt,ut
1928 4695 2075 4766 peri-

438 4782 732 4840 culosiora
747 4786 1014 4855 tempora
1031 4797 1197 4838 nemo
1219 4781 1434 4838 viderit
1465 4781 1817 4838 mortalium.
1863 4783 2074 4840 Verum

437 4870 571 4942 quia
592 4873 709 4930 Deo
727 4887 1008 4944 nusquam
1024 4870 1766 4942 abesteruditioniscausa,
1789 4887 2074 4943 nusquam

439 4959 865 5019 emendationis
883 4965 1102 5018 nostra
1115 4959 1432 5019 solicitudo
1446 4960 1716 5031 discedit,
1733 4960 1963 5018 diversa
1993 4959 2077 5016 di-

441 5047 630 5106 versis
645 5050 1154 5120 temporibusetca
1165 5050 1286 5106 usis
1300 5049 1549 5107 remedia
1567 5047 2078 5122 providet,quihus

441 5135 797 5194 alteraretur
855 5137 1097 5195 maliciaa
1146 5138 1520 5196 seminarium
1559 5142 1618 5194 et
1676 5135 2080 5192 eliminaretur

443 5225 544 5296 (fol
576 5223 686 5296 30).
722 5225 806 5284 Ad
825 5227 932 5284 hoc
962 5227 1112 5285 enim
1127 5228 1493 5286 evellendam
1522 5241 1596 5282 ex
1633 5224 1834 5282 eadem
1889 5235 2080 5279 massa

444 5313 794 5386 iniquitatis,
819 5315 1078 5374 Arrianae
1132 5318 1356 5376 sevitize
1407 5312 1761 5388 praeparavit
1783 5307 2079 5379 tribulam,

2184 4696 2274 4749 est
2295 4689 2366 4744 ab
2379 4679 2884 4742 extremisfinibns
2899 4676 3098 4734 Gallias
3116 4688 3452 4746 erumpens,
3471 4673 3639 4746 juxta
3655 4673 3800 4737 quam

2183 4793 2286 4835 eos
2301 4773 2596 4830 habitasse
2626 4773 2682 4826 et
2702 4765 3064 4824 exWandalo
3087 4763 3263 4820 fluvio
3282 4761 3368 4820 sic
3395 4761 3618 4818 dictum
3643 4751 3800 4811 fuisse

2185 4862 2577 4924 certissimum
2606 4862 2715 4915 est.
2753 4857 2964 4913 Lanius
2991 4867 3133 4910 vero
3148 4851 3459 4910 fluviusest
3475 4847 3627 4908 ultra
3642 4845 3801 4924 Danu-

2189 4922 2342 5011 bium
2376 4951 2447 5006 ab
2470 4947 2650 5006 Alano
2673 4947 2889 5015 dictus,
2907 4943 3130 5001 sicutet
3160 4941 3484 4998 Lemannus
3524 4935 3710 4994 dictus
3745 4922 3802 5016 all

2189 5041 2520 5097 Alemanno.
2557 5035 2728 5092 Suevi
2759 5048 2899 5091 vero
2930 5031 3070 5089 dicti
3089 5034 3221 5088 sunt
3251 5045 3280 5085 a
3305 5032 3502 5085 monte
3529 5022 3800 5082 Suevoql"

2190 5129 2262 5185 ab
2294 5129 2426 5185 ortu
2460 5124 2687 5182 initium
2720 5121 3040 5180 Germania
3055 5118 3212 5188 facit,
3233 5118 3404 5190 cujus
3422 5115 3551 5173 loca
3579 5102 3804 5168 incolue-

2193 5221 2362 5281 runt;
2399 5228 2642 5286 quorum
2675 5213 3098 5270 fuissecentum
3115 5209 3612 5279 pagosetcentum
3653 5200 3804 5286 pupil-

2196 5305 2284 5363 los
2315 5279 2483 5361 multi
2516 5300 2917 5376 prodiderunt.
2953 5297 3056 5354 Est
3079 5299 3273 5353 autem
3305 5293 3498 5352 Genua
3531 5298 3665 5363 pars
3691 5279 3806 5335 Ger-

1797 5460 2034 5516 VARIBE
2075 5455 2475 5515 LECTIONES.

512 5593 558 5629 "
582 5597 862 5668 Tempore
889 5626 958 5636 —
1007 5593 1257 5648 habetur
1287 5591 1354 5648 in
1374 5600 1566 5659 marg.
1598 5585 1642 5619 "
1679 5585 1830 5642 Arrii
1888 5615 1959 5624 —
2013 5578 2378 5638 evellendam
2406 5578 2472 5634 in
2485 5588 2676 5647 marg.
2709 5572 2755 5608 ’⁷
2801 5574 3094 5629 moratore
3115 5580 3169 5626 δ’
3194 5566 3240 5601 ⁸⁸
3261 5565 3362 5624 hic
3376 5551 3810 5637 plur-inmori!“

441 5693 486 5728 ”
507 5694 630 5754 haec
674 5725 742 5734 —
775 5689 1167 5751 confuderunt
1206 5688 1274 5745 in
1300 5684 1576 5759 margine
1587 5684 1711 5758 fol.
1765 5687 1832 5740 30
1851 5687 1909 5740 et
1943 5681 2030 5738 30’
