3898 6338
113 414 175 480 Bt
1347 416 1846 488 CHRONICON.
1886 456 1957 472 -—
1989 420 2143 488 LIB.
2177 418 2226 489 Ι.
3409 418 3485 484 62

110 553 315 625 mania.
347 552 646 614 Germania
679 569 817 615 vero
841 560 1048 627 gentes
1080 554 1360 630 plurimas
1404 556 1608 616 habuit
1648 556 1720 617 fe-
1748 554 1804 619 Α
1832 560 2034 617 tuaest
2058 556 2363 629 Occidens,
2379 560 2459 628 et,
2477 559 2541 616 nt
2572 550 2832 615 referunt
2861 553 2958 628 qui
2981 560 3309 628 temporum
3338 553 3487 630 ipso-

116 644 251 703 rocis
294 646 463 702 animi
491 651 552 703 et
582 659 815 719 semper
845 646 1129 717 indomiti,
1163 648 1356 704 varias
1386 648 1600 705 amictu
1629 646 1715 716 ¹⁰⁰,

112 733 409 792 discolores
441 734 638 804 armis,
662 734 877 805 linguis
909 736 1189 806 dissonas,
1214 737 1439 807 origine
1469 738 1721 793 vocabu-

113 820 274 879 lorum
317 822 589 893 incertas,
620 828 684 880 ut
715 823 1037 894 Tolosates,
1072 826 1359 895 Ansivari,
1394 825 1717 895 Quadimgi,

111 911 485 981 Marcomanni,
512 913 763 982 Bruteri,
797 914 1040 983 Camasi,
1068 914 1383 985 Blangiani,
1408 916 1716 983 Tubantes,

110 1001 1023 1069 quorumimmanitasbarbariein
1047 1003 1190 1074 ipsis
1212 1003 1394 1060 eciam
1419 1004 1719 1060 vocabulis

110 1088 380 1145 horrorem
429 1091 716 1160 quendam
770 1091 1061 1160 signiﬁcat
1116 1092 1337 1164 [Onos.]
1376 1094 1548 1148 Juxta
1582 1092 1720 1147 Oro-

109 1175 233 1233 sium
278 1182 535 1235 autorem
588 1179 641 1235 in
694 1180 1019 1249 Germania,
1066 1182 1161 1237 ubi
1214 1181 1386 1237 Suevi
1431 1181 1714 1251 habitant,

108 1270 221 1321 sunt
248 1271 446 1335 gentes
475 1270 563 1324 54.
597 1269 824 1340 Europa
860 1268 1034 1325 habet
1066 1270 1140 1325 ab
1180 1269 1408 1326 oriente
1458 1269 1716 1326 Alaniam

106 1353 237 1410 unde
265 1353 473 1424 Alani;
503 1354 559 1411 in
593 1356 784 1413 medio
814 1357 1067 1427 Daciam,
1104 1358 1255 1414 unde
1304 1358 1486 1423 Dani;
1522 1358 1617 1414 ubi
1659 1364 1719 1414 et

105 1443 307 1513 Gothia,
323 1444 455 1500 inde
468 1444 663 1512 Gothi;
678 1445 888 1502 deinde
903 1446 1262 1502 Germaniam
1286 1446 1713 1519 [Paun.!Diac.].

105 1531 176 1586 Ah
203 1531 301 1587 hac
330 1546 472 1601 ergo
506 1533 790 1605 populosa
823 1535 1144 1604 Germania,
1163 1540 1224 1591 ut
1254 1537 1306 1590 in
1335 1536 1582 1593 Historia
1608 1538 1718 1592 Ita-

102 1618 264 1677 lorum
279 1626 562 1692 scrtptum
578 1623 913 1695 repperitur
927 1623 1078 1680 libro
1097 1625 1135 1693 Ι,
1153 1639 1278 1695 cap.
1299 1630 1348 1694 1,
1366 1624 1563 1682 multae
1579 1639 1716 1697 sepe

99 1714 281 1777 gentes
297 1724 552 1779 egressae
576 1716 730 1780 sunt,
748 1726 817 1767 eo
832 1713 984 1783 quod
1008 1716 1203 1769 tantos
1223 1713 1422 1783 gignat
1445 1713 1712 1785 populos,

99 1803 320 1866 quantos
341 1798 497 1856 alere
530 1801 626 1857 vix
657 1801 892 1870 suﬁieit,
928 1816 1055 1872 quae
1096 1806 1154 1858 et
1206 1807 1405 1873 partes
1456 1803 1608 1859 Asiae
1656 1808 1712 1859 et

1833 662 1958 705 rum
1974 646 2234 720 pericula
2248 648 2879 717 eonscripserunt,non
2898 645 3003 703 fuit
3021 645 3234 703 civitas
3248 651 3347 703 aut
3364 660 3483 702 cas-

1827 741 1983 794 trum
2001 738 2056 795 in
2077 737 2280 807 Gallia,
2302 737 2453 808 quod
2480 736 2748 806 effugerit
2769 735 3227 805 indignationem
3254 749 3475 792 eorum.

1831 827 2053 883 Turmis
2076 828 2225 884 enim
2250 828 2321 883 de
2341 843 2400 883 se
2426 826 2614 895 factis,
2633 824 2840 881 ﬂuvios
2862 824 3097 894 Padum,
3117 823 3475 892 Rhodanum,

1831 915 2111 983 Rhenum,
2148 915 2414 985 Ligerim,
2451 915 2719 982 Sennam,
2757 914 3079 969 Garunnam
3134 918 3193 969 et
3243 916 3480 969 ceteros

1831 1004 2143 1071 intravere,
2169 1010 2229 1060 et
2261 1003 2446 1059 navali
2487 1003 2686 1074 praelia
2716 1002 3106 1072 terrestrique
3133 1003 3309 1058 urbes
3334 1002 3387 1057 in
3418 999 3476 1057 fl-

1832 1093 1999 1149 nibus
2032 1093 2254 1163 positas
2288 1094 2699 1163 irrumpentes,
2734 1090 3090 1146 intolerabili
3142 1090 3385 1148 audacia
3418 1093 3474 1146 et

1828 1182 2180 1238 crudelitate
2224 1182 2413 1237 omnia
2469 1195 2699 1251 pessum
2749 1180 2983 1235 dedere.
3021 1180 3126 1247 Qui
3174 1180 3327 1236 enim
3375 1194 3479 1252 per

1830 1271 2087 1327 Rhenum
2121 1270 2526 1339 ascenderunt,
2561 1268 2734 1324 urbes
2759 1282 2939 1340 super
2963 1269 3222 1325 Rhenum
3256 1269 3478 1340 positas

1829 1362 1929 1415 103
1953 1359 2395 1427 destruxerunt,
2424 1357 2554 1412 inde
2579 1357 2648 1413 ad
2672 1370 2772 1412 eas
2798 1372 2978 1428 super
3000 1357 3206 1413 ﬂuvios
3239 1357 3294 1412 in
3329 1357 3475 1412 Rhe~

1830 1461 1962 1502 num
1996 1447 2416 1503 descendentes
2448 1446 2672 1517 positas
2706 1460 2768 1501 se
2817 1446 3187 1502 conferentes
3227 1450 3298 1502 75
3345 1445 3471 1517 pari

1828 1539 1988 1592 sorte
2019 1540 2481 1607 prostraverunt,
2506 1536 2612 1601 Qui
2641 1550 2778 1591 vero
2815 1550 2917 1606 per
2949 1535 3306 1605 Rhodanum,
3336 1538 3468 1601 Are,

1830 1624 2028 1695 latum,
2091 1628 2459 1695 Nemausum,
2519 1626 2827 1694 Vivariam,
2892 1624 3237 1695 Valentiam,
3286 1623 3466 1694 Diam,

1829 1713 2771 1785 Gratianopolim,Viennam,Lugd
2784 1729 2955 1769 unum
2972 1713 3268 1784 Italiaeque
3281 1713 3470 1770 omnia

1826 1802 2016 1858 vicina
2035 1803 2471 1865 contriverunt;
2498 1809 2558 1857 et
2581 1804 2674 1873 qui
2703 1817 2803 1873 per
2823 1802 3038 1858 Padum
3058 1806 3117 1857 et
3144 1802 3387 1871 Ligerim
3413 1808 3473 1857 et

100 1887 319 1943 maxime
368 1889 661 1961 Europam
712 1889 819 1944 sibi
863 1890 1194 1959 contiguam
1236 1891 1582 1947 afflixerunt.
1617 1895 1716 1949 Te-
1745 1913 1797 1973 Β
1829 1890 2148 1947 Garonuam
2197 1894 2256 1947 et
2314 1891 2555 1947 Sennam
2609 1890 2983 1960 reliquosque
3030 1890 3257 1960 ﬂuvios,
3296 1888 3470 1945 simul

100 1978 308 2033 stantur
336 1977 444 2033 hoc
477 1978 658 2035 urbes
685 1982 871 2034 erutae
902 1993 1004 2049 per
1034 1978 1312 2036 llliricum
1341 1985 1400 2036 et
1429 1979 1665 2036 Galliam
1695 1998 1710 2046 ;

100 2061 243 2119 Gothi
272 2065 419 2121 enim
451 2060 523 2121 et
544 2065 809 2122 Wandali
833 2070 894 2122 et
911 2066 1055 2136 Rugi
1079 2072 1139 2123 et
1162 2067 1356 2123 Heruli
1380 2073 1556 2138 atque
1578 2071 1714 2125 Tur-

98 2150 290 2224 cilingi,
322 2168 423 2210 nec
457 2170 572 2211 non
607 2159 669 2209 et
698 2154 827 2211 aliae
861 2155 1086 2212 feroces
1117 2156 1384 2213 nationes
1400 2158 1471 2212 ab
1488 2172 1554 2213 ea
1582 2174 1713 2228 pro-

99 2239 323 2313 dierunt,
358 2242 480 2313 pari
512 2242 690 2299 etiam
724 2243 893 2302 modo
924 2247 982 2299 et
1031 2244 1368 2301 Winilorum
1410 2244 1498 2314 ίοι,
1530 2246 1588 2301 id
1618 2250 1712 2302 est

101 2328 599 2401 Langobardorum,
616 2346 761 2401 gens
784 2347 812 2387 a
840 2332 1138 2389 Germanis
1157 2333 1438 2402 originem
1463 2334 1705 2406 ducens,

99 2418 158 2473 ab
174 2418 346 2475 insula
361 2434 488 2489 quae
509 2419 893 2477 Scandinavia
918 2420 1137 2477 dicitur
1160 2421 1515 2478 adventavit.
1534 2424 1708 2490 Queri

98 2506 255 2562 eciam
283 2512 477 2579 potest
511 2507 655 2580 quid
690 2523 883 2565 rerum
916 2509 1089 2566 fuerit
1120 2510 1276 2581 quod
1307 2514 1397 2566 tot
1434 2516 1493 2567 et
1530 2516 1711 2569 tantas

102 2594 387 2654 ferocitatis
414 2602 629 2668 gentes
659 2598 716 2653 in
744 2613 918 2654 unum
940 2586 1287 2667 coaluerint,
1314 2615 1442 2671 quae
1475 2614 1536 2657 se
1567 2602 1712 2659 invi-

98 2698 202 2739 cem
231 2685 521 2743 multoties
553 2686 808 2743 diversis
838 2686 1099 2744 caedibus
1131 2689 1583 2760 populabantur.
1621 2692 1715 2747 Hi-

86 2774 249 2829 storia
300 2773 419 2832 haec
470 2774 774 2832 notissima
826 2778 913 2831 est
967 2775 1164 2846 (Osos.
1200 2778 1323 2848 vn.]
1355 2778 1714 2835 Theodosius

101 2861 268 2918 senior
282 2868 488 2934 gentes
509 2861 839 2921 haseﬂ‘eras
851 2869 911 2921 et
926 2864 1235 2923 indomitas
1254 2866 1477 2936 magnis
1494 2868 1714 2937 praeliis

103 2949 306 3022 fuderit,
329 2956 522 3011 tamen
548 2954 684 3024 post
731 2953 860 3023 ejus
892 2954 1116 3010 obitum
1149 2955 1346 3011 addita
1376 2955 1462 3012 eis
1494 2954 1561 2989 ¹⁰²
1588 2971 1716 3013 sce-

104 3036 202 3094 lera
231 3045 285 3096 et
316 3040 533 3113 praelia,
564 3040 822 3099 insolens
841 3041 1159 3099 animae"...
1189 3042 1348 3100 vitia.
1381 3044 1486 3100 Hic
1515 3059 1712 3102 curam

104 3124 350 3186 infantum
381 3129 660 3188 Archadii
688 3128 757 3164 ¹⁰³
783 3129 1061 3187 videlicet
1084 3135 1141 3187 et
1177 3131 1415 3188 Honorii
1447 3132 1514 3166 ¹⁰⁴
1541 3137 1600 3188 et
1633 3133 1719 3189 di-

1827 1981 2004 2035 urbes
2032 1984 2089 2035 et
2123 1980 2309 2035 omnia
2344 1980 2461 2035 situ
2496 1979 2688 2034 vicina
2717 1982 3208 2049 consumpserunt
3248 1997 3259 2031 :
3295 1983 3352 2033 et
3391 1979 3468 2033 ita

1824 2069 1982 2122 terra
2016 2068 2275 2138 marique
2295 2082 2407 2123 uno
2431 2068 2803 2138 impetu,uno
2837 2070 3115 2137 tempore,
3141 2068 3248 2123 sub
3272 2067 3471 2122 multis

1824 2160 2014 2211 tamen
2048 2156 2285 2225 regibus
2315 2161 2371 2211 et
2403 2156 2654 2211 ducibus
2690 2155 2954 2211 universa
2991 2154 3161 2211 simul
3195 2156 3470 2212 confude-

1825 2247 1957 2300 runt
1993 2245 2315 2316 [Pnosren].
2356 2244 2643 2301 Archadio
2676 2242 2743 2276 ¹⁰⁶
2764 2248 2795 2299 6
2817 2248 2875 2299 et
2909 2245 3098 2299 Probo
3130 2243 3472 2301 consulibus

1821 2333 2081 2389 Wandali
2116 2338 2174 2389 et
2210 2333 2372 2389 Alani
2419 2338 2729 2388 transeunt
2763 2333 3002 2400 Renum,
3038 2337 3098 2387 et
3128 2337 3162 2388 2
3191 2332 3311 2388 Kal.
3342 2334 3465 2389 Jan.

1823 2421 2061 2477 Galliam
2096 2423 2340 2492 ingressi
2368 2427 2521 2489 sunt,
2541 2420 2793 2476 Honorio
2815 2426 2847 2477 8
2868 2424 2926 2476 et
2956 2420 3273 2477 Theodosio
3297 2426 3471 2479 icon'

1823 2510 2048 2567 salibus
2090 2511 2338 2582 [Onus].
2376 2512 2539 2566 Anno
2584 2511 2656 2565 ab
2688 2510 2800 2565 inc.
2838 2512 2994 2565 Dom.
3028 2515 3149 2580 407,
3187 2510 3472 2581 imperan-

1827 2598 1984 2654 tibus
2019 2599 2270 2655 Honorio
2295 2604 2352 2655 et
2376 2598 2701 2654 Theodosio
2726 2598 2967 2667 minore,
2986 2598 3263 2654 Stilicone
3287 2603 3346 2655 et
3368 2602 3470 2656 Au-

1828 2687 2048 2743 reliano
2079 2688 2442 2757 consulibus,
2465 2702 2613 2743 anno
2646 2687 2807 2757 regni
2843 2687 3076 2742 Honorii
3112 2691 3181 2744 14
3209 2694 3264 2742 et
3295 2688 3472 2745 Theo-

1828 2776 1971 2831 desii
2008 2783 2056 2847 1,
2093 2776 2412 2834 indictione
2445 2776 2666 2847 quinta,
2705 2777 2775 2832 de
2816 2776 2957 2832 mari
3006 2791 3224 2833 oceano
3272 2791 3472 2833 ascen-

1828 2865 2053 2935 dentes,
2080 2880 2193 2936 quo
2223 2866 2542 2938 pyraticam
2567 2868 2912 2921 exercentes
2936 2866 3318 2935 vagabantur,
3344 2866 3443 2921 Gal

1831 2953 1937 3009 tias
1968 2954 2247 3011 invadunt
2266 2959 2321 3010 et
2349 2956 2666 3027 Pyreneum
2693 2968 2877 3025 usque
2902 2954 3266 3024 perveniunt.
3294 2955 3471 3025 Cujus

1829 3043 1995 3099 obice
2025 3044 2093 3098 ad
2128 3046 2361 3114 tempus
2394 3042 2646 3115 repulsae
2670 3058 2775 3115 per
2799 3042 3126 3114 provincias
3150 3042 3473 3099 diffundun-

1833 3138 1943 3195 tur,
1978 3138 2036 3187 et
2070 3132 2295 3189 eﬂ‘erati
2342 3132 2553 3189 mentis
2588 3132 2885 3203 superbia,
2920 3132 3054 3188 dum
3103 3131 3213 3187 sibi
3256 3132 3470 3188 nullam

102 3215 370 3287 sciplinam
393 3217 600 3291 palatii
622 3218 998 3276 commiserat
1020 3218 1163 3276 viris
1185 3219 1574 3291 peritissimis.
1602 3223 1716 3278 Ru-
1748 3268 1796 3329 Ο
1826 3226 2056 3289 gentem
2076 3221 2594 3291 putantresistere,
2612 3220 2852 3291 grandia
2871 3235 3116 3291 qumque
3133 3219 3264 3277 moli
3276 3223 3468 3289 untur,

103 3303 193 3329 Ω..-
226 3306 511 3329 ..-2-..ι..12-
573 3306 836 3329 n.:|:..-..:
885 3307 1261 3329 -_-:_I-_.A-l__
1313 3309 1575 3329 2..-..-439,
1620 3312 1710 3329 -AJ
1832 3314 1881 3329 ,ι
1906 3310 1999 3329 ,ηι-
2030 3324 2157 3329 Α-....
2190 3312 2398 3329 n__---
2433 3316 2620 3329 ι-..⁴--
2652 3323 2972 3329 -..-..-----..
2999 3309 3248 3329 -_-:n-“
3273 3308 3468 3329 .12.:_‘:

102 3303 196 3361 tino
222 3306 533 3379 orientalis,
572 3306 836 3364 Stiliconi
880 3307 1263 3365 occidentalis
1313 3309 1580 3382 imperii;
1613 3312 1714 3369 sed

101 3392 228 3451 alius
249 3396 373 3466 sibi,
399 3396 555 3453 alius
587 3394 707 3451 filio
740 3410 847 3453 suo
870 3395 1150 3454 affectans
1177 3397 1372 3468 regale
1399 3398 1713 3471 fastigium,

104 3496 202 3539 rem
240 3485 595 3556 republicam
646 3486 926 3542 turbavit.
984 3487 1064 3541 Ita
1118 3492 1250 3557 post
1276 3487 1473 3557 [hujus
1520 3503 1717 3546 necem

104 3571 477 3633 Wandalorum
526 3588 751 3644 comes,
805 3578 868 3631 ut
918 3575 1265 3631 Eucherium
1317 3575 1496 3632 filium
1548 3592 1716 3634 suum

104 3671 129 3712 a
179 3675 341 3731 puero
384 3663 841 3720 Christianorum
892 3678 1090 3720 necem
1129 3664 1426 3721 sitientem
1461 3680 1717 3737 purpura

106 3746 360 3821 indueret,
396 3753 587 3809 totius
645 3751 876 3808 humani
936 3752 1172 3823 generis
1231 3754 1570 3823 sanguinem
1623 3754 1722 3811 de-

105 3834 249 3907 didit,
276 3855 400 3897 cum
434 3840 733 3897 Alaricum
791 3845 850 3897 et
900 3846 1167 3898 cunctam
1220 3842 1536 3899 Gothorum
1585 3858 1722 3913 gen-

107 3928 201 3981 tem
229 3933 537 4001 gentesque
572 3928 719 3985 alias
752 3931 1010 4000 prefatas
1041 3929 1228 4001 copiis
1258 3934 1315 3986 et
1365 3930 1589 3988 viribus
1639 3932 1722 3989 in-

106 4012 415 4073 tolerabiles
462 4016 840 4086 Halanorum,
872 4018 1191 4074 Suevorum
1223 4021 1279 4073 et
1312 4018 1720 4076 Wandalorum

108 4100 320 4174 ipsoque
350 4110 508 4163 motu
544 4104 930 4176 impulsorum
971 4106 1470 4178 Burgundionum,
1503 4108 1574 4164 ad
1607 4113 1723 4165 ter-

107 4190 315 4249 rendam
345 4209 460 4250 rem
494 4193 791 4267 publicam
849 4194 1005 4251 ultro
1065 4194 1122 4250 in
1174 4208 1329 4251 arma
1392 4195 1722 4253 sollicitans

108 4280 402 4353 suscitavit,
431 4297 685 4356 sperans
716 4283 870 4354 quod
896 4283 1160 4339 barbarae
1181 4286 1389 4353 gentes
1414 4290 1528 4340 tam
1555 4284 1722 4341 facile

106 4366 332 4427 valerent
389 4370 699 4444 comprimi
755 4386 925 4442 quam
964 4373 1341 4429 commoveri.
1419 4373 1557 4439 Quae
1620 4373 1722 4428 ubi

110 4454 331 4515 Honorio
375 4459 653 4518 nunciata
687 4462 843 4529 sunt,
878 4463 1169 4516 commoto
1195 4460 1455 4517 exercitu
1488 4461 1723 4517 occisus

106 4549 183 4599 est
210 4546 458 4619 Stilicho,
483 4548 725 4606 occisus
756 4552 813 4605 et
845 4548 1169 4605 Eucherius
1201 4553 1257 4606 et
1289 4549 1457 4621 pauci
1483 4564 1609 4606 cum
1633 4550 1721 4607 eis

1827 3310 2007 3365 etsub
2028 3324 2163 3380 rege
2188 3312 2406 3366 Cresco
2433 3316 2622 3366 terras
2645 3323 2977 3366 omnessuae
2992 3308 3472 3379 cogitantditioni

1829 3397 2117 3467 subjicere
2148 3398 2249 3469 (Cf.
2300 3399 2435 3455 Vita
2471 3398 2730 3468 Antidii).
2766 3399 2887 3454 Rex
2917 3395 2985 3431 ¹⁰⁶
3031 3402 3225 3453 autem
3274 3412 3473 3454 eorum

1832 3485 2278 3557 potentissimus
2307 3490 2364 3543 et
2401 3486 2673 3558 princeps
2724 3487 2973 3543 Croscus
3027 3485 3155 3555 fuit,
3201 3486 3475 3557 superbia

1827 3573 2105 3641 tumidus,
2130 3589 2307 3646 opere
2324 3575 2599 3631 crudelis.
2619 3573 2841 3631 Clamat
2869 3575 2976 3631 hoc
3001 3573 3307 3631 universus
3332 3590 3476 3646 pene

1832 3662 2135 3733 Occidens,
2166 3663 2331 3719 ruina
2356 3663 2478 3735 ipsa
2500 3664 2728 3720 urbium
2752 3663 3145 3733 antiquarum,
3162 3663 3481 3719 munitissi-

1832 3766 2052 3807 marum
2073 3756 2132 3807 et
2154 3756 2605 3824 praspotentum,
2626 3766 2753 3822 quae
2778 3756 2997 3821 quanto
3022 3751 3341 3808 vicinorum
3367 3751 3477 3807 sibi

1835 3840 2146 3897 ﬂuviorum
2214 3840 2472 3911 propiori
2524 3840 2959 3909 applaudebant
3012 3840 3475 3909 opportunitate,

1835 3932 1997 3985 tanto
2018 3928 2319 3998 graviores
2338 3932 2393 3983 et
2414 3926 2779 3983 crudeliores
2802 3927 2936 3982 illos
2959 3932 3274 3981 senserunt
3292 3927 3346 3981 in
3373 3942 3478 3984 sua

1832 4016 2206 4086 contritione,
2233 4016 2429 4085 utjam
2463 4030 2534 4071 ex
2560 4018 2725 4086 parte
2754 4014 2981 4086 impleri
3004 4014 3309 4069 videretur
3336 4014 3478 4070 illud

1834 4104 2260 4177 prepheticum:
2279 4106 2493 4177 Pugna
2502 4104 2703 4175 bitpro
2716 4117 2778 4159 eo
2791 4102 2952 4162 orbis
2967 4104 3265 4159 terrarum
3275 4103 3483 4160 contra

1832 4194 2165 4252 insensatos
2187 4194 2353 4265 (Sep.
2390 4209 2443 4263 v,
2477 4192 2589 4264 2t).
2613 4192 2751 4259 Quae
2782 4192 2932 4249 enim
2969 4193 3198 4248 fuerant
3223 4191 3483 4263 aliquan-

1834 4284 1908 4340 do
1941 4282 2313 4338 incitamenta
2347 4282 2616 4352 luxuriae,
2645 4282 2796 4339 facta
2822 4286 2957 4339 sunt
2979 4280 3064 4337 eis
3089 4281 3339 4337 fomenta
3365 4282 3483 4336 rui-

1835 4386 1942 4441 nae,
1981 4376 2045 4427 ut
2078 4372 2131 4425 in
2164 4386 2278 4441 quo
2306 4371 2546 4441 gravius
2572 4375 2981 4442 peccaverant,
3018 4369 3072 4425 in
3105 4384 3170 4425 ca
3217 4370 3481 4426 severius

1837 4459 2204 4531 punirentur.
2242 4460 2325 4515 Ad
2358 4460 2679 4528 augendam
2739 4459 3103 4515 ferocitatem
3153 4458 3326 4514 animi
3356 4457 3483 4527 ejus

1837 4548 2087 4604 accessit
2121 4552 2181 4604 et
2212 4552 2397 4604 mater
2429 4548 2622 4619 impia,
2647 4548 2782 4603 felle
2805 4547 3213 4604 amaritudinis
3238 4550 3294 4601 et
3321 4547 3481 4602 rabie

110 4630 386 4706 satellites,
407 4639 710 4693 tantarum
736 4634 1099 4692 molitionum
1122 4639 1417 4692 auctores.
1442 4636 1725 4692 Verunta-
1753 4627 1807 4689 D
1839 4636 2055 4692 furoris
2075 4635 2296 4707 viperei
2321 4636 2637 4693 amaricata
2656 4635 2969 4707 [Fasces],
2989 4635 3296 4704 dirumque
3318 4634 3481 4690 virus

111 4729 220 4774 men
246 4722 428 4780 occiso
455 4724 558 4780 illo
591 4723 691 4795 qui
723 4723 828 4779 fuit
864 4724 1046 4795 prima
1091 4738 1263 4780 causa
1297 4723 1603 4793 malorum,
1640 4738 1726 4780 re-

1837 4725 2035 4780 et'ﬂans
2064 4729 2124 4780 et
2157 4724 2477 4795 impietatis
2500 4723 2709 4780 sibilos
2730 4724 3006 4779 emittens
3029 4722 3109 4779 ait
3130 4722 3247 4777 filio
3276 4723 3385 4778 ε.ςὲ
3406 4723 3479 4793 te,

114 4803 283 4864 ﬂoruit
312 4810 642 4882 iniquitatis
673 4811 1064 4869 seminarium.
1102 4813 1239 4868 Nam
1264 4815 1398 4868 ante
1432 4811 1725 4869 biennium
1824 4814 1951 4886 ﬁli,
1973 4813 2371 4884 magniﬁcare
2391 4813 2449 4868 et
2462 4826 2670 4869 nomen
2694 4813 2860 4869 tuum
2878 4812 3142 4869 dilatare
3157 4824 3486 4880 novamque

116 4891 349 4957 Romanae
364 4899 712 4973 irruptionis
726 4915 856 4972 quae
872 4901 1020 4958 facta
1037 4904 1128 4957 est
1144 4915 1248 4972 per
1263 4900 1553 4957 Alaricum
1575 4901 1729 4958 exei-

118 4986 274 5042 tatum
306 5002 404 5061 per
422 4991 674 5048 eundem
701 4991 1056 5061 Stiliconem,
1074 4995 1281 5061 gentes
1298 4990 1539 5062 prefatm
1560 4993 1728 5048 Wan-

115 5068 370 5147 datorum,
396 5078 731 5151 Alanorum,
758 5081 1075 5149 Hunorum,
1103 5081 1444 5150 Suevorum,
1470 5080 1728 5149 Burgun-

117 5157 324 5219 dionum
352 5171 409 5223 et
430 5166 746 5225 multarum
763 5168 1022 5237 gentium
1047 5172 1112 5225 ut
1134 5167 1447 5224 dicimus...
1471 5167 1592 5237 (fol.
1619 5167 1726 5240 38’)

117 5246 289 5307 Galliae
305 5254 374 5310 ab
394 5255 479 5313 eis
502 5257 823 5329 subversa},
840 5256 1146 5328 ascclesize,
1164 5257 1342 5314 urbes
1366 5259 1612 5327 exustae,
1637 5271 1729 5329 po-

119 5335 220 5401 puli
246 5342 516 5399 trucidati
545 5349 602 5402 et
629 5360 813 5417 usque
835 5347 906 5404 ad
928 5346 1385 5403 internecionem
1413 5344 1614 5415 deleti,
1642 5345 1720 5401 fa-

120 5422 381 5488 cientibus
396 5434 653 5504 peccatis
677 5434 1120 5493 inhabitantium
1155 5450 1301 5507 pene
1334 5438 1494 5491 totus
1526 5434 1727 5491 redac-

1834 4915 1960 4959 rem
1979 4902 2476 4973 colaerisfacere,
2498 4901 2657 4974 quod
2678 4901 2794 4957 alii
2811 4900 2905 4955 edi
2898 4901 3207 4971 ﬂcacernn
3216 4899 3257 4967 t,
3275 4899 3339 4953 tn
3359 4900 3485 4957 des-

1839 4989 2244 5061 trne,-p0pnlos
2256 5004 2403 5062 quos
2414 4989 2806 5058 superaveris,
2821 4988 2981 5044 inter
2973 4988 3122 5058 βοαί
3132 4988 3488 5046 inchristia-

1835 5092 1941 5136 nos
1956 5077 2235 5149 gladium
2246 5077 2411 5133 tamn
2423 5091 2615 5147 emere,
2641 5077 2713 5133 nt
2735 5077 2841 5147 qui
2850 5076 3085 5148 faciem
3096 5090 3209 5131 non
3221 5076 3491 5134 steterint

1837 5180 2046 5225 nomen
2066 5166 2234 5223 tuum
2254 5167 2517 5223 timeant.
2537 5166 2759 5233 Quibus
2786 5164 3182 5221 incitamentis
3205 5169 3488 5236 tyrannus

1840 5255 2016 5311 nimio
2050 5255 2244 5311 furore
2277 5268 2623 5323 succensus,
2648 5254 2907 5310 Rhenum
2942 5252 3095 5325 apud
3127 5254 3485 5323 Moguuciam

1840 5343 2150 5413 transiens,
2176 5342 2418 5398 eandem
2452 5342 2653 5397 urbem
2687 5356 2817 5398 cum
2851 5341 3066 5414 populo
3101 5342 3371 5399 vastavit.
3401 5343 3496 5411 (Cf

1839 5433 2022 5495 Gesta
2057 5433 2220 5490 Trec.
2244 5431 2333 5502 35)
2366 5429 2503 5486 lude
2532 5428 2898 5485 Trevirorum
2923 5432 3124 5487 urbem
3147 5445 3485 5501 aggressus,

1442 5558 1678 5614 VABIE
1721 5556 2122 5614 LECTIONES.

127 5640 460 5743 m‘talgicis
491 5668 558 5743 ξ.
640 5655 1090 5743 ιοιλγεῃίιεεύξη
1335 5655 1675 5743 Ψλρόοιςυη)
1708 5670 1763 5743 σέ
1834 5652 1903 5688 ¹⁰²
1931 5653 2199 5743 eichonj.
2233 5667 2333 5709 eas
2369 5665 2416 5709 c.
2581 5651 2909 5743 archadius
2938 5665 3086 5743 corr.
3134 5649 3413 5743 archa_dii_
3436 5663 3482 5707 ο.

208 5726 273 5769 ειτ
298 5722 628 5792 conjectum
653 5727 879 5787 addidi.
916 5726 985 5761 ⁵⁸³⁸
1018 5726 1712 5801 Archadio—Theodosio
1731 5732 1764 5784 2
1786 5724 2131 5783 consulibus
2163 5723 2230 5781 in
2261 5737 2448 5795 marg.
2487 5722 2554 5755 1°“
2580 5722 3123 5793 Rex—punirentur
3150 5721 3218 5776 in
3240 5730 3432 5791 mam.
