3898 6382
424 413 506 485 68
1385 421 1753 491 HUGONIS
1793 421 2146 488 ABBATIS
2189 421 2265 485 Fl
2277 420 2873 488 .AVINIACENSIS
3735 427 3800 490 6t

431 553 839 615 exterminium
859 555 1118 616 civitatis
1137 561 1194 616 et
1211 556 1661 618 cbristianorum
1685 559 1928 619 siciehat
1941 572 2070 617 san-
2098 556 2152 621 A
2183 555 2334 616 blica
2361 557 2386 614 ?
2410 555 2612 618 hostes
2636 558 2914 618 Pannonii
2945 561 3346 619 vastaverunt.
3382 557 3603 620 Etenim
3640 560 3692 618 A:
3713 575 3806 620 sur

427 645 680 717 guinem.
715 646 736 718 (
753 647 885 705 Vita
917 647 1154 718 Antidii)
1185 649 1472 707 Treverici
1524 665 1664 707 vero
1712 650 1768 706 in
1801 649 2069 706 arenario

433 733 694 792 civitatis
726 750 896 806 quem
927 736 1255 793 munierant
1287 737 1517 794 liberati
1551 743 1709 796 sunt.
1741 738 1949 795 Plures
1976 737 2074 793 de-

433 821 567 879 hinc
600 825 1036 882 Austrasiorum
1067 825 1339 883 civitates
1368 826 1590 884 vallans
1635 824 2072 884 innumerabilis

433 925 631 968 eorum
656 914 954 972 exercitus
978 921 1110 986 post
1133 915 1465 974 destructas
1492 918 1663 974 urbes
1681 921 1737 971 et
1758 930 1962 973 eversa
1983 931 2073 972 ca-

434 1004 554 1057 stra
587 1003 804 1059 Mettim
830 1003 1136 1062 obsidione
1156 1005 1502 1076 circumdat,
1525 1020 1816 1063 murorum
1839 1005 2076 1061 ﬂrmita-

434 1093 551 1146 tem
584 1093 795 1150 crebro
825 1093 1019 1165 pulsat
1050 1095 1254 1164 ariete,
1278 1095 1378 1152 sed
1401 1095 1510 1151 nisi
1536 1094 1928 1167 praepedirent
1951 1108 2076 1150 scc-

433 1177 554 1236 lera
586 1184 643 1235 et
678 1180 921 1237 crimina
953 1181 1346 1240 habitatorum
1395 1188 1587 1252 terrae,
1620 1197 1732 1239 non
1776 1182 2075 1238 timuisset

441 1267 663 1324 ruinam
695 1269 904 1326 civitas
937 1271 1092 1326 beati
1127 1271 1617 1344 prothomartyris
1645 1271 1921 1343 Stephani
1946 1269 2077 1327 illu-

437 1360 622 1414 strata
655 1359 956 1428 sanguine.
985 1363 1040 1414 et
1077 1361 1345 1417 Auctoris
1374 1361 1630 1433 episcopi
1656 1360 1876 1417 munita
1901 1361 2078 1416 inter-

441 1447 727 1502 cessione.
765 1448 861 1504 Eis
893 1447 1092 1519 itaque
1124 1465 1325 1521 parum
1369 1449 1812 1521 proﬁcientibus
1850 1449 2074 1505 diutina

439 1535 738 1593 obsidione
753 1537 1069 1607 urbemque
1085 1538 1568 1609 relinquentibus,
1587 1553 1714 1594 cum
1732 1537 2076 1594 duodecimo

443 1625 516 1680 ab
549 1625 692 1680 urbe
724 1625 972 1681 miliario
994 1631 1184 1682 castra
1207 1627 1562 1698 posuissent,
1590 1643 1787 1684 murus
1810 1632 1968 1683 mutu
1993 1626 2077 1682 di-

440 1713 575 1768 vino
607 1728 887 1771 corruens
936 1714 1231 1771 Wandalis
1275 1715 1548 1785 patefecit
1595 1715 1936 1785 ingressum.
1973 1717 2077 1772 De-

439 1802 696 1873 praedata
723 1801 900 1873 igitur
922 1805 1064 1860 urbe
1079 1804 1507 1874 etconﬂagrata
1523 1805 1808 1874 incendio,
1827 1809 2074 1876 excepto

2183 649 2347 704 venit
2378 664 2506 706 cum
2539 648 2670 707 illis.
2697 650 3096 720 Magonciacus
3130 649 3348 708 nobilis
3377 649 3658 722 quondam
3682 670 3694 707 t
3719 651 3807 707 ivi-

2187 741 2278 794 tas
2296 742 2466 810 capta
2490 742 2664 810 atque
2687 739 2991 810 subversa,
3018 743 3075 794 et
3101 739 3155 794 in
3175 737 3437 796 aecclesia
3462 739 3638 794 multa
3664 753 3694 794 n
3720 739 3805 796 ilia

2184 826 2478 883 hominum
2511 827 2828 898 trucidata,
2851 829 3174 898 Vangiones
3195 828 3361 896 longa
3393 827 3694 885 obsidione
3723 829 3809 885 dc-

2186 915 2310 986 leti,
2338 917 2642 973 Remorum
2670 917 2810 972 urbs
2831 915 3487 988 praepotens,Ambiani,
3506 917 3696 972 Atreh:
3721 920 3804 987 tae,

2186 1003 2548 1076 extremique
2603 1005 2894 1062 hominum
2947 1004 3168 1065 Morini.
3200 1006 3509 1075 Tornacus,
3546 1007 3692 1075 Arge
3713 1010 3810 1062 ito-

2187 1107 2359 1150 racus
2395 1093 2690 1151 translata
2722 1095 2775 1149 in
2809 1093 3190 1163 Germaniam,
3220 1093 3564 1164 Aquitanize,
3589 1095 3696 1150 Nov
3713 1109 3810 1150 em-

2191 1181 2474 1254 pobulana
2509 1181 2596 1254 ίω,
2631 1182 3030 1252 Lugdunensis
3063 1196 3296 1254 quoque
3331 1186 3392 1238 et
3431 1182 3810 1240 Narbonensis

2189 1271 2542 1342 provincizc;
2579 1276 2794 1343 praeter
2828 1285 3042 1344 paucas
3077 1272 3260 1328 urbes
3297 1277 3506 1328 cuncta
3546 1271 3810 1343 populata

2189 1364 2346 1427 sunt,
2382 1375 2525 1430 quas
2555 1364 2610 1414 et
2648 1359 2806 1430 ipsas
2842 1359 2982 1414 foris
3021 1359 3272 1428 gladius,
3308 1359 3464 1415 intus
3513 1361 3700 1415 vastat
3750 1358 3812 1413 ti-

2189 1463 2331 1506 mor.
2369 1451 2486 1505 Non
2521 1464 2752 1522 possum
2797 1450 3020 1520 absque
3070 1449 3324 1506 lacrimis
3372 1449 3591 1505 Tolosae
3633 1450 3812 1505 facere

2189 1539 2564 1608 mentionem,
2594 1554 2722 1609 qua:
2773 1543 2834 1594 ut
2879 1539 3177 1608 hucusque
3231 1553 3341 1594 non
3393 1541 3611 1607 rueret,
3642 1537 3810 1594 sancti

2189 1628 2462 1700 Exuperii
2480 1629 2683 1683 merita
2704 1627 3109 1698 prestiterunt.
3130 1628 3276 1698 Ipsae
3291 1626 3576 1698 Hispania:
3595 1627 3814 1698 jamque

2188 1717 2468 1787 peritura;
2515 1717 2994 1784 contremiscunt,
3049 1713 3428 1771 recordantes
3483 1713 3815 1786 irruptionis

2191 1805 2528 1874 Cymhric:e,
2554 1807 2784 1875 etquod
2821 1805 2918 1860 alii
2950 1803 3128 1860 semel
3162 1803 3316 1876 passi
3339 1807 3497 1874 sunt,
3522 1803 3665 1876 ipsa:
3687 1815 3817 1859 sem-

439 1891 623 1947 sancti
656 1891 929 1962 Stephani
963 1893 1240 1964 oratorio,
1275 1893 1499 1963 egressi
1533 1899 1666 1950 sunt
1691 1893 1944 1963 barbari,
1967 1895 2076 1948 Au-
2103 1913 2160 1974 Β
2191 1908 2293 1965 per
2324 1894 2530 1950 timore
2565 1898 2882 1965 patiuntur.
2918 1916 2943 1940 ι

441 1984 662 2036 ctorem
694 1981 1032 2052 episcopum
1062 1987 1122 2037 et
1153 1983 1419 2054 captivos
1451 1982 1731 2054 plurimos
1761 1982 2074 2049 ducentes;

445 2082 616 2139 quem
641 2085 791 2140 mox,
812 2070 1092 2128 miraculo
1111 2071 1307 2128 divino
1327 2071 1648 2142 perterriti,
1663 2087 1793 2127 cum
1809 2071 2078 2127 omnibus

443 2172 566 2213 suae
595 2158 855 2216 civitatis
881 2159 1128 2229 captivis
1159 2165 1219 2215 et
1253 2159 1445 2231 praeda
1478 2159 1882 2216 innumerabili
1917 2159 2079 2216 abire

442 2245 661 2315 sinunt,
698 2247 844 2303 satis
873 2251 1141 2304 verentes
1173 2263 1243 2304 ne
1274 2263 1380 2320 pro
1409 2248 1552 2303 tanti
1587 2247 1696 2304 viri
1728 2247 2079 2304 contumelia

439 2333 663 2390 celeste
692 2349 793 2390 eos
823 2335 1208 2404 conﬂagraret
1236 2336 1582 2392 incendium.
1606 2335 1696 2392 Sic
1725 2335 1814 2390 vir
1842 2341 2082 2392 sanctus

445 2421 582 2479 dum
627 2437 734 2494 pro
782 2423 992 2480 ovibus
1032 2425 1176 2480 mori
1227 2424 1544 2493 desiderat,
1591 2423 1931 2496 captivitate
1981 2440 2081 2480 sua

444 2510 811 2581 captivorum
845 2511 1020 2567 solvit
1051 2513 1303 2569 vincula.
1341 2514 1565 2569 Interea
1598 2517 1792 2569 castra
1827 2511 2079 2582 illorum,

438 2599 660 2669 junctis
689 2599 797 2656 sibi
835 2601 1014 2657 Hunis
1045 2601 1140 2672 qui
1175 2617 1279 2673 per
1312 2603 1568 2658 Rhenum
1602 2603 1815 2658 Mosam
1845 2602 2081 2658 ﬂuvium

445 2687 890 2759 descenderant,
927 2689 1244 2746 Virdunum
1295 2691 1631 2761 adveniunt,
1683 2692 1886 2747 urbem
1935 2692 2087 2747 obsi-

445 2776 620 2832 dione
652 2777 1034 2842 circumdant,
1055 2778 1108 2833 in
1137 2779 1396 2850 proximo
1412 2779 1563 2836 colle
1582 2794 1653 2835 ex
1676 2779 1923 2836 adverso
1945 2780 2086 2836 civi-

449 2865 589 2922 tatis
611 2870 872 2922 castrum
893 2865 1207 2936 collocant,
1234 2867 1385 2924 unde
1409 2869 1812 2939 frequentibus
1827 2868 2086 2940 eruptio-

444 2954 964 3030 nibuspppidanos
986 2957 1321 3028 pertubant.
1347 2957 1527 3014 Villas
1549 2971 1748 3014 omnes
1764 2957 1816 3012 in
1831 2957 2084 3014 circuitu

446 3043 666 3115 positas
713 3043 862 3100 edax
915 3044 1138 3100 ﬂamma
1185 3045 1566 3118 consumpsit,
1610 3045 1836 3103 ediﬂcia
1895 3046 2086 3103 omnia

449 3132 612 3188 ruina
645 3132 946 3205 contrivit,
981 3133 1125 3191 nulli
1157 3137 1245 3190 est
1279 3133 1568 3191 indultum
1600 3135 1759 3191 aitati
1787 3151 1802 3200 ;
1827 3148 1997 3192 senes
2027 3141 2083 3191 et

443 3221 711 3291 juvenes.
739 3237 949 3294 parvos
979 3227 1035 3280 et
1061 3237 1321 3294 magnos,
1349 3227 1567 3279 matres
1595 3239 1725 3280 cum
1748 3223 1975 3288 liberis,
1997 3223 2090 3280 do-

453 3309 639 3367 minos
683 3325 815 3368 cum
866 3311 1101 3370 familia.
1137 3311 1327 3368 omnia
1376 3311 1512 3366 tulit
1561 3311 1810 3382 gladius.
1846 3313 2087 3369 Barbari

450 3414 590 3457 vero
610 3399 833 3456 diutius
853 3404 1222 3472 attemptata,
1239 3399 1606 3458 considerata
1630 3405 1690 3455 et
1713 3400 1970 3472 inspecta
1995 3417 2090 3458 ur-

451 3487 541 3544 his
574 3487 869 3558 ﬁrmitate,
903 3493 964 3544 et
1015 3489 1226 3546 vicium
1273 3503 1334 3546 se
1385 3502 1606 3560 suaque
1654 3487 2088 3546 defendentium

455 3577 952 3648 magnanimitate,
971 3569 1097 3635 cum
1126 3577 1455 3634 diffiderent
1483 3591 1584 3634 sua
1616 3591 1741 3634 eam
1776 3593 1952 3650 posse
1980 3579 2092 3636 vir-

449 3671 578 3724 tute
611 3666 763 3740 capi,
795 3681 924 3738 qua:
953 3666 1302 3738 cingebatur
1325 3681 1490 3723 muro
1514 3665 2094 3737 indissolubili,com-

450 3756 642 3828 pactis
658 3761 716 3813 et
733 3756 1028 3813 consertis
1042 3754 1338 3827 lapidibus
1351 3753 1592 3827 plumbo
1609 3754 2090 3826 ferroque,etjam

451 3845 509 3901 in
540 3845 647 3902 hoc
677 3847 877 3902 essent
915 3850 977 3901 ut
1017 3843 1088 3900 ad
1123 3843 1233 3900 alia
1271 3857 1334 3899 se
1371 3843 1732 3912 conferrent,
1759 3843 1960 3899 urbem
2002 3859 2094 3900 ca-

451 3935 620 4007 piunt
641 3937 698 3990 et
726 3933 984 3990 diruunt.
1005 3934 1256 3990 Croscus
1278 3947 1420 3990 vero
1445 3931 1753 3989 universas
1778 3931 2091 3990 Galliarum

457 4024 636 4081 urbes
682 4021 1016 4094 pervolans.
1053 4021 1198 4077 alias
1229 4020 1466 4089 delevit,
1500 4019 1645 4077 alias
1675 4021 2088 4092 concremavit,

453 4119 512 4172 et
543 4112 878 4170 cbristianre
909 4111 1058 4183 legis
1084 4112 1341 4169 fautores
1363 4110 1564 4182 pravis
1583 4114 1642 4168 et
1664 4110 1943 4169 inauditis
1965 4126 2096 4184 per-

453 4200 908 4274 sequutionibus
937 4199 1228 4272 quatiens,
1262 4199 1542 4270 quosdam
1574 4199 1753 4256 variis
1799 4200 2094 4272 protraxit

461 4289 647 4364 penis,
683 4289 962 4361 quosdam
992 4289 1175 4345 citato
1206 4287 1394 4346 secuit
1427 4287 1543 4345 ictu
1578 4287 1864 4360 bipennis.
1890 4287 2098 4346 Nullus

461 4379 615 4436 enim
641 4382 771 4435 erat
812 4377 868 4434 in
909 4377 1179 4434 barbaris
1224 4375 1430 4433 modus
1475 4376 1744 4447 vesaniae,
1777 4376 1974 4434 nullus
2021 4377 2098 4433 in-

459 4465 778 4537 dulgentiae
825 4465 1006 4538 locus,
1041 4465 1144 4523 sed
1194 4469 1323 4522 erat
1369 4479 1598 4538 semper
1643 4466 1712 4522 ad
1756 4465 2095 4523 caedendum
2138 4463 2143 4468 ’

460 4555 737 4614 continua
768 4569 992 4612 manus.

2267 1983 2430 2052 (Vita
2455 1982 2720 2052 Antidii.)
2745 1984 2994 2038 Croscus
3017 1981 3211 2053 itaque
3237 1980 3474 2038 Galliam
3499 1980 3818 2052 Lugdunen-

2192 2072 2339 2127 sium
2372 2085 2694 2142 pervagans
2724 2085 2853 2126 cum
2890 2070 3184 2126 Arelatum
3206 2067 3529 2126 'obsideret
3561 2075 3697 2142 capt
3713 2085 3764 2126 ιε
3791 2082 3815 2123 a

2192 2159 2367 2215 Mario
2390 2158 2639 2230 praeside
2661 2163 2718 2214 et
2745 2159 2970 2214 catenis
2993 2158 3226 2214 vinctus
3250 2173 3351 2230 per
3375 2159 3549 2214 nrbes
3575 2172 3718 2228 quas
3737 2170 3818 2212 va-

2193 2253 2452 2304 staverat
2487 2247 2557 2302 ad
2592 2247 3005 2318 imprOperium
3033 2247 3336 2314 reductus,
3361 2250 3492 2318 post
3516 2245 3696 2304 multa
3723 2249 3822 2302 tor-

2196 2341 2386 2392 menta
2420 2336 2649 2408 impiam
2679 2335 2855 2391 vitam
2889 2335 3098 2391 misero
3134 2335 3315 2391 ﬁnivit
3345 2335 3528 2392 obitu.
3552 2335 3819 2406 Regnavit

2194 2429 2387 2481 autem
2453 2429 2581 2494 post
2641 2439 2769 2479 cum
2829 2439 3006 2494 super
3061 2424 3370 2480 \‘l'andalos
3437 2422 3820 2480 Frcdebaldus

2197 2513 2415 2585 [IDA'L].
2443 2515 2602 2568 Hunc
2631 2513 3004 2568 Constantius
3025 2513 3330 2584 patricius,
3355 2527 3522 2585 quem
3546 2512 3823 2569 Honorius

2196 2603 2348 2672 apud
2375 2604 2701 2658 Ravennam
2728 2605 3062 2657 consortem
3089 2603 3306 2656 fecerat
3333 2601 3557 2672 imperii
3581 2601 3823 2658 etPlaci-

2196 2691 2347 2748 diam
2380 2705 2635 2747 sororem
2670 2705 2832 2747 suam
2864 2691 2916 2746 ei
2952 2689 3214 2760 dederat,
3251 2705 3322 2746 cx
3355 2705 3463 2761 qua
3497 2689 3698 2759 genuit
3730 2690 3824 2745 Va-

2199 2780 2598 2849 lentinianum,
2621 2779 2917 2850 ingeniose
2941 2779 3178 2850 cepitet
3205 2779 3458 2836 Honorio
3482 2777 3822 2844 direxit;cui

2197 2869 2487 2925 successit
2517 2868 2884 2924 Gundericus
2917 2867 3096 2938 [Onos
3129 2883 3224 2937 vn,
3250 2867 3356 2939 40].
3383 2867 3825 2937 Wandalisergo

2201 2972 2302 3030 per
2333 2956 2548 3013 Gallias
2582 2957 3100 3019 debacchantibus,
3136 2956 3286 3028 apud
3324 2956 3680 3014 Rrittannias
3706 2957 3826 3012 Iﬂra-

2199 3045 2394 3101 tianus
2428 3049 2704 3115 tyrannus
2731 3049 2968 3101 creatur
2994 3048 3053 3100 et
3087 3044 3399 3114 occiditur,
3424 3048 3480 3100 et
3515 3043 3826 3102 Constanti-

2198 3146 2310 3188 nus
2339 3145 2411 3186 ex
2444 3129 2636 3186 inﬂma
2671 3129 2876 3186 militia
2909 3135 3152 3202 propter
3183 3128 3362 3185 solam
3397 3143 3558 3200 spem
3592 3128 3826 3186 nominis

2199 3220 2324 3277 sine
2357 3219 2565 3274 merito
2610 3218 2850 3275 virtutis
2899 3217 3156 3288 eligitur.
3191 3217 3299 3283 Qui
3351 3231 3480 3273 mox
3522 3216 3577 3272 in
3632 3216 3829 3273 Gallias

2200 3309 2514 3378 transiens,
2530 3311 2588 3365 et
2623 3323 2650 3364 a
2687 3307 2954 3364 barbaris
2988 3305 3229 3362 incertis
3254 3305 3549 3362 federibus
3570 3320 3725 3379 saepe
3747 3305 3830 3360 de-

2203 3397 2386 3468 lusus,
2413 3413 2542 3455 cum
2573 3395 2750 3454 vellet
2781 3395 2836 3452 in
2869 3394 3216 3467 Hyspaniam
3244 3392 3473 3465 judices
3502 3393 3758 3464 mittere,
3781 3397 3830 3449 et

2201 3487 2444 3557 Pyrenei
2474 3485 2753 3542 claustris
2782 3483 3029 3540 militum
3051 3482 3318 3540 custodia
3345 3481 3586 3539 munitis
3605 3481 3832 3556 repelle-

2204 3579 2386 3645 retur,
2419 3577 2792 3631 Constantem
2827 3571 3006 3627 ﬁlium
3037 3585 3205 3628 suum
3237 3585 3310 3627 ex
3339 3571 3624 3628 monacho
3668 3582 3832 3628 caesa-

2204 3677 2324 3717 rem
2359 3663 2572 3718 factum
2605 3675 2736 3717 cum
2770 3657 3116 3730 quibusdam
3150 3656 3418 3714 barbaris
3450 3656 3505 3712 in
3539 3657 3731 3714 faadus
3759 3669 3833 3712 re-

2203 3750 2392 3822 ceptis
2413 3755 2470 3806 et
2496 3749 2566 3805 ad
2591 3747 2854 3804 militiam
2875 3746 3107 3804 allectis
3127 3746 3224 3818 qui
3245 3745 3551 3802 Honoriaci
3575 3745 3833 3802 diceban-

2205 3844 2301 3896 tur
2333 3838 2433 3894 illo
2463 3837 2638 3893 misit.
2665 3837 2732 3892 Et
2765 3835 3098 3892 interfectis
3133 3834 3252 3890 illis
3275 3834 3373 3906 qui
3407 3833 3655 3906 Pyrenei
3686 3832 3833 3906 alpes

2206 3926 2434 3998 privato
2459 3925 2735 3998 praesidio
2759 3925 3125 3994 tutabantur,
3151 3923 3242 3979 his
3266 3922 3532 3979 barbaris
3553 3921 3720 3994 quasi
3743 3935 3834 3995 pro

2206 4015 2443 4090 prwmio
2473 4014 2734 4072 victoriae
2766 4013 2823 4068 in
2854 4011 3186 4070 Palaestinis
3215 4011 3436 4083 campis
3464 4009 3762 4084 praedandi
3781 4007 3835 4064 li-

2203 4103 2395 4161 centia
2420 4103 2576 4174 data,
2604 4101 2814 4159 dehinc
2837 4100 3164 4173 supradicti
3186 4100 3398 4156 montis
3421 4103 3648 4156 remota
3672 4097 3836 4155 rusti-

2203 4207 2480 4250 canorum
2513 4188 2668 4246 ﬂdeli
2699 4195 2760 4246 et
2789 4188 2919 4246 utili
2951 4188 3214 4246 custodia
3244 4202 3382 4245 cura
3415 4191 3506 4245 est
3541 4187 3833 4260 permissa.

2207 4281 2312 4349 Qui
2351 4279 2546 4353 praeda
2566 4277 2771 4335 imbuti
2798 4283 2858 4334 et
2878 4276 3274 4334 habundantia
3299 4275 3504 4346 illecti,
3531 4291 3647 4347 quo
3669 4273 3838 4346 magis

2207 4366 2764 4439 scelusimpunitum
2793 4366 2944 4422 foret
2961 4363 3316 4435 etmagiseis
3341 4363 3590 4436 praedari
3625 4364 3835 4429 liceret,

2209 4455 2440 4530 prodita
2480 4453 2726 4526 Pyrenei
2747 4452 3034 4523 custodia,
3051 4451 3447 4524 claustrisque
3467 4453 3711 4524 apertis,
3725 4465 3840 4522 gen-

2207 4548 2300 4602 tes
2331 4557 2443 4614 que
2476 4557 2580 4615 per
2611 4541 2827 4598 Gallias
2857 4541 3220 4612 vagabantur
3250 4538 3633 4598 introducunt
3663 4546 3724 4596 et
3752 4540 3839 4610 lly-

535 4643 834 4717 Temporis
848 4643 944 4714 huj
955 4658 1021 4701 us
1033 4642 1378 4700 mentionem
1403 4643 1619 4700 faciens
1638 4641 2007 4698 Jheronimus
2029 4640 2074 4674 ¹⁰

2298 4631 2542 4688 iniarum
2575 4629 2894 4702 provinciis
2925 4627 2994 4662 ¹⁰⁹
3015 4628 3356 4698 immittunt,
3381 4627 3586 4698 eisque
3612 4627 3725 4701 ipsi
3756 4626 3837 4684 ad-

461 4732 516 4790 in
549 4732 806 4806 epistola
837 4747 938 4790 sua
982 4747 1151 4804 quam
1202 4731 1442 4804 scripsit
1490 4731 1562 4788 ad
1615 4729 1993 4802 Agerochiam
2026 4729 2098 4785 de

373 4835 382 4844 ‘
462 4822 844 4893 monogamia,
870 4821 954 4878 sic
976 4821 1058 4876 ait
1078 4839 1090 4875 :
1109 4840 1138 4872 «
1157 4819 1520 4877 Presentium
1537 4818 1902 4876 miseriarum
1917 4831 2098 4888 pauca

465 4924 802 4982 percurram
843 4929 854 4963 :
899 4907 1050 4980 quod
1089 4907 1205 4964 rari
1245 4908 1357 4964 huc
1395 4921 1577 4979 usque
1609 4904 1954 4974 residemus,
1986 4918 2098 4959 non

464 4998 651 5056 nostri
690 4997 883 5056 meriti
915 4996 1019 5054 sed
1048 4997 1267 5054 Domini
1320 5001 1416 5054 est
1463 4993 1901 5052 misericordiae.
1934 4994 2103 5049 Innu-

468 5085 782 5144 merabiles
804 5089 865 5143 et
884 5085 1262 5144 ferocissimas
1279 5083 1546 5142 nationes
1561 5079 1864 5138 universas
1886 5079 2102 5137 Gallias

467 5179 852 5248 occuparunt.
881 5173 1169 5247 Quidquid
1193 5175 1347 5231 inter
1367 5171 1543 5242 Alpes
1562 5173 1624 5225 et
1643 5170 1829 5240 Pyren
1855 5184 1964 5225 'um
1985 5173 2100 5240 est,

466 5263 621 5337 quod
653 5277 870 5321 oceano
913 5264 1226 5336 Rhenoque
1274 5258 1615 5327 includitur,
1651 5257 1887 5324 Quadus
1941 5259 2106 5314 Wan-

463 5351 652 5423 dalus,
689 5353 968 5425 Sarmata,
1005 5351 1190 5421 Alani,
1225 5346 1537 5420 Geppides,
1571 5345 1792 5418 Heruli,
1825 5346 2100 5418 Saxones,

464 5441 930 5514 Burgundiones,
974 5435 1301 5506 Alemanni,
1351 5439 1431 5506 et,
1476 5449 1512 5492 o
1555 5434 1806 5506 lugenda
1851 5450 1947 5492 res
2002 5449 2106 5507 pu-

2202 4721 2530 4793 junguntur
2561 4722 2738 4790 atque
2771 4721 2903 4790 post
2933 4731 3144 4788 graves
3197 4731 3396 4774 rerum
3443 4716 3840 4789 hominumque

2210 4809 2578 4867 vastationes
2599 4807 2918 4864 distributa
2943 4806 3155 4863 ibidem
3183 4805 3553 4878 possessione
3575 4805 3841 4864 constite-

2212 4902 2370 4966 runt,
2407 4896 2506 4954 ubi
2539 4895 2758 4954 multos
2789 4895 3241 4952 cbristianorum
3280 4892 3646 4952 Gundericus
3675 4894 3840 4950 inter-

2214 4985 2370 5044 fecit.
2395 4985 2764 5042 Jheronimus
2783 4983 2854 5040 de
2885 4987 3043 5040 statu
3065 4981 3350 5054 temporis
3368 4981 3635 5038 scribens
3656 4981 3727 5038 ad
3747 4980 3842 5035 He-

2213 5075 2516 5148 lyodorum
2549 5075 2656 5147 (ep.
2674 5074 2764 5145 60)
2794 5091 2806 5126 :
2844 5096 2871 5121 ι
2904 5070 3256 5141 Horret,ait,
3279 5070 3509 5126 animus
3529 5075 3838 5143 temporum

2214 5167 2546 5222 nostrorum
2585 5162 2788 5220 ruinas
2836 5159 3132 5232 prosequi.
3163 5158 3381 5229 Viginti
3413 5165 3474 5214 et
3503 5173 3573 5215 eo
3603 5155 3842 5230 amplius

2213 5255 2346 5312 anni
2371 5258 2527 5322 sunt,
2544 5251 2699 5324 quod
2723 5249 2876 5306 inter
2899 5245 3460 5318 Constantinopolim
3483 5249 3541 5303 et
3567 5245 3743 5318 Alpes
3761 5245 3845 5300 Ju—

2215 5342 2327 5399 lias
2353 5341 2570 5399 cotidie
2610 5341 2902 5396 Romanus
2949 5334 3184 5406 sanguis
3234 5335 3515 5392 funditur.
3551 5333 3840 5398 Scithiam,

2213 5431 2533 5500 Trachiam,
2587 5425 2998 5492 Macedoniam,
3057 5423 3434 5493 Thessaliam,
3485 5421 3839 5485 Dardaniam,

1814 5558 2050 5613 VARle
2095 5553 2492 5611 LECTIONES.

527 5663 596 5699 ⁸⁸⁷
627 5665 992 5724 lberonimus
1013 5657 1450 5729 —monogamia
1479 5657 1548 5716 in
1570 5669 1764 5728 marg.
1797 5653 1865 5689 m
1894 5649 2402 5724 Novempopulana
2429 5661 2580 5706 corr.
2616 5644 3121 5718 Novempobulana
3151 5655 3198 5702 ο.
3232 5643 3300 5678 ίοο
3325 5643 3658 5716 provincias
3701 5654 3840 5699 corr.

459 5736 778 5811 provinciis
809 5749 856 5794 ο.
