3898 6400
134 451 193 514 65
1306 445 1673 516 CHRONIG

1904 451 2099 516 -LIB.
2138 454 2188 522 Ι.
3367 452 3443 527 66

136 589 333 660 Daciam,
361 589 576 660 Epyros,
613 589 956 646 Dalmatiam
979 594 1342 660 cunctasque
1365 585 1693 644 Pannonias
1722 589 1778 650 A
1809 589 2066 647 meminit
2089 589 2143 648 in
2167 591 2287 649 haec
2319 593 2492 649 verba
2530 613 2540 647 :
2573 617 2597 642 α
2629 593 2769 650 Dum
2803 592 2946 666 haec,
2983 595 3249 667 inquiens
3269 614 3446 669 agun-

139 681 328 749 Gothus,
356 683 616 749 Sarmata,
655 679 914 750 Quadus,
951 680 1190 752 Alanus,
1220 679 1692 750 ,HuniWandali,
1811 683 1927 750 tur,
1950 682 2236 738 terribilis
2261 682 2314 738 in
2340 682 2655 738 Occidente
2677 684 3148 755 afferturrumor,
3181 689 3441 744 obsideri

135 769 449 825 Marcomanni
480 773 732 839 vastant,
761 770 1022 838 trahunt,
1049 770 1304 840 rapiunt.
1362 769 1524 841 Capti
1547 769 1700 840 epis-
1808 768 2270 826 Romametauro
2287 771 2533 826 salutem
2549 773 2761 827 civium
2787 772 3009 840 redimi,
3039 774 3442 846 spoliatosque

134 858 233 929 copi
253 858 507 912 interfecti
529 858 861 929 presbyteri
894 860 1196 914 subversae
1219 858 1522 928 :ccclesiaa,
1551 873 1698 913 mar-
1810 873 2016 913 rursus
2050 859 2424 929 circumdari,
2462 865 2668 930 utpost
2691 861 3082 917 substantiam
3107 864 3286 920 vitam
3307 879 3448 936 quo-

134 952 283 1016 tyrum
311 947 511 1002 eil‘ossae
527 946 795 1017 reliquiae
820 971 869 1003 ιο.
900 947 1118 1018 [lnam].
1141 947 1696 1017 Gundericusigitur
1810 960 1920 1015 que
1950 947 2304 1004 amitterent.
2344 971 2367 996 ιι
2398 951 2464 1004 Ει
2497 954 2628 1019 post
2662 963 2842 1020 pauca
2871 969 2883 1003 :
2938 973 2963 998 ιι
2999 953 3238 1022 Capitur
3302 955 3443 1010 urbs

133 1050 234 1089 cum
261 1035 511 1091 tecclesiis
538 1036 635 1090 Dei
658 1036 908 1092 insidias
938 1035 1290 1101 intenderet,
1337 1051 1486 1092 anno
1535 1036 1693 1105 regni
1809 1050 1937 1104 quae
1961 1037 2114 1107 cepit
2149 1043 2332 1093 totum
2357 1040 2579 1108 orbem,
2630 1044 2803 1094 immo
2847 1039 2994 1096 fame
3057 1042 3228 1112 periit
3291 1048 3450 1100 ante-

131 1123 591 1193 suilbjudicioDei
624 1139 948 1195 percussus
971 1125 1217 1195 interiit,
1240 1126 1331 1181 cui
1354 1127 1535 1181 frater
1552 1140 1696 1181 suus
1810 1139 1976 1193 quam
2008 1126 2222 1197 gladio,
2256 1135 2308 1181 et
2349 1129 2514 1200 pauci
2548 1129 2644 1183 vix
2677 1129 2772 1199 qui
2816 1136 3170 1200 caperentur
3226 1133 3444 1188 inventi

133 1212 369 1281 Gysiricus
383 1212 653 1268 succedit.
672 1213 917 1269 Iliccum
935 1213 1696 1270 Wandalisetomnieorum
1811 1221 1965 1268 sunt.
2001 1216 2082 1271 Ad
2100 1217 2377 1273 nefandos
2408 1218 2570 1274 cibos
2595 1219 2787 1288 erupit
2822 1219 3204 1276 esurientium
3230 1223 3446 1293 rabies,

130 1297 298 1353 familia
327 1299 389 1355 de
416 1301 694 1372 Hyspania
728 1301 799 1356 ad
823 1301 1091 1357 Atfricam
1123 1316 1281 1357 mare
1315 1302 1582 1358 vadando
1635 1301 1700 1335 “°
1811 1307 1868 1356 et
1903 1318 2004 1358 sua
2040 1304 2284 1360 invicem
2319 1308 2571 1361 membra
2600 1307 2913 1377 laniarunt,
2949 1308 3082 1363 dum
3131 1315 3314 1365 mater
3338 1326 3446 1367 non

130 1389 352 1442 transivit
385 1389 544 1459 (Vict.
594 1390 934 1460 Vit.),quod
958 1391 1241 1446 ferturibi
1279 1390 1585 1447 duodecim
1603 1391 1702 1445 mi-
1814 1393 1999 1461 parcit
2023 1392 2263 1448 laetanti
2291 1395 2566 1450 infantiae.
2600 1401 2656 1451 et
2683 1396 2888 1468 recipit
2924 1401 3092 1452 utero
3127 1412 3254 1468 quae
3280 1400 3452 1471 paulo

128 1474 184 1530 lia
199 1478 560 1546 passuslatum
579 1480 986 1535 esse.lnventa
1019 1483 1212 1535 autem
1228 1484 1361 1536 sunt
1399 1479 1704 1535 Wandalo-
1815 1486 1947 1535 ante
1978 1482 2282 1538 effuderat.
2311 1503 2338 1535 »

126 1567 1006 1636 rumquitransieruntoctoginta
1027 1567 1182 1623 milia
1223 1569 1421 1624 fuisse.
1477 1568 1704 1634 Quanta

125 1656 234 1708 tunc
247 1660 424 1710 contra
445 1655 746 1712 ecclesias
766 1655 866 1710 Dei
885 1661 1013 1712 acta
1029 1663 1162 1712 sunt
1179 1657 1274 1726 qui
1293 1671 1466 1713 nosse
1481 1657 1706 1713 deside-

124 1740 360 1811 rat,legat
407 1745 572 1800 Gesta
615 1743 966 1801 Wandalicae
1000 1745 1500 1815 persequutionis.
1551 1747 1704 1801 Tunc

123 1830 326 1885 maxima
344 1837 397 1887 et
412 1833 648 1903 antiqua
672 1832 767 1888 illa
790 1833 1432 1903 Carthaganandalis
1451 1839 1622 1904 capta
1647 1838 1702 1888 ct

123 1918 297 1974 intrata
314 1926 398 1976 est
425 1920 644 1992 [Bson].
667 1923 818 1977 Tunc
835 1937 1064 1992 quoque
1078 1928 1297 1991 August
1312 1922 1442 1978 inus
1475 1922 1702 1993 doctor,
1740 1946 1790 2004 Β

122 2022 224 2062 cum
239 2009 428 2065 civitas
443 2011 573 2080 ejus
595 2010 891 2066 obsideret
903 2026 1010 2067 ura
1024 2010 1339 2081 Wandalis,
1359 2011 1709 2082 tertioLobsi-

119 2094 275 2152 dionis
298 2113 478 2155 mense
496 2099 1062 2170 decubuitft‘ebribus
1081 2105 1141 2154 et
1155 2100 1424 2169 migravit
1439 2100 1508 2156 ad
1525 2101 1711 2155 Domi-

120 2199 227 2239 num
243 2201 376 2242 anno
391 2187 698 2244 dominicae
722 2188 1146 2244 incarnationis
1166 2191 1289 2244 430.
1306 2190 1592 2244 Defuncto
1613 2204 1712 2245 au-

119 2275 212 2327 tem
232 2275 486 2344 Gyserico
502 2292 658 2332 anno
674 2277 835 2346 regni
861 2277 951 2333 sui
976 2282 1064 2347 37,
1091 2292 1286 2333 mense
1311 2283 1361 2348 3,
1380 2279 1710 2335 Honoricus

121 2366 369 2419 successit
391 2364 804 2422 crudeliorillo
827 2371 902 2431 ;et
922 2367 976 2421 ei
998 2371 1131 2437 post
1158 2373 1364 2424 annost
1403 2373 1436 2422 7
1477 2381 1710 2422 menses

116 2455 140 2503 5
165 2450 618 2512 Gunthamundus
635 2455 940 2511 successit.
959 2455 1062 2511 Hic
1076 2455 1267 2511 cathol
1282 2456 1402 2512 icos
1447 2456 1518 2511 ab
1533 2455 1708 2510 exilio

117 2543 373 2597 revocavit
406 2561 420 2610 ;
450 2546 542 2600 cui
570 2547 706 2615 post
731 2558 910 2600 annos
931 2547 998 2599 12
1027 2544 1455 2600 Trasamundus
1478 2559 1712 2600 succes-

114 2626 192 2681 sit.
214 2629 362 2686 lnitia
390 2646 527 2702 ergo
552 2631 822 2688 dolorum
849 2633 1008 2688 fuere
1031 2647 1061 2688 a
1079 2638 1340 2703 tempore
1368 2633 1602 2688 Honorii
1653 2637 1712 2687 et

116 2715 376 2775 Theodosii
406 2721 670 2791 minoris,
704 2722 933 2791 quando
954 2726 1046 2777 tot
1075 2721 1374 2791 tantisque
1408 2723 1713 2792 perturba-

117 2803 334 2863 tionibus
363 2811 563 2866 attrita
595 2815 686 2866 est
718 2808 918 2876 Gallia,
946 2810 1294 2866 immototus
1334 2809 1620 2866 Occidens
1640 2810 1712 2864 ob

117 2894 1006 2967 Popillipeccantisinsolentiam,
1043 2897 1420 2969 permittente
1465 2897 1563 2952 Dei
1617 2913 1716 2967 po-

124 2983 343 3039 tentiaut
369 2987 722 3056 praevaleret
757 2987 1136 3043 barbarorum
1198 2986 1442 3054 saevitia,
1491 2991 1552 3042 ut
1586 3000 1713 3056 quae

116 3072 258 3138 paulo
283 3081 406 3132 ante
426 3075 802 3146 gloriabatur
820 3075 890 3132 de
910 3075 1069 3132 caede
1095 3075 1271 3132 multa
1297 3090 1408 3131 "im
1453 3075 1714 3145 gentium

117 3172 200 3235 sua
229 3161 569 3235 dejectarum
597 3165 865 3234 victoria,
898 3179 1009 3220 uno
1039 3165 1319 3235 terribili,
1347 3166 1628 3235 immenso
1657 3167 1712 3220 et

115 3228 350 3290 horrifico
374 3228 994 3307 barbarorumimpetu
1009 3228 1347 3292 conculcata
1374 3234 1541 3291 fieret
1573 3250 1717 3306 prae-

111 3317 169 3372 da
196 3321 363 3380 hostis
376 3330 550 3397 atque
580 3323 920 3380 ludibrium.
938 3324 1430 3395 Duravitquehaac
1452 3324 1712 3394 vastitas,

108 3406 542 3472 incumbentibus
557 3414 830 3471 ecclesiae
850 3413 1460 3470 catholicaeWandalis
1477 3413 1717 3470 Arriana

110 3499 364 3565 pravitate
396 3503 654 3572 fmdatis,
675 3503 840 3558 annis
870 3508 1017 3558 100a
1051 3508 1314 3573 tempore
1373 3503 1611 3558 Honorii
1660 3508 1720 3558 et

106 3583 374 3646 Theodosii
406 3592 655 3649 minoris
686 3592 960 3662 usquead
1001 3596 1262 3662 tempora
1299 3592 1512 3648 Justini
1547 3593 1720 3662 impe-

105 3678 306 3748 ratoris,
339 3682 431 3752 qui
466 3680 785 3739 Anastasio
801 3681 1108 3750 successit,
1143 3695 1172 3734 a
1197 3684 1461 3752 tempore
1485 3679 1712 3736 scilicet

103 3762 379 3826 Gunderici
403 3773 564 3842 regis
597 3771 828 3826 Arriani
863 3784 1046 3839 usque
1077 3769 1150 3825 ad
1197 3770 1587 3841 Chiipericum
1632 3784 1721 3825 re-
1905 3773 2289 3830 Virdunensis
2319 3771 2531 3843 (fol3l)
2562 3772 2758 3841 itaque
2789 3770 3039 3827 ecclesia
3072 3775 3212 3827 tunc
3251 3775 3474 3842 tempo-

104 3867 211 3919 gem
232 3871 443 3930 eorum,
471 3860 651 3932 quiet
685 3859 940 3929 Gylimer
963 3859 1160 3915 dictus
1177 3864 1290 3927 est,
1345 3858 1399 3914 in
1452 3874 1566 3929 quo
1625 3859 1722 3916 de-
1835 3865 1914 3921 ris
1940 3868 2026 3919 tot
2053 3861 2444 3918 sibiadversis
2463 3858 2921 3915 succedentibus
2943 3863 3176 3928 pastore
3209 3858 3472 3929 viduata,

103 3941 218 3998 fecit
249 3961 481 4019 regnum
513 3951 803 4022 ipsorum.
840 3947 951 4003 Sed
971 3962 1074 4003 nec
1102 3949 1278 4002 Roma
1312 3947 1581 4004 immunis
1613 3949 1720 4004 fuit
1833 3953 2006 4022 longo
2035 3966 2226 4007 rerum
2262 3947 2581 4004 infortunio
2615 3961 2816 4017 pressa
2849 3950 2906 4001 et
2936 3945 3466 4018 oppressajacebat,

103 4031 164 4084 ab
185 4033 283 4091 hac
303 4041 359 4091 et
387 4036 917 4094 similivastatione
943 4035 1127 4106 [0ros,
1160 4050 1256 4106 vn,
1293 4035 1403 4107 30.]
1457 4037 1722 4093 Alaricus
1833 4050 1893 4097 et
1926 4039 2280 4112 pontificem,
2306 4037 2480 4106 longo
2507 4035 2622 4105 jam
2657 4039 2919 4106 tempore
2961 4034 3245 4090 destituta
3290 4032 3477 4090 eccle-

104 4121 235 4176 enim
262 4123 576 4183 Gothorum
612 4124 1093 4198 rex,Athanarici
1140 4125 1720 4194 successor,Romam
1835 4131 1936 4188 size
1959 4127 2257 4198 cathedra,
2295 4126 2385 4198 pia
2419 4123 3111 4195 sedulitaterequirebat.
3147 4123 3214 4179 Et
3240 4122 3471 4179 merito.

103 4214 420 4271 trementem
447 4216 709 4285 obsedit,
737 4215 1016 4284 turbavit,
1043 4214 1275 4286 irrupit,
1310 4228 1461 4270 anno
1479 4216 1552 4270 ab
1569 4216 1721 4272 Urbe
1835 4221 1944 4275 Per
1974 4221 2272 4274 trecentos
2303 4215 2453 4272 enim
2487 4213 2870 4285 quadraginta
2919 4216 2978 4269 et
3000 4227 3070 4270 eo
3101 4211 3350 4284 amplius
3403 4210 3470 4244 ω

99 4302 309 4358 condita
341 4308 496 4377 1164,
535 4307 612 4362 ab
647 4304 760 4360 inc.
795 4305 953 4358 Dom.
991 4307 1113 4374 M2,
1139 4307 1367 4373 et,cum
1385 4304 1600 4375 ubique
1617 4320 1724 4362 cze-
1836 4322 2040 4378 annos,
2063 4305 2313 4362 abobitu
2329 4303 2556 4361 scilicet
2579 4303 2734 4359 beati
2751 4301 3294 4374 Sanctiniusquead
3336 4305 3480 4357 tem-

95 4385 187 4444 des
208 4397 498 4464 ageretur,
522 4393 801 4449 omnibus
821 4389 1108 4448 indultum
1132 4392 1335 4462 estqui
1387 4393 1458 4450 ad
1488 4400 1722 4465 aposto-
1836 4395 2280 4469 pusillud,tres
2324 4392 2730 4450 tantummodo
2779 4392 3085 4463 episcopos
3131 4390 3184 4446 in
3229 4405 3295 4447 ea
3337 4391 3481 4448 urbe

100 4474 478 4538 lorumlimina
504 4482 923 4551 confugerunt.
943 4480 1725 4553 Acciditquoqueutbeatus
1841 4487 2037 4556 fuisse,
2086 4484 2343 4541 Maurum
2391 4481 2684 4551 videlicet,
2732 4480 3024 4538 Salvinum
3072 4485 3130 4536 et
3178 4484 3481 4537 Aratorem

98 4566 452 4629 Innocentius
487 4570 761 4642 ejusdem
797 4571 960 4626 urbis
985 4571 1319 4643 episcopus,
1354 4575 1726 4644 tanquamju-
1839 4575 2096 4647 priorum
2112 4578 2342 4644 patrum
2361 4571 2472 4643 (39)
2503 4569 2752 4640 signavit
2805 4569 3147 4641 antiquitas.
3182 4567 3482 4626 Utrumibi

97 4660 212 4713 stus
243 4659 381 4716 Loth
413 4663 770 4718 subtractus
808 4673 838 4714 a
871 4659 1158 4731 Sodomis,
1202 4660 1361 4732 apud
1395 4661 1724 4720 Ravennam
1756 4661 1808 4720 D
1839 4661 2403 4736 plurioresepiscOpi
2425 4660 2660 4730 fuerint,
2679 4673 2922 4730 quorum
2965 4657 3192 4714 nomina
3219 4661 3275 4712 et
3308 4658 3478 4711 actus

98 4746 326 4821 positus,
372 4749 716 4822 peccatoris
757 4747 953 4820 populi
1005 4764 1116 4805 non
1149 4747 1388 4806 videret
1435 4751 1723 4810 excidium
1837 4753 2056 4810 oblivio
2075 4747 2468 4808 deleveritvel
2491 4749 2848 4821 scriptorum
2886 4747 3100 4803 raritas
3137 4743 3482 4815 neglexerit,

95 4834 191 4905 (ep.
217 4838 356 4910 127‘).
382 4842 464 4897 De
496 4841 613 4897 hoc
636 4838 1007 4895 Jheronimus
1039 4838 1092 4892 in
1115 4839 1365 4910 epistola
1393 4841 1463 4897 ad
1507 4843 1726 4898 Princi-
1839 4842 2126 4899 autetiam
2143 4840 2338 4896 fervor
2359 4836 3144 4910 persequutionisepiscopos
3161 4831 3480 4890 substitue-

94 4923 229 4993 piam
258 4928 327 4985 de
360 4930 482 4986 vita
510 4926 822 4996 Marcellae,
849 4942 979 4983 cum
1000 4927 1240 4984 fecisset
1261 4929 1612 4986 mentionem
1629 4932 1724 4988 he-
1837 4947 1899 4988 re
1916 4929 2191 4997 vetuerit,
2216 4943 2324 4985 nos
2345 4927 2698 4999 ignoramus,
2733 4939 2867 4998 quia
2882 4938 2987 4980 nec
3012 4923 3235 4994 uspiam
3256 4922 3475 4977 inveni-

91 5014 272 5072 reticze
293 5019 552 5075 vesaniae
573 5016 884 5072 adversum
907 5015 1217 5072 ecclesiam
1264 5017 1612 5075 catholicam
1642 5021 1726 5076 in-
1835 5036 1898 5079 re
1912 5019 2222 5086 valuimus;
2242 5017 2628 5074 maximecnm
2647 5016 2821 5072 etiam
2837 5015 3041 5070 horum
3061 5012 3237 5068 trium
3265 5015 3490 5069 sancto.

92 5105 298 5163 tantum
330 5107 614 5176 furentis,
643 5110 825 5161 utnec
848 5105 960 5161 sibi
979 5119 1083 5162 nec
1103 5104 1274 5162 alicui
1299 5106 1577 5164 bonorum
1596 5123 1726 5180 par-
1836 5123 1964 5165 rum
1984 5105 2362 5178 praefatorum
2383 5116 2638 5174 corpora
2672 5101 2738 5134 ¹¹²
2770 5114 3015 5172 quonam
3066 5098 3297 5171 sepulta
3356 5097 3492 5154 fuis-

90 5200 256 5266 ceret,
275 5196 329 5252 in
345 5211 636 5268 processu
664 5193 1043 5266 epistolaahuj
1054 5208 1120 5252 us
1137 5195 1726 5269 quoqueirruptionis
1837 5201 1988 5266 sent,
2012 5195 2103 5251 vel
2129 5208 2243 5266 quo
2266 5191 2378 5249 {ine
2402 5192 2473 5248 ad
2507 5191 2810 5248 Dominum
2836 5189 3202 5260 migrassent,
3222 5186 3490 5258 juniores

1447 5320 1683 5378 VARUE
1723 5320 2124 5379 LECTIONES.

149 5416 210 5448 “°
239 5419 514 5476 nadando
549 5433 700 5477 cor-1°.
734 5418 996 5474 vadando
1026 5429 1075 5476 ο.
1159 5414 1223 5448 1“
1241 5415 1470 5474 Fuerat
1494 5417 1672 5475 initio
1702 5438 1721 5474 :
1752 5423 1811 5475 et
1843 5424 1874 5475 3
1904 5434 2087 5474 annos
2118 5432 2304 5488 usque
2333 5415 2404 5473 ad
2437 5413 2586 5472 hunc
2611 5417 2966 5488 paaasentem
2990 5413 3060 5488 de
3084 5428 3198 5483 quo
3229 5410 3494 5488 loquitur

85 5499 300 5563 annum.
339 5490 580 5559 Quibus
605 5489 800 5563 verbis
813 5490 1036 5563 preter
1056 5499 1250 5563 annos
1261 5489 1552 5563 usquead
1587 5489 1777 5548 litum
1799 5489 2009 5548 deletis
2037 5483 2441 5563 eademquem
2462 5488 2521 5550 et
2537 5483 2735 5544 eodem
2755 5484 3088 5544 atramento
3114 5483 3493 5555 superoripta

84 5561 216 5616 sunt
240 5575 311 5619 ea
340 5557 480 5634 Quae
510 5564 586 5620 in
612 5562 779 5620 ιεωιπ
791 5557 1125 5634 ᾖσε-πίπτω.
1213 5557 1280 5591 ιη
1311 5557 1550 5617 Nomina
1581 5575 1732 5621 corr.
1771 5576 2019 5635 corpora
2048 5562 2172 5620 cod.

1675 5659 1899 5717 NOTAE.

156 5757 262 5825 (39)
295 5756 567 5815 Bercarii
600 5757 822 5816 scilicet
856 5759 912 5814 in
947 5758 1145 5817 Gestis
1178 5754 1587 5828 episcoporum
1620 5756 2091 5817 Virdunensium.

1887 1610 1943 1663 Si
1968 1609 2096 1679 quis
2126 1608 2306 1678 igitur
2364 1610 2646 1679 requirat,
2681 1610 2804 1666 haec
2838 1611 3046 1667 divinae
3093 1612 3455 1669 animadver-

1819 1697 2168 1766 sionisjusta
2188 1697 2471 1753 severitas
2488 1699 2860 1768 quamobrem
2881 1700 2934 1754 in
2953 1699 3332 1757 christianum
3354 1717 3452 1772 po-

1820 1786 2016 1858 pulum
2040 1786 2122 1841 sic
2147 1800 2390 1841 accensa
2423 1786 2685 1855 desaevit,
2727 1795 3007 1856 agnoscat
3055 1789 3188 1858 quia
3232 1789 3454 1858 judicia

1821 1875 1916 1930 Dei
1933 1873 2164 1930 occulta
2183 1873 2410 1944 quidem
2425 1880 2482 1930 et
2497 1875 3130 1946 incomprehensibilia,
3161 1892 3454 1948 nunquam

1822 1969 2012 2019 tamen
2044 1963 2276 2032 injusta.
2313 1961 2450 2028 Quae
2484 1963 2662 2031 igitur
2686 1964 2855 2018 nobis
2879 1964 3015 2019 sinit
3053 1965 3453 2037 occulta,quia

1815 2052 1983 2122 juxta
1999 2051 2355 2122 psalmistam
2369 2051 2622 2108 Judz'cia
2639 2051 2745 2108 tua
2764 2051 3017 2122 abyssus
3031 2054 3243 2110 multa:
3261 2054 3456 2123 (PsaL

1821 2155 1986 2210 xxxv,
2012 2145 2064 2209 7,
2090 2153 2430 2196 veneremur
2456 2139 2636 2208 justa.
2670 2140 2857 2209 Igitur
2884 2139 3140 2196 evolutis
3189 2141 3457 2212 plurimis

1821 2229 1985 2284 annis
2017 2229 2114 2284 ubi
2149 2244 2257 2300 pax
2281 2228 2551 2284 ecclesiis
2583 2229 2681 2283 Dei
2709 2229 2936 2284 reddita
2958 2233 3071 2299 est,
3109 2232 3459 2287 rarescenti-

1823 2321 1930 2374 bus
1957 2318 2238 2374 bellorum
2274 2317 2645 2386 tumultibus,
2695 2318 2865 2387 pauci
2901 2319 2996 2388 qui
3049 2325 3456 2375 remanserunt

1820 2407 2124 2463 christiani
2157 2407 2411 2462 divinam
2432 2405 2880 2474 ultionemjuste
2913 2407 2968 2461 in
2998 2421 3060 2462 se
3082 2408 3457 2463 exercerevi-

1825 2498 2053 2565 dentes,
2087 2501 2145 2552 et
2179 2494 2581 2566 propitiationi
2613 2494 2740 2563 ejus
2771 2495 2992 2564 gratias
3016 2501 3274 2564 agentes:
3326 2511 3459 2553 exe-

1823 2584 2070 2656 quendis
2102 2583 2390 2639 mandatis
2407 2582 2506 2638 Dei
2533 2583 2876 2653 promptiori
2910 2583 3316 2640 subdebantur
3338 2585 3458 2640 ani-

1825 2690 1932 2729 mo.
1957 2675 2024 2728 Et
2042 2673 2174 2744 quia
2189 2671 2385 2729 multae
2398 2672 2666 2728 ecclesiae
2686 2672 2989 2740 vacabant,
3017 2673 3314 2744 episcopis
3339 2673 3460 2743 qui-

1824 2763 2064 2819 busdam
2083 2761 2276 2831 gladio
2299 2763 2634 2832 peremptis,
2654 2760 2997 2831 quibusdam
3032 2765 3192 2817 sorte
3214 2761 3461 2818 humana

1824 2850 2160 2923 praeventis,
2185 2855 2245 2904 et
2269 2850 2324 2904 in
2359 2850 2485 2905 loco
2517 2864 2718 2904 eorum
2754 2849 2886 2904 aliis
2939 2863 3050 2904 non
3103 2849 3462 2919 subrogatis,

1824 2939 2164 3009 congregati
2185 2938 2237 2992 in
2268 2953 2439 2994 unum
2465 2938 2629 3008 pauci
2650 2939 2746 3007 qui
2765 2942 3171 2993 remanserunt
3196 2938 3466 2994 sacerdo-

1825 3034 1935 3099 tes,
1969 3027 2278 3084 consilium
2303 3027 2375 3082 de
2407 3027 2628 3095 magnis
2651 3027 2826 3082 rebus
2847 3026 3122 3094 inierunt,
3141 3031 3198 3081 et
3229 3039 3466 3097 quomo-

1827 3118 1902 3174 do
1932 3116 2061 3188 paci
2094 3115 2398 3172 catholicze
2426 3114 2798 3171 consulerent
2824 3116 2976 3170 inter
3001 3128 3062 3170 se
3085 3119 3342 3170 tractare
3373 3128 3467 3169 ce-

1827 3212 2058 3278 perunt.
2098 3203 2317 3277 [Onos],
2343 3205 2421 3259 Eo
2448 3209 2708 3275 tempore
2734 3219 2836 3274 per
2859 3203 3262 3259 Constantium
3289 3202 3469 3274 patri-

1750 3299 1798 3360 C
1828 3295 1982 3351 cium
2005 3293 2276 3349 Romanis
2321 3292 2641 3362 Gothisque
2699 3292 3000 3360 federatis,
3045 3291 3464 3348 Constantinus

1831 3399 2015 3440 caesar
2049 3381 2400 3438 interllcitur
2435 3380 2689 3450 Arelato,
2726 3379 2880 3436 illius
2911 3380 3038 3450 ejus
3074 3396 3145 3436 ex
3184 3379 3466 3436 monacho

1831 3487 2014 3530 caesar
2042 3472 2277 3528 Vienna.
2323 3472 2464 3525 Post
2523 3485 2670 3540 quos
2716 3470 3032 3526 Jovinuset
3088 3469 3468 3526 Sebastianus

1835 3561 1957 3634 pari
1990 3560 2324 3616 temeritate
2355 3573 2474 3614 rem
2513 3558 2800 3629 publicam
2841 3557 3281 3628 deinvadentes,
3346 3557 3470 3628 pari

1834 3656 1995 3707 sorte
2029 3649 2348 3720 perierunt.
