3898 6322
395 401 470 465 67
1372 398 1660 464 HUGON
1665 397 1740 462 IS
1781 395 2138 472 ABBATIS
2179 397 2854 464 FLAVINIACENSIS
3709 400 3778 462 68

399 540 456 593 et
493 534 756 592 moderni
790 533 1075 605 hodieque
1093 534 1410 603 nescirent,
1436 533 1548 590 nisi
1573 535 1746 590 beato
1766 533 2036 604 Agerico,
2069 533 2128 594 A
2157 537 2416 589 noratur.
2450 534 2645 604 Neque
2670 533 2778 590 hoc
2819 529 3082 590 dicentes
3143 530 3400 604 aquales
3441 531 3778 603 profitemur

408 625 504 696 qui
530 630 660 696 post
675 624 842 694 longa
858 627 1142 694 tempora,
1159 622 1432 678 videlicet
1457 628 1592 694 post
1631 623 2042 679 successiones

408 714 664 785 quinque
698 713 1057 785 pontificum,
1095 712 1217 784 ipse
1268 717 1472 769 sextus
1528 712 1616 766 eis
1649 716 2038 781 successerat,

406 807 524 858 tam
557 801 826 874 preeiosa
857 801 1100 857 simbola
1127 800 1483 856 rcvelatione
1507 806 1790 857 nocturna
1815 815 1915 872 per
1949 815 2044 855 an-

405 889 670 960 gelorum
693 889 942 948 ofﬁcium
959 889 1220 958 dignatio
1239 888 2045 946 declarassetdivina.Narra-

405 983 620 1036 verunt
650 983 842 1035 autem
866 977 938 1034 de
973 979 1144 1034 beato
1169 977 1364 1034 Mauro
1387 975 1454 1010 ³³⁸
1479 975 1752 1048 posteris,
1811 975 1893 1031 illi
1946 976 2043 1046 qui

407 1067 728 1124 interfuere
753 1065 1124 1123 translationi
1155 1081 1285 1137 qua
1320 1081 1348 1122 a
1377 1067 1548 1122 beato
1601 1065 1870 1135 Agerico,
1907 1069 2044 1120 tunc

405 1155 690 1228 temporis
715 1156 866 1212 facta
900 1159 1009 1222 est,
1053 1160 1111 1210 et
1142 1155 1502 1225 posteriores
1543 1153 1784 1225 scriptis
1811 1153 1883 1209 ad
1916 1168 2046 1208 nos-

408 1251 557 1301 tram
574 1259 757 1316 usque
799 1244 1065 1300 notitiam
1109 1243 1588 1313 transmiserunt,
1637 1243 1869 1298 beatum
1897 1242 2044 1298 Mau-

409 1349 534 1391 rum
550 1334 802 1391 diversis
817 1333 1239 1405 suppliciorum
1263 1330 1579 1402 generibus
1614 1331 1880 1387 affectum
1899 1331 2047 1386 veri-

408 1423 928 1478 tatitestimonium
949 1421 1342 1493 perhibuisse,
1364 1425 1421 1476 et
1443 1435 1547 1492 pro
1563 1417 2049 1476 ﬁderristimar-

406 1511 571 1582 tirio,
585 1511 1125 1581 occubuisse,sicut
1140 1514 1196 1564 et
1214 1509 1319 1582 ipsi
1337 1509 1389 1564 in
1405 1509 1681 1564 defuncto
1718 1507 1934 1577 videre,
1987 1511 2045 1562 et

411 1599 656 1656 necdum
678 1599 871 1656 soluto
922 1613 1170 1670 corpore
1203 1598 1389 1655 sancti
1442 1597 1554 1668 piis
1597 1595 1817 1654 osculis
1853 1595 2046 1652 dulcia

410 1688 1132 1745 vulneracontrectavcre.
1152 1687 1261 1742 Sed
1305 1687 1554 1742 fortasse
1593 1685 1747 1742 dicat
1789 1683 2001 1756 aliquis
2033 1704 2044 1739 :

410 1775 601 1842 Quare
615 1790 759 1846 ergo
782 1777 990 1832 beatus
1005 1775 1290 1845 Agericus
1307 1779 1367 1830 et
1380 1773 1660 1844 temporis
1675 1771 2048 1844 illiusifideles

2155 622 2518 678 confessores
2539 619 2913 693 martyribus,
2943 637 3190 693 quorum
3218 621 3546 679 constantia
3571 621 3773 678 Christi

2155 715 2243 764 est
2269 710 2332 765 in
2348 725 2449 766 sua
2474 711 2747 780 passione
2770 715 3017 782 seq’uuta
3034 709 3304 780 vestigia;
3327 709 3432 766 scd
3453 715 3592 766 tunc
3609 709 3663 766 in
3678 711 3780 781 pri-

2157 798 2382 854 mordio
2423 798 3000 856 nascentisecclesia
3023 813 3155 855 cum
3181 797 3387 854 sevitia
3413 798 3659 854 furentis
3695 797 3781 853 ad-

2155 887 2402 943 versarii
2433 887 2651 944 multos
2680 887 2849 944 nobis
2879 888 3098 944 faceret
3158 886 3430 943 veritatis
3487 891 3776 957 martyres.

2155 976 2382 1047 perrari
2413 976 2862 1033 inveniebantur
2889 975 3272 1033 ecclesiarum
3319 975 3585 1044 magistri
3613 980 3672 1031 et
3688 975 3777 1032 do-

2154 1069 2370 1121 ctores.
2398 1066 2560 1121 Nunc
2592 1065 2723 1136 quia
2750 1064 2868 1135 jam
2905 1063 3196 1121 inmundo
3220 1064 3378 1134 viget
3401 1063 3782 1120 christianita-

2157 1153 2482 1224 tistitulus,
2506 1157 2563 1209 et
2599 1169 2736 1225 pace
2751 1153 3015 1210 ecclesia
3034 1153 3132 1209 Dei
3165 1151 3396 1209 reddita
3431 1151 3782 1208 hostiumad-

2159 1243 2516 1299 versantium
2548 1243 2842 1298 contritus
2871 1248 2956 1299 est
2982 1242 3254 1313 impetus,
3298 1241 3775 1311 sacerdotumque

2160 1333 2415 1403 puritate
2448 1331 2778 1388 innocentis
2802 1331 2936 1387 vita
2967 1331 3208 1386 Domino
3232 1329 3638 1386 adherentium
3670 1327 3782 1385 diu-

2157 1421 2444 1476 turnitate
2477 1420 2635 1492 pacis
2658 1421 2850 1476 crevit
2870 1419 3288 1489 numerositas,
3319 1419 3468 1476 adeo
3499 1423 3562 1475 ut
3594 1418 3782 1489 plures

2158 1508 2426 1565 ecclesia
2459 1523 2584 1579 qua
2619 1507 2934 1564 multorum
2963 1506 3305 1579 pontificum
3331 1506 3781 1563 beatorumirra-

2159 1595 2394 1653 diantur
2425 1596 2618 1666 titulo,
2643 1597 2740 1652 vix
2765 1597 2936 1653 unius
2952 1596 3228 1668 martyris
3262 1594 3582 1652 fulciantur
3601 1599 3782 1666 patro-

2157 1685 2312 1741 cinio
2345 1705 2358 1740 :
2395 1685 2458 1740 fit
2493 1686 2805 1756 utquidam
2827 1699 2859 1741 e
2891 1684 3067 1754 vulgo
3099 1683 3253 1755 quod
3277 1683 3490 1740 habent
3531 1683 3692 1755 quasi
3714 1684 3782 1738 fa-

2162 1773 2426 1844 stidiant,
2455 1773 2609 1845 quod
2640 1788 2750 1830 non
2783 1774 3001 1830 habent
3023 1772 3382 1843 desiderent,
3409 1778 3470 1829 et
3511 1777 3783 1846 martyres

410 1865 745 1922 memoriam
761 1864 923 1921 illius
938 1865 1049 1921 sub
1067 1863 1295 1919 nomine
1309 1868 1364 1918 et
1382 1863 1598 1919 honore
1612 1861 1888 1933 martyris
1899 1861 2049 1918 cele—
2076 1887 2132 1948 B
2162 1862 2315 1918 omni
2344 1862 2575 1933 quidem
2596 1864 2812 1919 honore
2827 1862 3034 1932 dignos
3051 1861 3339 1932 judicent,
3362 1865 3425 1917 ut
3441 1861 3663 1932 justum
3682 1865 3780 1929 est,

411 1953 568 2010 brari
592 1967 700 2010 non
735 1953 1138 2023 instituerant,
1165 1966 1294 2023 qua
1335 1951 1628 2022 hodieque
1673 1952 1783 2006 sub
1819 1951 2047 2007 nomine

409 2039 774 2096 confessoris
797 2044 1117 2096 veneratur
1145 2043 1168 2096 ’ἒ
1193 2039 1474 2110 Quisquis
1506 2039 1618 2094 ista
1653 2038 2050 2108 obponit,res-

411 2129 662 2200 pondeat
699 2133 761 2184 et
791 2127 917 2201 ipse
954 2128 1178 2195 :Quare
1202 2129 1412 2184 beatus
1440 2127 1754 2197 Gregorius
1771 2141 1914 2199 papa
1939 2126 2047 2182 Ro-

412 2232 638 2287 manus,
655 2217 989 2275 memoriam
1041 2217 1542 2289 pradecessorum
1557 2229 1793 2272 suorum
1823 2215 2052 2287 pontifl-

409 2321 539 2363 cum
572 2305 961 2362 Romanorum
995 2303 1277 2374 martyrio
1299 2303 1784 2360 coronatorumin
1799 2302 2050 2360 ecclesia

408 2396 561 2454 sicut
581 2395 871 2466 hodieque
885 2395 1120 2450 canitur
1133 2393 1473 2463 instituens,
1490 2393 1820 2449 nobilitavit
1837 2406 1941 2450 eos
1954 2407 2053 2450 no-

409 2482 564 2556 mine
597 2484 1004 2540 confessorum
1035 2490 1091 2538 et
1126 2495 1240 2538 non
1276 2482 1474 2554 potius
1518 2485 1855 2553 martyrum,
1908 2496 2054 2552 quos

410 2571 616 2642 utique
636 2572 854 2628 scimus
868 2585 973 2642 pro
995 2570 1230 2627 Christo
1251 2569 1622 2641 gravissimis
1640 2571 1953 2628 tormentis
1973 2571 2052 2626 af-

411 2659 606 2716 flictes
625 2657 693 2693 ω
717 2659 950 2730 pramia
969 2660 1106 2716 vita
1126 2659 1404 2730 sanguine
1418 2659 1740 2716 redemisse
1754 2662 1778 2716 ?
1792 2660 1904 2716 Nos
1923 2673 2052 2730 pro-

413 2745 648 2804 modulo
667 2746 945 2818 ingenioli
967 2748 1024 2804 id
1049 2749 1471 2820 respondemus
1499 2767 1510 2802 :
1538 2747 1681 2814 Quia
1711 2752 1888 2806 tanta
1911 2751 2050 2804 tunc

412 2836 468 2892 in
498 2835 750 2893 ecclesia
783 2842 911 2893 erat
931 2835 1156 2908 gloria,
1181 2836 1502 2908 quemlibet
1524 2837 1902 2894 doctorumin
1925 2851 2052 2892 ver-

411 2925 486 2980 bo
517 2925 802 2983 doctrina
816 2925 1110 2982 desudare
1131 2930 1192 2982 et
1212 2925 1322 2982 sibi
1346 2925 1676 2982 commissis
1695 2925 1877 2981 verbo
1899 2929 1957 2980 et
1975 2925 2054 2980 fa-

409 3017 507 3070 cto
527 3012 834 3084 invigilare
853 3013 1222 3086 populosque
1247 3028 1532 3070 erroneos
1549 3018 1610 3068 et
1630 3014 1854 3084 absque
1875 3013 2052 3070 domi-

411 3117 485 3158 no
511 3117 650 3159 vero
673 3103 746 3158 ad
773 3102 924 3159 viam
949 3103 1221 3160 veritatis
1253 3107 1599 3157 convertere
1613 3105 1672 3157 et
1696 3101 1916 3158 talibus
1935 3101 2054 3158 otii-

410 3191 522 3248 ciis
553 3191 801 3248 mercari
833 3191 1044 3261 gaudia
1076 3191 1233 3260 vita,
1267 3195 1499 3261 quanta
1530 3190 1602 3246 ad
1625 3189 1802 3247 ictum
1825 3191 2052 3246 securis

413 3277 505 3336 vel
531 3279 888 3336 imminentis
909 3277 1090 3350 gladii
1112 3283 1288 3350 caput
1315 3277 1597 3335 inclinare
1615 3277 1943 3350 collumque
1963 3293 2054 3335 ex-

413 3367 689 3435 tendere;
713 3381 844 3424 cum
869 3367 941 3424 ad
961 3368 1224 3440 martyrii
1237 3367 1483 3438 gloriam
1499 3367 1913 3440 capessendam
1929 3368 2053 3440 qui-

415 3455 562 3512 libet
583 3456 656 3512 de
679 3455 916 3528 populo,
936 3455 1108 3526 cujus
1123 3471 1227 3512 cor
1243 3455 1522 3513 Dominus
1544 3455 1895 3513 illustrando
1908 3471 2054 3529 pra-

417 3549 708 3616 parasset,
735 3543 933 3615 quiret
953 3545 1238 3616 sufficere,
1256 3543 1328 3601 ad
1348 3543 1774 3616 proscindenda
1795 3560 1936 3602 vero
1956 3561 2055 3602 vo-

418 3646 578 3690 mere
593 3632 760 3690 verbi
780 3633 958 3690 corda
984 3633 1182 3690 incred
1192 3631 1415 3691 ulorum
1437 3639 1497 3690 et
1518 3633 1813 3704 eroganda
1827 3635 2050 3692 semina

417 3721 750 3780 divinorum
778 3722 1132 3794 dogmatum,
1157 3722 1228 3779 ad
1241 3721 1568 3780 exerendas
1600 3723 1918 3780 varietates
1939 3738 2056 3780 am-

415 3811 794 3870 monitionum
809 3812 982 3882 digne
1005 3816 1062 3870 et
1088 3811 1345 3869 discrete
1369 3827 1476 3884 pro
1495 3811 1780 3883 qualitate
1815 3817 1876 3869 et
1894 3827 2058 3884 eapa.

410 3900 592 3958 citate
607 3899 674 3934 “'
695 3900 1077 3973 audientium,
1094 3901 1149 3958 in
1167 3906 1286 3958 tam
1313 3915 1448 3958 rara
1471 3901 1912 3958 christianitate
1929 3916 2056 3972 per-

413 3990 582 4062 pauci
601 3989 1542 4062 invenirenturquibuscommitti
1611 3995 1814 4061 posset
1859 4004 2054 4047 sacer-

418 4078 613 4138 dotale
635 4079 906 4138 olllcium.
933 4079 1082 4146 Quid
1103 4079 1256 4136 enim
1272 4077 1497 4135 tercius
1518 4092 1547 4133 a
1561 4079 1738 4134 Petro
1753 4077 2056 4136 Clemens?

411 4191 603 4235 nonne
624 4177 804 4236 maris
824 4175 1486 4246 gurgitibusimmersus
1498 4173 1817 4246 complevit
1840 4181 2054 4248 marty-

412 4267 562 4325 rium
581 4267 606 4322 ‘l
625 4265 776 4334 Quid
799 4263 1152 4322 Marcellus?
1171 4276 1363 4321 nonne
1395 4264 1453 4320 in
1486 4263 1656 4320 domo
1689 4264 1918 4323 Lucina
1938 4281 2055 4324 ma-

413 4362 598 4414 trona
631 4368 802 4426 quam
826 4355 943 4410 Deo
965 4353 1286 4424 dicaverat,
1311 4352 1520 4410 stratis
1555 4351 1779 4426 plancis
1808 4355 1879 4412 ad
1935 4356 2054 4412 ani-

414 4441 587 4502 malia
618 4441 878 4502 catahuli
909 4441 1129 4515 publici
1163 4441 1378 4500 ibidem
1411 4443 1484 4499 ad
1497 4457 1700 4502 eorum
1719 4445 2050 4503 custodiam

411 4533 733 4608 deputatus
761 4531 945 4589 vitam
979 4531 1213 4588 ﬁnivit?
1242 4531 1381 4598 Qua
1405 4533 1591 4606 major
1632 4534 1882 4591 nominis
1899 4535 2054 4591 chri-

2163 1952 2506 2007 sacerdotes
2534 1965 2673 2008 vero
2699 1951 2923 2006 Domini
2948 1965 3094 2021 quos
3116 1951 3333 2006 habent
3369 1953 3671 2021 patronos,
3691 1949 3781 2005 mi-

2163 2041 2290 2097 nori
2319 2039 2482 2097 cultu
2513 2046 2868 2098 venerentur
2888 2047 2950 2096 et
2964 2042 3268 2096 honorent.
3295 2044 3552 2106 Quorum
3575 2038 3780 2096 animas

2162 2129 2518 2199 etsigladius
2550 2129 2945 2200 persecutoris
2968 2143 3080 2185 non
3101 2128 3373 2198 abstulit,
3425 2126 3671 2200 palmam
3707 2131 3782 2182 ta-

2163 2233 2292 2273 men
2310 2233 2424 2274 non
2457 2217 2704 2274 amisere
2728 2217 3012 2288 martyrii,
3037 2215 3173 2274 dum
3197 2217 3391 2274 carnis
3414 2214 3777 2274 illecebraset

2163 2306 2353 2362 hostis
2384 2306 2697 2363 invisibilis
2713 2306 3176 2364 machinamenta
3200 2305 3356 2361 fidei:
3401 2304 3532 2377 spei
3579 2303 3779 2361 etcari-

2159 2395 2304 2452 tatis
2329 2395 2564 2452 invicta
2587 2409 2937 2466 superavere
2967 2393 3322 2451 constantia.
3358 2393 3470 2450 Sed
3503 2392 3780 2451 docendus

2161 2489 2250 2541 est
2266 2483 2536 2556 pepulus,
2561 2499 2674 2540 non
2707 2483 3055 2556 sequendus.
3097 2484 3474 2540 Honorentur
3513 2486 3780 2553 martyres

2163 2578 2226 2631 ut
2260 2573 2608 2630 nobilissimi
2642 2573 2823 2630 divini
2847 2573 3031 2644 pralii
3059 2571 3380 2629 bellatores
3411 2575 3470 2629 et
3487 2569 3778 2630 christiani

2163 2663 2410 2718 nominis
2445 2665 2926 2734 propugnatores,
2953 2663 3314 2718 honorantur
3331 2664 3390 2718 et
3431 2661 3782 2718 confessores

2164 2757 2229 2808 ut
2261 2751 2517 2808 ﬁdelium
2537 2751 2858 2807 animarum
2891 2754 3154 2806 rectores
3184 2755 3246 2806 et
3279 2750 3576 2820 doctores,
3607 2752 3664 2805 et
3701 2761 3782 2804 eo-

2165 2856 2291 2898 rum
2323 2839 2573 2910 singulis
2598 2839 2652 2895 in
2679 2838 2828 2896 locis
2854 2838 3204 2910 prepensius
3255 2839 3578 2897 honoretur
3607 2850 3779 2896 sacer-

2165 2929 2408 2999 dotium,
2445 2943 2548 3000 per
2569 2943 2714 2999 quos
2732 2927 3309 2998 salutissumpsimus
3335 2928 3663 2986 exordium.
3691 2925 3782 2980 Ve-

2164 3034 2292 3076 rum
2307 3018 2379 3074 de
2401 3017 2492 3072 bis
2517 3018 2624 3073 ista
2650 3017 2959 3074 sufﬁciant.
2987 3017 3147 3074 Nunc
3174 3016 3316 3087 quid
3347 3015 3418 3073 de
3470 3017 3640 3074 beato
3661 3012 3755 3071 Pul

2163 3107 2425 3177 chronio,
2477 3120 2646 3176 quem
2725 3105 3104 3162 Virdunensis
3150 3105 3362 3162 civitas
3449 3111 3776 3176 eotempore

2166 3195 2374 3252 meruit
2392 3195 2606 3251 habere
2621 3194 3004 3265 rectorem,in
3043 3193 3358 3268 scripturis
3399 3193 3774 3251 invenerimus

2167 3283 2256 3342 vel
2272 3283 2525 3341 ﬁdelium
2539 3285 2732 3341 veraci
2751 3281 2940 3340 relatu
2955 3282 3358 3354 didicerimus,
3377 3282 3593 3340 Christi
3612 3277 3774 3338 Domi-

2166 3375 2222 3430 ni
2252 3375 2616 3446 protegentis
2645 3378 2705 3430 et
2733 3373 3038 3430 edocentis
3062 3386 3168 3430 nos
3189 3371 3486 3442 adjutorio
3527 3370 3713 3428 brevis
3732 3371 3778 3422 et

2167 3463 2360 3520 lucida
2383 3467 2772 3534 prosequatur
2802 3459 3094 3517 oratio”.

2237 3551 2420 3622 Igitur
2435 3551 2549 3624 (4ο)
2563 3550 2983 3623 imperantibus
3006 3549 3128 3621 (fol.
3155 3549 3265 3621 26).
3286 3548 3780 3607 llonorioet'l‘heo-

2168 3640 2334 3697 dosio
2375 3640 2626 3710 juniore,
2687 3639 2784 3710 qui
2833 3639 3321 3708 Valentinianum,
3365 3636 3692 3696 Constantii
3733 3637 3779 3688 et

2167 3729 2442 3785 Placidia
2466 3728 2664 3798 illium,
2700 3732 3028 3785 consortem
3058 3727 3286 3800 imperii
3311 3727 3450 3784 facit
3499 3726 3584 3783 ίιτ.
3629 3729 3779 3782 natus

2167 3824 2261 3876 est
2281 3819 2340 3874 in
2370 3819 2514 3874 urbe
2543 3819 2882 3875 Trecassina
2903 3817 3110 3874 beatus
3123 3816 3520 3874 Pulchronius
3535 3813 3780 3874 christia-

2167 3908 2256 3965 nis
2287 3907 2631 3979 parentibus
2659 3921 2733 3963 ex
2755 3907 2968 3962 familia
2989 3905 3278 3965 ecclesia.
3303 3905 3644 3964 Nativitatis
3664 3914 3780 3960 vero

2167 3999 2293 4070 ejus
2310 3995 2627 4068 primordia
2640 3995 2978 4052 caelestibus
2992 3994 3272 4067 auspiciis
3286 3994 3483 4052 divina
3510 3989 3779 4066 insignivit

2165 4085 2496 4145 clementia.
2519 4084 2859 4142 Revelatum
2887 4089 2982 4142 est
2994 4084 3146 4141 enim
3165 4084 3512 4156 parentibus
3524 4084 3650 4155 ejus
3666 4082 3780 4138 ante

2165 4173 2338 4246 longa
2369 4174 2979 4246 conceptionisipsius
3007 4177 3294 4245 tempora,
3325 4172 3483 4244 quod
3514 4171 3684 4230 talem
3701 4167 3781 4224 ha-

2167 4264 2347 4322 bituri
2378 4268 2580 4322 essent
2623 4263 2803 4320 filium
2849 4262 2948 4334 qui
2979 4266 3375 4320 essetsancta
3420 4255 3780 4318 Deiecclesie

2165 4352 2404 4411 lucerna
2432 4353 2636 4410 lucens
2655 4357 2792 4410 ante
2812 4351 3136 4422 Dominum,
3162 4351 3294 4406 etin
3323 4354 3594 4422 tempore
3633 4357 3780 4419 Opor-

2167 4448 2308 4500 tuno
2341 4441 2510 4499 ﬁeret
2541 4441 2856 4500 iracundia
2877 4440 2977 4497 Dei
3032 4438 3436 4496 reconciliatio
3467 4443 3530 4496 et
3581 4432 3774 4494 furoris

2166 4531 2577 4606 ejusZplacatio.
2600 4533 2776 4588 Erant
2792 4535 2985 4588 autem
3010 4532 3284 4601 parentes
3304 4529 3433 4599 ejus
3455 4523 3712 4599 religiosi
3731 4525 3776 4577 et

409 4622 588 4682 stiani
620 4621 854 4694 injuria:
891 4635 1062 4693 quam
1087 4620 1188 4678 Dei
1235 4635 1520 4680 summum
1571 4624 1943 4682 sacerdotem
1990 4629 2047 4681 et
2079 4613 2133 4675 D
2165 4621 2354 4694 gratia
2386 4621 2540 4677 inter
2553 4619 3172 4690 suosnominatissimi,
3198 4616 3504 4690 fldepleni,
3529 4609 3775 4674 elemosi-

405 4711 677 4774 ecelesia
697 4715 917 4770 sancta
950 4714 1240 4768 rectorem
1262 4715 1554 4770 mutorum
1579 4713 1910 4770 animalium
1933 4712 2050 4771 dici

403 4801 500 4860 vel
528 4815 661 4861 esse
689 4800 1043 4860 custodem?
1073 4801 1275 4873 Itaque
1299 4801 1374 4872 hi,
1405 4805 1467 4860 ut
1495 4807 1792 4860 taceamus
1816 4803 2048 4860 interim

405 4891 478 4949 de
509 4890 797 4964 pluribus,
833 4905 938 4964 per
959 4890 1222 4961 martyrii
1251 4905 1526 4949 coronam
1551 4891 1622 4948 ad
1645 4897 1926 4950 aternam
1946 4906 2050 4964 per

403 4992 620 5038 venere
641 4979 1004 5047 felicitatem;
1024 4983 1081 5036 et
1104 4982 1299 5039 tamen
1323 4995 1455 5039 cum
1472 4995 1680 5039 eorum
1696 4980 1972 5038 memoria
1991 4981 2047 5037 in
2102 5041 2111 5048 ,

401 5067 602 5133 missa
633 5067 982 5128 celebritate
1002 5068 1303 5144 recolitur,
1328 5069 1646 5129 sacerdotii
1667 5069 1926 5140 dignitas
1947 5070 2048 5126 ho-

2165 4712 2256 4768 nis
2282 4709 2487 4780 dediti,
2513 4709 2717 4765 domus
2747 4723 2870 4764 sua
2915 4722 3115 4765 curam
3152 4708 3458 4778 habentes,
3519 4701 3778 4762 familiam

2164 4801 2259 4874 pie
2275 4799 2554 4870 justeque
2578 4802 2868 4869 regentes,
2889 4797 2947 4853 in
2979 4796 3268 4854 mandatis
3288 4799 3348 4852 et
3366 4785 3778 4874 justiﬁcationi-

2165 4873 2276 4946 bus
2307 4887 2408 4944 Dei
2431 4885 2796 4958 incedentes,
2819 4899 3138 4958 pauperum
3150 4889 3210 4942 et
3243 4884 3682 4958 peregrinorum
3708 4873 3775 4934 of-

2162 4978 2346 5036 ficiosi
2368 4981 2768 5049 susceptores,
2791 4974 3175 5034 ecclesiarum
3219 4973 3468 5032 studiosi
3482 4975 3774 5033 amatores,

2168 5069 2382 5140 quibus
2401 5067 2636 5139 merito,
2661 5071 2941 5139 quantum
2965 5066 3038 5123 ad
3050 5065 3364 5123 humanum
3380 5062 3633 5132 modum,
3657 5063 3780 5131 prae-

1757 5195 1996 5261 VARIJE
2036 5197 2436 5264 LECTIONES.

474 5316 543 5358 ω
569 5328 648 5384 De
679 5326 732 5383 b.
770 5325 838 5384 Μ.
867 5321 936 5387 tu
959 5342 1150 5404 marg.
1233 5323 1299 5361 ω
1331 5326 1763 5409 Aﬂ‘ectosporr.
1799 5328 2048 5388 amictos
2081 5331 2203 5391 cod.
2284 5329 2350 5364 ω
2381 5329 2451 5398 Et
2469 5341 2577 5445 ea?
2620 5336 2910 5398 superscr.
2990 5319 3058 5356 ¹¹⁶
3083 5314 3163 5380 In
3178 5334 3372 5397 marg.
3394 5307 3775 5445 abegi-ibitur:

474 5401 579 5445 irte
602 5403 884 5445 anattnm-
905 5399 1038 5445 fnlin
1062 5403 1224 5445 πυρίη)
1245 5403 1306 5445 et.
1329 5396 1475 5445 leae-
1502 5397 1721 5445 ausim:
1739 5399 1936 5445 morbis
1955 5403 2319 5445 "mittimur
2339 5400 2421 5445 ml
2443 5399 2504 5445 fa
2547 5412 2599 5445 ,ιι
2619 5401 2706 5445 96-
2731 5401 2819 5445 ‘27.
2841 5399 2928 5445 28.
2957 5396 3045 5445 29.
3071 5405 3205 5445 mea
3229 5391 3425 5445 noster:
3453 5403 3493 5445 a
3515 5444 3518 5445 ,
3550 5379 3775 5445 Euam

399 5379 1224 5474 γειιθῖάυξιιῑφῑῑοῑίξξξίνο
1245 5403 1306 5454 et
1329 5379 1482 5474 rage;
1500 5379 2319 5474 ξῄξῧῇέὸᾶὸῖἔᾶοὲἷηῖὶιῖὸιπν
2339 5379 2599 5474 fama
2731 5379 2819 5457 '2'7:
2834 5379 2928 5458 ξε.
2957 5396 3045 5454 29.
3071 5379 3205 5466 rw
3219 5379 3425 5468 λοοξιεα
3453 5379 3528 5458 ἀι
3550 5379 3778 5466 παροδ(

397 5465 637 5529 ἱπεθνιαῖ
661 5471 807 5530 mt
819 5470 1165 5542 interfata
1191 5474 1261 5526 25
1289 5469 1352 5528 et
1372 5465 1470 5525 3'0.
1501 5465 1608 5502 Ἷιτ
1639 5470 1923 5528 Fecerunt
1955 5487 2104 5533 om.
2139 5473 2280 5532 fecit
2304 5486 2351 5532 ο.

1986 5605 2209 5666 NOTE.

473 5733 587 5808 (4ο)
619 5727 936 5802 Sequentia
965 5727 1198 5798 excepit
1229 5730 1439 5783 auctor
1467 5739 1541 5782 ex
1568 5726 1698 5783 Vita
1731 5729 1784 5784 S.
1818 5727 2156 5785 Pulehronii
2183 5727 2300 5798 jam
2333 5723 2657 5797 deperdita.
