3898 6386
150 432 212 497 69
1385 435 1886 504 CHRONICON.
1920 474 1998 486 —
2023 437 2184 502 LIB.
2233 438 2280 501 Ι.
3460 450 3537 510 7O

160 571 331 629 stilum
360 568 437 629 sit
471 576 537 629 ut
587 575 825 629 tantum
884 586 950 628 ac
1000 570 1178 628 talem
1235 571 1521 628 haberent
1573 570 1774 628 filium.
1806 574 1866 635 Α
1894 572 2460 646 pietatelaudabilis,
2481 574 2756 644 patientia
2779 575 3084 648 mirabilis,
3101 580 3386 650 sapientia
3401 599 3538 639 con-

159 664 315 719 Natus
345 662 529 733 igitur
564 677 717 733 puer
766 661 1148 718 sacramentis
1196 661 1542 719 calestibus
1585 661 1783 718 inicia-

160 756 244 807 tus
270 757 377 821 est,
395 755 458 806 et
479 751 535 805 in
557 749 912 821 baptismate
930 748 1320 805 Pulchronius
1342 750 1671 806 nominatus
1689 753 1781 806 est

158 842 264 897 sive
298 839 689 896 Policronius.
746 839 791 893 0
836 838 1067 908 dignum
1122 839 1465 909 prasagium
1514 838 1781 908 nominis,

1894 663 2150 734 spicuus,
2170 663 2420 719 caritate
2435 662 2706 733 diffusus,
2742 679 2842 735 spe
2876 664 3245 739 longanimis,
3266 669 3377 725 ﬁde
3396 687 3538 742 pra-

1894 751 2186 817 dicabilis,
2220 751 2508 820 gravitate
2538 752 2908 822 venerabilis,
2937 770 3039 825 per
3055 756 3242 812 zelum
3281 759 3538 829 justicia

1896 854 2031 909 erga
2048 839 2456 909 delinquentes
2468 847 2726 909 erectus,
2750 856 2852 913 per
2865 846 3331 915 compassionem
3347 862 3543 918 prox:-

156 928 432 1001 quodsiin
450 929 637 986 Greco
652 926 949 983 resolvere
964 926 1131 996 velis,
1148 926 1682 999 interpretatumus
1698 942 1789 984 so-
1898 943 2048 998 mus,
2084 928 2138 984 in
2162 928 2428 985 adversis
2454 930 2933 1001 patientissimus,
2971 934 3026 990 in
3068 936 3371 1006 prosperis
3403 952 3539 993 cau-

154 1022 240 1074 nat
262 1016 473 1074 civitas
497 1014 802 1087 temporis.
820 1017 889 1070 Et
914 1014 1051 1086 quid
1066 1015 1175 1071 hoc
1198 1015 1463 1085 signatur
1482 1015 1783 1085 vocabulo,
1835 1028 1840 1033 ‘

155 1106 254 1162 nisi
279 1105 433 1177 quod
458 1119 606 1176 puer
627 1103 719 1161 hic
742 1109 987 1160 sanctas
1000 1103 1106 1159 hoc
1124 1107 1282 1159 esset
1299 1104 1790 1175 futurusinoperc

155 1194 299 1265 quod
325 1194 673 1263 signabatur
694 1207 767 1249 ex
789 1192 1019 1247 nomine
1042 1193 1064 1246 ?
1084 1193 1229 1247 Nam
1254 1193 1302 1248 si
1324 1194 1543 1248 referas
1565 1192 1793 1248 adtem-

155 1298 257 1355 pus
290 1283 425 1339 vita
457 1281 601 1351 ejus,
627 1296 758 1338 cum
792 1281 944 1337 bella
978 1287 1191 1336 cuncta
1224 1280 1561 1351 perderent,
1583 1280 1792 1337 civitas

153 1371 432 1442 temporis
464 1369 626 1426 illius
659 1370 847 1425 factus
878 1372 993 1439 est,
1014 1384 1143 1425 cum
1167 1369 1239 1424 ad
1263 1369 1569 1425 tuitionem
1592 1372 1650 1423 et
1675 1383 1794 1425 mu-

152 1461 468 1516 nimentum
501 1458 756 1514 omnium
786 1459 902 1513 Deo
927 1456 1209 1513 adherere
1232 1457 1549 1513 volentium
1576 1457 1796 1528 prade-

142 1549 406 1605 stinatus
437 1552 528 1603 est
557 1565 572 1614 ;
600 1547 813 1603 civitas
840 1546 1129 1617 temporis
1180 1548 1369 1603 factus
1418 1552 1530 1615 est,
1560 1561 1689 1602 cum
1722 1544 1795 1600 ad

150 1636 514 1707 colligendas
534 1640 592 1690 et
607 1650 712 1690 con
722 1634 1038 1690 servandas
1049 1634 1410 1690 credentium
1425 1635 1644 1691 animas
1658 1648 1797 1705 pon-

150 1727 291 1781 tifex
314 1725 685 1781 constitutus
704 1728 815 1779 est.
835 1723 1284 1780 Consideremus
1305 1728 1494 1779 tamen
1517 1731 1575 1778 et
1600 1722 1795 1778 altiori

147 1814 429 1886 mysterio
461 1813 576 1870 vim
608 1811 874 1869 vocabuli
910 1811 1099 1882 hujus.
1136 1813 1275 1867 Cum
1307 1812 1456 1868 enim
1482 1812 1679 1869 habuit
1714 1811 1797 1867 di-

1901 1022 2016 1083 tus,
2035 1017 2091 1070 in
2107 1031 2219 1086 quo
2234 1016 2561 1074 omnislaus
2575 1032 2778 1075 secure
2792 1020 3153 1078 canitur.llic
3168 1022 3224 1078 in
3238 1023 3527 1081 saculo‘"

1901 1103 2067 1158 annis
2099 1109 2131 1159 7
2152 1120 2281 1161 cum
2302 1120 2484 1161 uxore
2500 1120 2603 1161 sua
2620 1106 2944 1178 Piminiola,
2968 1111 3153 1165 sancti
3170 1111 3385 1181 llylarii
3406 1115 3544 1169 Are-

1903 1191 2143 1249 latensis
2166 1193 2589 1265 archiepiscopi
2609 1210 2826 1266 sorore,
2852 1204 3252 1270 conversatus,
3278 1202 3538 1258 Lirinen-

1904 1295 1967 1336 se
1988 1282 2593 1352 canobiumexpetiit,
2624 1285 2772 1340 unde
2798 1291 3001 1358 raptus
3039 1289 3110 1343 ad
3148 1289 3532 1362 pontificium,

1904 1369 2146 1425 eandem
2166 1370 2516 1438 gravitatem
2560 1376 3063 1443 morum,eandem
3098 1376 3446 1434 humilitatis
3483 1385 3544 1434 et

1904 1457 2151 1513 vilitatis
2165 1461 2506 1515 sectabatur
2520 1462 3158 1534 continentiam,locato
3175 1467 3287 1523 sibi
3308 1466 3361 1522 in
3380 1482 3545 1539 pros-

1908 1551 2081 1616 pectu
2108 1546 2353 1604 urbism
2376 1552 2750 1621 monasterio,
2786 1553 3034 1609 ubicqu
3067 1554 3268 1626 bisqui
3330 1570 3532 1613 secum

1906 1634 2374 1693 aderantdivinis
2392 1638 2730 1695 intendebat
2755 1642 3016 1699 theoriis.
3037 1644 3182 1699 Huic
3197 1645 3543 1702 beatusPul-

1906 1722 2185 1779 chronius
2206 1724 2260 1779 in
2278 1727 2635 1782 monasterio
2647 1728 3049 1786 erudiendusa
3066 1732 3408 1801 parentibus
3423 1737 3541 1790 tra-

1909 1810 2084 1880 ditus,
2104 1813 2364 1882 magistri
2394 1815 2551 1885 cepit
2583 1815 2843 1873 imitator
2881 1819 3235 1889 existere,et
3269 1837 3542 1892 quacum

147 1907 346 1961 rectos
372 1901 557 1974 pedes
579 1900 647 1957 ad
671 1899 1178 1971 evangelizandam
1198 1914 1417 1971 pacem,
1441 1906 1496 1956 et
1523 1901 1657 1957 dum
1682 1904 1799 1955 sta-
1823 1927 1880 1988 Β
1911 1900 2101 1956 facere
2135 1901 2453 1958 videbatad
2474 1903 2675 1959 eadem
2690 1920 2751 1961 se
2767 1906 2953 1962 modis
2968 1908 3180 1977 quibus
3196 1914 3428 1979 poterat
3455 1911 3540 1966 in-

149 2000 236 2049 ret
273 1991 427 2063 pede
456 1991 695 2046 immoto
726 1989 782 2046 in
805 1990 975 2045 atriis
998 1989 1380 2059 llierusalem,
1399 2004 1526 2059 qua
1548 1988 1798 2045 adifica-

145 2086 243 2138 tur
274 2085 340 2137 ut
378 2080 609 2148 civitas,
636 2079 845 2135 civitas
867 2078 1129 2135 civitatis
1156 2078 1436 2149 temporis
1458 2078 1661 2135 aeterni
1688 2078 1800 2134 fac-

146 2175 241 2227 tus
263 2172 381 2237 est,
409 2167 544 2238 quia
569 2172 629 2223 et
656 2167 1029 2239 participatio
1051 2167 1178 2238 ejus
1199 2167 1253 2221 in
1280 2166 1529 2238 idipsum
1560 2171 1676 2236 est,
1698 2166 1797 2223 ubi

148 2255 554 2314 ascenderunt
591 2255 783 2312 tribus
815 2255 1039 2311 Domini
1062 2255 1133 2311 ad
1157 2254 1550 2311 confitendum
1585 2254 1797 2311 nomini

147 2345 401 2403 Domini.
429 2345 582 2414 Ergo
598 2350 655 2399 et
686 2343 897 2400 civitas
932 2343 1215 2414 temporis
1252 2347 1342 2400 est
1381 2343 1554 2399 etiam
1594 2342 1802 2399 civitas

147 2434 417 2491 civitatis
438 2433 724 2504 temporis
748 2447 860 2489 non
886 2432 1215 2488 transitorii
1239 2432 1342 2488 sed
1365 2431 1573 2501 eterni,
1599 2430 1803 2504 civita-

150 2524 226 2580 tis
247 2525 454 2594 itaque
479 2537 590 2577 non
616 2536 744 2593 qua
769 2520 1098 2578 adiﬁcalur
1126 2520 1422 2592 lapidibus
1454 2518 1803 2576 insensibili-

152 2615 261 2670 bus
280 2612 392 2669 sed
416 2610 603 2677 vivis;
628 2611 685 2665 in
709 2624 818 2680 qua
846 2609 994 2681 lapis
1028 2609 1124 2680 qui
1162 2611 1234 2664 ab
1268 2608 1679 2665 edificantibus
1718 2622 1805 2664 re-

154 2704 443 2774 probatus
475 2704 567 2756 est
599 2698 896 2770 angularis
917 2700 1130 2755 missus
1157 2702 1266 2767 est,
1294 2697 1391 2768 qui
1422 2697 1688 2753 abscisus
1711 2701 1806 2752 est

154 2792 224 2848 de
252 2794 457 2847 monte
491 2788 618 2844 sine
658 2788 925 2844 manibus
962 2786 1404 2858 pracidentium
1444 2790 1502 2841 et
1546 2784 1803 2856 implevit

158 2881 509 2937 universum
540 2879 741 2933 orbem
772 2880 1083 2933 terrarum.
1110 2874 1445 2932 lntueamur
1472 2874 1670 2944 itaque
1691 2874 1810 2930 edi-

159 2970 507 3027 licacionem
532 2966 707 3038 hujus
743 2966 1003 3023 civitatis
1034 2964 1341 3037 temporis,
1366 2970 1422 3020 et
1451 2968 1515 3022 ut
1535 2964 1707 3034 digne
1729 2965 1812 3019 vi-

160 3058 301 3114 dere
328 3054 1094 3126 mereamur,edificatorem
1107 3052 1236 3124 ejus
1250 3053 1342 3124 Spi
1355 3053 1425 3107 rit
1438 3068 1527 3108 nm
1542 3057 1810 3109 sanctum

159 3149 526 3215 invocemus,
554 3149 618 3200 ut
650 3148 824 3216 ponat
848 3145 1089 3200 verbum
1114 3144 1171 3199 in
1192 3158 1292 3200 ore
1307 3148 1507 3199 Ποεριιό
1530 3146 1588 3198 et
1608 3142 1666 3198 in
1687 3157 1814 3198 cor-

158 3237 228 3293 de
252 3241 487 3302 nostro,
513 3234 794 3304 quatinus
813 3232 895 3289 sit
916 3248 984 3299 os
1007 3236 1275 3289 nostrum
1299 3232 1353 3286 in
1377 3231 1556 3287 corde
1587 3235 1810 3300 nostro,

160 3330 223 3382 ut
253 3323 434 3394 digna
466 3322 627 3394 loqui
658 3321 970 3379 valeamus.

231 3410 592 3470 Ablactatus
640 3410 819 3480 igitur
864 3415 973 3481 est,
1025 3414 1083 3466 et
1134 3411 1381 3466 decursa
1435 3409 1821 3466 balbutientis

162 3501 432 3559 infantia
463 3498 824 3556 hebdomada
850 3498 1067 3554 litteris
1098 3499 1376 3569 traditus,
1403 3499 1589 3570 prima
1619 3512 1818 3554 eorum

165 3590 502 3661 temptabat
531 3587 840 3648 addiscere
871 3587 1216 3645 rudimenta.
1244 3587 1499 3653 Quarum
1518 3586 1821 3643 elementis

166 3678 330 3736 brevi
362 3678 522 3734 datis
555 3676 867 3747 memoria,
890 3676 1204 3732 festinabat
1229 3676 1347 3746 jam
1376 3679 1436 3731 et
1458 3675 1667 3731 altiora
1689 3689 1822 3732 con-

163 3767 479 3824 scendere.
504 3768 686 3823 Datus
719 3765 903 3836 igitur
924 3765 1213 3822 vacationi
1253 3764 1573 3836 sapientia,
1595 3764 1822 3820 haurie-

167 3856 265 3912 bat
292 3857 492 3913 fontes
516 3855 822 3926 doctrina,
850 3858 1055 3911 tardus
1086 3854 1342 3925 eloquio,
1368 3854 1502 3911 licet
1525 3853 1723 3910 clarus
1742 3854 1824 3909 in-

162 3946 357 4016 genio,
386 3959 565 4017 quum
590 3942 659 3977 “9
683 3957 795 4000 non
823 3944 921 4014 qui
946 3943 1144 4001 multa
1165 3942 1515 4013 eloquentia
1537 3942 1628 3999 vel
1647 3943 1821 4000 etiam

167 4034 367 4092 multa
391 4036 486 4090 est
514 4033 843 4104 sapientia,
869 4033 1002 4103 quia
1049 4032 1402 4104 eloquentia
1439 4045 1579 4089 aura
1621 4046 1822 4103 parum

166 4123 403 4194 quidem
432 4124 698 4180 auditum
742 4121 1051 4179 mulcendo
1085 4120 1365 4191 delectat,
1390 4120 1559 4177 simul
1591 4135 1729 4176 vero
1763 4125 1825 4177 ut

165 4212 388 4269 desinit
416 4227 596 4269 sonus
620 4211 943 4282 loquentis,
962 4215 1021 4266 et
1045 4211 1344 4282 profectus
1361 4208 1824 4266 desinitaudien-

166 4301 265 4358 tis.
302 4300 441 4356 ldeo
470 4300 648 4357 etiam
697 4315 845 4371 puer
888 4304 1165 4357 strenuus
1194 4298 1268 4355 ad
1300 4298 1649 4370 perfectiora
1681 4297 1823 4354 totis

163 4389 424 4446 tendens
452 4389 705 4460 viribus,
741 4387 827 4443 illi
860 4388 1137 4446 studebat
1186 4387 1510 4460 sapientia,
1545 4401 1657 4443 non
1695 4401 1824 4457 qua

165 4479 223 4535 in
256 4478 467 4535 verbis
499 4477 680 4548 volat,
712 4477 817 4533 sed
848 4491 975 4547 qua
1009 4477 1065 4533 in
1098 4475 1421 4533 virtutibus
1455 4480 1705 4533 constat.
1739 4479 1827 4532 In-

163 4566 456 4623 tellectus
482 4567 636 4623 enim
669 4567 856 4623 bonus
883 4569 971 4622 est
1003 4566 1273 4622 omnibus
1306 4565 1404 4636 qui
1430 4565 1647 4622 faciunt
1669 4579 1822 4636 eum,

166 4670 283 4714 non
313 4655 418 4727 qui
451 4655 776 4727 loquuntur
804 4658 865 4710 et
894 4654 1218 4726 pradicant
1244 4669 1396 4713 eum.

240 4743 367 4815 (fol.
400 4742 684 4817 26’.)Jam
709 4758 850 4800 vero
874 4742 1148 4814 puericia
1180 4743 1348 4800 annis
1385 4742 1457 4799 ad
1496 4741 1828 4799 similitudi-

166 4848 307 4890 nem
330 4834 689 4906 patriarcba
709 4832 888 4889 Jacob
911 4824 1063 4889 domi
1079 4831 1681 4904 simpliciterexactis,
1697 4846 1826 4888 cum

160 4921 287 4991 jam
311 4922 731 4993 ingrederetur
750 4921 1013 4978 nutantis
1037 4920 1452 4978 adolescentia
1477 4921 1713 4991 bivium,
1730 4936 1831 4992 po-

164 5010 326 5067 situs
348 5010 407 5065 in
430 5009 889 5068 conversacione
913 5008 1151 5080 scolari,
1168 5023 1280 5064 non
1299 5008 1390 5064 vel
1410 5008 1603 5066 atatis
1625 5007 1715 5065 vel
1738 5023 1833 5065 co-

164 5100 489 5173 aqualium
514 5099 817 5158 illecebris
837 5097 1055 5155 cedens
1076 5097 1333 5170 prodidit
1352 5097 1712 5170 pudicitiam,
1728 5099 1830 5156 sed

167 5194 453 5262 tanquam
484 5188 599 5247 sibi
631 5204 664 5246 a
698 5187 938 5245 Domino
969 5187 1343 5245 commissum
1392 5186 1650 5245 servavit
1688 5186 1835 5244 inte-

163 5292 341 5348 grum
375 5276 748 5350 signaculum
774 5275 1072 5334 castitatis
1094 5277 1263 5350 (Vita
1287 5276 1494 5349 Lupi.).
1520 5278 1661 5334 Erat
1690 5280 1834 5334 tunc

163 5368 464 5443 temporis
496 5368 555 5425 in
586 5366 796 5425 eadem
829 5366 971 5425 urbe
1002 5368 1314 5424 Trecorum
1358 5367 1565 5424 beatus
1616 5368 1831 5439 Lupus,

165 5472 397 5517 morum
420 5455 729 5532 probitate
742 5454 1019 5529 celebris,
1045 5455 1384 5515 sanctitatis
1404 5455 1542 5514 dote
1562 5455 1831 5527 insignis,

1911 1989 2177 2044 formare.
2198 1990 2398 2045 Eratei
2415 1990 2471 2046 in
2503 1992 2665 2048 vultu
2681 1993 3042 2064 alacritas,in
3072 1999 3543 2068 sermonegravi-

1910 2076 2086 2146 tas,in
2130 2077 2457 2134 obediendo
2494 2081 2803 2151 sagacitas,
2827 2082 3278 2154 inobsequendo
3309 2085 3540 2143 humili-

1909 2169 2021 2235 tas,
2049 2165 2103 2221 in
2121 2165 2752 2239 deferendosedulitas,
2785 2172 3135 2229 verecundia
3156 2173 3210 2227 in
3234 2174 3423 2245 vultu,
3460 2190 3550 2230 re-

1909 2254 2169 2310 verentia
2187 2255 2241 2310 in
2260 2255 2512 2327 incessu,
2529 2257 2777 2316 dulcedo
2790 2259 2845 2314 in
2860 2275 3018 2329 voce,
3034 2263 3364 2318 constantia
3386 2263 3443 2318 in
3460 2279 3545 2319 ac-

1912 2343 2085 2399 tione.
2102 2343 2468 2413 Diligebatur
2482 2346 2552 2401 ab
2566 2346 3218 2417 omnibus,laudabatur
3241 2365 3271 2406 a
3294 2352 3546 2422 cunctis,

1912 2431 2308 2490 honorabatnr
2319 2435 2392 2490 ab
2407 2434 2713 2490 universis.
2744 2435 2923 2502 Quem
2939 2437 2986 2492 si
3004 2438 3133 2509 quis
3147 2444 3300 2495 esset
3327 2440 3546 2510 quinon

1912 2528 2155 2591 amaret,
2172 2537 2231 2578 se
2247 2523 2443 2593 potius
2459 2522 2617 2578 illum
2633 2538 2745 2579 non
2760 2525 3005 2581 amando
3029 2526 3553 2598 improbaret.Erat

1914 2606 1980 2640 1”
2001 2608 2053 2663 ei
2076 2624 2305 2680 quoque
2329 2610 2865 2668 studiumtimorem
2888 2614 2983 2668 Dei
3017 2614 3251 2686 habere,
3284 2617 3550 2673 seniores

1917 2697 2202 2767 venerari,
2220 2698 2552 2755 castitatem
2567 2699 3137 2769 tueri,humilitatem
3153 2718 3265 2759 non
3281 2719 3560 2776 asperna-

1920 2784 1988 2853 ri,
2010 2786 2420 2842 verecundiam
2436 2787 2677 2857 diligere
2691 2793 2750 2845 et
2769 2788 3157 2861 clementiam,
3175 2807 3302 2862 qua
3317 2797 3449 2849 sunt
3464 2810 3554 2850 or-

1921 2878 2189 2927 namenta
2218 2873 2422 2929 minori
2440 2866 2620 2931 atati.
2646 2876 3160 2947 Erudiebaturjam
3174 2882 3316 2935 tunc
3333 2881 3562 2950 profec-

1920 2964 1984 3015 to
2005 2960 2332 3017 divinitatis
2352 2963 2582 3019 occulto
2610 2965 2850 3035 judicio,
2886 2981 2955 3021 ne
2978 2966 3115 3036 quid
3136 2967 3369 3023 deesset
3394 2983 3559 3039 apos-

1927 3048 2104 3105 tolico
2127 3051 2537 3121 pontiﬁcimox
2580 3054 2794 3109 futuro.
2823 3055 2959 3110 Erat
2999 3055 3213 3128 quippe
3229 3071 3300 3112 ex
3327 3058 3559 3113 mundis

1925 3137 2297 3207 animalibus,
2334 3140 2452 3197 illis
2472 3141 2701 3198 scilicet
2725 3143 2821 3213 qui
2847 3146 2905 3199 et
2925 3144 3217 3201 ruminare
3240 3151 3450 3202 norunt
3503 3152 3559 3202 et

1924 3227 2274 3283 verbumDei
2291 3228 2362 3284 ad
2386 3232 2716 3288 memoriam
2743 3234 3260 3305 revocare,quique
3282 3235 3456 3291 etiam
3480 3236 3567 3291 di-

1926 3315 2078 3371 vinis
2102 3317 2474 3374 sacriﬁciiset
2494 3319 2783 3377 altaribus
2798 3322 2917 3392 apti
2932 3323 3562 3381 sunt.Circumcidebat

1929 3402 1982 3460 in
2014 3419 2077 3460 se
2108 3420 2274 3461 omne
2289 3407 2729 3477 quidquidillud
2746 3412 2992 3481 estquod
3011 3413 3360 3483 nequecibis
3375 3427 3563 3484 neque

1928 3493 2231 3551 sacrificiis
2271 3499 2470 3566 aptum
2518 3501 2629 3567 est,
2702 3498 2857 3568 quod
2924 3498 3188 3557 humana
3226 3507 3454 3558 natura
3486 3502 3568 3557 vi-

1927 3581 2020 3637 cio
2043 3581 2098 3636 in
2118 3582 2348 3640 homine
2369 3585 2635 3656 operitur
2647 3591 2708 3641 et
2728 3587 2967 3655 tegitur.
2990 3590 3343 3647 Armabatur
3374 3591 3445 3647 ad
3465 3604 3567 3661 pa-

1930 3669 2191 3727 tientiam
2216 3673 2441 3745 mortis,
2463 3678 2522 3730 et
2554 3675 2737 3745 prima
2769 3676 2896 3745 ejus
2917 3680 3060 3733 atas
3085 3678 3203 3748 jam
3237 3679 3559 3736 meditaba-

1931 3761 2028 3813 tur
2046 3760 2408 3830 martyrium.
2433 3762 3011 3833 Attenuabatcorpus
3033 3769 3301 3821 tenerum
3318 3766 3559 3836 jejuniis

1931 3851 1989 3901 et
2012 3846 2301 3918 frequenti
2328 3848 2515 3904 inedia
2540 3848 2805 3905 incendia
2821 3852 3019 3905 carnis
3037 3852 3569 3924 edomabat,sciens

1934 3935 2087 4005 quod
2111 3950 2223 3993 non
2246 3934 2533 4004 indigeret
2562 3935 2785 3992 ﬂamma
2806 3937 3141 4008 copiosiore
3156 3941 3418 4010 materia,
3460 3956 3569 3997 nec

1934 4022 2191 4079 insolens
2217 4022 2403 4079 bestia
2418 4024 2947 4081 abundantioribus
2965 4026 3131 4097 cibis,
3151 4031 3214 4083 ut
3228 4027 3569 4084 insolentior

1934 4109 2257 4181 fleret,cum
2274 4110 2567 4167 suﬂlceret
2583 4113 2816 4185 corpori
2832 4112 3055 4169 malicia
3076 4116 3456 4186 sua.Legebat
3482 4130 3574 4172 as-

1934 4200 2121 4271 sidue,
2150 4201 2438 4274 psallebat
2463 4208 2890 4278 frequenter,ut
2926 4220 3158 4280 semper
3179 4220 3311 4263 eum
3354 4205 3575 4263 inveni-

1936 4292 2024 4346 ret
2051 4291 2321 4350 diabolus
2343 4300 2712 4367 occupatum,
2733 4295 3080 4366 quiociosos
3115 4296 3361 4368 appetit,
3395 4312 3570 4355 occu-

1936 4382 2408 4453 patosrefugit.Si
2423 4385 2561 4455 quid
2584 4400 2724 4442 vero
2746 4386 2931 4442 hostis
2951 4386 3166 4443 astutia
3182 4387 3575 4459 subrepsisset

1938 4468 2397 4543 adolescentulo,
2434 4474 2771 4545 requirebat
2795 4475 3145 4546 baptismum
3161 4474 3529 4533 lacrimarum
3553 4494 3567 4544 ;

1937 4559 2016 4616 ibi
2039 4559 2162 4617 sine
2194 4561 2374 4619 dubio
2396 4562 2514 4634 igni
2538 4562 2967 4635 baptizabatur.
2987 4564 3030 4620 Ο
3062 4564 3562 4621 adolescentulum

1855 4651 1912 4711 D
1934 4649 2176 4709 senibus
2195 4652 2619 4722 praferendum
2643 4654 2657 4708 !
2693 4653 2737 4708 Ο
2759 4652 3105 4725 discipulum
3132 4654 3301 4724 cujus
3322 4653 3415 4708 imi
3425 4656 3579 4709 tato-

1940 4738 2173 4810 resipsi
2196 4739 2611 4797 desiderabant
2661 4740 2785 4797 fieri
2836 4742 3205 4798 sacerdotes!
3235 4740 3572 4798 Latabatur

1943 4829 2151 4884 beatus
2175 4830 2365 4900 Lupus
2388 4829 2460 4886 de
2491 4828 3067 4901 profectudiscipuli,
3118 4828 3450 4899 gaudebant
3510 4834 3570 4886 et

1944 4916 2304 4989 parentesde
2344 4917 2634 4975 industria
2657 4933 2687 4974 a
2712 4918 3012 4990 proposito
3058 4917 3186 4989 filii,
3227 4918 3381 4990 quod
3414 4926 3567 4977 esset

1944 5006 2253 5078 perspicax
2272 5007 2327 5062 in
2348 5007 2679 5079 scripturis,
2703 5006 3069 5064 rationabilis
3094 5006 3150 5062 in
3166 5006 3298 5078 fide,
3332 5022 3573 5066 cursum

1942 5110 2110 5153 suum
2133 5095 2204 5152 ad
2232 5099 2488 5154 statutas
2510 5097 2695 5154 lineas
2719 5096 3122 5154 mandatorum
3135 5096 3576 5156 Deirefranans

1941 5188 1999 5242 et
2033 5188 2388 5257 temperans,
2412 5190 2494 5256 et,
2520 5186 2674 5256 quod
2699 5187 3106 5257 gravissimum
3128 5186 3288 5243 estin
3310 5185 3409 5244 illa
3441 5193 3582 5246 ata-

1945 5280 2024 5346 te,
2046 5289 2234 5346 neque
2257 5274 2329 5331 ad
2342 5273 2609 5330 dextram
2631 5289 2819 5344 neque
2840 5275 2911 5333 ad
2932 5276 3227 5334 sinistram
3255 5275 3583 5335 declinans-

1945 5364 2048 5422 sed
2076 5364 2170 5421 via
2201 5362 2360 5433 regia
2391 5363 2623 5419 fortiter
2645 5362 2940 5420 incedens.

2015 5455 2188 5526 (Vita
2222 5452 2365 5525 Lupi
2393 5468 2448 5525 p.
2486 5451 2792 5523 81,)Erant
2815 5459 3008 5512 autem
3032 5455 3160 5525 ejus
3189 5456 3579 5531 condiscipuli

1540 5571 1777 5633 VARIE
1816 5571 2216 5632 LECTIONES.

235 5680 800 5766 “'llnterpretatam
827 5705 876 5753 ο.
938 5686 1006 5726 ίίο
1060 5703 1232 5763 quam
1294 5703 1441 5751 corr.
1503 5707 1679 5763 quum
1735 5706 1784 5750 ο.
1844 5688 1914 5725 ιίο
1967 5691 2054 5747 Hi.
2092 5734 2104 5746 .
2143 5733 2154 5744 .
2192 5686 2374 5744 inscla
2433 5701 2481 5745 ο.
2542 5686 2608 5720 ιιι
2661 5687 2822 5743 orbis
2875 5700 3031 5746 corr.
3066 5684 3231 5744 urbis
3256 5701 3306 5746 σ.
3349 5685 3417 5723 θ’
3447 5686 3582 5744 Erat

176 5797 232 5808 -
261 5766 428 5825 atati
458 5769 531 5824 in
555 5776 755 5835 marg.
