3898 6350
352 417 429 485 71
1305 409 1670 479 HUGONIS
1712 408 2066 476 ABBATIS
2108 405 2791 476 FLAVINIACENSIS
3671 415 3750 482 '72

351 556 854 616 sub'institutione
887 551 1112 626 prmfati
1133 552 1597 624 patrisSeverus,
1628 557 1830 622 postea
1861 550 1993 604 Tre-
2021 549 2076 611 Α
2110 546 2554 619 perextendens,
2573 546 2952 604 desiderabat
2974 548 3202 608 Christo
3220 549 3415 610 carnis
3436 549 3749 610 mortiﬁca-

347 648 608 703 virorum
632 648 874 702 sanctus
901 643 1240 714 episcopus,
1261 640 1505 697 Albinus
1531 655 1758 710 quoque
1789 637 1987 693 Catha-

350 733 662 802 launensis,
697 738 755 789 et
812 736 1049 788 sanctus
1098 729 1433 796 Emilianus,
1468 731 1708 784 sanctus
1760 739 1990 797 quoque

351 823 694 892 Aventinus,
717 823 917 894 postea
950 821 1264 875 Trecorum
1287 817 1620 888 episcopus,
1667 831 1797 872 cum
1857 813 1988 870 aliis

349 927 522 985 quam
555 909 854 983 pluribus;
875 909 972 980 qui
990 922 1190 964 omnes
1204 907 1392 976 gratia
1414 905 1513 961 Dei
1535 905 1858 961 innumeris
1871 904 1989 960 cla-

349 1015 523 1058 ruere
552 997 874 1068 miraculis,
895 1001 959 1053 ut
981 1010 1053 1052 ex
1068 993 1726 1065 meritisdiscipulorum
1747 993 1987 1049 daretur

351 1087 598 1159 intelligi
622 1092 855 1159 quanta;
890 1084 1226 1142 sanctitatis
1262 1083 1541 1152 magister
1589 1096 1790 1138 eorum
1809 1081 1986 1137 fuerit

350 1177 448 1250 qui
479 1177 632 1233 tales
661 1177 716 1232 in
742 1176 832 1231 via
863 1175 964 1230 Dei
997 1171 1400 1243 1“discipulos
1430 1169 1829 1226 informaverit
1861 1168 1982 1238 (fol.

349 1267 462 1338 27).
498 1266 673 1321 Beata
705 1262 1022 1318 nimiumet
1046 1260 1508 1315 Dominonostro
1530 1260 1696 1327 grata
1712 1257 1982 1324 societas,

352 1356 408 1410 in
441 1367 554 1424 qua
577 1358 705 1408 erat
728 1351 927 1408 videre
959 1348 1423 1420 tranquillitates
1449 1347 1798 1416 animorum,
1833 1358 1988 1400 man-

346 1441 679 1500 suetudinis
693 1440 973 1510 studium,
999 1437 1422 1494 moderationis
1452 1435 1700 1505 gratiam
1717 1437 1988 1490 honesta-

351 1532 660 1600 tiscuram,
685 1535 743 1587 et
767 1527 1302 1586 consideracionem
1343 1525 1594 1594 decoris,
1640 1523 1793 1579 inter
1841 1537 1986 1594 quas

350 1620 605 1677 virtutes
629 1618 811 1690 prima
833 1616 944 1673 sibi
980 1615 1414 1672 fundamentum
1431 1613 1485 1668 in
1526 1613 1612 1668 eis
1635 1611 1984 1668 verecundia

352 1712 627 1779 posuerat
647 1705 779 1764 lSed
804 1706 936 1777 quia
955 1709 1017 1762 ut
1038 1703 1346 1774 aequalium
1361 1701 1720 1758 cohabitatio
1734 1700 1982 1769 dulcior,

351 1797 431 1851 ita
461 1801 522 1852 et
545 1809 747 1853 senum
767 1794 1070 1862 tutiorest,
1092 1792 1245 1848 beati
1269 1791 1376 1846 viri
1408 1788 1844 1860 Lupiindividui
1888 1788 1986 1844 ad-

2108 637 2264 692 tione
2281 635 2650 708 consepeliri,
2672 642 2732 692 ut
2747 643 3074 694 mereretur
3088 653 3190 710 per
3206 639 3395 711 ipsum
3411 640 3483 697 ad
3497 641 3745 711 gloriam

2103 726 2292 780 Patris
2313 725 2366 780 in
2391 725 2610 780 virtute
2628 725 2884 795 Spiritus
2900 739 3004 796 per
3019 727 3302 784 bonorum
3316 728 3600 786 exercitia
3614 744 3748 802 ope-

2101 828 2226 869 rum
2249 811 2724 868 conresuscitari.
2751 813 2842 868 Sic
2874 813 2931 867 in
2961 829 3138 869 carne
3173 815 3377 872 vivens
3399 831 3512 872 non
3541 831 3748 874 secun-

2100 901 2234 957 dum
2267 916 2500 957 carnem
2533 899 2842 970 militabat,
2870 917 3208 973 praecavens
3235 908 3297 959 et
3329 904 3650 962 observans
3683 910 3750 963 ut

2101 1005 2286 1060 neque
2319 988 2637 1061 peccando,
2674 1004 2861 1060 neque
2893 990 3122 1062 positus
3162 991 3216 1046 in
3251 992 3586 1064 suSpicione
3617 1008 3751 1066 pec-

2099 1079 2235 1148 cati,
2271 1077 2433 1134 fleret
2475 1077 2887 1134 offendiculum
2938 1079 3216 1136 fratribus
3264 1085 3365 1136 aut
3410 1080 3747 1138 scandalum

2102 1165 2215 1238 (fol.
2248 1165 2376 1234 27’).
2408 1165 2782 1222 lntellexerat
2804 1167 2956 1222 enim
2978 1182 3051 1222 ex
3075 1168 3398 1238 evangelio,
3425 1184 3593 1240 quam
3617 1184 3750 1240 gra-

2098 1255 2187 1310 vis
2219 1255 2294 1308 sit
2327 1270 2357 1310 a
2393 1255 2630 1310 Domino
2659 1255 3079 1311 scandalizanti
3133 1271 3309 1313 unum
3360 1271 3435 1312 ex
3488 1257 3744 1315 minimis

2096 1342 2423 1410 constituta
2447 1343 2886 1399 animadversio.
2915 1345 3052 1399 Erat
3075 1343 3128 1398 in
3150 1345 3330 1401 corde
3351 1345 3480 1416 ejus
3505 1346 3616 1402 fixa
3642 1345 3743 1402 illa

2095 1431 2319 1487 Domini
2337 1425 2623 1488 sententia
2643 1451 2654 1486 :
2677 1432 3563 1503 Quisahumiliat,oaraltabitur
3575 1436 3741 1502 (Luc.

2097 1535 2209 1588 xxv,
2250 1524 2360 1590 11,),
2396 1520 2546 1576 unde
2577 1525 2634 1576 et
2669 1520 2959 1576 humiliari
2993 1521 3269 1578 studebat
3304 1522 3360 1578 in
3391 1522 3588 1592 terris,
3615 1527 3678 1580 ut
3713 1540 3743 1579 a

2097 1610 2340 1664 Domino
2371 1607 2617 1664 exaltari
2654 1614 2978 1666 mereretur
2999 1609 3054 1665 in
3077 1610 3262 1667 ccnlis.
3291 1609 3398 1668 Sed
3420 1626 3526 1668 nec
3552 1613 3742 1684 potuit

2099 1697 2380 1753 abscondi
2416 1696 2651 1753 lucerna
2685 1697 3042 1754 delitescens
3075 1701 3184 1756 sub
3209 1699 3422 1770 modio,
3443 1715 3646 1757 verum
3670 1700 3743 1756 ad

2099 1784 2436 1855 eﬂ‘ugandas
2468 1799 2732 1841 errorum
2765 1787 3042 1842 tenebras
3071 1792 3246 1858 atque
3270 1788 3339 1844 ad
3365 1787 3744 1845 illuminatio-

350 1883 1055 1951 berebantcontubernio,
1075 1879 1522 1952 quimagisterio
1541 1878 1787 1949 quodam
1811 1883 1872 1934 et
1889 1877 1987 1968 do-
2014 1908 2070 1968 B
2099 1888 2227 1968 nem
2262 1873 2574 1968 multorum
2592 1873 2876 1968 imposita
2909 1878 3002 1930 est
3030 1874 3402 1968 candelabro.
3428 1879 3566 1933 Cum
3587 1877 3742 1935 enim

347 1973 537 2029 ctrina
572 1973 708 2029 vitae
740 1971 1044 2028 colorabat
1067 1967 1732 2036 moresadolescentum,
1754 1965 1982 2022 etvelut

349 2061 566 2118 murice
602 2059 920 2132 probitatis
954 2056 1455 2122 inficiebat.Quod
1481 2055 1712 2126 quidem
1738 2055 1986 2110 maxima

346 2148 436 2207 vir
455 2149 574 2205 Deo
606 2148 816 2220 plenus
837 2145 1193 2217 adimplebat
1214 2145 1426 2214 gratia,
1453 2147 1514 2199 ut
1531 2143 1753 2199 videret
1782 2142 1990 2199 alacri-

349 2237 456 2294 bus
488 2235 620 2293 illos
642 2237 849 2292 animis
869 2234 936 2268 1"
962 2233 1144 2306 patris
1169 2233 1442 2288 instituta
1470 2231 1654 2302 sequi,
1708 2245 1857 2301 quos
1878 2246 1984 2288 nec

347 2327 421 2383 ab
439 2327 670 2396 incepto
691 2324 979 2395 gravioris
1000 2322 1279 2395 propositi
1305 2321 1641 2377 deterrebat
1662 2320 1838 2390 rigor,
1855 2335 1984 2376 cum

343 2413 626 2485 juvenilis
654 2412 930 2470 alacritas
958 2412 1030 2466 ad
1053 2426 1119 2466 ea
1151 2424 1380 2481 semper
1395 2409 1983 2466 convertaturstudia

350 2517 482 2574 quas
501 2503 828 2559 arbitratur
856 2498 1273 2574 plausibiliora.
1313 2500 1472 2553 inter
1502 2498 1610 2553 hos
1633 2497 1828 2568 itaque
1853 2512 1987 2554 con-

347 2590 600 2648 tribules
621 2588 688 2624 ¹²⁸
714 2605 854 2646 suos
897 2590 1104 2645 beatus
1136 2586 1520 2644 Pulchronius
1543 2586 1880 2642 meritorum
1897 2601 1985 2641 ra-

349 2680 550 2735 diabat
565 2676 1191 2750 lampade.Honestatis
1208 2675 1466 2746 fulgebat
1483 2674 1695 2730 decore
1709 2674 1986 2730 omnimo-

348 2768 440 2824 dis
467 2773 742 2838 satagens
768 2770 828 2823 ut
861 2767 932 2822 de
955 2781 1016 2822 se
1052 2765 1449 2836 unusquisque
1477 2768 1534 2819 et
1598 2763 1842 2820 maxime
1897 2764 1986 2818 vir

349 2856 608 2928 optimus
625 2855 772 2912 bona
787 2855 1055 2924 sentiret,
1077 2856 1504 2926 quapropteret
1525 2851 1788 2908 omnibus
1809 2851 1981 2908 bonis

347 2944 603 3001 debitam
620 2943 932 3001 exhibebat
950 2943 1358 2999 reverentiam.
1383 2940 1634 2996 Cavcbat
1655 2944 1850 2996 motus
1866 2941 1984 2996 ani-

347 3031 422 3087 mi
441 3031 736 3103 juvenilis,
769 3045 832 3088 se
864 3031 1054 3102 ipsum
1069 3031 1468 3086 observanset
1482 3027 1982 3100 circumapiciens,

344 3125 405 3176 et
428 3125 877 3193 prorumpentes
892 3121 948 3176 in
963 3133 1026 3176 se
1040 3117 1339 3190 appetitus
1354 3116 1601 3188 quadam
1627 3116 1677 3171 vi
1697 3116 1869 3172 animi
1890 3133 1984 3174 co-

344 3208 594 3266 hercens
611 3213 786 3280 atque
800 3210 1137 3275 refraenans,
1164 3220 1236 3261 ne
1267 3205 1566 3276 appetitus
1587 3205 1871 3262 rationem
1891 3205 1982 3263 vel

2100 1961 2316 2034 placuit
2349 1963 2401 2018 ei
2435 1963 2530 2033 qui
2553 1963 2773 2018 electos
2797 1963 2865 2018 ad
2885 1964 3257 2021 eternitatem
3277 1969 3466 2036 vocat,
3493 1970 3740 2022 vocatos

2091 2051 2396 2123 justificat,
2423 2052 2776 2123 justiﬁcatos
2807 2057 3160 2123 remunerat,
3197 2058 3260 2110 ut
3297 2053 3588 2110 exultaret
3620 2068 3744 2111 ser-

2098 2155 2228 2196 vum
2253 2156 2422 2197 suum
2446 2141 2752 2196 habentem
2773 2140 3043 2197 fiduciam
3061 2141 3118 2197 in
3141 2156 3222 2211 se,
3242 2141 3740 2214 inspiravitcordi

2098 2229 2251 2284 beati
2287 2229 2571 2286 antistitis
2593 2229 2732 2301 Lupi
2759 2234 2842 2299 ut,
2864 2229 2934 2286 ad
2953 2229 3226 2286 solatium
3250 2229 3470 2288 laboris
3490 2236 3551 2288 et
3575 2231 3744 2288 mini-

2096 2317 2260 2373 sterii
2288 2317 2398 2388 sui,
2435 2318 2503 2374 ad
2537 2317 2797 2374 ordinem
2829 2333 2958 2374 eum
2990 2325 3362 2389 promoveret
3393 2321 3738 2376 sacerdotii.

2096 2403 2328 2463 Electus
2352 2405 2549 2476 itaque
2571 2405 2859 2462 communi
2873 2411 3012 2462 voto
3025 2410 3084 2462 et
3097 2405 3268 2464 laude
3280 2405 3423 2463 cleri
3436 2412 3497 2464 et
3511 2407 3738 2480 populi,

2094 2494 2429 2565 presbiterii
2463 2495 2739 2550 honorem
2771 2495 2995 2565 accepit
3024 2500 3085 2551 et
3113 2495 3372 2552 moribus
3403 2496 3736 2552 adornavit.

2095 2581 2234 2636 Erat
2264 2596 2510 2652 namque
2540 2587 2750 2653 potens
2784 2583 2837 2638 in
2871 2583 3050 2640 verbo
3079 2589 3137 2640 et
3167 2583 3454 2654 doctrina,
3478 2589 3537 2640 et
3569 2591 3742 2656 pote-

2096 2675 2251 2726 state
2280 2670 2404 2742 ipsa
2433 2685 2565 2726 cum
2594 2672 2866 2742 apostolo
2900 2672 3180 2728 utebatur
3203 2672 3258 2727 in
3281 2672 3737 2746 ediﬂcationem,

2095 2772 2205 2814 non
2229 2760 2284 2813 in
2309 2759 2794 2830 destructionem,
2814 2764 2874 2816 ut
2895 2759 3310 2818 ediﬂcarentur
3329 2763 3585 2819 correcti
3612 2777 3750 2835 pec-

2094 2851 2328 2903 catores
2360 2849 2431 2903 ad
2463 2848 2888 2920 pmnitentiam,
2911 2849 3124 2919 quibus
3155 2849 3264 2919 iam
3298 2850 3610 2909 videbatur
3644 2851 3751 2908 im-

2096 2935 2314 2993 minere
2344 2936 2670 2994 destructio
2706 2951 2809 3010 per
2834 2937 3084 3008 culpam.
3112 2937 3329 2994 Orabat
3354 2954 3458 3012 pro
3482 2941 3746 3012 peccatis

2095 3023 2320 3096 populi,
2345 3031 2426 3094 et,
2449 3039 2582 3081 cum
2616 3025 2836 3083 nullum
2865 3025 3125 3096 laederet,
3151 3027 3422 3084 omnibus
3452 3027 3747 3100 prodesse

2095 3113 2400 3185 cupiebat;
2417 3113 2946 3172 scienssacerdotis
2969 3114 3060 3171 vel
3084 3115 3332 3172 ministri
3356 3131 3486 3173 esse
3503 3117 3748 3188 prodes-

2095 3216 2155 3258 se
2179 3201 2225 3258 si
2251 3201 2374 3258 fleri
2392 3203 2892 3274 potestomnibus,
2907 3205 3115 3260 obesse
3129 3204 3360 3262 nemini.
3380 3203 3747 3277 Implebatur

343 3260 1742 3369 dese—reret,nelprascurrendo
1757 3260 1981 3365 pertur-
2015 3260 2064 3324 α
2087 3305 2204 3360 jam
2229 3290 2284 3346 in
2309 3305 2378 3346 eo
2392 3260 2499 3346 lilia
2525 3291 2774 3348 nominis
2797 3260 2891 3348 sui
2908 3260 3312 3363 ethimologia;
3335 3296 3394 3348 et
3420 3260 3750 3366 quodprae-

345 3387 511 3444 baret
569 3401 695 3444 eam
725 3391 900 3459 atque
961 3383 1322 3453 excluderet,
1366 3388 1424 3438 et
1464 3382 1984 3441 deserendodesti-

339 3479 555 3534 tueret.
588 3475 657 3532 Et
691 3476 769 3531 ita
785 3471 1454 3544 singularumactionum
1476 3472 1680 3528 modos
1710 3486 1974 3542 servans,

335 3563 599 3620 ordinem
614 3577 846 3636 quoque
861 3567 920 3618 et
934 3560 1322 3618 constantiam
1347 3561 1636 3618 dictorum
1662 3575 1902 3618 suorum
1917 3567 1976 3618 et

336 3666 579 3725 operum
594 3649 1174 3720 moderationemque
1187 3648 1548 3718 custodiens,
1567 3649 1782 3707 decoro
1802 3649 1884 3705 illi
1902 3651 1979 3706 in-

341 3738 1072 3811 tendebatquodgenerale
1095 3751 1227 3794 esse
1267 3741 1326 3792 et
1359 3737 1611 3809 speciale
1661 3743 1981 3796 attestatur

338 3827 802 3886 moralisdoctor
832 3825 1247 3884 Ambrosiusin
1267 3824 1418 3883 libro
1440 3827 1511 3882 de
1527 3825 1758 3898 Ofﬁciis,
1784 3827 1864 3884 ita
1898 3827 1979 3884 in-

345 3916 570 3989 quiens:
587 3917 719 3974 «Est
733 3916 1032 3986 decorum,
1053 3916 1159 3986 ait,
1177 3914 1334 3986 quod
1349 3915 1683 3987 przeeminet
1701 3916 1982 3987 ;cujusdi-

349 4005 501 4064 visio
521 4005 752 4078 gemina
769 4009 878 4061 est.
916 4005 1052 4060 Nam
1068 4008 1158 4060 est
1190 4004 1466 4062 decorum
1487 4004 1652 4075 quasi
1681 4005 1978 4076 generale,

340 4093 498 4166 quod
511 4108 616 4166 per
629 4093 1081 4150 universitatem
1096 4093 1787 4165 funditurhonestatis,et
1809 4094 1975 4165 quasi

339 4182 398 4238 in
410 4185 541 4240 toto
559 4185 864 4254 spectatur
877 4182 1255 4253 corpore.Est
1277 4181 1450 4238 etiam
1467 4182 1908 4254 speciale,quod
1923 4183 1979 4238 in

341 4269 538 4342 aliqua
551 4269 1050 4342 corporiseminet
1075 4281 1260 4341 parte.
1288 4269 1571 4328 Generale
1615 4276 1726 4342 est,
1750 4270 1800 4328 si
1851 4271 1981 4342 quis

338 4357 790 4418 universitatem
821 4358 1144 4416 honestatis
1175 4359 1231 4416 in
1253 4360 1406 4417 omni
1441 4365 1576 4418 actu
1610 4375 1716 4416 suo
1766 4359 1981 4416 habeat

335 4446 763 4518 concinentem,
818 4447 1006 4504 utsibi
1037 4449 1351 4506 omnisvita
1371 4448 1499 4519 ejus
1525 4447 1982 4506 consentiatnec

335 4535 392 4594 in
427 4535 542 4594 ulla
575 4551 640 4593 re
671 4534 986 4608 discrepet.
1021 4537 1280 4609 Speciale
1311 4553 1452 4595 vero
1489 4542 1602 4614 est,
1637 4537 1688 4593 si
1721 4535 1974 4608 aliquem

2093 3379 2426 3437 nuntiatum
2458 3385 2587 3438 erat
2615 3396 2688 3436 ex
2719 3381 2966 3451 nomine,
2993 3382 3239 3438 sonabat
3261 3381 3378 3451 jam
3403 3381 3458 3437 in
3482 3383 3742 3441 actione.

2094 3469 2312 3525 Civitas
2341 3469 2493 3526 enim
2526 3475 2654 3526 erat
2676 3470 2956 3541 temporis
2978 3471 3180 3541 utique
3201 3471 3534 3540 gravissimi
3557 3476 3620 3528 et
3644 3488 3747 3544 pe-

2091 3556 2420 3615 riculosissi
2431 3558 2526 3628 mi,
2544 3557 2598 3613 in
2614 3572 2729 3629 quo
2743 3557 3075 3629 praeliorum
3091 3559 3424 3616 fremitibus
3440 3564 3600 3617 totus
3618 3561 3744 3617 fere

2091 3647 2468 3718 quatiebatur
2481 3645 2664 3702 orbis.
2682 3647 2893 3702 Eratet
2907 3647 3192 3716 refugium
3209 3662 3550 3720 pauperum,
3574 3654 3745 3707 tutor

2090 3737 2504 3808 orphanorum,
2528 3733 2803 3792 defensor
2831 3736 3137 3793 viduarum
3166 3741 3224 3793 et
3245 3736 3620 3810 pupillorum,
3643 3752 3746 3812 op-

2092 3839 2432 3898 pressorum
2463 3824 2820 3897 consolator,
2846 3829 2903 3881 et
2927 3825 3178 3884 omnium
3211 3826 3283 3882 ad
3310 3840 3372 3883 se
3403 3827 3745 3898 confugien-

2093 3913 2235 3970 tium
2259 3912 2562 3984 piissimus
2586 3920 2898 3986 susceptor
2917 3919 2978 3970 et
2999 3913 3332 3972 auxiliator.
3356 3915 3401 3970 0
3421 3915 3636 3973 civitas
3655 3916 3744 3974 in-

2089 4001 2515 4074 expugnabilis,
2545 4003 2832 4074 protectio
2855 4003 3346 4074 incomparabilis,
3371 4003 3635 4063 defensio
3659 4007 3746 4063 in-

2090 4089 2409 4162 vincibilis,
2446 4091 2619 4148 sedes
2651 4091 2830 4148 divini
2865 4091 3322 4165 prepiciatorum
3354 4092 3650 4166 altissimi,
3677 4095 3738 4152 in

2091 4194 2204 4252 qua
2233 4184 2440 4250 regnat
2468 4180 2754 4253 sapientia
2783 4185 2844 4237 et
2872 4181 3061 4238 dictat
3093 4179 3251 4252 leges
3274 4181 3528 4254 justitia,
3561 4197 3739 4255 quam

2092 4267 2377 4326 fortitudo
2407 4269 2714 4339 inhabitat,
2751 4269 2902 4341 regit
2937 4269 3266 4342 prudentia,
3300 4270 3561 4344 disponit
3594 4277 3742 4330 tem-

2090 4357 2376 4430 perantia,
2410 4358 2466 4414 in
2517 4353 2628 4430 qua
2679 4357 2860 4430 fulget
2894 4359 2992 4416 Dei
3041 4359 3253 4432 imago,
3288 4375 3418 4432 quae
3450 4360 3739 4420 viciorum

2093 4446 2374 4517 imagines
2403 4447 2720 4504 obliterat!
2747 4447 2988 4520 Suscipe
3018 4452 3077 4505 et
3108 4463 3216 4505 nos
3246 4448 3602 4508 humillimas
3653 4451 3742 4508 di-

2092 4533 2346 4594 lectores
2377 4541 2508 4592 tuos
2537 4540 2598 4592 et
2627 4535 2684 4591 in
2715 4536 3051 4594 defensione
3083 4542 3180 4594 tua
3220 4540 3478 4611 protege.

338 4624 676 4684 actummin
699 4625 1972 4698 suishabetvirtutibus“"praeeminentem.»
2007 4619 2062 4683 D
2165 4627 2304 4682 Cum
2344 4624 2524 4696 igitur
2575 4625 2755 4681 tantis
2807 4626 3087 4683 bonorum
3135 4641 3376 4698 operum
3426 4629 3739 4700 praeconiis

335 4713 438 4772 His
458 4714 641 4785 igitur
660 4715 946 4772 virtutum
977 4715 1241 4787 insigniis
1261 4716 1588 4773 ornabatur
1635 4711 1980 4772 adolescens

333 4802 696 4878 spectabilis.
719 4805 1076 4862 Provexerat
1100 4819 1334 4877 quoque
1355 4817 1487 4860 eum
1504 4816 1725 4859 morum
1751 4802 1982 4874 specio-

335 4893 570 4966 sitas,et
593 4893 1000 4952 ecclesiastico
1017 4895 1410 4965 mancipatum
1424 4890 1614 4948 otilcio
1631 4891 1897 4963 ordinisq
1907 4907 1979 4950 ue

335 4981 515 5042 divini
545 4981 882 5056 ampliatum
895 4983 1225 5042 ministerio
1249 4979 1443 5037 divina
1468 4979 1788 5037 sublimare
1813 4993 1981 5054 para-

335 5069 437 5127 bat
457 5069 664 5142 pietas.
697 5071 836 5129 Cum
868 5071 1142 5140 verojam
1173 5081 1412 5124 emensa
1460 5066 1874 5126 adolescentiae
1895 5085 1980 5128 se-

336 5159 478 5219 mita
502 5159 560 5217 in
583 5160 762 5218 robur
789 5158 1140 5230 emigrasset
1160 5153 1354 5226 virile,
1387 5154 1488 5212 Dei
1510 5155 1664 5228 cepit
1717 5155 1832 5226 jam
1867 5159 1980 5214 fer-

333 5249 572 5308 ventior
601 5250 858 5308 servitus
888 5242 1258 5316 insudare,et
1301 5243 1500 5302 indies
1546 5245 1851 5303 robustior
1907 5247 1979 5305 de

331 5337 552 5398 virtute
576 5339 635 5396 in
667 5338 949 5395 virtutem
972 5333 1282 5406 proﬁcere,
1306 5339 1367 5390 et
1387 5348 1454 5391 ea
1486 5349 1614 5406 quae
1661 5339 1822 5392 retro
1842 5339 1975 5393 sunt

329 5427 704 5498 obliviscens,
733 5427 790 5481 in
820 5437 887 5480 ea
921 5437 1152 5494 quoque
1174 5438 1303 5496 quas
1334 5425 1389 5481 in
1412 5431 1582 5482 antea
1633 5430 1768 5484 sunt
1798 5440 1862 5484 se
1883 5441 1979 5484 su-

2093 4716 2302 4772 beatus
2333 4713 2643 4770 efferretur
2665 4713 3071 4786 Pulchronius,
3096 4715 3377 4788 fieretque
3392 4715 3509 4787 jam
3531 4718 3587 4775 in
3607 4733 3739 4791 pro-

2094 4801 2295 4876 patulo
2325 4801 2597 4860 omnibus
2628 4804 3005 4862 sanctimonia
3035 4805 3182 4876 ejus,
3219 4805 3290 4863 ad
3331 4806 3736 4878 pontificatum

2093 4891 2404 4966 petebatur
2434 4890 2816 4950 Virdunensis
2837 4894 3022 4964 urbis,
3048 4907 3196 4966 quae,
3221 4897 3284 4952 ut
3307 4893 3582 4968 diximus,
3605 4901 3739 4953 tan-

2092 4979 2167 5037 tis
2193 4985 2322 5037 erat
2343 4981 2550 5038 attrita
2569 4980 3022 5054 calamitatibus,
3046 4988 3287 5054 gravata
3310 4982 3498 5056 malis,
3516 4989 3580 5042 ut
3602 4999 3736 5057 per-

2090 5069 2259 5142 pauci
2292 5069 2349 5126 in
2392 5084 2459 5128 ea
2509 5071 2914 5129 invenirentur
2961 5072 3058 5144 qui
3107 5071 3318 5130 divinis
3361 5073 3734 5133 deservirent

2089 5157 2370 5216 cultibus.
2427 5160 2644 5218 Causas
2695 5158 3049 5218 calamitatis
3103 5175 3278 5234 supra
3325 5162 3728 5236 exposuimus.

2088 5247 2302 5306 Verum
2334 5263 2466 5308 cum
2497 5248 2555 5306 id
2585 5249 2658 5307 ab
2680 5263 2750 5308 eo
2779 5248 3032 5322 optineri
3063 5263 3176 5308 non
3217 5255 3415 5322 posset
3462 5256 3528 5310 ut
3573 5251 3732 5310 votis

2089 5338 2414 5410 petentium
2427 5338 2595 5395 daret
2608 5353 2934 5410 assensum,
2951 5339 3021 5394 ad
3037 5338 3268 5396 beatum
3283 5340 3502 5414 Lupum
3514 5341 3730 5399 civium

2089 5427 2187 5498 qui
2207 5433 2378 5484 erant
2398 5427 2617 5486 residui
2639 5441 2777 5500 spes
2801 5431 2922 5484 tota
2943 5427 3331 5500 convertitur,
3353 5433 3416 5486 et
3436 5433 3502 5486 ut
3522 5429 3734 5488 subve-

1673 5551 1922 5624 jVARLE
1962 5551 2361 5609 LECTIONES.

399 5647 470 5727 9,
497 5643 739 5727 Domini.
772 5657 920 5703 corr.
953 5646 1054 5727 Dei
1085 5659 1131 5727 ο,
1167 5644 1234 5680 ⁸³⁸
1264 5644 1490 5727 alacres
1507 5647 1752 5727 illorum
1781 5649 2003 5727 animos
2041 5649 2298 5727 geri-.21:
2338 5648 2406 5704 in
2452 5647 2637 5727 testu:
2673 5647 3254 5727 A“‘_._contubernales
3309 5653 3725 5727 suprascripto

331 5713 469 5777 ribu
493 5732 542 5775 ο.
568 5713 638 5751 θ’
666 5713 916 5786 aliquam
947 5717 1226 5774 virtutem
1256 5730 1407 5774 corr.
1439 5717 1696 5790 aliquem
1729 5722 1922 5775 aetum
1957 5733 2005 5778 ο.
2039 5718 2107 5754 υτ
2138 5719 2365 5775 actibus
2392 5731 2542 5775 corr.
2573 5719 2895 5780 virtutibus
2923 5735 2969 5778 c.
