3898 6332
62 434 125 498 73
1262 432 1678 501 CHRONICO

1853 475 1870 487 -
1901 438 2053 503 LIB.
2087 437 2133 504 Ι.

3322 447 3397 509 ⁸74

62 574 159 630 niat
182 573 390 629 miserae
413 567 784 641 civitati,jam
808 570 924 626 fere
948 571 1375 643 desolatm,jam
1401 573 1649 630 destitu-
1681 579 1734 637 Α
1768 576 2317 647 meinoria,vigebat
2351 582 2540 634 tamen
2573 578 2760 636 adhuc
2787 579 3044 637 Arrianae
3074 581 3402 651 iniquitatis

62 666 141 729 ta),
172 659 469 717 lacrimosis
498 658 885 727 ingeminatur
936 660 1257 728 questibus.
1296 661 1557 716 Accessit
1592 667 1650 716 et

62 748 340 804 vicinorum
371 747 734 803 sacerdotum
760 746 1108 817 supplicatio
1142 748 1557 819 suspirantium
1592 755 1649 804 ct

58 836 152 905 jam
184 836 279 891 sibi
311 835 777 906 applaudentium
812 835 882 889 de
916 836 1093 890 futuri
1144 835 1383 905 collegm
1417 837 1645 892 solatio.

64 927 158 981 Nec
186 928 395 996 poterat
428 924 514 978 vir
542 923 941 979 sanctissimus
965 925 1146 980 tantis
1168 926 1650 981 consacerdotum

65 1018 110 1068 et
139 1012 305 1084 plebis
325 1014 542 1069 devota:
566 1011 737 1067 reniti
761 1012 1171 1083 peticionibus,
1196 1030 1323 1069 cum
1348 1014 1522 1069 sciret
1550 1016 1653 1069 Do-

67 1102 296 1157 minicum
328 1116 449 1157 esse
470 1105 807 1173 preceptum
836 1120 846 1152 :
872 1101 1107 1172 Diliges
1125 1104 1465 1173 proximum
1491 1104 1655 1157 tuum

62 1191 193 1247 sicut
219 1192 266 1245 te
290 1192 477 1261 ipsum
504 1191 663 1259 (Luc.
688 1205 738 1259 χ,
775 1192 886 1259 Q7),
920 1196 977 1244 et
1012 1191 1163 1260 quod
1188 1192 1428 1260 jubetur
1470 1191 1654 1244 fidelis

68 1281 223 1335 anima
253 1294 355 1334 non
392 1295 490 1334 sua
545 1294 829 1349 quaerere,
884 1279 981 1333 sed
1034 1280 1204 1333 Jhcsu
1258 1279 1467 1335 Christi
1519 1285 1653 1334 sunt

69 1368 167 1438 (fol.
202 1368 305 1439 98.)
351 1367 538 1422 Cessit
598 1367 813 1437 itaque,
866 1373 920 1421 et
973 1368 1246 1422 devotum
1308 1367 1655 1438 discipulum

67 1457 261 1513 devotis
284 1456 505 1513 civibus
530 1456 855 1525 assignavit
887 1462 1177 1527 pastorem
1208 1460 1265 1511 et
1294 1456 1653 1527 episcopum.

62 1547 193 1601 Diem
231 1546 372 1601 illam
423 1550 756 1601 sanctorum
787 1544 1128 1612 gaudiorum
1180 1544 1523 1599 celebritate
1572 1560 1661 1599 so-

66 1636 332 1707 lcmpnem,
366 1635 588 1708 piorum
623 1634 943 1689 animorum
995 1632 1299 1689 alacritate
1326 1634 1657 1703 jucundam,

63 1724 192 1781 beati
221 1723 323 1780 viri
353 1724 638 1779 electione
661 1727 718 1777 et
747 1721 1109 1792 promotione
1132 1721 1348 1776 celebri
1378 1722 1666 1777 beatifica-

63 1828 180 1890 tam,
212 1813 583 1870 Virduncnsis
614 1810 940 1881 amplexata
974 1816 1068 1865 est
1096 1811 1363 1880 ecclesia,
1390 1816 1445 1865 et
1485 1827 1665 1881 usque

64 1910 107 1963 in
123 1908 437 1963 hodiernum
462 1903 614 1957 diem
641 1900 875 1998 assidua
900 1899 1011 1953 diei
1050 1899 1207 1954 illius
1240 1901 1419 1955 sentit
1456 1902 1667 1955 hencli-
1697 1940 1749 1998 Β

64 1998 153 2054 cia.
177 1995 379 2052 Gaudet
402 1991 593 2048 celum
616 1993 671 2044 et
698 1988 922 2044 exultat
959 1996 1136 2057 terra,
1166 1989 1298 2058 quia
1325 1989 1380 2043 in
1404 1990 1512 2045 hoc
1536 2005 1668 2045 con-

62 2086 217 2141 currit
249 2084 448 2139 divinae
482 2077 938 2151 dispensationis
986 2091 1152 2131 omne
1209 2079 1570 2148 mysterium,
1608 2084 1669 2135 ut

68 2175 146 2246 qui
174 2175 439 2229 hactenus
470 2171 705 2226 fuerant
736 2182 870 2223 vasa
903 2166 1232 2237 iniquitatis
1248 2167 1316 2221 ad
1346 2167 1666 2237 interitum,

67 2263 297 2319 conversi
328 2262 394 2317 ad
426 2256 809 2331 penitentiam
846 2271 949 2327 per
982 2257 1212 2310 beatum
1244 2255 1430 2311 virum
1466 2256 1672 2312 fierent

69 2366 180 2407 vasa
206 2350 435 2422 justitim
466 2348 520 2403 in
552 2344 1094 2403 sanctificationem.
1124 2344 1513 2400 Consecratus
1534 2360 1673 2414 ergo

71 2442 116 2495 in
167 2439 477 2511 pontificem
532 2435 681 2491 mira
740 2433 993 2489 onmium
1075 2433 1386 2489 devotione
1444 2438 1501 2487 et
1548 2450 1676 2502 gra-

71 2529 151 2597 tia,
205 2528 415 2584 studuit
479 2524 723 2598 pietatis
782 2538 994 2591 augere
1052 2537 1251 2593 opera,
1304 2522 1400 2592 qui
1448 2522 1676 2593 pontifi-

70 2618 161 2672 cali
191 2623 382 2673 auctus
412 2620 537 2672 erat
578 2612 780 2669 infula.
818 2610 1083 2681 Suscepit
1110 2625 1313 2666 nomen
1332 2616 1391 2665 et
1414 2611 1673 2667 habitum

75 2707 374 2774 sacerdotis,
402 2705 683 2761 studebat
717 2706 773 2757 et
809 2702 904 2756 Dei
941 2701 1145 2756 summi
1170 2715 1296 2755 esse
1322 2701 1598 2757 sacerdos
1618 2707 1673 2757 et

74 2794 406 2852 sacrificium.
426 2794 712 2849 Exibebat
730 2790 881 2845 enim
898 2804 960 2845 se
984 2789 1171 2860 ipsum
1197 2790 1447 2844 hostiam
1469 2790 1674 2859 vivam,

76 2890 319 2953 sanctam,
354 2883 682 2955 placentem
718 2881 852 2949 Deo,
890 2877 1189 2934 immolans
1237 2878 1290 2932 ei
1332 2878 1678 2934 sacrificium

76 2969 236 3028 laudis
280 2976 333 3027 et
372 2971 648 3043 spiritum
680 2965 1157 3035 contribulatum,
1194 2966 1344 3035 quod
1378 2965 1559 3021 solum
1594 2982 1683 3021 sa-

76 3059 338 3130 crificium,
352 3061 568 3117 ceteris
582 3057 855 3113 omnibus
869 3072 894 3110 a
907 3057 1113 3125 bjectis
1128 3059 1185 3110 et
1202 3056 1517 3125 despectis,
1534 3057 1683 3111 Deus

80 3149 287 3219 expetit.
313 3151 597 3206 Studebat
621 3147 795 3202 etiam
824 3145 1123 3216 profectus
1144 3145 1231 3200 sui
1255 3144 1519 3215 exemplo
1546 3144 1685 3198 invi-

80 3240 243 3293 tareet
265 3240 474 3296 illicere
496 3244 735 3295 ceteros
752 3235 821 3290 ad
848 3235 1123 3289 virtutem
1146 3233 1437 3305 przccipue
1464 3249 1564 3304 per
1590 3234 1687 3288 hu-

84 3325 313 3385 militatis
338 3344 366 3384 a
399 3330 513 3384 Deo
546 3326 719 3383 nobis
754 3324 1026 3379 traditam
1053 3304 1309 3377 formam.
1338 3327 1687 3378 Assuevcrat
1721 3304 1769 3365 Ο

86 3430 282 3487 quoque
311 3418 473 3488 longa
506 3422 567 3472 et
604 3413 841 3471 assidua
876 3412 1252 3467 meditatione
1284 3426 1513 3467 sursum
1545 3427 1691 3466 sem-

88 3515 170 3571 per
199 3504 471 3574 respicere
503 3508 563 3559 et
600 3499 793 3556 carnis
819 3498 1117 3553 materiam
1137 3497 1485 3567 deprimere,
1516 3497 1691 3551 frenis

85 3591 395 3649 arctioribus
410 3591 747 3647 sublevare.
770 3588 999 3643 Sciebat
1015 3586 1264 3657 speciale
1288 3600 1418 3641 esse
1441 3585 1690 3641 officium

86 3681 369 3735 sacerdotis
408 3681 794 3737 mediatorem
845 3677 1039 3747 populi
1092 3675 1235 3730 effici
1288 3676 1439 3745 apud
1492 3677 1687 3744 Deum,

87 3767 196 3825 ideo
222 3776 274 3825 et
305 3786 553 3842 praeesse
588 3770 968 3824 recusaverat
1001 3766 1117 3821 illis
1152 3765 1363 3836 quibus
1393 3779 1453 3819 se
1487 3779 1693 3835 purga-

87 3856 263 3912 tiorem
292 3874 420 3915 esse
453 3860 615 3916 scire
639 3856 958 3911 metuebat.
986 3858 1160 3910 Versa
1187 3859 1377 3909 autem
1403 3857 1528 3908 erat
1555 3859 1690 3908 tunc

85 3942 129 3998 in
157 3948 586 4004 amaritudinem
631 3946 768 4001 vitis
818 3944 1105 4014 quondam
1160 3943 1290 3998 laeta
1331 3942 1690 4013 palmitibus,

85 4033 200 4090 vitis
222 4040 335 4093 tota
367 4037 697 4104 fructifera,
727 4038 783 4088 ct
820 4033 1080 4089 diadema
1115 4032 1344 4088 decoris
1388 4038 1444 4087 et
1479 4047 1691 4087 corona

83 4121 416 4190 gloriationis
466 4127 522 4181 in
578 4122 976 4180 confusionem
1026 4125 1085 4176 et
1132 4120 1524 4190 ignominiam,
1560 4122 1693 4191 quia

88 4212 294 4271 Arriana
327 4218 446 4273 fece
478 4220 650 4272 totus
693 4213 809 4282 jam
864 4226 1007 4283 pene
1059 4211 1331 4267 sordebat
1384 4211 1690 4281 Occidens,

88 4302 272 4370 quaem
293 4305 645 4374 ubicumque
670 4302 932 4359 incubuit
961 4300 1107 4356 foeda
1132 4315 1361 4371 semper
1391 4300 1695 4357 criminum

87 4392 299 4461 vestigia
332 4395 557 4451 habuit.
593 4393 665 4447 Et
696 4390 837 4446 licet
870 4390 1048 4446 Gallia
1082 4389 1311 4459 Belgica
1345 4389 1514 4445 fidem
1538 4388 1696 4444 Petri

92 4481 543 4551 semperimitata,
566 4479 841 4551 profanas
865 4493 1070 4535 vocum
1087 4479 1444 4534 novitateset
1465 4478 1699 4534 scisma-

89 4568 192 4621 tum
219 4584 437 4627 errores
462 4568 751 4639 orruerit,
785 4567 951 4623 viciis
984 4570 1193 4639 tamen,
1227 4583 1354 4638 quae
1406 4567 1600 4637 quiete
1640 4571 1697 4621 et

1768 664 2160 721 seminarium.
2193 666 2389 721 Flebat
2412 667 2499 721 vir
2524 668 2897 725 beatissimus
2925 676 3157 740 peccata
3181 669 3399 740 populi,

1768 753 2124 823 prmdicabat
2156 755 2537 822 curationem,
2567 757 2849 811 suadebat
2885 758 3220 828 penitentize
3252 771 3406 812 com-

1771 842 2163 911 punctionem,
2192 847 2251 898 ut
2284 844 2667 913 rcSpicientes
2689 851 3173 902 converterentur
3195 846 3265 901 ad
3300 847 3408 901 Do-

1768 930 2004 999 minum,
2039 946 2208 1000 quam
2245 932 2427 988 bonus
2458 936 2571 1002 est,
2604 939 2659 988 et
2694 934 2748 988 in
2781 935 3041 991 scculum
3077 935 3408 991 misericor-

1768 1017 1859 1071 dia
1892 1019 2037 1087 ejus.
2070 1020 2324 1075 Docebat
2352 1035 2481 1076 cum
2523 1022 2791 1092 apostolo
2841 1024 3289 1078 fornicaeionem
3325 1023 3406 1079 fu-

1766 1122 1923 1173 gere.
1943 1108 2212 1176 Quoniam
2231 1109 2323 1177 qui
2343 1110 2664 1165 fornicatur
2684 1111 2738 1164 in
2762 1126 2977 1182 corpus
2993 1127 3158 1167 suum
3179 1117 3403 1182 peccat,

1768 1198 1824 1249 et
1850 1195 1981 1265 quia
2008 1196 2060 1249 iu
2082 1210 2328 1267 corpore
2361 1198 2598 1253 subdito
2635 1200 2892 1269 peccatis
2924 1215 3031 1255 non
3065 1200 3288 1255 habitat
3320 1214 3410 1256 sa-

1772 1282 2007 1354 pientia.
2037 1285 2150 1339 Nec
2183 1289 2415 1354 poterat
2450 1287 2634 1342 inanis
2666 1303 2798 1342 esse
2822 1293 2880 1343 ct
2902 1289 3023 1343 sine
3048 1289 3237 1343 fructu
3262 1288 3407 1343 tanti

1774 1371 2159 1441 prcdieatoris
2181 1375 2450 1443 assertio,
2475 1376 2609 1445 quin
2638 1376 2808 1431 immo
2833 1376 3016 1432 sensit
3045 1378 3183 1432 urbs
3208 1375 3412 1431 Virdu-

1774 1460 1921 1529 nica,
1949 1465 2007 1515 et
2033 1476 2216 1531 usque
2260 1464 2313 1517 in
2348 1463 2690 1519 hodiernum
2726 1465 2873 1520 diem
2909 1465 3191 1534 agnoscit,
3237 1478 3413 1535 quan-

1773 1552 1894 1603 tum
1930 1549 2036 1604 sibi
2074 1550 2383 1619 prestitum
2438 1552 2610 1608 fuerit
2659 1553 2712 1608 in
2768 1553 2866 1608 tali
2923 1554 3217 1624 pontifice,
3249 1553 3416 1624 cujus

1777 1637 1894 1692 vita
1930 1636 2125 1707 pepuli
2158 1644 2285 1693 erat
2318 1640 2761 1711 firmamentum,
2795 1641 2961 1711 cujus
2993 1642 3257 1697 doctrina
3302 1656 3414 1696 me-

1779 1725 2166 1781 dicamentum
2230 1730 2354 1782 erat
2422 1729 2762 1800 animarum,
2808 1730 3103 1802 correptio
3168 1744 3413 1799 morum,

1778 1813 2108 1869 eradicacio
2149 1816 2453 1871 viciorum.

1853 1902 1973 1971 (fol.
2009 1903 2139 1975 28’.)
2172 1906 2328 1959 Inter
2360 1906 2481 1960 haec
2516 1906 2710 1976 itaque
2745 1908 2836 1977 pia
2883 1907 3059 1963 divini
3104 1906 3416 1963 famulatus

1781 1991 2057 2046 exercitia
2091 1993 2245 2062 cepit
2280 2008 2509 2049 servum
2544 2010 2711 2049 suum
2760 1996 2912 2050 Deus
2965 1996 3176 2050 mundo
3220 1995 3418 2051 multis

1784 2080 2156 2135 manifestare
2188 2081 2504 2151 miraculis,
2534 2087 2594 2138 ut
2619 2088 3037 2152 agnosceretur
3059 2084 3131 2139 ab
3148 2084 3418 2141 omnibus

1783 2169 1937 2239 quod
1969 2173 2132 2235 grata
2166 2174 2328 2225 esset
2361 2171 2690 2241 spiritubus
2742 2172 3021 2239 angelicis
3051 2172 3421 2229 conversatio

1782 2259 1923 2327 ejus.
1953 2259 2133 2314 (210018
2155 2273 2401 2328 namque
2431 2261 2636 2329 visum,
2662 2259 2889 2316 claudis
2918 2276 3200 2330 gressum,
3228 2261 3423 2317 surdis

1786 2348 2101 2416 przestabat
2124 2347 2404 2415 auditum,
2431 2353 2490 2403 et
2515 2349 2704 2404 omnia
2729 2363 3040 2420 corporum
3063 2349 3424 2405 incommoda

1785 2435 1947 2489 verbi
2002 2435 2221 2490 virtute
2274 2436 2530 2505 fugabat.
2575 2436 2746 2507 (Vita
2796 2438 2966 2507 Lupi,
3006 2453 3057 2507 p.
3107 2443 3193 2493 70.
3244 2438 3428 2509 Super

1788 2523 2080 2578 dmmones
2114 2539 2342 2594 quoque
2404 2529 2622 2579 tantam
2672 2530 3073 2595 consequutus
3104 2531 3229 2581 erat
3262 2540 3290 2581 a
3326 2528 3431 2582 Do-

1790 2611 1942 2665 mino
1978 2616 2347 2682 potestatem,
2382 2618 2462 2682 et,
2496 2617 2558 2668 ut
2588 2613 2806 2682 legitur
2837 2615 2892 2668 in
2927 2615 3053 2669 Vita
3108 2614 3429 2670 beatissimi

1794 2699 1952 2769 Lupi,
1974 2704 2133 2754 tanta
2161 2699 2213 2754 in
2237 2715 2305 2755 eo
2327 2702 2557 2769 vigebat
2582 2703 2770 2771 gratia
2792 2702 3182 2772 curationum,
3221 2707 3281 2758 ut
3307 2703 3429 2760 solo

1787 2787 1950 2857 jussu
1976 2787 2266 2843 daemones
2285 2791 2356 2844 ab
2371 2791 2634 2845 obsessis
2650 2792 2877 2860 fugaret
2894 2792 3263 2862 corporibus,
3281 2796 3338 2845 et
3359 2793 3431 2848 ad

1795 2876 2039 2947 primum
2090 2878 2249 2933 vocis
2293 2877 2419 2946 ejus
2467 2878 2772 2949 imperium
2823 2880 3010 2935 omnis
3044 2894 3241 2935 eorum
3277 2885 3434 2935 tene-

1798 2964 1965 3019 brosa
1993 2970 2255 3035 potestas
2277 2974 2677 3037 evanesceret,
2701 2973 2757 3023 et
2784 2969 2947 3037 vigor
2968 2968 3239 3023 omnibus
3262 2983 3435 3023 mem-

1800 3054 1919 3108 bris
1942 3054 2354 3111 rcfunderctur
2389 3058 2780 3114 Testaturhoe
2795 3056 3018 3113 etalius
3035 3056 3266 3126 quidam
3294 3072 3437 3128 11110-

1801 3143 1899 3197 fati
1928 3144 2077 3199 beati
2104 3144 2239 3216 Lupi
2272 3146 2491 3216 scripto
2516 3147 2768 3203 virtutes
2793 3146 3086 3217 replicans
3110 3152 3165 3201 et
3189 3146 3439 3218 discipu-

1800 3231 1985 3287 lorum
2019 3233 2146 3302 ejus
2180 3235 2512 3290 memoriam
2566 3237 2805 3306 faciens,
2841 3237 2938 3307 qui
2991 3237 3162 3307 hujus
3208 3251 3439 3307 quoque

1804 3321 1956 3376 beati
1992 3323 2177 3392 patris
2211 3324 2397 3379 nostri
2432 3324 2687 3379 meminit
2738 3326 2793 3379 in
2842 3327 2961 3381 haec
3012 3327 3188 3381 verba
3223 3346 3235 3380 :
3272 3325 3443 3393 (Vita

1803 3414 1973 3483 Lupi,
1995 3416 2179 3483 p.8l.)
2216 3436 2241 3463 ‹‹
2272 3415 2506 3483 florum,
2536 3415 2741 3484 inquit,
2762 3430 2910 3470 unus
2942 3416 3049 3471 fuit
3073 3421 3313 3471 sanctus
3340 3416 3443 3472 Po-

1804 3499 2160 3571 lochronius,
2187 3504 2351 3558 urbis
2384 3503 2687 3559 Clavorum
2712 3505 3046 3576 episcopus,
3072 3506 3240 3575 cujus
3266 3504 3442 3561 vitam

1805 3592 2118 3646 sanctitate
2150 3592 2398 3663 plenam,
2431 3607 2667 3649 munere
2696 3594 2980 3649 virtutum
3015 3594 3317 3663 insignem,
3345 3594 3446 3649 mi-

1804 3679 2138 3735 raculorum
2193 3682 2444 3751 patratio
2496 3682 2776 3751 ostendit,
2814 3683 3026 3753 quibus
3065 3683 3278 3739 claruit
3313 3681 3444 3753 plus

1804 3783 1973 3839 quam
2007 3769 2289 3824 credibile
2322 3770 2415 3825 sit.
2440 3791 2465 3818 »
2498 3772 2633 3826 Nam
2669 3771 2917 3839 miseris,
2944 3786 3091 3841 quos
3122 3772 3246 3826 dira
3276 3785 3446 3826 vexa-

1808 3858 1903 3912 bat
1938 3858 2202 3912 eondicio
2236 3858 2473 3927 furoris,
2500 3865 2563 3914 ut
2594 3860 3065 3927 astringerentur
3101 3859 3306 3913 ferreis
3348 3859 3446 3914 bo-

1807 3946 2020 4000 minum
2042 3946 2283 4015 catenis,
2307 3947 2580 4015 precibus
2611 3946 2731 4003 suis
2764 3947 3115 4017 impetrabat
3143 3962 3173 4000 a
3204 3946 3445 4002 Domino

1806 4035 2207 4090 remissionem
2244 4036 2474 4103 furoris,
2504 4040 2567 4091 ut
2592 4034 2718 4091 solo
2739 4035 3047 4106 ejusjussu
3070 4042 3128 4091 et
3152 4034 3446 4090 daemones

1807 4125 2167 4197 pellerentur
2190 4140 2319 4180 cum
2353 4125 2532 4180 armis
2566 4126 2688 4182 suis
2719 4125 3053 4195 virulentis,
3073 4130 3130 4180 et
3154 4124 3448 4181 larvarum

1807 4213 2209 4283 lemurumque
2240 4218 2509 4269 carerent
2542 4214 2821 4271 fantasiis.
2858 4215 2972 4270 Nec
3007 4213 3196 4270 solum
3230 4214 3285 4269 10
3318 4212 3451 4269 1311-

1810 4303 1937 4372 bus,
1964 4303 2067 4358 sed
2100 4307 2158 4357 ct
2190 4302 2244 4357 in
2280 4302 2529 4358 diversis
2562 4304 2725 4359 fulsit
2750 4304 2953 4359 horum
2982 4303 3290 4373 similibus,
3319 4317 3451 4373 quae
3524 4346 3537 4357 .

1812 4390 2047 4447 libellus
2080 4392 2149 4447 de
2177 4392 2296 4447 vita
2328 4392 2455 4461 ejus
2489 4392 2749 4462 scriptus
2768 4392 2994 4463 plenius
3016 4392 3272 4448 elucidat
3298 4392 3451 4449 scire

1810 4481 2163 4538 volentibus.
2192 4483 2321 4536 llaec
2348 4479 2413 4512 ¹²⁹
2430 4485 2562 4536 81101
2588 4481 2924 4536 sanctitatis
2958 4482 3111 4538 beati
3147 4481 3253 4538 viri
3290 4482 3453 4536 testi-

1814 4571 2025 4641 monia,
2049 4584 2175 4640 quae
2197 4570 2410 4639 ubique
2433 4574 2491 4625 et
2514 4574 2652 4626 tunc
2686 4570 2738 4625 in
2769 4570 2887 4625 vita
2920 4584 3024 4626 sua
3055 4576 3115 4625 et
3145 4583 3297 4625 nunc
3321 4575 3454 4639 post

94 4654 201 4710 ccio
226 4658 470 4731 aluntur,
498 4665 642 4715 tunc
675 4657 909 4712 nimium
946 4657 1119 4713 fraana
1146 4657 1460 4712 laxaverat.
1488 4656 1701 4710 Redar~
1730 4664 1785 4724 D
1815 4660 2036 4716 obitum
2066 4660 2191 4729 ejus
2218 4658 2498 4728 celebrat,
2528 4663 2839 4715 veneratur
2870 4664 2929 4714 et
2953 4658 3231 4729 praedicat
3252 4662 3451 4713 sancta

93 4745 272 4809 guebat
288 4762 420 4804 vero
432 4752 707 4805 errantes
721 4748 853 4817 pius
878 4751 1077 4818 pastor
1100 4745 1339 4801 lenitate
1359 4750 1417 4800 et
1443 4758 1701 4800 mansue-

95 4831 267 4890 tudine
294 4839 494 4908 patris,
532 4836 855 4893 severitate
886 4839 942 4889 et
985 4834 1335 4891 auctoritate
1386 4832 1698 4905 pontificis,

95 4920 262 4978 sciens
275 4924 389 4980 Heli
408 4941 512 4997 pro
528 4926 784 4980 filiorum
808 4923 1115 4994 iniquitate
1138 4924 1532 4994 dampnatum,
1550 4921 1703 4991 quod

96 5008 262 5067 minus
274 5027 469 5071 severa
495 5014 999 5071 animadversione
1023 5013 1432 5084 delinquentes
1453 5026 1556 5068 eos
1580 5026 1705 5067 cor-

99 5096 347 5168 ripuerat.
366 5103 852 5171 Querebatetiam
867 5118 995 5159 cum
1011 5103 1289 5159 Iberemia
1305 5101 1403 5172 (IX,
1422 5102 1475 5173 1)
1498 5116 1703 5172 aquam

66 5234 67 5237 η
98 5188 252 5257 capiti
283 5206 385 5248 suo
416 5199 477 5249 et
505 5193 698 5249 oculis
731 5192 855 5249 suis
888 5193 1102 5248 fontem
1128 5192 1515 5261 lacrimarum,
1539 5190 1707 5246 111111-

101 5288 195 5343 gne
223 5286 408 5349 posset
439 5283 659 5338 deflere
679 5282 960 5338 maliciam
980 5296 1181 5338 eorum
1204 5281 1301 5352 qui
1328 5285 1708 5353 peccaverant

101 5368 152 5418 et
176 5380 274 5423 non
302 5377 545 5441 egerant
575 5371 955 5443 penitentiam
985 5372 1057 5427 ab
1088 5370 1480 5427 immundiciis
1510 5372 1566 5424 et
1611 5368 1710 5424 ini-

104 5452 420 5521 quitatibus.
440 5462 502 5515 10
527 5461 673 5532 ipsis
694 5462 846 5517 enim
870 5459 1135 5531 reliquiis
1153 5458 1516 5531 captivitatis
1538 5465 1595 5515 et
1614 5458 1709 5515 de-

110 5543 787 5609 structionisWandalicze
809 5564 939 5609 cum
960 5554 1121 5607 esset
1143 5549 1331 5606 adhuc
1355 5562 1560 5606 recens
1582 5550 1709 5621 ejus

1816 4750 1913 4804 Dei
1948 4748 2219 4804 ecclesia.
2275 4748 2318 4802 Ο
2367 4747 2554 4803 virum
2604 4748 2756 4803 omni
2809 4746 2979 4802 laude
3025 4744 3450 4816 dignissimum,

1818 4838 1969 4894 omni
1990 4837 2285 4893 devotioni
2302 4856 2317 4891 s
2337 4851 2533 4894 amore
2554 4835 2898 4892 colendum!
2927 4836 2970 4889 Ο
2993 4836 3248 4905 Spiritus
3263 4835 3453 4890 sancti

1819 4926 2097 4998 templum
2118 4925 2372 4995 dignum,
2393 4923 2629 4995 jejuniis
2653 4924 2933 4992 sobrium,
2961 4922 3176 4992 vigiliis
3194 4926 3450 4995 cautum,

1815 5015 2178 5072 orationibus
2202 5012 2557 5084 mundatum,
2580 5012 2854 5069 castitate
2875 5011 3342 5067 cluentissimum
3369 5013 3381 5067 !
3411 5012 3456 5068 Ο

1817 5104 2114 5160 civitatem
2147 5103 2423 5159 munitam
2456 5103 2737 5159 adversus
2772 5099 3014 5156 insidias
3057 5100 3292 5169 diaboli,
3328 5114 3459 5157 san-

1818 5195 2108 5251 ctuarium
2141 5194 2263 5264 Dei,
2286 5192 2765 5264 prepiciatorium
2784 5189 3046 5247 caelestis
3067 5189 3311 5261 oraculi,
3338 5203 3461 5247 tur-

1821 5284 1928 5339 rim
1960 5283 2138 5338 David
2172 5298 2299 5354 qua:
2322 5280 2590 5337 edificata
2623 5284 2711 5338 est
2744 5295 2874 5337 cum
2899 5279 3372 5353 propugnaculis,
3402 5280 3459 5337 in

1822 5386 1932 5444 qua
1965 5362 2121 5427 milia
2154 5371 2489 5443 clypeorum
2549 5369 2880 5440 dependent
2927 5370 3115 5426 omnis
3164 5372 3459 5426 armatura

1824 5460 2058 5518 fortium
2084 5462 2096 5515 l
2121 5461 2243 5517 Non
2265 5461 2399 5516 sunt
2424 5458 2480 5513 in
2502 5471 2569 5513 ea
2590 5456 2716 5513 loca
2737 5458 3056 5529 bumentia,
3082 5457 3240 5514 nulla
3262 5455 3343 5512 ibi
3370 5471 3464 5513 ca-

1825 5550 1958 5606 lami
1991 5550 2217 5622 umbra,
2243 5548 2300 5606 in
2322 5561 2433 5622 qua
2465 5546 2713 5604 accubet
2743 5545 3020 5605 draconis
3050 5545 3338 5605 mollicies
3368 5559 3466 5604 ve-

1436 5646 1673 5705 nam:
1712 5636 2113 5705 LECTIONES.

76 5764 79 5831 κ,
168 5728 230 5767 ¹²⁸
256 5734 388 5802 Quae
406 5768 477 5780 -—
504 5735 802 5797 laxaverat
822 5739 891 5800 in
915 5752 1111 5814 many.
1147 5736 1216 5774 “9
1235 5737 1376 5798 Haec
1394 5767 1464 5782 —
1485 5736 1738 5799 ecclesia
1761 5738 1832 5801 in
1855 5748 2049 5813 marg.

389 5835 649 5905 ΡΑτ1101..
682 5837 891 5903 CLIV.
