3898 6378
401 388 480 458 75
1356 388 1716 458 HOGONIS
1759 375 2114 454 ABBATIS
2151 382 2833 454 FLAVINIACENSIS
3731 387 3804 457 ’76

404 523 662 590 ternosa.
699 527 744 585 Ο
775 526 1136 598 virginitatis
1170 525 1550 598 domicilium,
1589 521 1828 599 pietatis
1857 531 2048 580 sacra-
2079 523 2133 582 A
2164 533 2267 576 sus
2288 518 2416 590 ejus
2437 521 2633 591 gravis
2655 529 2802 596 erat,
2821 530 3014 584 motus
3033 542 3212 600 purus
3234 531 3292 585 et
3316 526 3585 601 simplex,
3606 533 3804 600 gestus

407 612 776 678 rihml'l‘alis
833 614 1102 673 nimirum
1164 616 1431 673 minister
1489 616 1738 672 decebat
1789 615 2046 670 sanctam

405 701 625 765 Dbmini
662 710 924 775 matrem,
963 703 1096 760 talis
1130 705 1392 776 pontifex
1421 709 1681 760 sanctam
1714 701 1842 771 ejus
1872 701 2046 769 digne

405 794 727 853 adornabat
756 793 1102 862 aecelesiam,
1131 795 1372 864 regebat
1407 791 1702 861 familiam,
1728 795 1788 846 et
1820 790 1875 844 in
1907 793 2050 845 tem-

407 899 548 956 pore
567 882 1160 953 erogabatconservis
1183 880 1461 937 Dominici
1487 879 1668 936 tritici
1694 891 2044 934 mensuram.

405 973 583 1038 Quem
617 970 826 1027 merito
849 969 1236 1026 Virdunensis
1257 969 1524 1025 ecclesiae
1550 969 1800 1023 fatemur
1822 969 2052 1037 apostO'

404 1061 544 1131 lum,
569 1061 653 1116 sic
679 1064 868 1115 tamen
895 1058 1080 1129 primo
1106 1057 1326 1129 pastori
1353 1063 1554 1113 nostro
1579 1058 1749 1111 beato
1775 1055 2050 1111 Sanctino

405 1148 848 1220 prterogativam
873 1147 1108 1202 honoris
1130 1146 1310 1201 debiti
1335 1160 1445 1200 non
1462 1145 1806 1200 minuamus.
1827 1146 2048 1213 Agrum

403 1251 649 1307 namque
671 1235 1027 1291 Dominicum
1054 1240 1298 1290 sanctus
1329 1233 1638 1288 Sanctinus
1669 1231 1840 1300 digne
1879 1245 2052 1286 exco-

405 1324 534 1394 luit,
551 1323 710 1380 nullo
724 1322 1159 1392 adhuemaligni
1185 1321 1436 1378 cultoris
1455 1326 1652 1378 aratro
1674 1319 2048 1389 maculatum,

402 1427 508 1468 nec
529 1411 924 1484 praeventione
941 1411 1177 1482 pessimi
1197 1410 1436 1465 seminis
1451 1413 1885 1480 occupatum,et
1899 1408 2049 1463 viam

403 1501 738 1558 inusitatam
771 1504 830 1556 et
863 1499 1066 1555 rudem
1097 1499 1394 1568 nullisque
1425 1502 1596 1552 antea
1629 1497 1900 1566 vestigiis
1923 1512 2054 1568 pro-

399 1589 694 1646 culcatam
727 1587 1077 1645 assiduitate
1111 1586 1474 1643 commeandi
1528 1587 1664 1642 fecit
1696 1586 1963 1641 attritam
1993 1590 2054 1640 et

381 1679 736 1748 levigatam.
771 1680 981 1734 Verum
1014 1692 1143 1732 eum
1201 1681 1399 1748 postea
1449 1690 1649 1746 agrum
1697 1676 1881 1746 ipsum
1929 1680 2050 1731 tum

399 1765 829 1839 persecutionis
845 1763 1274 1833 violentia,tum
1291 1764 1632 1820 colonorum
1647 1763 1890 1834 penuria
1909 1768 2054 1818 urti-

395 1871 480 1912 ea:
509 1861 567 1910 et
599 1868 808 1925 vepres
837 1853 1306 1924 coeperuissent,
1333 1856 1391 1907 et
1411 1866 1588 1922 super
1611 1865 1806 1907 semen
1833 1850 1964 1905 fidei
1989 1856 2052 1938 et
2087 1880 2136 1938 Β

391 1943 661 2000 veritatis
694 1941 959 1997 inimicus
991 1942 1162 1997 homo
1196 1942 1550 1997 seminasset
1581 1939 1832 2008 zizania,
1862 1939 1920 1994 id
1959 1934 2054 1994 est

396 2031 600 2089 malam
625 2031 952 2086 doctrinam
978 2033 1035 2084 et
1063 2044 1338 2101 perversa
1365 2029 1654 2096 dogmata,
1683 2029 1854 2082 beato
1879 2026 2052 2083 Polo-

393 2120 636 2178 chronio
661 2118 1090 2190 quodammodo
1113 2117 1751 2189 duplicatuscstlabor,
1769 2115 1863 2172 cui
1883 2115 2046 2186 prius

392 2211 707 2279 cenceptas
735 2205 922 2262 corde
954 2205 1076 2273 (fol.
1111 2206 1202 2276 29)
1234 2205 1477 2260 malicire
1529 2205 1744 2258 formas
1797 2216 2050 2258 necesse

395 2297 503 2353 fuit
524 2295 844 2352 extrudere
864 2298 924 2350 et
945 2295 1264 2350 exturbare
1285 2298 1346 2348 et
1369 2293 1535 2348 noxia
1560 2305 1805 2362 quaeque
1829 2291 2050 2347 evelle-

393 2399 456 2441 re
473 2389 530 2440 et
553 2383 876 2452 eradicare,
897 2388 1015 2438 tum
1037 2381 1247 2437 deinde
1272 2395 1468 2437 semen
1494 2385 1669 2436 rectae
1693 2379 1824 2436 fidei
1853 2380 2044 2436 denuo

392 2471 576 2530 sulcis
609 2472 885 2528 mentium
917 2470 1184 2538 credere,
1216 2473 1273 2525 et
1317 2469 1478 2540 quasi
1512 2468 1591 2524 nil
1623 2473 1776 2524 esset
1826 2468 2040 2524 factum

393 2563 580 2616 totum
609 2573 638 2614 a
674 2557 962 2630 principio
988 2571 1288 2612 renovare.
1319 2557 1498 2622 Quam
1523 2556 1720 2612 multa;
1743 2555 1895 2610 enim
1923 2557 2041 2611 fue-

393 2652 524 2704 rant
541 2647 767 2718 species
782 2645 1030 2717 deprava
1044 2645 1240 2714 tionis,
1264 2650 1378 2700 tam
1397 2644 1614 2701 multas
1630 2645 2038 2715 oportuitessc

391 2739 449 2794 et
483 2734 902 2792 restitutionis.
931 2732 1040 2790 Sed
1074 2734 1280 2789 horum
1315 2733 1571 2788 omnium
1605 2731 1848 2788 scientia
1873 2737 1932 2788 et
1954 2731 2037 2787 di-

391 2823 638 2898 sciplina
667 2825 738 2880 ab
769 2823 898 2896 ipso
929 2828 988 2878 et
1022 2823 1290 2879 scientia;
1322 2823 1567 2878 Domino
1610 2821 1825 2878 tradita
1858 2826 1973 2892 est,
2005 2838 2032 2878 a

391 2928 504 2987 quo
533 2913 604 2970 ad
630 2913 949 2968 animarum
977 2911 1469 2968 instituendarum
1494 2925 1691 2966 curam
1718 2915 1850 2966 ante
1871 2925 2036 2967 secu-

390 3001 532 3058 laria
565 3007 823 3072 tempora
862 2999 1212 3070 praeelectus
1236 3005 1344 3054 est.
1375 2999 1444 3054 Et
1468 2998 1571 3055 hoc
1595 2999 1860 3055 dicentes
1879 3000 2031 3054 beati

390 3089 577 3162 patris
599 3089 856 3144 Sanctini
885 3087 1066 3142 debiti
1093 3087 1334 3142 honoris
1357 3092 1416 3141 et
1437 3085 1766 3142 devotionis
1784 3087 2034 3143 auctori-

390 3182 572 3234 tatem
606 3191 714 3233 non
753 3175 1083 3244 minuimus,
1119 3189 1256 3244 quin
1301 3175 1497 3246 potius
1543 3173 1907 3246 ampliamus,
1938 3175 2030 3231 cui

2163 609 2261 680 qui
2293 624 2402 665 non
2421 612 2924 684 dedeceret,visus
2945 615 3635 688 pudicusetpius,sermo
3651 619 3802 678 mitis

2161 702 2220 752 et
2247 697 2531 770 placidus,
2551 701 2958 760 benivolentiae
2981 709 3042 759 et
3062 705 3270 774 gratiae
3287 705 3493 776 plenus
3509 706 3580 762 de
3594 705 3803 763 doctri-

2164 799 2232 840 na
2249 785 2402 848 fidei.
2419 789 2489 844 de
2505 790 2840 859 magisterio
2863 793 3017 862 vitm,
3036 793 3107 848 de
3130 793 3435 864 disciplina
3463 809 3712 866 morum,
3739 796 3803 852 de

2163 875 2528 932 confessione
2547 884 2942 950 peccatorum,
2969 879 3040 936 de
3073 882 3417 938 confusione
3452 882 3801 955 iniquorum,

2161 961 2233 1018 de
2253 961 2438 1030 gloria
2465 964 2598 1021 vitae
2621 971 2878 1038 aeternae,
2897 967 2968 1023 dc
2983 983 3086 1040 spe
3111 969 3523 1026 retributionis
3545 974 3798 1028 aeternae.

2235 1051 2460 1117 Quanto
2489 1058 2682 1110 autem
2734 1055 2947 1112 decore
2993 1059 3092 1113 Dei
3142 1057 3357 1130 templa
3407 1059 3800 1131 adornaverit,

2161 1153 2293 1195 cum
2319 1141 2446 1211 ejus
2478 1141 2586 1198 hoc
2619 1158 2852 1214 semper
2879 1145 3134 1202 studium
3191 1147 3363 1202 fuerit
3416 1155 3478 1204 ut
3529 1149 3662 1204 aula
3708 1150 3802 1204 Dei

2162 1242 2422 1297 congruo
2454 1235 2663 1286 ornatu
2700 1232 2936 1302 niteret,
2962 1249 3034 1288 ex
3057 1234 3187 1305 ipso
3216 1233 3379 1291 cultu
3413 1236 3626 1293 mentis
3655 1237 3800 1307 ejus,

2164 1316 2260 1372 ubi
2285 1317 2482 1372 sedem
2506 1319 2617 1374 sibi
2634 1333 2694 1375 sa
2705 1321 2921 1391 picntia
2941 1321 3260 1392 locaverat,
3278 1323 3588 1380 advertere
3603 1339 3805 1396 possu-

2165 1419 2311 1460 mus.
2347 1407 2542 1476 Neque
2571 1408 2722 1462 cnim
2774 1413 2999 1466 tantum
3049 1425 3156 1466 nec
3210 1411 3260 1466 in
3315 1411 3564 1468 ecclesia
3618 1412 3803 1470 locum

2165 1493 2542 1564 optinuisset,
2560 1495 2667 1550 nisi
2691 1511 2814 1552 eam
2840 1497 2973 1553 dum
2999 1499 3591 1570 advixitcompetenti
3615 1502 3804 1558 nitore

2164 1579 2528 1638 adornasset.
2549 1583 2818 1640 Filiorum
2842 1601 2980 1642 cura
3003 1587 3353 1658 prOpensior
3375 1588 3425 1642 ei
3445 1593 3596 1658 erat,
3615 1593 3676 1645 ut
3693 1604 3804 1644 am-

2167 1667 2432 1725 bularent
2462 1671 2516 1726 in
2549 1673 2860 1729 sanctitate
2891 1675 3090 1731 cordis
3111 1675 3518 1744 etjustitia,ut
3545 1677 3806 1748 peniten-

2166 1757 2303 1812 tiam
2329 1758 2399 1814 de
2424 1761 3003 1831 peccatisagerentet
3019 1765 3090 1819 de
3106 1765 3318 1821 futuris
3335 1779 3398 1820 se
3411 1765 3802 1836 custodirent,

2167 1850 2229 1902 ut
2253 1845 2422 1915 digne
2437 1849 2551 1904 Deo
2577 1848 2874 1918 placerent
2897 1856 2956 1906 ct
2975 1851 3323 1909 innocentiae
3345 1853 3472 1909 vias
3493 1855 3810 1922 graderen-

2167 1937 2284 2004 tur,
2303 1941 2482 2006 utspe
2504 1936 2573 1992 ad
2597 1953 2846 2010 superna
2871 1939 3258 2008 erigerentur.
3280 1941 3540 1998 Clericos
3557 1947 3806 1998 utmem-

2168 2023 2268 2078 bra
2285 2038 2386 2079 sua
2403 2023 2781 2094 diligebat,et
2811 2026 2943 2083 vitae
2965 2028 3052 2084 eis
3078 2029 3286 2099 pabula
3312 2043 3382 2084 ne
3406 2029 3462 2084 in
3496 2031 3586 2085 via
3603 2030 3805 2088 defice-

2166 2117 2315 2182 rent,
2333 2112 2626 2170 tendendo
2641 2114 2710 2170 ad
2733 2115 3022 2172 Christum
3047 2116 3295 2174 devotus
3317 2117 3801 2187 administrabat;

2161 2213 2296 2268 erga
2320 2215 2520 2256 omnes
2540 2201 2899 2272 misericors,
2915 2217 3052 2272 erga
3075 2219 3276 2260 omnes
3297 2205 3556 2272 fraterno
3581 2205 3803 2263 disten-

2161 2293 2256 2344 tus
2279 2288 2484 2344 affectu
2502 2307 2516 2355 ;
2532 2288 2834 2346 taliscirca
2853 2291 3194 2362 discipulos,
3213 2291 3375 2349 velut
3391 2293 3594 2349 nutrix
3609 2295 3801 2352 foveat

2157 2376 2434 2446 parvulos
2474 2391 2634 2433 suos.
2670 2378 3092 2436 Deferebantur
3121 2385 3314 2437 autem
3345 2381 3416 2437 ad
3449 2396 3579 2438 eum
3613 2397 3688 2438 ex
3716 2384 3800 2439 di-

2153 2465 2342 2520 versis
2368 2464 2560 2521 mundi
2587 2465 2850 2536 partibus
2872 2467 3084 2538 claudi,
3102 2467 3448 2538 cteriaridi,
3469 2468 3712 2526 lunatici
3743 2478 3799 2528 et

2153 2557 2444 2624 quotquot
2457 2554 2725 2624 oppressi
2739 2557 2986 2611 teneban
2999 2562 3090 2612 tur
3107 2555 3448 2614 multimodo
3465 2559 3800 2616 morborum

2147 2655 2382 2712 genere,
2409 2656 2651 2712 quorum
2673 2643 2823 2698 sicut
2847 2648 2904 2698 et
2929 2645 3157 2715 Species
3181 2644 3518 2702 discernere
3536 2647 3792 2716 perdiffi-

2147 2729 2260 2786 cile
2289 2733 2398 2800 est,
2433 2730 2512 2786 ita
2544 2731 2718 2786 etiam
2747 2731 2979 2787 nomina
3014 2732 3197 2798 scire;
3231 2747 3478 2803 quorum
3511 2735 3685 2792 turba
3709 2736 3798 2791 in-

2146 2820 2526 2876 numerabilis
2556 2821 2764 2877 diebus
2795 2835 2860 2876 ac
2886 2821 3160 2878 noctibus
3181 2823 3507 2879 excubabat
3530 2829 3669 2880 ante
3693 2825 3797 2882 do-

2147 2923 2299 2964 mum
2339 2908 2622 2980 episCOpi,
2656 2923 2802 2980 quos
2850 2923 3050 2966 omnes
3083 2909 3358 2982 precibus
3390 2911 3518 2982 ejus
3547 2913 3796 2970 curabat

2146 2987 2368 3052 medica
2402 3011 2604 3053 manus
2637 2997 2754 3052 Dei.
2783 2997 3166 3054 Discedcbant
3199 2998 3296 3054 alii
3329 3000 3540 3070 sanati,
3566 2999 3664 3056 alii
3698 3017 3795 3058 ve-

2145 3083 2384 3140 niebant
2403 3085 2666 3142 sanandi.
2691 3087 2900 3142 Eorum
2919 3090 3110 3142 autem
3131 3087 3227 3158 qui
3250 3089 3660 3145 vexabantura
3677 3091 3795 3161 spi-

2146 3172 2706 3243 ritibusimmundis,
2735 3188 2980 3245 quorum
3008 3189 3175 3245 quam
3204 3175 3402 3247 plures
3425 3176 3796 3234 adduceban-

389 3266 458 3322 ad
479 3264 772 3322 cumulum
797 3234 1416 3320 devotion’is'etlaudis
1439 3263 1550 3319 hoc
1573 3234 1903 3334 praestitum
1929 3263 2028 3334 sit,
2064 3234 2113 3298 Ο·
2145 3265 2244 3317 tur
2275 3261 2548 3331 vulgante
2581 3234 2726 3318 fama
2753 3234 3094 3319 sanctitatis
3126 3234 3251 3334 ejus
3283 3263 3558 3337 insignia,
3595 3263 3796 3323 dolen-

387 3359 453 3410 ut
483 3353 619 3410 talis
651 3353 701 3408 ei
731 3365 1047 3410 successor
1079 3351 1412 3417 accederet,
1449 3351 1544 3422 qui
1581 3353 1654 3408 ab
1687 3352 2032 3421 integritate

391 3441 523 3498 fidei
556 3440 682 3510 ejus
713 3455 828 3497 non
861 3439 1250 3511 discreparet,
1276 3445 1336 3495 et
1359 3439 1644 3496 doctrinae
1668 3439 2033 3511 prtedicatio-

389 3530 600 3600 nisque
631 3529 758 3599 ejus
782 3543 892 3584 non
916 3528 1113 3598 segnis
1130 3533 1459 3598 exequutor
1478 3528 1782 3584 existeret.
1807 3530 1906 3582 Am
1916 3526 2032 3599 ple-

391 3617 605 3674 ctimur
631 3617 782 3674 enim
833 3631 962 3673 eum
1011 3617 1156 3672 totis
1191 3615 1462 3672 medullis
1495 3617 1734 3686 ossium,
1767 3619 1827 3672 ut
1861 3615 2033 3672 decet

391 3710 614 3778 patrem
641 3708 698 3760 et
731 3704 1102 3760 karissimum
1136 3703 1452 3774 dominum,
1476 3719 1578 3776 per
1610 3719 1780 3774 quem
1803 3703 1911 3760 hoc
1932 3718 2032 3776 0p-

390 3793 580 3850 tinere
615 3793 956 3862 meruimus,
987 3799 1047 3848 ut
1072 3791 1207 3848 talis
1229 3792 1399 3848 nobis
1429 3792 1602 3849 datus
1635 3793 1713 3848 sit
1745 3793 2027 3863 pontifex,

390 3883 488 3953 qui
522 3885 715 3954 potest
749 3885 806 3937 et
837 3881 1141 3936 animabus
1175 3880 1391 3936 mederi
1437 3886 1496 3937 et
1541 3881 1906 3953 corporibus.
1945 3880 2028 3936 Ad

387 3971 515 4042 ejus
542 3971 694 4027 enim
725 3969 972 4039 gloriam
1003 3974 1231 4040 spectat
1262 3969 1412 4040 quod
1439 3970 1823 4026 Virdunensis
1845 3969 2031 4026 eccle-

389 4061 474 4116 sia
501 4060 556 4114 in
579 4059 690 4114 fide
715 4062 915 4114 sancta
941 4057 1274 4114 fructificat.
1293 4059 1488 4116 Gratia
1504 4072 1751 4130 namque
1766 4057 2028 4116 ecclesiae

389 4147 518 4205 laus
549 4147 812 4204 doctoris
833 4150 944 4201 est.
968 4148 1330 4204 Honoramus
1360 4147 1533 4204 etiam
1567 4162 1680 4202 non
1699 4148 1880 4203 verbo
1905 4151 2028 4202 tan-

387 4237 511 4290 tum
543 4233 646 4289 sed
677 4233 989 4289 affectibus
1019 4233 1280 4290 cordium
1317 4235 1547 4290 beatum
1591 4233 2024 4301 Pulchronium,

333 4357 344 4369 ι
388 4321 521 4393 quia
567 4325 625 4377 et
677 4325 739 4377 ut
787 4320 956 4390 digne
1006 4315 1326 4379 honeretur
1355 4337 1384 4378 a
1419 4322 1586 4378 nobis
1617 4322 1851 4392 dignius
1901 4321 2029 4393 ipse

390 4409 730 4482 promeruit,
768 4411 863 4480 qui
898 4409 1125 4468 clavum
1173 4411 1341 4467 navis
1372 4410 1816 4480 ecclesiasticae,
1853 4424 2024 4481 quam

389 4503 761 4570 peccatorum
813 4499 1087 4556 sordibus
1138 4499 1496 4556 sentinosam
1549 4501 1839 4570 purgavit,
1873 4501 2028 4558 inter

2145 3348 2280 3405 dum
2304 3354 2432 3405 erat
2447 3350 2644 3406 videre
2667 3349 3182 3422 oculoscruentos,
3201 3351 3410 3408 dentes
3426 3353 3792 3424 frendentes,

2144 3437 2357 3495 collum
2389 3439 2692 3508 intortum,
2713 3439 2966 3508 linguam
2989 3439 3175 3496 aliena
3200 3438 3556 3513 loquentem,
3586 3456 3796 3500 manus

2143 3527 2370 3584 catenis
2393 3527 2620 3583 vinctas
2645 3527 2759 3600 (fol.
2796 3527 2926 3600 29’),
2955 3528 3103 3585 labia
3139 3527 3406 3600 tremula,
3427 3545 3628 3587 vocem
3649 3531 3798 3589 mul-

2144 3613 2429 3686 tiplicem,
2465 3615 2622 3671 intus
2662 3615 2888 3671 hostem
2935 3616 3296 3688 saevientem,
3329 3617 3472 3674 foris
3512 3619 3792 3677 miserum

2143 3703 2360 3760 suimet
2384 3703 2780 3775 impotentem.
2799 3703 2936 3770 Quae
2953 3708 3145 3761 tamen
3165 3705 3361 3762 rabies
3385 3705 3455 3762 ad
3482 3721 3656 3764 unum
3681 3708 3794 3766 viri

2142 3791 2241 3847 Dei
2258 3791 2562 3863 imperium
2577 3791 2736 3848 dicto
2750 3793 2823 3848 cil
2837 3792 2925 3850 ius
2948 3793 3324 3864 abscedebat,
3341 3799 3401 3850 et
3423 3809 3538 3850 uno
3560 3796 3796 3854 eodem-

2143 3895 2254 3950 que
2286 3884 2578 3936 momento
2608 3880 2768 3937 salus
2805 3881 3122 3938 accedebat
3155 3880 3399 3938 indulta.
3436 3883 3679 3941 Beatum
3709 3886 3794 3942 di-

2141 3970 2354 4026 cebant
2391 3984 2592 4026 omnes
2639 3969 2918 4042 populum
2967 3971 3114 4027 tanti
3167 3971 3463 4042 pontificis
3505 3975 3791 4043 regimine

2143 4062 2495 4130 protectum,
2527 4061 2585 4114 ct
2621 4057 2822 4129 plebes
2849 4058 3078 4115 urbium
3113 4058 3432 4116 vicinarum
3481 4059 3553 4117 de
3601 4063 3783 4121 sociis

2141 4146 2327 4204 sancti
2361 4146 2488 4217 viri,
2523 4146 2594 4202 de
2623 4145 2930 4218 discipulis
2977 4146 3202 4203 scilicet
3251 4147 3404 4204 beati
3457 4149 3621 4221 Lupi,
3670 4152 3785 4209 sibi

2141 4236 2546 4308 prmoptabant
2568 4235 3064 4306 dariepiscopum.
3081 4235 3656 4296 Trevirensisau'em
3675 4255 3789 4298 me-

2143 4324 2390 4396 tropolis
2419 4338 2549 4380 cum
2581 4337 2693 4380 non
2717 4324 2960 4380 haberet
2982 4323 3336 4396 pontificem,
3363 4330 3632 4382 sanctum
3660 4343 3790 4386 sus-

2139 4412 2296 4484 cepit
2325 4414 2620 4482 Severum,
2645 4411 2870 4468 eximiae
2899 4413 3234 4470 sanctitatis
3262 4413 3473 4485 virum,
3506 4417 3694 4474 verbo
3724 4423 3783 4474 et

2139 4501 2401 4558 doctrina
2434 4499 2844 4572 clarissimum,
2867 4501 2962 4572 qui
2997 4517 3126 4558 cum
3157 4503 3328 4558 beato
3359 4503 3646 4562 Germano
3679 4507 3792 4564 Au-

386 4587 670 4644 mundana
705 4588 961 4659 pericula
996 4588 1230 4645 fortiter
1262 4587 1433 4654 rexit,
1458 4590 1518 4642 et
1541 4601 1692 4644 nunc
1725 4603 1910 4660 usque
1940 4608 2027 4650 re-
2056 4585 2109 4645 D
2136 4587 2569 4659 tissiodorensi,
2603 4589 2736 4659 quia
2789 4591 2994 4646 beatus
3055 4591 3246 4662 Lupus
3272 4590 3437 4648 senio
3467 4595 3790 4652 excusaba-

383 4690 522 4746 gere
535 4675 809 4748 precibus
821 4683 881 4734 et
895 4676 1114 4734 auxilio
1129 4690 1240 4731 non
1257 4673 1616 4744 destitit,nec
1631 4675 1746 4732 Deo
1763 4680 2026 4750 propicio

385 4764 633 4821 desinet.
662 4765 769 4822 Sed
787 4767 904 4836 jam
929 4764 1000 4820 ad
1025 4761 1382 4819 narrationis
1403 4762 1665 4819 ordinem
1691 4765 2015 4828 redeamus.

453 4927 648 4982 Tantis
667 4927 758 4982 vir
779 4923 1002 4982 Domini
1025 4923 1308 4978 virtutum
1333 4919 1530 4978 clarus
1551 4923 1845 4998 insigniis,
1863 4927 1942 4985 ita
1968 4931 2023 4988 in

383 5028 445 5071 se
475 5015 727 5072 omnium
763 5013 1184 5085 provocaverat
1213 5008 1506 5081 affectum,
1544 5014 1605 5068 ut
1636 5027 1667 5068 a
1703 5014 1940 5086 regibus
1964 5025 2024 5076 et

384 5104 764 5176 principibus,
801 5096 1083 5154 divitibus
1114 5112 1344 5170 quoque
1375 5101 1432 5154 et
1478 5101 1892 5176 mediocribus,
1925 5107 2024 5166 de-

384 5193 618 5250 votione
647 5187 818 5245 nimia
853 5192 1252 5244 veneraretur.
1286 5188 1423 5244 Erat
1453 5189 1608 5245 enim
1651 5196 2022 5254 verecundus

383 5281 440 5338 in
471 5281 618 5350 visu,
655 5277 708 5332 in
745 5279 921 5346 motu,
958 5275 1012 5330 in
1047 5281 1238 5347 gestu,
1274 5277 1330 5332 in
1377 5277 1630 5350 incessu,
1665 5285 1729 5337 ut
1760 5283 2020 5342 habitum

384 5368 596 5426 mentis
627 5364 684 5420 in
715 5363 1013 5421 interioris
1041 5364 1290 5423 hominis
1321 5368 1482 5425 statu
1512 5360 1806 5428 cernere’s.
1829 5373 2022 5430 Inces-

2140 4686 2254 4748 tur,
2291 4679 2508 4734 missus
2555 4682 2648 4734 est
2699 4677 3114 4734 Brittannicam
3167 4677 3413 4736 insulam
3463 4683 3725 4740 secundo
3756 4698 3789 4740 a

2138 4766 2443 4836 Pelagiana
2498 4765 2693 4822 heresi
2749 4767 2912 4824 verbi
2958 4768 3179 4824 virtute
3230 4782 3528 4826 revocare.
3585 4771 3789 4829 Catha—

2136 4855 2437 4912 launensis
2487 4870 2626 4911 vero
2676 4855 2888 4912 civitas
2937 4861 3204 4913 sanctum
3253 4855 3432 4927 elegit
3479 4857 3781 4932 Albinum,

2137 4958 2306 5016 quem
2340 4941 2629 5014 hodieque
2658 4941 2879 5000 letatur
2907 4943 3123 5000 habere
3157 4950 3487 5016 patronum.

2207 5035 2347 5089 Dum
2381 5031 2493 5103 (41)
2517 5045 2658 5101 ergo
2677 5035 2970 5088 tantorum
2993 5031 3250 5089 virorum
3275 5033 3703 5104 praedicatione
3723 5041 3786 5092 et

2133 5124 2228 5180 ind
2240 5122 2422 5180 ustria
2437 5121 2728 5178 Gallicana
2745 5121 2979 5176 ﬂoreret
2999 5119 3274 5191 Ecclesia,
3292 5135 3443 5178 anno
3457 5122 3530 5178 ab
3557 5123 3780 5182 incaru.

2131 5212 2431 5280 Dom.450,
2447 5209 2718 5266 Marciani
2753 5209 3050 5280 principis,
3085 5210 3181 5280 qui
3215 5213 3788 5271 successerat'l‘heo-

2131 5297 2562 5368 dosiojuniori,
2597 5311 2746 5353 anno
2774 5296 2979 5368 primo,
3014 5297 3262 5356 invaluit
3302 5302 3696 5370 persequutio
3723 5308 3787 5359 et

2131 5388 2325 5446 rabies
2345 5389 2700 5447 Hunnorum.
2715 5383 3122 5443 Valentiniano
3140 5384 3208 5422 ¹³⁰
3229 5385 3450 5460 septies
3469 5391 3527 5444 et
3553 5389 3786 5448 Abieno

1743 5485 1982 5543 VARUE
2023 5481 2422 5544 LECTIONES.

453 5568 523 5604 ⁸³⁰
549 5567 1374 5629 Valentiniano—consulibus
1395 5572 1465 5631 in
1489 5586 1682 5645 mam.

474 5729 588 5804 (41)
620 5728 930 5802 Sequentia
962 5743 1150 5802 usque
1178 5729 1250 5788 ad
1282 5729 1454 5788 ﬁnem
1482 5729 1602 5788 folii
1631 5731 1724 5788 29‘
1751 5733 1918 5805 nugo
1945 5645 2336 5796 (ἓοᾷξνὶιω
2370 5729 2638 5788 inseruit.
