3898 6334
183 346 245 409 8i
1128 382 1132 386 -
1299 382 1337 390 η
1409 342 1907 439 CHRONICON.
1939 349 2199 414 -LIB.
2246 354 2292 415 1.

3471 353 3550 431 82

185 479 646 567 suammaliciam,
663 488 718 541 et
747 481 1169 557 reprimendam
1194 490 1370 557 atque
1393 484 1697 544 delendam
1724 484 1881 572 in-A
1911 484 2073 542 luere
2088 485 2299 560 beluis,
2316 486 2610 546 interfecti
2628 486 2937 561 presbiteri
2961 492 3018 546 et
3042 487 3406 548 diversorum
3427 489 3551 549 oili-

183 562 645 628 vitarénturﬁSed
678 572 815 643 quid
850 589 959 630 non
994 576 1167 631 audet
1192 575 1471 647 impunita
1498 566 1829 646 nequitia?"

184 657 315 712 Nihil
343 662 463 714 erat
498 660 649 729 quod
685 667 995 731 peccantes
1024 665 1094 720 ab
1128 665 1483 720 immanitate
1508 665 1795 721 scelerum

186 751 357 815 posset
372 762 492 802 com
502 763 761 819 peseerc,
773 750 957 806 donec
973 752 1210 809 veniens
1223 752 1454 823 gladius
1470 754 1681 809 vindex
1697 753 1796 808 ira:

182 832 409 890 caelestis
437 850 635 892 omnes
679 844 1015 908 percuteret
1066 842 1355 897 sententia
1403 841 1791 898 irrevocabili.

185 922 374 994 [lenm]
406 923 584 979 Attila
614 924 682 959 1”
710 928 882 998 enim,
919 936 982 986 ut
1015 929 1288 999 diximus,
1326 947 1425 985 rex
1477 933 1792 995 llnnoruni,

181 1010 604 1081 quingentorum
637 1015 855 1073 milium
887 1032 1126 1075 numero
1174 1021 1427 1077 confisus
1476 1020 1793 1087 exercitus,

183 1103 329 1168 patre
356 1102 590 1171 genitus
622 1104 958 1176 Munzucco,
992 1108 1082 1164 vir
1114 1108 1170 1163 in
1201 1109 1585 1166 concussione
1628 1114 1798 1165 natus

163 1185 229 1261 in
260 1189 478 1257 mundo,
508 1195 802 1249 terrarum
833 1196 1083 1252 omnium
1116 1203 1323 1265 metus,
1353 1198 1601 1254 mirabili
1637 1203 1796 1255 sorte

180 1281 365 1332 cuncta
391 1280 672 1351 terrebat,
692 1282 1040 1339 formidabili
1066 1285 1136 1340 de
1160 1303 1219 1341 se
1244 1286 1513 1358 opinione
1539 1287 1791 1356 vulgata.

178 1364 1130 1443 Eratnamquesuperbusincessu,
1148 1375 1334 1430 oculis
1358 1376 1709 1446 vigentibus,
1733 1380 1793 1432 ut

176 1452 297 1507 elati
312 1456 567 1525 potentia
585 1457 714 1528 ipso
730 1474 960 1530 quoque
977 1466 1135 1518 motu
1157 1461 1224 1495 ¹⁶⁰
1246 1464 1510 1534 corporis
1529 1469 1790 1535 apparet.

178 1537 443 1595 Bellorum
476 1546 720 1614 amator,
756 1544 878 1614 ipse
928 1562 1095 1602 manu
1148 1550 1516 1619 temperavit,
1550 1550 1795 1606 consilio

174 1625 397 1698 validus,
417 1630 871 1701 supplicantium
886 1635 1225 1707 exorabilis,
1244 1637 1607 1708 propiciusin
1626 1639 1793 1694 [idem

174 1715 335 1771 semel
368 1719 645 1790 receptis,
680 1721 859 1777 forma
894 1724 1109 1793 brevis,
1148 1724 1265 1781 lato
1308 1732 1566 1797 pectore,
1602 1728 1793 1798 capite

1908 572 1993 629 eia
2008 574 2378 649 clericorum,
2393 578 2692 635 subversae
2705 576 2991 648 ecclesiae,
3007 577 3079 633 ad
3104 578 3310 636 altaria
3329 580 3546 637 Christi

1909 662 2185 718 stabulati
2219 666 2371 735 equi.
2409 666 2453 721 Ο
2487 666 2534 721 si
2571 680 2876 738 possemus
2906 665 2962 721 in
3007 667 3304 737 speculam
3337 668 3549 725 mentis

1906 750 2226 806 ascendere
2240 758 2299 807 et
2316 758 2605 809 tantarum
2624 753 2982 809 miseriarum
2997 769 3210 824 genera
3236 755 3545 826 inspicere,

1906 837 2234 895 videremus
2265 846 2468 911 gentes
2500 841 2776 911 gentibus
2807 845 2862 897 et
2900 843 3093 912 regnis
3118 858 3293 912 regna
3314 844 3545 914 collisa,

1906 924 2053 980 alios
2082 929 2366 997 ῐοιιιμιιξιοί,
2404 930 2548 984 alios
2598 929 2813 999 necari,
2847 930 2994 985 alios
3030 931 3310 987 ﬂuctibus
3349 932 3541 1001 obrui,

1907 1013 2053 1067 alios
2075 1015 2144 1070 ad
2170 1016 2514 1071 servitutem
2544 1017 2714 1071 trahi.
2735 1018 2958 1087 Ubique
2976 1018 3189 1089 luctus,
3219 1020 3431 1089 ubique
3453 1035 3551 1089 ge-

1908 1102 2107 1172 mitus,
2139 1109 2197 1157 et
2232 1103 2478 1175 plurima
2514 1105 2720 1159 mortis
2751 1106 2960 1175 imago.
2996 1108 3147 1173 Quot
3195 1109 3545 1164 monasteria

1904 1195 2095 1261 capta,
2124 1197 2353 1261 quantae
2380 1193 2683 1248 fluviorum
2717 1208 2881 1263 aquze
2912 1196 3160 1250 humano
3186 1211 3394 1252 cruore
3429 1212 3549 1252 mu-

1905 1282 2064 1345 tatze,
2094 1284 2334 1335 vastata:
2384 1281 2560 1336 urbes
2609 1284 2669 1335 et
2700 1281 2872 1336 tracti
2905 1296 3114 1351 greges
3146 1285 3545 1354 captivorum!

1904 1366 2170 1423 Peecatis
2198 1367 2390 1439 pepuli
2418 1369 2768 1425 facientibus
2794 1369 2973 1427 fortes
2995 1378 3159 1427 erant
3188 1373 3442 1442 barbari,
3469 1374 3547 1427 vi-

1905 1455 2015 1509 ciis
2050 1455 2507 1512 Christianorum
2548 1456 2615 1489 ¹⁴³
2657 1459 2952 1514 Hunorum
2984 1462 3295 1530 superabat
3331 1463 3548 1517 exerci-

1905 1548 2038 1609 tus;
2069 1544 2327 1601 offensus
2359 1549 2485 1600 erat
2520 1547 2689 1614 Deus,
2717 1552 2771 1601 et
2807 1562 3087 1604 accensus
3119 1550 3280 1605 furor
3310 1551 3438 1621 ejus
3457 1550 3542 1605 1“.

1905 1631 2253 1688 Excecatum
2279 1635 2428 1688 enim
2455 1639 2701 1689 eratcor
2725 1634 2974 1693 ﬁliorum
3002 1638 3390 1709 hominum,et
3406 1655 3548 1711 przc-

1909 1723 1998 1774 ter
2019 1736 2235 1791 paucos
2271 1736 2439 1777 senes
2473 1737 2674 1778 omnes
2706 1723 2759 1777 in
2796 1726 3139 1795 captivitate
3163 1727 3546 1783 etobsidionc

169 1803 470 1876 grandiori,
496 1807 738 1864 minutis
770 1810 976 1879 oculis,
1003 1814 1166 1869 tenui
1201 1829 1356 1883 naso,
1389 1818 1543 1869 teter
1572 1815 1789 1885 colore,
1822 1842 1877 1902 Β
1908 1810 2168 1877 generati
2225 1825 2335 1865 non
2392 1810 2825 1881 desiderabant,
2872 1828 3039 1883 quam
3086 1828 3197 1868 non
3243 1822 3544 1881 noverant,

171 1892 396 1960 originis
425 1909 547 1951 suae
580 1896 745 1967 signa
780 1899 1057 1957 referens.
1091 1902 1197 1967 Qui
1225 1903 1485 1972 quamvis
1518 1904 1607 1959 hic
1639 1910 1815 1959 esset

171 1984 377 2037 natura;
404 1988 468 2037 ut
499 1998 735 2055 semper
768 2001 970 2055 magna
1007 1994 1410 2060 praesumeret,
1436 1991 1687 2048 addebat
1710 1996 1795 2048 ta-

171 2081 283 2123 men
314 2070 365 2124 ei
394 2071 808 2130 confidentiam
842 2075 1071 2143 gladius
1101 2079 1298 2134 Martis
1322 2079 1614 2149 inventus,
1641 2081 1792 2151 apud

169 2155 473 2215 Schitarum
506 2175 683 2230 reges
707 2177 934 2234 semper
954 2165 1210 2236 habitus,
1238 2182 1340 2238 per
1363 2183 1531 2236 quem
1556 2169 1797 2225 arbitra-

169 2243 577 2305 baturseorbis
593 2249 915 2321 principem
948 2254 1333 2310 constitutum
1358 2260 1415 2310 et
1444 2260 1792 2327 potestatem

169 2332 266 2388 sibi
294 2350 631 2395 concessam
663 2338 946 2396 bellorum
979 2342 1150 2397 homo
1182 2344 1439 2400 subtilis.
1472 2346 1793 2415 Antequam

170 2421 305 2479 bella
335 2431 592 2497 gereret,
622 2432 749 2483 arte
785 2431 1095 2499 pugnabat.
1124 2433 1284 2487 Unde
1308 2437 1365 2488 et
1390 2433 1641 2488 omnium
1666 2435 1794 2489 civi-

168 2512 336 2567 tatum
367 2519 423 2569 et
454 2530 775 2585 regnorum
808 2517 1007 2574 sitibat
1042 2520 1378 2576 dominium.
1417 2522 1630 2578 Aderat
1664 2538 1793 2578 cum

166 2611 227 2652 eo
254 2603 307 2654 et
329 2601 620 2658 Walamer
645 2603 1130 2674 Ostrogothorum
1156 2623 1258 2663 rex
1277 2614 1331 2663 et
1361 2609 1677 2666 Ardaricus
1701 2612 1797 2666 Ge-

171 2687 434 2761 pidarum,
463 2706 616 2761 quos
649 2698 889 2765 propter
921 2696 1299 2765 sagacitatem
1323 2712 1481 2753 suam
1507 2715 1682 2770 super
1704 2714 1796 2755 ce-

171 2779 314 2834 teros
343 2779 581 2848 regulos
609 2781 791 2836 Attila
825 2782 1134 2852 diligebat;
1159 2790 1354 2841 cetera
1388 2788 1559 2842 turba
1595 2803 1794 2856 regum

169 2864 637 2939 diversarumque
660 2869 955 2926 nationum
980 2873 1158 2928 duces
1177 2873 1463 2930 satellites
1488 2876 1797 2932 Attilaenu-

167 2950 310 3009 tibus
341 2954 777 3013 deserviebant.
811 2959 935 3029 Ipse
966 2976 1071 3015 rex
1102 2962 1355 3017 oumium
1388 2978 1587 3031 regum
1621 2979 1796 3035 super

168 3054 351 3099 omnes
400 3060 506 3115 pro
535 3045 810 3102 omnibus
840 3047 1128 3105 sollicitus
1160 3056 1317 3115 erat;
1354 3066 1508 3106 more
1542 3053 1796 3108 turbinis

167 3125 486 3189 inundantis
515 3133 713 3189 omnia
736 3135 1050 3192 devastans
1068 3143 1128 3192 et
1148 3144 1478 3195 conterens.
1504 3140 1668 3205 Quod
1689 3156 1795 3197 sua

165 3216 381 3274 miseria
414 3223 565 3277 satis
596 3220 802 3278 didicit
837 3223 1036 3280 Gallia.
1072 3227 1332 3282 lnaudita
1380 3242 1626 3298 namque
1660 3234 1795 3285 ante

164 3309 484 3375 sepotentia
501 3308 673 3367 solus
696 3310 947 3368 Schitica
970 3317 1026 3367 et
1052 3315 1386 3371 Germanica
1412 3330 1586 3385 regna
1604 3318 1796 3373 tenuit

165 3395 217 3445 et
242 3398 481 3466 utraque
505 3398 753 3454 Romani
776 3400 936 3455 orbis
959 3400 1198 3472 imperia
1221 3404 1431 3459 terruit
1455 3404 1795 3463 civitatibus

161 3483 361 3549 captis;
378 3488 434 3539 et
470 3501 546 3542 ne
574 3485 799 3557 reiiqua
823 3487 1324 3559 disperderentur,
1348 3507 1596 3548 annuum
1619 3494 1799 3550 vecti-

159 3569 243 3637 gal
272 3574 495 3645 accepit
522 3594 534 3628 :
582 3578 644 3630 ut
661 3576 971 3631 Jornandis
994 3576 1498 3649 historiograpbus
1518 3582 1716 3638 refert.
1735 3584 1795 3638 In

161 3658 299 3714 ovile
318 3675 457 3732 ergo
480 3662 847 3719 Dominicum
876 3664 1025 3735 lupis
1050 3665 1433 3737 irruentibus,
1453 3669 1630 3726 Hunis
1651 3670 1799 3726 scili-

161 3751 246 3802 cet
277 3748 328 3804 in
362 3751 589 3823 populo
623 3751 844 3807 Domini
869 3753 1797 3824 debacchantibus,innumerabi-

162 3833 228 3892 lis
248 3852 440 3895 eorum
465 3840 775 3897 exercitus
800 3842 974 3898 urbes
996 3842 1215 3899 invadit
1228 3844 1428 3915 primae
1446 3844 1790 3916 Belgicae“,

162 3927 391 3995 populos
423 3930 521 4000 qui
560 3929 970 3986 Wandalorum
1004 3947 1203 3988 manus
1243 3938 1573 4004 evaserant,
1607 3938 1665 3990 et
1698 3936 1794 3990 vix

162 4012 332 4072 adhuc
364 4018 671 4089 respirare
702 4016 994 4089 valebant,
1028 4019 1351 4077 clamantes
1380 4021 1451 4076 de
1504 4023 1792 4092 profundo

164 4101 513 4162 miseriarum
532 4125 547 4160 :
570 4106 695 4163 Hos
700 4106 894 4178 fame,
909 4108 1049 4165 illos
1047 4109 1446 4179 premitferro
1456 4126 1480 4178 ,·
1493 4111 1630 4168 illos
1640 4113 1789 4182 neci,

161 4187 293 4246 ista:
320 4192 566 4251 addicit
587 4192 950 4264 captivitati.
977 4193 1323 4251 Miserabilis
1345 4200 1403 4250 et
1429 4211 1671 4266 prorsus
1693 4196 1793 4252 mi-

162 4279 390 4336 seranda
406 4280 697 4349 conditio,
720 4280 917 4336 videre
938 4281 1138 4352 plebes
1160 4283 1314 4338 omni
1338 4284 1653 4341 destitutas
1675 4301 1793 4341 mu-

162 4364 378 4438 nimine,
394 4369 556 4425 omni
588 4369 899 4426 frustratas
921 4370 1219 4441 solamine,
1239 4371 1293 4426 in
1309 4387 1550 4442 quarum
1565 4373 1789 4429 viscera

161 4457 367 4512 recenti
401 4458 597 4514 adhuc
631 4459 907 4514 memoria
936 4458 1287 4515 Wandalicze
1319 4461 1793 4531 persequutionis

1910 1896 2241 1952 libertatem
2270 1897 2354 1952 “5.

1979 1986 2224 2041 Videbat
2248 1985 2401 2040 inter
2421 1985 2542 2042 haec
2568 1990 2824 2056 pontifex
2844 1995 3082 2045 sanctus
3103 1992 3253 2060 quod
3280 1990 3545 2057 dolebat;

1908 2074 2156 2147 populus
2183 2074 2297 2143 jam
2333 2075 2483 2145 quod
2519 2078 2854 2133 merebatur
2904 2080 3279 2147 agnoscebat.
3316 2079 3543 2136 Nullum

1905 2169 2031 2217 erat
2060 2162 2386 2231 consilium,
2410 2164 2564 2218 nulla
2601 2166 2882 2221 evadendi
2917 2181 3074 2236 spes,
3102 2167 3319 2222 nullum
3345 2167 3451 2223 nisi
3475 2156 3545 2223 de

1905 2251 2002 2304 Dei
2032 2250 2250 2320 pietate
2276 2251 2580 2319 refugium.
2602 2254 3124 2309 llortabaturlilios
3146 2254 3349 2309 saltem
3375 2256 3428 2309 in
3455 2255 3545 2310 die

1906 2337 2150 2393 ultionis
2174 2339 2546 2409 resipiscere,
2565 2340 2807 2395 crimina
2824 2357 2951 2410 quae
2968 2342 3130 2412 prius
3144 2342 3542 2412 neglexerant,

1908 2426 2366 2497 imminentcjam
2380 2428 2713 2484 cervicibus
2732 2429 3300 2498 mucrone,conllteri
3316 2437 3375 2485 et
3391 2431 3548 2501 plan-

1904 2529 2042 2584 gere
2095 2519 2155 2570 ut
2197 2520 2433 2586 possent
2469 2515 2611 2570 iram
2648 2518 2742 2573 Dei
2770 2516 2885 2586 jam
2910 2523 3288 2595 praesentem,
3318 2519 3433 2589 jam
3467 2520 3550 2574 in-

1904 2603 2293 2671 cumbentem,
2320 2603 2375 2657 in
2410 2604 2913 2661 mansuetudinem
2946 2610 3196 2675 vertere,
3223 2610 3283 2661 ut
3313 2607 3547 2676 gladius

1908 2691 2049 2746 foris
2081 2691 2414 2763 devastans,
2440 2692 2595 2748 intus
2630 2708 2842 2764 pavore
2877 2694 3227 2765 deprimens,
3264 2695 3398 2750 dum
3422 2711 3551 2767 per-

1907 2780 2130 2834 venerit
2170 2794 2352 2850 usque
2373 2780 2445 2835 ad
2467 2781 2807 2838 divisionem
2832 2781 3036 2837 animae
3060 2789 3119 2838 et
3143 2783 3434 2853 corporis,
3452 2785 3551 2840 fie-

1907 2871 1997 2922 ret
2021 2882 2123 2938 per
2147 2867 2483 2938 patientiam
2509 2869 2939 2925 sustinentibus
2954 2869 3208 2940 placatio
3227 2871 3442 2926 furoris
3457 2872 3550 2928 Al-

1906 2954 2133 3025 tissimi,
2160 2970 2231 3010 ne
2264 2963 2498 3012 renatos
2530 2956 2804 3013 lavacbro
2834 2957 3075 3013 salutari
3110 2972 3263 3015 mors
3287 2960 3545 3015 secunda

1908 3043 2253 3114 possideret,
2289 3048 2346 3100 et
2379 3044 2450 3100 de
2483 3045 2891 3116 dampnatioue
2922 3046 3191 3117 corporis
3238 3050 3295 3101 et
3341 3047 3547 3104 animae

1906 3131 2174 3188 inimicus
2204 3132 2516 3189 exultaret.
2545 3134 2634 3189 Sic
2666 3149 2865 3189 omnes
2898 3135 3262 3192 documentis
3283 3134 3550 3192 salutari-

1827 3191 1876 3254 Ο
1908 3221 2017 3276 bus
2049 3221 2365 3277 informans
2416 3227 2473 3277 et
2517 3222 2869 3278 sacerdotali
2903 3191 3309 3280 benedictione
3340 3191 3549 3281 confir-

1908 3323 2090 3378 mans,
2119 3309 2397 3366 incitabat
2423 3310 2729 3367 universos
2762 3311 2831 3366 ad
2867 3326 3138 3367 coronam
3174 3312 3456 3384 martyrii,
3486 3318 3550 3369 ut

1909 3412 2012 3469 per
2045 3398 2425 3468 penitentiam
2462 3400 2622 3454 uncti
2651 3403 2708 3454 et
2736 3400 3161 3470 quodammodo
3186 3400 3546 3472 incorporati

1908 3485 2118 3541 divinae
2132 3486 2442 3556 voluntati,
2467 3491 2833 3543 mererentur
2859 3488 2981 3543 fieri
3006 3488 3371 3546 holocostum
3392 3490 3548 3560 regis

1907 3574 2132 3644 aeterni,
2158 3575 2394 3646 purgati
2428 3575 2653 3631 camino
2680 3576 3101 3633 tribulationis.
3130 3577 3451 3633 Munierant
3482 3576 3549 3611 ⁸⁸⁸

1907 3666 2098 3719 autem
2122 3667 2179 3718 et
2201 3663 2311 3734 ipsi
2344 3664 2605 3719 civitatis
2645 3663 2771 3720 loca
2816 3670 3379 3736 oportuna,accessu
3404 3665 3549 3722 ditii-

1907 3751 2059 3822 cilia,
2086 3752 2409 3807 defensioni
2435 3751 2663 3822 idonea,
2689 3758 2748 3807 et
2776 3768 2846 3808 eo
2876 3767 2939 3809 se
2974 3753 3191 3822 probus
3224 3754 3469 3824 quisque
3487 3758 3546 3809 et

1904 3839 2355 3911 potensviribus
2378 3839 2627 3895 contulit
2668 3840 2739 3893 ad
2783 3840 3117 3895 frustranda
3157 3841 3410 3897 hostium
3432 3857 3547 3897 mo-

1906 3928 2121 3995 limina,
2141 3926 2349 3981 imitati
2379 3927 2819 3981 Machabeorum
2846 3927 3146 3996 virtutem,
3173 3928 3268 3997 qui
3302 3928 3436 3982 dum
3470 3929 3548 3984 si-

1904 4015 2021 4071 mili
2054 4017 2465 4071 coartarentur
2497 4014 2784 4083 angustia,
2811 4028 2906 4069 res
2930 4012 3045 4068 illis
3073 4014 3179 4069 fuit
3204 4030 3308 4085 pro
3331 4014 3543 4086 anima,

1902 4104 2133 4174 gladius
2149 4117 2253 4174 pro
2267 4102 2350 4158 tui
2364 4102 2519 4157 tione
2532 4105 2589 4156 et
2604 4102 2812 4173 tutela,
2829 4101 3082 4158 studium
3112 4118 3216 4174 pro
3237 4103 3355 4158 vita
3379 4107 3547 4160 tuen-

1904 4193 1993 4263 da,
2012 4192 2176 4247 labor
2204 4191 2391 4246 omnis
2416 4204 2486 4246 ne
2510 4190 2681 4247 simili
2707 4196 2771 4248 ut
2794 4192 3011 4248 dudum
3028 4196 3547 4263 pr‘osternerentur

1904 4280 2130 4351 ignavia
2165 4278 2249 4334 “7.
2284 4280 2399 4335 Nec
2431 4282 2556 4335 erat
2590 4279 2931 4351 perdifﬁcile
2965 4282 3160 4337 Hunos
3192 4281 3408 4337 furoris
3439 4296 3547 4338 caa-

1905 4370 2086 4426 disvae
2110 4383 2231 4425 sum
2254 4368 2545 4424 vesaniam
2574 4367 2741 4438 longe
2761 4368 2993 4439 lateque
3008 4369 3327 4426 extendere
3344 4388 3359 4437 ;
3375 4385 3544 4440 quam

1902 4459 1974 4514 ob
1999 4472 2117 4512 rem
2142 4460 2197 4513 et
2214 4456 2475 4529 populus
2500 4457 2571 4513 ad
2593 4472 2794 4513 vocem
2818 4457 3146 4513 sacerdotis
3160 4456 3418 4514 salubria
3436 4474 3547 4513 mo-

161 4543 338 4600 rabies
367 4546 755 4617 eﬂ‘erbuerat,
782 4547 886 4602 bas
908 4561 1057 4603 nunc
1087 4552 1340 4604 tremere
1372 4550 1483 4605 sub
1508 4548 1649 4618 jugo
1682 4552 1791 4606 Hu-
1817 4540 1873 4603 D
1905 4546 2095 4602 uentis
2112 4547 2246 4602 dum
2262 4544 2561 4602 didicisset
2582 4545 3092 4617 proculrespicere
3110 4547 3434 4617 proximum
3452 4545 3549 4601 bo-

162 4642 369 4704 norum,
406 4633 636 4705 pallere
668 4648 768 4690 ora
794 4633 1032 4705 jejunio,
1068 4635 1121 4690 in
1155 4635 1306 4690 omni
1336 4636 1662 4694 crudelium
1696 4638 1792 4695 do-

163 4717 635 4778 minorumemori
652 4722 895 4788 servitio
909 4723 1155 4794 puellas,
1177 4724 1552 4795 virginesque
1578 4740 1789 4796 sacras,

163 4804 205 4857 si
234 4821 355 4875 quae
386 4814 824 4879 remanserant,
850 4818 1146 4868 matronas
1167 4810 1231 4844 ¹⁴²
1261 4813 1435 4869 etiam
1460 4818 1519 4868 et
1545 4814 1791 4883 ingenua

164 4893 393 4965 qumque
423 4896 648 4953 nobilia
682 4912 929 4969 corpora
964 4898 1225 4970 lupanari
1276 4901 1457 4956 sterni
1510 4901 1793 4965 ludibrio;

163 4980 361 5047 quibus
389 4984 717 5056 optabilius
766 4987 953 5040 fuerat
1006 4988 1159 5043 ferro
1206 4989 1411 5059 perimi
1465 5003 1635 5058 quam
1678 4994 1794 5046 tam

162 5064 551 5138 ingominiosae
566 5073 842 5130 servituti
858 5074 1256 5146 subjici.Capti
1272 5076 1800 5150 episcopiludibrio

1903 4650 2037 4691 num
2068 4649 2221 4705 esse,
2247 4634 2372 4690 vias
2404 4633 2471 4667 “3
2502 4635 2638 4690 vita)
2670 4650 2815 4705 quas
2841 4634 3127 4691 fastividit
3152 4649 3253 4705 per
3277 4633 3547 4689 innocen-

1902 4724 2063 4793 tiam,
2096 4724 2333 4779 tenebat
2360 4723 2476 4792 jam
2528 4737 2631 4793 per
2682 4722 3077 4793 penitentiam.
3115 4720 3545 4792 Opperiebatur

1903 4812 2111 4869 anhelo
2144 4810 2357 4883 spiritu
2391 4810 2815 4882 dependentem
2848 4810 3061 4866 cervici
3095 4823 3450 4880 mucronem,
3484 4816 3546 4867 et

1902 4901 2296 4969 gratissimum
2329 4903 2455 4954 erat
2476 4899 2560 4954 cis
2582 4899 2661 4954 sic
2687 4898 2887 4965 emori,
2917 4897 3050 4953 dum
3079 4897 3540 4955 reformidabant

1907 4989 2057 5044 omni
2086 4990 2240 5044 ferro
2256 4988 2582 5057 graviorem
2606 4985 2925 5042 barbariem
2948 4984 3360 5042 dominationis
3381 4990 3438 5042 et
3464 4985 3548 5043 di-

1911 5077 2191 5149 reptionis
2213 5076 2635 5147 captivitatem.
2666 5074 2991 5131 Advenerat
3012 5074 3128 5145 jam
3153 5074 3279 5130 dies
3303 5076 3460 5134 tubae
3483 5082 3543 5132 et

672 5245 696 5257 κ
1514 5218 1747 5275 νΑιυιλΕ
1789 5219 2186 5275 LECTIONES.

219 5321 283 5413 i”
311 5328 500 5413 Attila
522 5359 590 5413 -έ-
614 5327 1039 5413 bistolkrefert
1079 5331 1147 5388 in
1191 5333 1469 5413 {nemine
1504 5334 1713 5413 postea
1751 5333 1994 5413 addidit
2036 5332 2587 5413 Hugo,-non_erant
2611 5335 2677 5388 in
2721 5331 2853 5413 Veia
2881 5329 3259 5411 Rulckronii.
3296 5328 3540 5413 1f‘ﬁn‘utu

156 5404 293 5451 corr.
329 5403 491 5473 motu
527 5399 651 5455 cod.
688 5397 754 5433 1“
788 5398 981 5457 Gallia
1011 5415 1161 5460 corr.
1197 5397 1443 5504 Belgicae
1495 5397 1539 5459 ἑ.
1604 5403 1670 5437 1⁸³
1729 5410 1895 5459 matr.
1949 5433 2017 5443 —
2060 5397 2308 5474 corpora
2374 5404 2442 5459 in
2504 5415 2695 5473 marg.
2760 5401 2827 5435 ί⁴³
2884 5401 3012 5472 ejus
3070 5415 3220 5458 corr.
3273 5401 3544 5486 christia-

157 5475 348 5504 nm-nm
382 5483 414 5504 ι-
467 5468 536 5502 ιιι
567 5476 625 5504 at
662 5484 688 5504 ο
752 5469 776 5504 f
823 5483 855 5504 ο
907 5471 968 5504 im
996 5486 1219 5504 mnonlmn
1276 5471 1294 5504 1
1322 5472 1343 5504 δ
1387 5474 1521 5504 Βία-Ι·
1553 5474 1667 5504 1......
1696 5488 1797 5504 ηηη.
1823 5476 1922 5504 mn]
1950 5475 2157 5504 Manum
2207 5486 2372 5504 manto
2423 5484 2606 5504 Amnon
2652 5486 2905 5504 ηηιημοηω
2941 5473 3161 5504 mum-In
3198 5472 3321 5504 φημι
3346 5475 3516 5504 “nam.

157 5475 348 5522 norum
381 5483 431 5525 ο.
467 5468 536 5502 ³⁴⁶
567 5476 628 5525 et
661 5484 712 5524 a.
752 5469 788 5523 f.
823 5483 874 5524 e.
907 5471 973 5527 in
996 5486 1239 5529 rasum.
1276 5471 1294 5505 ι

1322 5472 1343 5505 ⁸
1359 5474 1521 5546 Post
1545 5474 1667 5531 Ιιιεσ
1690 5488 1797 5531 sea:
1823 5476 1922 5546 ne;
1944 5472 2185 5546 septem‘
2206 5486 2372 5546 ooccs
2420 5484 2622 5546 θναηςίᾷ,
2640 5472 2910 5546 qua/rum
2937 5473 3163 5546 quarta
3176 5472 3321 5546 fuit
3346 5475 3537 5546 turba.

156 5529 217 5625 ξιξ
245 5536 568 5625 glomerant
592 5571 663 5580 —
692 5539 951 5609 gentium
981 5543 1046 5599 in
1072 5557 1264 5613 marg.
1301 5529 1801 5602 atramentoiaﬁlio.
1853 5544 1919 5578 “7
1949 5529 2096 5602 Post
2123 5529 2244 5603 [me
2287 5529 2687 5600 atramentum
2705 5529 2993 5600 mutatu}.
3028 5541 3096 5574 4"
3146 5529 3269 5598 vias
3300 5544 3361 5599 et
3386 5529 3543 5604 fasti-

158 5600 292 5661 divit
318 5608 387 5665 in
411 5623 653 5667 reuma.
