3898 6340
163 337 229 397 85
1440 332 1940 403 CHRONICON.
1973 370 2048 384 --
2077 335 2235 401 LIB.
2268 337 2317 402 Ι.
3505 347 3587 414 88

167 469 256 541 qui
278 472 560 542 regnavit
580 471 639 530 in
667 473 937 545 partibus
954 473 1289 531 Occidentis
1311 473 1381 530 ad
1406 487 1590 544 usque
1614 473 1819 528 hostes
1846 469 1904 531 A
1934 469 2228 527 Hunorum
2254 470 2498 544 imperio
2530 472 2719 531 dirimi
2753 474 2966 546 potuit,
3003 476 3113 533 nisi
3167 476 3222 534 in
3271 493 3579 538 commune

168 560 494 617 Pannonios
518 560 850 629 incitatum,
886 568 1139 632 quatuor
1162 561 1297 618 ﬁliis
1341 561 1497 618 domi
1532 560 1813 631 dimissis,

174 664 295 705 cum
325 649 764 707 Thrasimundo
795 655 854 706 et
888 649 1243 707 Theoderico
1268 651 1338 707 ad
1392 650 1657 721 praelium
1691 665 1819 721 pro-

173 737 424 793 cessisse
458 755 476 803 ;
502 738 700 794 Etium
729 753 762 793 e
793 743 995 794 contra
1021 742 1183 794 tanta
1213 753 1352 795 cura
1401 744 1460 794 et
1506 736 1815 810 prudentia

170 824 535 895 processisse
571 825 800 881 obviam
822 826 1050 896 Attalze,
1081 830 1139 882 ut
1169 827 1459 882 infinitum
1485 840 1684 893 agmen
1703 840 1814 879 non

170 912 357 984 impar
388 916 757 970 occurreret.
786 914 1005 969 Bellum
1028 918 1220 984 atrox,
1280 912 1818 984 multiplex,imma-

169 1012 260 1066 ne,
281 998 888 1069 pertinax,cuisimile
913 999 1134 1055 nullum
1159 1006 1360 1055 narrat
1390 999 1727 1069 antiquitas,
1757 1001 1813 1053 ut

169 1086 403 1143 rivulus
434 1087 639 1144 humili
666 1088 790 1158 ripa
826 1087 1155 1158 praelabens
1196 1088 1475 1157 sanguine
1508 1087 1682 1142 nimio
1699 1090 1817 1142 tor-

166 1175 359 1232 rentis
391 1190 553 1231 more
579 1174 911 1245 inundaret,
948 1176 1503 1244 QuoTheodericus,
1527 1174 1660 1232 dum
1682 1190 1817 1231 suos

167 1264 462 1321 circuiret
493 1263 838 1333 adhortans,
855 1278 1005 1335 equo
1026 1264 1293 1335 dejectus
1313 1269 1368 1319 et
1398 1280 1634 1320 suorum
1662 1263 1817 1335 pedi-

163 1354 280 1409 bus
313 1351 704 1409 conculcatus
731 1352 1131 1407 vilamfinivit.
1168 1353 1292 1419 Quo
1341 1341 1813 1421 faetoWisigothi

159 1441 341 1497 divisi
360 1442 435 1497 ab
452 1440 654 1498 Alanis
678 1440 897 1497 invasis
920 1441 1099 1497 Hunis
1115 1456 1259 1512 pene
1274 1441 1511 1496 Attilam
1531 1441 1816 1496 trucidas-

161 1534 323 1600 sent,
354 1530 465 1585 nisi
496 1544 564 1585 eo
588 1544 729 1585 suos
749 1530 901 1585 intra
916 1534 1080 1601 septa
1105 1534 1437 1586 castrorum
1469 1529 1812 1586 recludenle

159 1634 279 1674 nox
313 1618 585 1690 prmlium
615 1617 966 1683 diremisset,
1028 1618 1182 1688 quod
1231 1620 1386 1673 circa
1441 1632 1645 1673 nonam
1696 1617 1807 1674 diei

150 1706 366 1763 horam
401 1710 635 1777 ceptum
655 1710 779 1761 erat
816 1706 1147 1767 :ubitamen
1164 1706 1471 1762 obsidione
1512 1705 1811 1762 claudere-

1931 564 2130 629 optata
2153 561 2382 617 cunctis
2413 562 2746 619 nationibus
2764 563 2959 621 Attila:
2986 579 3143 622 mors
3176 568 3575 637 praevenisset.

1929 646 2067 712 Quae
2103 653 2215 705 tam
2245 650 2378 707 vilis
2414 650 2521 707 fuit
2554 654 2616 708 ut
2650 651 2767 707 vita
2804 652 3104 709 mirabilis.
3138 656 3258 710 Nan
3296 656 3430 713 dum
3448 663 3583 730 post

1930 734 2385 794 innumerabiles
2421 754 2632 795 uxores
2660 739 2908 809 puellam
2936 741 3047 797 sibi
3082 743 3371 799 sociasset
3421 749 3483 801 et
3523 746 3577 802 in

1930 825 2149 893 nuptiis
2183 826 2483 881 hilaritate
2517 827 2688 884 nimia
2724 829 3023 885 resolutus
3048 830 3183 886 vino
3252 847 3572 904 somnoque

1927 919 2202 977 gravatus
2233 919 2389 969 esset
2413 915 3102 989 resupinusquejaceret,
3119 920 3358 989 sanguis
3380 920 3475 992 qui
3495 921 3575 977 in-

1928 1000 2210 1057 somniato
2244 1002 2313 1056 de
2347 1004 2587 1059 naribus
2604 1005 2841 1073 fluebat,
2871 1005 3004 1061 dum
3047 1008 3350 1065 consuetis
3376 1009 3576 1066 meati-

1929 1087 2035 1143 bus
2068 1088 2379 1159 impeditur
2403 1090 2610 1147 itiiere
2647 1092 2807 1147 ferali
2849 1094 3117 1150 faucibus
3179 1094 3425 1167 illapsus
3451 1098 3579 1154 dor-

1928 1175 2197 1232 mientem
2213 1178 2517 1235 extincxit.
2538 1181 2615 1234 De
2640 1196 2752 1250 quo
2774 1180 2827 1234 id
2849 1182 3097 1238 accessit
3114 1183 3400 1254 mirabile,
3419 1185 3573 1256 quod

1926 1263 2211 1320 Marciano
2246 1266 2489 1338 principi
2526 1268 2786 1324 Orientis
2821 1269 2891 1324 de
2919 1274 3033 1324 tam
3063 1272 3240 1326 feroci
3278 1272 3574 1330 hostcsol-

1925 1348 2375 1410 lieitodivinitas
2398 1354 2906 1413 adsistensareum
2938 1357 3137 1413 Attilze
3186 1360 3432 1417 fraetum
3481 1377 3573 1417 ea-

1924 1437 2053 1493 dem
2070 1444 2236 1495 nocte
2250 1442 2525 1510 ostendit,
2553 1443 2855 1499 utPriscns
2874 1444 3193 1501 historicus
3208 1446 3409 1502 refert.
3422 1449 3569 1504 Ncee

1923 1532 2117 1581 autem
2140 1527 2267 1595 ejus
2287 1536 2600 1599 comperta,
2629 1531 2683 1585 in
2706 1531 2909 1587 mediis
2924 1532 3146 1603 campis
3175 1538 3230 1589 et
3277 1533 3571 1591 intraten-

1924 1613 2071 1668 toria
2105 1615 2289 1670 serica
2313 1617 2598 1672 cadavere
2620 1617 2811 1673 locato
2845 1620 3248 1691 spectaculum
3299 1623 3569 1679 mirabile

1924 1702 2215 1759 exibetur.
2250 1705 2385 1759 Nam
2420 1705 2489 1760 de
2527 1710 2645 1761 tota
2663 1708 2959 1763 llunorum
2985 1712 3160 1777 gente
3185 1708 3318 1766 lecti
3344 1711 3571 1781 equites

154 1800 279 1863 tur,
317 1794 430 1849 nisi
458 1794 831 1850 obstitissent
864 1794 1151 1863 sagittarii
1187 1795 1399 1864 quibus
1430 1809 1491 1850 se
1538 1793 1805 1850 certatim
1837 1819 1893 1879 Β
1927 1789 2116 1879 locum
2149 1806 2261 1861 quo
2296 1797 2421 1847 erat
2449 1795 2675 1863 positus
2707 1796 3052 1865 ambientes,
3074 1798 3223 1852 facta
3255 1798 3567 1868 ejuscantu

152 1882 479 1939 munierat.
517 1884 592 1937 At
619 1881 1075 1938 Thorismundus
1097 1882 1319 1938 curatis
1369 1882 1633 1952 exequiis
1673 1883 1806 1938 dum

158 1976 395 2041 patrem
432 1969 637 2026 ulcisci
671 1969 987 2039 desiderat,
1006 1970 1193 2025 Etium
1219 1970 1355 2041 quid
1389 1974 1811 2039 ageretconsu-

153 2058 246 2114 lit.
286 2058 403 2125 Qui
420 2064 686 2115 metuens
709 2058 972 2114 nellunis
988 2058 1249 2115 funditus
1278 2059 1597 2130 peremptis
1621 2073 1649 2114 a
1698 2059 1810 2114 Wi-

154 2146 416 2217 sigothis
444 2148 766 2203 Romanum
814 2150 1178 2218 premeretur
1220 2146 1542 2218 imperium,
1590 2149 1807 2219 praebet

154 2235 478 2292 consilium
514 2238 576 2290 ut
606 2235 677 2290 ad
702 2235 922 2307 patrias
953 2235 1119 2291 sedes
1179 2235 1401 2291 rediret
1453 2249 1809 2305 regnumque

156 2324 492 2395 arriperet,
518 2338 589 2379 ne
618 2323 877 2393 germani
910 2323 1036 2392 ejus
1071 2324 1330 2394 paternis
1357 2324 1566 2394 opibus
1607 2339 1813 2395 prtere-

161 2412 281 2482 ptis
317 2426 561 2481 regnum
586 2410 949 2480 invaderent,
974 2412 1307 2480 etgraviter
1336 2427 1464 2467 cum
1491 2413 1617 2468 suis
1638 2425 1808 2482 quam

157 2516 291 2556 cum
351 2499 655 2556 extraneis
706 2505 1008 2570 pugnaret.
1066 2502 1183 2555 Hoc
1241 2515 1523 2571 responso
1570 2505 1810 2570 accepto

146 2588 347 2644 -rediit
370 2587 443 2644 ad
474 2587 708 2644 Gallias.
735 2587 854 2653 Qua
886 2588 1243 2643 discessione
1260 2588 1437 2644 Attila
1462 2588 1715 2657 cognita,
1736 2588 1807 2643 ad

156 2674 608 2746 Oppressionem
630 2675 1017 2729 Romanorum
1034 2674 1286 2730 intendit
1304 2677 1364 2730 et
1380 2674 1806 2745 Aquileiensem

161 2763 408 2820 obsedit
442 2763 667 2831 urbem,
704 2777 833 2832 qua:
878 2766 969 2818 est
1022 2762 1365 2833 metropolis
1412 2763 1802 2819 Venetiarum.

159 2850 629 2908 Thorismundus
646 2851 701 2905 in
722 2851 943 2922 campis
956 2850 1364 2920 Catalaunieis,
1383 2851 1479 2907 ubi
1503 2856 1563 2906 et
1595 2867 1808 2922 pugna-

164 2944 353 3008 verat,
392 2938 553 3009 regia
584 2938 891 3008 majestate
923 2940 1244 2995 subvectus
1274 2939 1532 2995 Tolosam
1557 2940 1808 3009 ingredi-

160 3031 274 3083 tur.
304 3026 492 3083 Attila
521 3026 786 3098 Aquileia
806 3030 974 3097 capta
990 3032 1047 3082 et
1062 3027 1384 3083 crudeliter
1402 3026 1594 3083 diruta
1609 3031 1664 3083 et
1682 3043 1807 3085 vas-

1925 1877 2163 1934 funereo
2179 1882 3005 1951 prosequebantur,ingentem
3024 1887 3566 1943 conmessationem

1922 1966 2291 2025 celebrantes
2311 1969 2649 2040 luctumque
2671 1972 2972 2027 funereum
2998 1973 3180 2028 mixto
3225 1976 3440 2043 gaudio
3471 1992 3568 2032 ex-

1923 2055 2230 2126 plicantes.
2252 2057 2512 2113 Cadaver
2545 2062 2736 2114 autem
2772 2059 2964 2115 loculo
3006 2060 3290 2117 inclusum
3317 2064 3563 2133 primum

1920 2157 2082 2213 auro,
2103 2145 2421 2200 secundum
2438 2147 2949 2214 argento,tertium
2966 2148 3121 2203 ferro
3137 2151 3561 2222 communiunt,

1920 2231 2075 2301 quod
2107 2232 2261 2287 ferro
2293 2236 2498 2300 gentes
2521 2233 2867 2303 edomuerit,
2895 2235 2949 2289 in
2994 2250 3136 2291 auro
3167 2251 3307 2291 vero
3357 2243 3418 2293 et
3468 2252 3557 2294 ar-

1916 2323 2095 2389 gento
2118 2327 2387 2376 ornatum
2405 2320 2710 2392 utriusque
2728 2322 2809 2376 rei
2842 2321 3090 2393 publica).
3104 2325 3420 2395 acceperit.
3454 2327 3562 2382 Ad-

1919 2406 2139 2463 duntur
2168 2423 2325 2464 arma
2347 2409 2597 2465 hostium
2629 2410 2874 2465 cedibus
2931 2409 3221 2481 adquisita
3267 2412 3557 2485 falerique

1918 2495 2080 2551 vario
2111 2510 2465 2565 gemmarum
2494 2496 2721 2566 fulgore
2754 2498 3021 2569 pretiosi,
3056 2499 3273 2556 diversi
3325 2516 3558 2572 quoque

1916 2585 2149 2652 generis
2191 2584 2435 2654 insignia
2454 2585 2667 2655 quibus
2706 2585 2940 2656 aliquod
2972 2588 3152 2644 decus
3188 2588 3425 2645 colitur.
3447 2590 3554 2659 (Cf.

1916 2671 2149 2745 ib.,3Q.)
2171 2675 2236 2728 Et
2256 2678 2315 2729 ut
2337 2677 2422 2729 tot
2448 2673 2743 2744 tantisque
2766 2674 2989 2732 divitiis
3002 2676 3245 2733 humana
3260 2678 3555 2750 cupiditas

1918 2764 2237 2828 arceretur,
2272 2760 2406 2817 huic
2428 2762 2590 2832 operi
2606 2761 2920 2832 deputatos
2936 2762 3271 2820 detestabili
3288 2767 3557 2823 mercede

1914 2848 2309 2914 trucidarunt,
2345 2848 2699 2919 sepelientes
2712 2850 2971 2907 sciliscet
2999 2856 3059 2907 ut
3083 2857 3241 2908 esset
3268 2868 3423 2911 mors
3440 2870 3557 2911 mo-

1917 2944 2220 2993 mentanea
2236 2937 2655 3009 sepelientibus
2677 2954 2806 2996 cum
2822 2940 3070 3011 sepulto.
3091 2942 3274 2999 Locus
3297 2957 3438 3000 vero
3462 2959 3554 3002 se-

1917 3024 2170 3097 pultura
2191 3041 2317 3096 ejus
2360 3026 2569 3083 fluvius
2593 3026 3040 3086 immanissimus
3090 3031 3162 3085 ab
3181 3030 3348 3087 alveo
3372 3047 3479 3089 suo
3500 3034 3554 3088 in

160 3120 306 3186 tata,
324 3130 433 3187 per
447 3115 708 3186 reliquas
724 3118 1004 3172 Venetam
1029 3116 1303 3172 civitates
1325 3117 1807 3173 dehachaturMe-
1841 3176 1880 3187 Α
1916 3113 2283 3185 septuaginta
2301 3114 2456 3170 rivos
2478 3118 2775 3173 extensus.
2793 3118 2857 3171 Et
2883 3116 2978 3173 ubi
3021 3121 3186 3174 totus
3205 3118 3360 3174 ﬂuvii
3388 3120 3549 3178 inun-

158 3176 862 3268 diolanumsub'vertitur,
884 3203 1140 3261 Ticinum
1161 3204 1438 3274 diruitur,
1456 3204 1642 3261 vicina
1679 3204 1802 3261 loca
1836 3176 1883 3236 Ο
1917 3176 2089 3258 dabat
2123 3176 2397 3273 impetus,
2423 3203 2501 3259 ibi
2526 3204 2849 3275 sepulturas
2870 3210 2961 3262 est
3010 3206 3289 3279 traditus,
3341 3213 3400 3265 et
3421 3176 3559 3267 obs-

153 3292 505 3362 alliduntur,
526 3296 584 3348 et
614 3296 793 3349 totam
811 3292 1185 3363 peneltaliam
1215 3292 1549 3348 demolitur.
1566 3294 1802 3349 Romam

151 3381 285 3437 dum
303 3381 560 3437 intendit
586 3380 973 3453 peraccedera
986 3384 1045 3436 et
1067 3397 1097 3437 a
1121 3380 1244 3437 suis
1257 3388 1592 3438 removetur
1611 3396 1803 3438 exem-

154 3468 249 3541 plo
281 3469 527 3526 Allarici
562 3469 735 3539 regis,
772 3469 925 3540 quod
955 3468 1051 3524 ille
1099 3474 1231 3540 post
1290 3470 1530 3525 fractam
1564 3471 1798 3526 Romam

153 3572 262 3613 non
295 3556 401 3613 diu
425 3557 844 3628 supervixerit,
884 3558 994 3613 Leo
1027 3572 1172 3629 papa
1206 3572 1307 3628 per
1335 3572 1396 3613 se
1428 3557 1499 3613 ad
1530 3573 1660 3613 eum
1712 3573 1800 3615 ac-

150 3646 351 3715 cessit,
390 3660 419 3700 a
446 3660 562 3716 quo
593 3645 889 3702 delenitus
922 3645 1078 3702 ultra
1103 3646 1424 3702 Danubium
1456 3652 1622 3716 pacta
1657 3662 1798 3718 pace

157 3733 459 3803 discessit,
485 3733 754 3803 graviora
789 3748 849 3791 se
879 3733 1375 3790 Italimillatnrum
1396 3734 1542 3790 mala
1582 3734 1799 3804 denun-

150 3821 330 3891 cians,
368 3821 477 3878 nisi
503 3821 616 3878 sibi
638 3821 1581 3891 HonoriaValentinianigermana
1615 3823 1797 3881 Placi-

152 3910 261 3966 dia:
293 3909 411 3966 filia
444 3926 577 3967 cum
611 3911 879 3982 portione
894 3925 1068 3982 opum
1090 3909 1372 3980 regalium
1392 3911 1502 3967 sibi
1538 3911 1797 3969 mittere-

150 4003 246 4055 tur
280 4017 295 4065 ;
327 3998 489 4070 quod
522 4000 595 4054 ab
627 3998 876 4055 Honoria
891 4002 949 4054 et
978 3998 1323 4069 requisitum
1359 3999 1660 4071 erat.(Ib.,
1682 4000 1788 4072 43).

147 4088 217 4142 Et
240 4087 379 4144 dum
415 4086 633 4143 Alanos
652 4087 807 4143 ultra
840 4086 1084 4157 Ligerim
1109 4086 1500 4143 consistentes
1528 4088 1794 4144 sibitem-

147 4180 289 4247 ptat,
309 4176 612 4245 subigere,
640 4190 671 4230 a
692 4174 1037 4245 Wisigothis
1068 4175 1673 4246 quorumintendebat
1700 4192 1795 4234 ex-

145 4264 444 4333 terminio,
482 4263 682 4319 Alanis
704 4278 870 4335 opem
901 4264 1248 4333 ferentibus,
1282 4264 1524 4320 recessit
1616 4265 1795 4335 inglo-

149 4352 290 4409 rius.
328 4353 604 4423 (Ῑό.,44.)
635 4352 1094 4409 Thorismundus
1115 4366 1256 4422 ergo
1304 4350 1484 4409 Hunis
1527 4352 1791 4433 devictis,

146 4456 288 4512 pace
307 4457 548 4499 suorum
578 4440 923 4512 composita,
961 4441 1129 4511 obiit,
1171 4440 1566 4497 Theodericus
1614 4443 1796 4498 frater

1915 3291 2127 3347 tructis
2160 3290 2300 3346 rivis
2324 3291 2533 3347 fluvius
2558 3292 2841 3349 alveosuo
2872 3298 2958 3350 est
2986 3294 3273 3353 redditus.

1986 3380 2169 3448 Igitur
2199 3378 2379 3435 Gallia
2406 3381 2477 3435 ab
2510 3380 2885 3437 infestatione
2911 3384 3296 3441 Hunorumita
3314 3385 3547 3456 quidem

1912 3470 2054 3523 tunc
2077 3466 2622 3538 temporisliberata
2653 3472 2762 3524 est.
2791 3469 2967 3526 Pauci
2997 3470 3173 3527 etiam
3198 3471 3294 3542 qui
3331 3488 3554 3531 reman-

1913 3562 2115 3612 serant
2147 3554 2459 3611 Christiani
2483 3554 2734 3611 divinam
2766 3557 3047 3613 ultionem
3066 3557 3228 3627 juste
3248 3560 3303 3616 in
3319 3576 3381 3618 se
3394 3576 3556 3619 exer-

1909 3645 2084 3700 citam
2107 3644 2376 3700 videntes
2404 3647 2461 3699 et
2494 3644 2894 3715 propitiationi
2927 3646 3053 3717 ejus
3076 3647 3266 3705 animo
3321 3651 3547 3719 gratias

1909 3736 2170 3802 agentes,
2195 3733 2555 3802 exequendis
2587 3732 2875 3789 mandatis
2906 3734 3005 3790 Dei
3052 3737 3550 3807 promptiorisub-

1908 3823 2201 3877 debantur
2221 3820 2429 3876 animo.
2471 3821 2690 3892 [BEDA.]
2725 3821 2888 3877 Etius
2959 3837 3189 3892 quoque
3246 3826 3549 3897 patricius,

1909 3924 2111 3980 magna
2142 3908 2526 3965 occidentalis
2544 3908 2627 3963 rei
2644 3908 2893 3979 publieae
2916 3908 3074 3965 salus
3088 3916 3143 3965 et
3172 3912 3327 3981 regis
3350 3915 3550 3973 Attilae

1905 4002 2121 4067 terror,
2146 4011 2175 4052 a
2200 3995 2601 4051 Valentiniano
2634 4010 2803 4054 manu
2837 3996 3069 4067 propria
3090 3998 3290 4054 fraude
3320 4001 3555 4071 perimi-

1908 4092 2021 4143 tur.
2050 4084 2156 4152 Qui
2190 4088 2433 4155 posteaa
2465 4082 2696 4140 duobus
2743 4083 2854 4139 Etii
2906 4084 3370 4143 familiarissimis
3411 4088 3549 4146 dolo

1905 4173 2131 4230 Maximi
2155 4172 2598 4229 interfectusest
2647 4187 2795 4229 anno
2832 4172 3058 4245 imperii
3094 4173 3183 4230 sui
3237 4180 3322 4245 30,
3343 4191 3494 4232 anno
3517 4182 3550 4234 4

1906 4262 2177 4320 Marciani
2211 4261 2427 4333 [Fnsn[.
2463 4260 2564 4317 Cui
2586 4261 2907 4318 succedens
2936 4263 3215 4319 Maximus
3266 4267 3550 4334 tyrannus

1908 4351 2170 4407 relictam
2194 4349 2579 4406 Valentiniani
2612 4350 2722 4406 sibi
2755 4350 2921 4407 duxit
2949 4366 3208 4424 uxorem,
3251 4358 3307 4408 et
3339 4358 3551 4424 quarto

1908 4455 2103 4497 mense
2118 4438 2373 4495 tumultu
2400 4438 2638 4494 militari
2663 4439 2973 4510 occiditur,
3016 4456 3083 4497 su
3097 4442 3405 4514 cceditquc
3420 4443 3554 4499 Avi-

148 4532 461 4589 successit.
483 4529 933 4597 QuiReciarium
959 4531 1277 4586 Suevorum
1294 4544 1486 4600 regem
1524 4530 1577 4584 in
1596 4531 1794 4602 llispa-
1825 4532 1877 4592 D
1910 4532 2023 4597 tus,
2041 4543 2068 4582 a
2089 4526 2384 4583 Gallicano
2402 4525 2667 4583 exercitu
2695 4527 2882 4598 primo
2904 4526 3110 4585 Tolosa
3128 4544 3157 4584 a
3196 4530 3418 4600 Gothis,
3452 4530 3552 4586 de-

146 4620 686 4677 niaminvadentem
711 4618 1037 4675 auxiliariis
1052 4619 1346 4676 Gundioco
1379 4624 1436 4675 ct
1464 4619 1793 4690 Chilperico

152 4710 391 4779 regibus
406 4708 886 4780 Burgundionum
903 4723 1087 4778 usque
1108 4708 1177 4763 ad
1194 4708 1649 4764 internecionem
1665 4724 1793 4780 pro-

150 4799 377 4869 stravit,
412 4814 484 4856 eo
516 4801 825 4870 perempto
845 4796 976 4864 ,-cui
1001 4796 1549 4853 Recismundussub
1581 4798 1792 4854 Gotho-

150 4900 270 4942 rum
296 4886 555 4944 dominio
578 4885 886 4943 successit.
916 4884 1049 4955 (16.,
1078 4884 1678 4955 47.)EtTheodericus
1699 4901 1791 4943 oc-

144 4975 364 5031 cubuit.
392 4976 605 5033 Eurico
630 4976 814 5031 fratre
836 4974 885 5029 ei
903 4974 1280 5043 succedente,
1304 4972 1401 5044 qui
1422 4973 1716 5031 Arelatum
1731 4982 1788 5030 et

145 5062 451 5120 Massiliam
480 5063 739 5137 proprize
770 5062 1026 5119 subdidit
1061 5060 1298 5118 dicioni.
1326 5060 1463 5130 (1b.,
1500 5064 1612 5132 48.)
1638 5062 1788 5117 Vixit

145 5155 332 5209 autem
367 5167 555 5225 usque
587 5150 665 5208 ad
699 5153 927 5221 tempus
947 5149 1313 5207 Theodemiri
1338 5149 1494 5218 regis
1518 5149 1794 5219 Ostrogo-

141 5238 366 5298 tharum
399 5240 612 5299 Gothis
645 5237 1362 5308 “’eisomninosubjectis
1388 5240 1449 5293 et
1478 5237 1793 5295 Attilzeim-

143 5326 299 5396 perio
327 5328 706 5401 parentibus.
742 5324 1251 5395 Necaliteraliqua
1280 5337 1427 5392 gens
1446 5322 1698 5380 Scithica
1719 5327 1792 5381 ab

1908 4617 2041 4673 hinc
2064 4616 2213 4688 apud
2234 4616 2529 4672 Arelatum
2547 4620 2835 4686 angustus
2854 4616 3210 4688 appellatus.
3240 4616 3345 4683 Qui
3367 4619 3551 4676 tertio

1905 4704 2321 4776 annoimperio
2352 4709 2410 4760 et
2451 4703 2571 4760 vita
2615 4703 2826 4775 caruit,
2865 4708 2922 4760 et
2957 4704 3282 4761 Marcianus
3323 4720 3551 4762 monar-

1903 4793 2088 4850 chiam
2105 4792 2513 4863 Optinuit.Quo
2529 4797 2759 4849 mortuo
2772 4808 2921 4848 anno
2937 4793 3009 4848 ab
3030 4792 3428 4848 incarnatione
3441 4794 3549 4850 Do-

1905 4882 2041 4939 mini
2061 4881 2534 4952 Lb7,Majorianus
2549 4880 2602 4936 in
2618 4880 2780 4936 [talia
2797 4880 3418 4952 etConstantinOpolim
3436 4881 3548 4939 [ιθυ

1903 4970 2137 5041 augusti
2162 4969 2551 5042 appellantur.
2578 4970 2742 5025 Anno
2761 4968 3021 5039 igiturm
3045 4971 3116 5025 ab
3143 4968 3546 5029 incarnatione

1902 5059 2588 5131 Domini435,authuam
2605 5058 2812 5116 Avitus
2836 5058 3153 5130 imperator
3188 5058 3375 5129 fleret,
3405 5061 3548 5131 Cay-

1903 5148 2129 5207 serieus
2148 5146 2555 5205 Wandalorum
2572 5163 2676 5205 rex
2697 5147 3092 5205 sollicitatusa
3110 5146 3316 5204 relicta
3332 5147 3542 5205 Valen-

1904 5237 2129 5307 tiniani,
2146 5238 2380 5293 Romam
2396 5235 2742 5309 ingreditur,
2760 5237 3101 5307 ditatusque
3115 5236 3326 5307 Opibus
3348 5236 3548 5293 Roma-

1906 5340 2109 5382 norum
2133 5325 2401 5381 Aﬂ‘ricam
2424 5323 2598 5391 redit,
2634 5325 3023 5384 Valentiniani
3048 5339 3291 5381 uxorem
3314 5327 3372 5380 et
3397 5325 3544 5383 duas

1516 5466 1752 5522 VARIIE
1791 5466 2192 5527 LECTIONES.

205 5599 268 5635 ¹⁸¹
297 5602 511 5661 Gothis
542 5631 619 5641 -—
637 5602 734 5655 est
764 5598 1029 5657 redditus
1060 5600 1129 5658 in
1155 5613 1347 5671 marg.
1412 5597 1478 5633 ¹⁶³
1498 5601 1647 5660 Post
1672 5601 1794 5660 Ιιιεο
1824 5598 2105 5673 triafere
2130 5597 2420 5659 vocabula
2449 5608 2643 5655 arma.
