3898 6330
121 287 188 356 eo
1338 303 1844 390 CHRONICON.
1872 344 1951 360 —
1975 309 2132 378 LIB.
2164 309 2213 378 1.
3399 313 3481 383 so

119 424 362 528 sepultus
391 432 484 528 est
519 427 574 528 in
607 430 852 495 ecclesia
886 437 1041 528 beati
1070 440 1228 500 Petri
1261 445 1294 501 6
1322 442 1464 500 Non.
1502 443 1716 517 Marcii,
1751 443 1809 508 Α
1838 444 2019 505 exivit
2043 447 2308 508 Odoacro
2321 450 2380 506 et
2394 445 2642 508 Herulis.
2659 445 2817 518 Quos
2837 447 3134 524 dispersos
3153 449 3474 528 inveniens,

119 523 168 575 et
197 519 426 576 cessavit
460 521 836 597 episcopatus
869 527 996 586 dies
1027 534 1078 586 6.

181 606 450 680 [Faenza]
493 613 637 669 Post
684 619 914 686 captam
963 618 1145 689 igitur
1190 623 1427 679 Romam
1479 637 1719 693 regnum

123 694 400 753 Gothorum
434 699 637 757 bifaria
669 703 955 762 divisione
988 709 1266 779 partitum
1298 714 1410 771 est.
1442 715 1503 766 et
1532 711 1630 782 qui
1663 711 1718 767 in

120 782 258 839 Italia
290 794 705 860 remanserunt,
733 791 936 849 ditioni
969 809 1032 850 se
1067 796 1292 868 imperii
1313 799 1717 868 tradiderunt;

121 869 298 942 reliqui
311 872 566 930 Tolosam
587 877 912 948 Aquitaniae
927 882 1223 940 civitatem
1245 886 1354 941 sibi
1380 891 1716 944 statuerunt

116 958 304 1046 sedem.
334 961 640 1032 Elegerunt
674 967 980 1026 Adanlfum
1031 987 1246 1044 regem,
1281 975 1378 1046 qui
1427 979 1486 1031 et
1537 975 1719 1032 Placi-

117 1045 244 1135 diam
273 1049 427 1104 duxit
461 1067 718 1124 uxorem,
756 1059 818 1112 ut
851 1057 1070 1116 dictum
1117 1066 1226 1118 est.
1263 1045 1444 1135 [lsm.]
1478 1064 1600 1130 Quo
1630 1080 1715 1122 sc-

117 1133 271 1204 ptimo
297 1151 439 1194 anno
469 1141 686 1211 occiso,
725 1143 903 1202 Vallia
954 1133 1344 1220 successit,iet
1379 1133 1442 1208 ei
1463 1153 1717 1210 Theodo-

115 1222 267 1292 ricus,
321 1227 373 1280 et
431 1226 791 1286 'l‘heodorico
848 1233 1277 1306 Thorsimodus,
1336 1239 1714 1296 Thorsimodo

111 1323 310 1398 quoque
338 1313 745 1389 Theodoricus,
771 1323 826 1375 et
853 1321 905 1376 ei
938 1323 1184 1380 Euricus
1215 1326 1396 1382 frater
1425 1327 1568 1398 ejus.
1607 1328 1713 1394 Qui

110 1397 380 1469 Hispanias
404 1402 737 1475 Galliasque
759 1413 818 1463 et
842 1413 1023 1466 totam
1051 1413 1438 1482 Burgundiam
1455 1415 1565 1471 sibi
1581 1417 1716 1472 sub-

109 1485 230 1542 dens
246 1492 333 1544 240
351 1505 496 1547 anno
520 1493 685 1563 regni
713 1496 802 1551 sui
837 1498 1073 1555 Arelato
1109 1501 1272 1558 obiit.
1301 1504 1400 1558 Cui
1425 1505 1712 1561 successit

107 1573 452 1664 Alaricuscon
465 1583 550 1636 tra
567 1595 740 1651 quem
757 1585 1084 1644 Clodoveus
1100 1591 1396 1660 pugnavit.
1418 1593 1711 1664 [Paeone]

106 1663 250 1752 Gothi
277 1669 561 1742 ergo,‘qui
614 1676 832 1728 terram
871 1675 1054 1732 Italiae
1102 1680 1514 1752 possederunt,
1546 1688 1605 1738 et
1651 1663 1712 1739 se

1835 550 1965 593 cum
1990 539 2193 610 paucis
2215 552 2316 595 eos
2337 543 2596 610 superat,
2623 545 3134 612 persequutusque
3153 542 3478 602 Odoacrum

1836 624 2092 682 vinctum
2115 642 2244 684 cum
2273 641 2455 684 uxore
2487 630 2544 683 et
2567 626 2768 684 liberis
2789 628 3104 700 interfecit,
3127 634 3479 702 gentemque

1833 715 1889 767 et
1925 729 2165 784 regnum
2199 715 2544 773 llerulorum
2579 715 2812 772 delevit.

1906 801 2086 872 [1510.]
2113 804 2428 874 Postquam
2447 818 2586 858 vero
2603 802 2866 858 Wandali
2886 804 2955 860 ad
2984 804 3253 862 Aﬂ'ricam
3283 808 3478 863 trans-

1831 885 2045 959 ierunt,
2081 889 2354 946 Galieiam
2406 891 2574 947 Suevi
2608 891 2800 946 sortiti
2833 897 2968 948 sunt
3002 912 3015 947 :
3051 898 3110 949 et
3143 908 3244 950 rex
3275 909 3479 951 eorum

1830 976 2142 1034 Erenrieus
2173 977 2438 1048 regnavit
2469 993 2519 1034 a.
2557 983 2642 1048 32,
2677 988 2732 1035 et
2771 985 2901 1051 post
2935 995 3065 1038 eum
3100 982 3295 1038 Recila
3329 997 3382 1040 a.
3418 989 3470 1052 8,

1827 1065 1920 1121 cui
1952 1067 2238 1123 Recianus
2270 1066 2423 1123 filius
2453 1068 2762 1137 successit,
2796 1073 2854 1123 et
2907 1069 3236 1127 catholicus
3287 1071 3480 1130 factus

1828 1154 2094 1222 regnavit
2125 1169 2174 1210 a.
2209 1158 2260 1210 8.
2289 1155 2412 1221 Quo
2444 1154 2756 1211 interfecto
2788 1155 3022 1226 Maldra,
3053 1159 3387 1216 Frumarius
3416 1164 3478 1216 et

1827 1242 2254 1299 Reccimundus
2303 1258 2472 1313 reges
2519 1245 2984 1302 constituuntur.
3038 1246 3234 1304 Multis
3278 1247 3475 1318 itaque

1826 1330 2144 1387 Suevorum
2186 1331 2426 1401 regibus
2452 1331 2504 1386 in
2533 1333 2776 1390 Arriana
2803 1334 3044 1405 perfidia
3083 1335 3472 1406 permanenti-

1829 1418 1957 1488 bus,
1971 1419 2197 1474 tandem
2215 1435 2453 1489 regnum
2469 1422 2886 1478 Theodomirus
2901 1423 3253 1494 accepit,qui
3269 1424 3467 1481 statim

1829 1505 2048 1562 Suevos
2072 1507 2374 1563 catholicae
2406 1508 2538 1564 ﬁdei
2571 1509 2848 1565 reddidit.
2883 1511 2983 1567 Cui
3038 1512 3192 1568 hlaro
3241 1527 3474 1568 succes-

1835 1593 1910 1649 sit
1945 1599 2004 1650 et
2032 1595 2296 1664 regnavit
2315 1610 2365 1650 a.
2399 1599 2477 1651 14.
2508 1597 2648 1653 Huic
2672 1598 2956 1655 Eboricus
2975 1600 3283 1670 successit,
3301 1615 3472 1672 quem

1829 1681 2061 1737 Audeca
2108 1688 2335 1754 sumpta
2373 1683 2658 1740 tirannide
2691 1701 2872 1755 regno
2907 1687 3155 1758 privavit
3184 1693 3244 1744 et
3276 1701 3468 1744 mona-

107 1750 291 1857 ditioni
307 1754 526 1857 imperii
553 1759 766 1857 Leonis
792 1763 1181 1857 tradiderunt,
1209 1783 1339 1824 cum
1363 1770 1434 1857 ab
1451 1750 1712 1827 Odoacro
1742 1794 1799 1857 Β
1825 1769 1999 1826 chum
2033 1771 2189 1828 fecit.
2225 1750 2435 1827 Contra
2483 1788 2651 1843 quem
2705 1750 3075 1844 Leovigildus
3125 1777 3471 1833 Gotthorum

106 1853 222 1908 rege
248 1843 588 1901 Herulorum
620 1850 678 1903 et
711 1849 919 1907 vicinis
947 1854 1224 1922 gentibus
1252 1856 1491 1914 assidue
1522 1863 1716 1916 vasta-

106 1931 300 2000 rentur,
317 1931 556 2003 perlega
568 1939 661 1990 tos
687 1938 929 1994 Leonem
955 1940 1366 2013 imperatorem
1386 1947 1714 2017 postulave-

105 2021 236 2106 runt,
259 2023 312 2073 ut
335 2019 752 2079 Theodericum
777 2025 864 2082 eis
887 2027 1223 2086 institueret
1255 2033 1584 2106 patricium,
1612 2036 1709 2106 qui

105 2103 420 2193 adversariis
451 2124 658 2166 eorum
693 2113 1014 2172 resisteret.
1052 2117 1212 2185 Quod
1244 2103 1577 2193 imperator.
1605 2103 1713 2181 Leo

103 2189 387 2250 clementer
417 2212 701 2269 annuens,
737 2217 866 2258 cum
896 2205 1144 2263 consilio
1185 2189 1428 2266 senatus
1477 2212 1712 2269 Romam

102 2279 479 2372 Theodericum
500 2286 743 2360 direxit,
763 2290 859 2361 qui
885 2307 912 2347 a
938 2294 1209 2351 Romanis
1233 2301 1293 2352 et
1316 2299 1517 2355 Gothis
1537 2301 1715 2372 patri-

100 2365 262 2456 ciatus
293 2370 501 2430 honore
521 2374 786 2443 gloriose
809 2387 1120 2453 susceptus
1140 2387 1252 2440 est.
1283 2385 1382 2440 llic
1404 2401 1474 2441 ex
1497 2365 1711 2456 genere

103 2453 432 2516 Macedonum
466 2463 602 2518 fuit.
628 2464 860 2524 Idacius
889 2469 1039 2524 enim
1074 2471 1358 2541 patricius
1377 2478 1435 2530 et
1456 2453 1711 2545 Eugenia

105 2555 225 2598 uxor
251 2546 368 2616 ejus
397 2564 527 2606 eum
560 2560 767 2608 essent
788 2555 1004 2626 absque
1029 2556 1248 2630 liberis,
1271 2565 1330 2615 et
1354 2561 1633 2619 haberent
1655 2564 1708 2620 in

103 2629 384 2692 ministerio
413 2639 772 2698 creditarios
790 2658 1020 2715 pueros,
1047 2629 1407 2705 Theodorum
1431 2656 1490 2704 et
1511 2651 1708 2708 Liliam

104 2718 423 2794 Macedones,
448 2729 603 2784 unde
626 2730 855 2800 parvuli
882 2733 1106 2790 fuerant
1131 2736 1382 2808 advecti,
1409 2739 1711 2810 copulave-

108 2815 220 2864 runt
246 2826 339 2868 eos
368 2813 636 2872 invicem.
678 2819 928 2888 Eugenia
968 2821 1145 2890 jussit
1187 2824 1396 2894 puellae
1431 2830 1488 2882 ut
1523 2827 1578 2882 in
1612 2843 1709 2884 no-

105 2900 1018 2979 ctequajungerenturquicdquid
1035 2911 1274 2968 vidisset
1300 2913 1355 2968 in
1379 2916 1582 2971 sonnio
1597 2917 1706 2972 sibi

105 2987 335 3046 referret.
360 2991 510 3048 Vidit
534 3008 683 3064 ergo
714 2995 906 3068 puella
938 3000 1229 3072 sonnium,
1250 3003 1402 3073 quod
1434 3005 1610 3062 arbor
1637 3007 1706 3062 de

103 3087 157 3164 ea
183 3077 406 3136 exiliens
435 3086 554 3138 tam
580 3084 857 3141 excelsus
879 3091 1033 3144 esset
1056 3093 1116 3144 ut
1143 3091 1328 3148 nubes
1349 3097 1702 3164 penetraret.

103 3160 243 3226 Quod
268 3181 388 3223 cum
421 3169 548 3226 viro
581 3181 904 3245 narrasset,
939 3175 1081 3232 dicit
1113 3178 1182 3234 ad
1213 3160 1384 3235 eam}
1421 3181 1570 3238 σαφῆ
1597 3183 1708 3240 δισ-

103 3248 226 3308 teris
252 3253 313 3310 in
334 3259 645 3329 conspecta
686 3261 938 3320 domina
966 3263 1098 3335 tua,
1131 3265 1290 3324 dices
1321 3267 1378 3324 ei
1403 3269 1625 3327 cidisse
1655 3271 1710 3326 te

102 3335 352 3400 Ιιασποσιε
361 3359 578 3416 equum
590 3348 871 3420 eteqaam
881 3353 1082 3410 nimia
1087 3355 1548 3428 pulcritudinis,
1563 3372 1708 3430 quos

99 3430 418 3498 sequebatur
445 3449 637 3507 equus
653 3441 972 3511 parvulas,
1004 3441 1376 3502 ambulantes
1416 3447 1482 3502 in
1517 3449 1708 3504 medio

99 3513 428 3578 dominorum
458 3523 718 3580 tuorum.
753 3527 1004 3597 Eugenia
1037 3530 1144 3586 hoc
1175 3531 1417 3588 audiens
1448 3533 1574 3590 viro
1605 3551 1707 3591 suo

100 3607 322 3677 nunciat,
343 3615 400 3665 et
417 3617 707 3686 putantes
728 3614 973 3672 liberum
999 3618 1278 3689 futurum,
1298 3621 1496 3677 statim
1517 3628 1708 3679 utros-

100 3705 191 3760 que
219 3695 419 3756 liberos
445 3715 579 3758 esse
607 3701 934 3776 jusserunt,
961 3711 1017 3762 et
1053 3709 1230 3764 rebus
1263 3708 1530 3781 plurimis
1562 3711 1708 3767 dita-

99 3789 294 3839 veruut.
315 3789 541 3860 Peperit
579 3806 722 3862 ergo
755 3791 894 3849 Lilia
929 3793 1109 3851 lilium
1141 3797 1368 3854 nomine
1401 3799 1710 3856 Theoderi-

99 3881 225 3961 cum,
245 3887 401 3944 quem
424 3878 660 3935 ldacius
693 3884 750 3936 et
784 3883 1058 3954 Eugenia,
1083 3885 1216 3956 quia
1247 3891 1404 3943 esset
1439 3887 1704 3961 decorus,

101 3959 322 4045 prudens
349 3969 405 4020 et
439 3967 613 4023 fortis
644 3972 702 4023 et
727 3967 954 4041 longus,
984 3971 1094 4028 sibi
1120 3974 1544 4045 adoptaverunt
1570 3977 1624 4032 in
1649 3959 1710 4032 li-

100 4042 231 4102 lium.
251 4051 378 4108 Post
409 4069 661 4124 quorum
696 4063 940 4114 mortem
971 4042 1270 4133 praecepto
1303 4065 1508 4120 Leonis
1532 4065 1708 4138 impe-

98 4137 282 4194 ratoris
313 4141 560 4200 militare
608 4143 831 4216 jussus,
867 4147 1175 4205 duodecim
1227 4152 1392 4206 annis
1445 4137 1707 4210 militiam

99 4235 278 4311 gerens
299 4232 470 4286 tanta:
495 4230 864 4290 fortitudinis
891 4239 952 4290 et
975 4235 1186 4306 ingenii
1217 4238 1416 4309 praelia
1435 4241 1705 4311 gessit,ut

97 4310 158 4400 ab
183 4316 431 4374 omnibus
463 4319 834 4390 diligeretur.
853 4323 1159 4382 Postremo
1185 4333 1491 4385 senatores
1508 4330 1707 4400 palatii

105 4399 245 4454 tanto
265 4401 487 4463 invidia:
519 4407 730 4464 dolore
754 4424 882 4466 eum
907 4413 1248 4483 persequuti
1274 4420 1427 4483 sunt,
1447 4399 1706 4488 utiinqui-

1827 1873 1930 1914 rex
1962 1859 2238 1930 pugnavit
2258 1865 2312 1915 ct
2339 1864 2573 1930 captum
2599 1863 2850 1918 totondit
2875 1869 2934 1918 et
2957 1865 3366 1937 presbyterum
3397 1865 3474 1921 fc-

1827 1946 1926 2016 cit,
1953 1952 2008 2003 et
2044 1947 2127 2003 sic
2161 1963 2401 2018 regnum
2426 1949 2743 2005 Suevorum
2769 1950 2824 2004 in
2849 1951 3066 2008 Gothos
3090 1953 3470 2021 transfertur,

1827 2036 1981 2106 quod
2015 2041 2307 2092 manserat
2365 2029 2571 2093 a.'177.
2626 2041 2886 2109 Regnum
2939 2053 3082 2097 vero
3126 2042 3471 2098 Gotthorum

1827 2127 2029 2196 postea
2053 2125 2283 2182 duravit
2309 2140 2358 2181 a.
2387 2127 2508 2183 380.
2535 2127 2884 2198 Leovigildo,
2910 2128 3032 2199 regi
3057 2129 3347 2201 Hispaniae
3371 2129 3471 2200 qui

1827 2211 2056 2270 Alarico
2088 2215 2399 2285 successit,
2427 2215 2784 2272 Rioharedus
2817 2232 2920 2272 rex
2943 2219 3256 2287 successit,
3287 2219 3471 2274 fratre

1825 2298 1951 2369 ejus
1983 2301 2401 2372 Herminigildo
2430 2303 2708 2375 martyrio
2740 2319 2770 2359 a
2812 2309 2978 2376 patre
3026 2310 3324 2362 coronato.
3361 2306 3464 2362 llic

1827 2389 2187 2445 Rioharedus
2220 2397 2449 2446 secrete
2481 2392 2834 2462 baptizatus,
2868 2407 3064 2449 omnes
3104 2394 3325 2450 Gothos
3372 2395 3474 2450 Το-

1826 2475 2006 2532 letum
2038 2478 2326 2536 adunatos
2355 2479 2425 2534 ad
2459 2480 2626 2535 fidem
2659 2480 3005 2538 catholicam
3039 2481 3292 2550 reduxit,
3321 2496 3472 2538 anno

1825 2565 1897 2619 ab
1930 2565 2330 2622 incarnatione
2362 2567 2584 2622 Domini
2617 2573 2738 2623 596.

1897 2653 2085 2724 [And]
2117 2656 2393 2726 Tempore
2444 2655 2510 2687 ¹⁶⁰
2558 2655 2763 2712 Leonis
2824 2656 3050 2713 Ylarius
3108 2657 3471 2714 Arelatensis

1823 2744 1884 2796 ct
1905 2740 2256 2798 Claudianus
2278 2743 2619 2800 Viennensis
2636 2744 2778 2800 clari
2798 2745 3106 2801 habentur.
3126 2745 3466 2816 Pyminiola,

1823 2844 1990 2884 soror
2029 2830 2213 2885 sancti
2267 2829 2438 2886 Ylarii
2489 2831 2872 2902 Arelatensis,
2927 2848 3071 2889 uxor
3121 2833 3228 2889 fuit
3281 2833 3465 2890 sancti

1825 2917 1962 2988 Lupi
1995 2917 2474 2988 Trecassinensis,
2509 2918 2676 2987 cujus
2709 2919 3033 2991 discipulus
3084 2920 3191 2976 fuit
3225 2925 3466 2976 sanctus

1822 3005 2208 3062 Pulehronius
2279 3006 2680 3064 Virdunensis.
2743 3008 2972 3080 Septem
3031 3014 3224 3064 autem
3291 3009 3464 3065 simul

1825 3095 1984 3150 fuere
2017 3095 2200 3150 annis.

1893 3181 2099 3252 (Gesta
2108 3198 2176 3253 ρ.
2211 3183 2314 3251 Β.)
2344 3183 2624 3254 Tempore
2651 3183 2829 3254 igitur
2853 3183 3099 3241 Odoacri
3124 3185 3280 3256 regis
3311 3185 3466 3242 sedit

1823 3270 2013 3326 Romze
2046 3270 2204 3325 Felix
2235 3271 2468 3327 natione
2501 3273 2812 3343 Romanus,
2833 3279 3000 3344 patre
3025 3273 3212 3330 Felice
3242 3273 3464 3346 presbi-

1823 3364 1972 3428 tero,
2007 3373 2056 3413 a.
2091 3362 2144 3428 8,
2182 3374 2254 3414 m.
2294 3363 2378 3430 ll,
2427 3360 2481 3415 d.
2533 3366 2619 3416 18.
2669 3360 2796 3416 Fuit
2847 3376 3031 3432 usque
3079 3363 3151 3418 ad
3201 3367 3462 3435 tempora

1819 3447 2180 3503 Theoderici.
2215 3448 2331 3503 Sub
2365 3449 2472 3504 hoc
2506 3448 2717 3504 iterum
2749 3449 2908 3504 venit
2944 3449 3150 3507 relatio
3171 3451 3240 3506 de
3265 3451 3468 3508 Grecia

1819 3535 2056 3590 Petrum
2107 3535 2561 3592 Alexandrinum
2613 3542 2951 3594 revocatum
2986 3539 3057 3594 ab
3092 3539 3295 3595 Acatio
3328 3541 3469 3596 Con-

1821 3622 2364 3694 stantinopolitano,
2390 3629 2446 3678 et
2473 3625 2628 3680 facto
2659 3625 2908 3681 concilio
2939 3625 3099 3681 Felix
3131 3641 3277 3698 papa
3309 3627 3466 3683 dam-

1822 3711 2017 3783 pnavit
2050 3711 2314 3767 Aeatinm
2347 3728 2476 3768 eum
2509 3714 2702 3768 Petro.
2731 3714 2842 3769 Leo
2865 3728 3005 3783 ergo
3030 3715 3346 3786 imperator
3367 3731 3464 3771 ex-

1819 3799 1970 3856 actis
1999 3799 2055 3855 in
2091 3800 2332 3870 imperio
2369 3806 2430 3856 t7
2460 3801 2626 3857 annis
2657 3801 2804 3856 obiit
2836 3817 2984 3858 anno
3037 3804 3109 3858 ab
3154 3803 3264 3858 inc.
3297 3805 3458 3860 Dom.

1819 3891 1941 3944 474.
1978 3888 2272 3944 Successit
2302 3887 2453 3942 alter
2485 3889 2596 3943 Leo
2628 3893 2686 3942 et
2717 3889 2919 3944 eodem
2953 3903 3101 3944 anno
3152 3889 3464 3947 defunctus

1819 3982 1931 4032 est.
1961 3975 2139 4046 [lem]
2171 3977 2324 4030 Tunc
2353 3976 2543 4031 Zenon
2567 3975 2883 4046 imperator
2905 3975 3174 4047 efﬁcitur,
3198 3976 3352 4046 quod
3378 3983 3460 4033 te-

1820 4065 1944 4121 nuit
1982 4079 2030 4118 a.
2069 4068 2151 4118 16.
2187 4064 2304 4119 Sub
2338 4078 2451 4134 quo
2477 4078 2690 4136 corpus
2719 4065 2998 4121 Barnabas
3049 4063 3302 4137 apostoli
3335 4079 3464 4136 rep-

1821 4153 2064 4227 peritur.
2103 4153 2186 4208 Ab
2217 4153 2327 4208 hoc
2359 4152 2568 4209 relatio
2598 4153 2753 4209 venit
2806 4157 2868 4210 ut
2916 4153 3187 4225 penitens
3239 4154 3460 4212 rediret

1821 4241 2078 4298 Acatius.
2117 4239 2325 4308 (Gesta
2342 4257 2406 4314 Ρ.
2435 4243 2536 4309 R.)
2569 4242 2722 4298 Tunc
2755 4257 2900 4314 papa
2930 4241 3091 4298 Felix
3123 4241 3278 4298 misit
3313 4243 3460 4300 duos

1820 4329 2130 4401 episcopos
2179 4331 2472 4386 Mesenum
2517 4334 2574 4384 et
2624 4328 2890 4401 Vitalem,
2927 4335 2990 4386 ut
3038 4331 3086 4387 si
3131 4330 3460 4388 invenirent

1821 4431 1947 4474 com
1955 4417 2161 4490 plicem
2185 4417 2342 4473 Petri
2368 4417 2632 4474 Acatium
2651 4417 3034 4490 dampnarent
3053 4433 3177 4475 eos.
3203 4419 3310 4486 Qui
3333 4435 3462 4476 cor-

103 4496 270 4545 rerent
301 4495 552 4564 qualiter
575 4497 749 4566 jussu
784 4499 1156 4570 imperatoris
1187 4503 1475 4562 interiret.
1509 4506 1710 4562 Tholo-
1737 4505 1792 4566 D
1822 4506 1980 4576 rupti
2027 4505 2269 4577 pecunia
2302 4520 2417 4561 non
2449 4507 2710 4562 fecerunt
2737 4506 2904 4576 juxta
2937 4511 3294 4578 praceptum
3325 4522 3461 4578 apo-

105 4587 242 4632 mcus
258 4587 442 4639 autem
475 4585 716 4656 quidam
749 4587 820 4642 de
852 4590 1227 4648 senatoribus
1260 4608 1388 4649 cum
1421 4608 1490 4650 eo
1519 4595 1712 4652 amici-

107 4661 384 4742 tiamjniit,
421 4687 596 4744 quam
629 4689 812 4746 usque
843 4691 898 4731 in
930 4676 1080 4734 diem
1125 4679 1321 4736 obitus
1365 4682 1705 4738 eustodivit.

108 4751 388 4826 Susceptus
417 4776 560 4832 ergo
593 4776 625 4817 a
657 4763 929 4820 Romanis
958 4769 1018 4820 et
1049 4766 1248 4823 Gothis
1278 4783 1408 4824 cum
1448 4769 1710 4828 Odoacro

104 4839 182 4904 qui
210 4841 428 4902 Romam
457 4849 796 4920 optinuerat
826 4855 885 4907 et
911 4852 1141 4910 Herulis
1165 4853 1333 4926 plura
1359 4856 1558 4926 praelia
1583 4874 1711 4928 ges-

106 4929 186 5014 s_:t.
218 4929 496 5007 [Faenza]
531 4935 634 4993 Die
667 4937 847 5008 igitur
869 4941 1116 5011 quadam
1140 4942 1284 4998 inito
1308 4943 1512 5014 praelio
1533 4947 1710 5004 Theo-

105 5011 314 5076 dericus
335 5037 465 5080 cum
499 5025 726 5096 Gothis,
761 5027 990 5097 fugiens
1032 5011 1362 5088 Ravennam
1403 5031 1709 5102 ingressus

105 5107 200 5157 est.
227 5106 326 5163 Ubi
355 5110 554 5169 Liliam
589 5117 834 5170 matrem
865 5130 1028 5174 suam
1059 5118 1376 5198 inveniens,
1402 5121 1473 5175 ab
1496 5137 1561 5178 ea
1586 5138 1712 5180 cor-

105 5195 282 5280 reptus
311 5211 436 5255 cum
469 5200 827 5274 inproperio,
854 5205 1005 5274 quod
1029 5222 1139 5265 non
1163 5195 1329 5266 esset
1357 5209 1452 5264 ubi
1483 5209 1708 5280 fugeret

108 5277 197 5332 nisi
225 5287 282 5337 ut
311 5283 523 5344 iterum
557 5289 963 5359 ingrederetur
1010 5299 1238 5356 uterum
1276 5295 1348 5352 de
1397 5311 1512 5370 quo
1541 5277 1711 5357 natus

107 5373 261 5440 esset,
283 5372 516 5432 nimium
541 5378 834 5450 confusus,
859 5395 986 5439 cum
1009 5387 1212 5458 paucis
1237 5385 1452 5443 iterum
1481 5388 1709 5445 obviam

1823 4591 2050 4649 stolicze
2081 4591 2254 4648 sedis.
2281 4591 2493 4648 Eodem
2529 4597 2790 4664 tempore
2821 4593 2972 4649 facta
2995 4593 3214 4663 synodo
3235 4592 3462 4648 invenit

1816 4679 2120 4752 judicium,
2155 4680 2354 4736 ambos
2384 4681 2692 4752 episcopos
2739 4685 3055 4752 corruptos
3101 4679 3366 4750 pecunia,
3399 4685 3461 4736 et

1821 4769 1992 4840 ejecti
2049 4777 2183 4825 sunt
2235 4783 2265 4824 a
2317 4769 2739 4826 communione.
2793 4770 2894 4826 llic
2950 4767 3218 4840 sepultus
3263 4772 3353 4824 est
3403 4769 3461 4826 in

1825 4857 2059 4914 basilica
2096 4857 2249 4934 beati
2282 4857 2466 4928 Pauli,
2488 4861 2544 4912 et
2571 4858 2821 4914 cessavit
2853 4859 3227 4930 episcopatus
3259 4855 3383 4912 dies
3407 4862 3457 4914 5.

1823 4946 1960 5001 Post
1986 4960 2116 5001 eum
2142 4945 2406 5002 Gelasius
2427 4945 2660 5001 natione
2681 4947 2836 5015 Afer,
2853 4951 3018 5018 patre
3042 4943 3288 5015 Valerio,
3307 4945 3462 5002 sedit

1824 5049 1876 5091 a.
1911 5039 1960 5091 4.
1997 5049 2070 5090 m.
2103 5039 2155 5090 8.
2193 5035 2246 5090 d-.
2273 5039 2323 5090 9.
2350 5034 2450 5090 Hic
2483 5033 2590 5090 fuit
2621 5039 2844 5090 amator
2873 5033 3016 5090 cleri
3047 5038 3107 5089 et
3137 5048 3460 5106 pauperum

1822 5127 1880 5179 et
1913 5123 2182 5180 liberavit
2217 5138 2247 5179 a
2280 5121 2540 5196 periculo
2570 5125 2628 5178 et
2663 5123 2810 5178 fame
2840 5122 3066 5178 urbem.
3095 5121 3279 5192 Hujus
3317 5125 3463 5179 tem-

1823 5211 2064 5283 poribus
2107 5212 2387 5268 Maniehei
2433 5211 2490 5267 in
2523 5212 2667 5268 urbe
2701 5209 2920 5266 inventi
2949 5208 3128 5266 exilio
3159 5211 3460 5282 deportati

1822 5303 1977 5370 sunt,
2011 5303 2070 5356 et
2103 5299 2338 5356 codices
2383 5313 2583 5355 eorum
2629 5298 2897 5355 incendio
2947 5297 3322 5353 concremati.
3360 5298 3464 5354 Hic

1823 5385 2121 5444 revocavit
2167 5387 2460 5443 Mesenum
2503 5386 2574 5442 ad
2606 5385 3068 5445 communionem
3097 5385 3208 5441 sub
3237 5382 3465 5440 satisfa-

1437 5483 1671 5572 vanus
1713 5512 2112 5572 LECTIONES.

172 5561 230 5596 ¹⁶⁶
254 5566 524 5643 Tempore
543 5603 616 5617 --
633 5575 800 5632 annis
826 5576 892 5637 in
911 5593 1098 5658 marg.
