3898 6326
413 325 484 388 91
1391 315 1762 402 H‘UGONIs
1803 330 2159 399 ABBATIS
2200 331 2882 399 FLAVINIACENSIS
3729 334 3791 391 92

412 459 626 535 ctione,
657 463 718 520 et
751 467 1036 537 purgatus
1066 469 1341 538 receptus
1371 469 1482 524 est.
1512 467 1610 526 Hic
1643 468 1973 540 dampnavit
1998 466 2052 522 in
2084 465 2140 526 A
2173 465 2351 538 plum,
2383 465 2778 539 dampnationi
2814 479 2934 522 sua
2966 462 3078 536 ipsi
3109 477 3240 521 esse
3271 461 3507 520 obnoxii
3533 479 3548 530 ;
3573 477 3677 521 nec
3701 478 3792 520 ma-

415 556 762 624 perpetuum
799 555 1061 610 Acatium
1091 559 1150 610 et
1183 557 1438 626 Petrum,
1475 555 1582 612 nisi
1615 556 2052 629 resipiscerent.

417 639 576 694 Obiit
610 644 668 696 11
707 639 827 697 Kal.
861 643 994 699 Dec.
1029 643 1186 699 Fecit
1219 647 1511 701 tractatus
1539 651 1597 701 et
1631 645 1892 714 hymnos.

489 727 708 801 [ΒεοΑ.]
741 731 876 786 Post
907 731 1188 787 Zenonem
1212 733 1517 804 imperavit
1543 735 1884 792 Anastasius
1907 751 2056 792 anno

423 816 496 872 ab
529 817 926 875 incarnatione
953 821 1171 876 Domini
1205 820 1326 891 490,
1359 821 1524 878 annis
1555 825 1642 892 27,
1668 823 1786 893 qui,
1813 824 1944 895 quia
1966 839 2044 882 ca-

422 903 672 962 tholicos
695 905 1040 978 insequutus
1063 913 1150 965 est
1173 910 1369 966 favens
1381 911 1569 966 heresi
1591 911 1930 983 Euthicetis,
1954 912 2059 970 ful-

419 992 571 1050 mine
601 993 848 1052 interiit.
877 995 1056 1066 [lsm.]
1089 999 1520 1056 Trasamundus
1551 997 1621 1031 ¹⁷⁰
1649 1001 2057 1058 Wandalorum

417 1096 522 1137 rex
557 1082 880 1140 catholicas
908 1085 1190 1142 ecclesias
1233 1086 1445 1143 clausit
1493 1093 1553 1144 et
1602 1090 1708 1144 220
1753 1090 2058 1162 episcopos

421 1171 744 1228 Sardiniam
779 1173 956 1229 misit.
980 1175 1263 1244 Regnavit
1294 1191 1344 1232 a.
1379 1181 1467 1247 27,
1505 1192 1576 1231 in.
1612 1181 1661 1234 4.
1699 1178 1797 1235 Cui
1832 1193 2060 1236 succes-

422 1259 499 1314 sit
531 1259 726 1316 Ildiris
766 1262 1034 1318 Honorici
1070 1263 1242 1320 illius.

493 1347 700 1413 (Gesta
715 1365 776 1422 ρ.
807 1352 906 1418 R.)
938 1351 1280 1408 Anastasius
1306 1369 1471 1424 papa,
1498 1355 1729 1412 natione
1751 1357 2056 1428 Romanus,

421 1435 578 1492 sedit
629 1438 824 1494 Roma
876 1453 926 1494 a.
963 1445 1013 1509 1,
1050 1455 1121 1496 m.
1157 1445 1241 1510 11,
1277 1441 1332 1495 d.
1367 1445 1452 1496 24.
1489 1443 1574 1498 Ab
1607 1443 1778 1513 hujus
1809 1460 2062 1501 commu-

421 1525 592 1580 nione
619 1527 1041 1584 subtraxerunt
1073 1544 1134 1584 se
1167 1528 1352 1600 multi,
1373 1545 1442 1584 co
1476 1532 1626 1602 quod
1661 1532 1782 1588 sine
1816 1533 2062 1590 consilio

421 1611 690 1671 ecclesia
713 1615 1020 1672 catholica
1048 1618 1536 1674 communicasset
1563 1620 1790 1676 cuidam
1815 1621 2062 1679 diacono

417 1701 950 1773 Thessalonicensi,
973 1704 1198 1760 nomine
1229 1705 1448 1776 Fotino,
1475 1707 1570 1776 qui
1601 1709 2064 1766 communicabat

422 1788 641 1845 Acatio.
679 1791 746 1846 Et
779 1805 908 1847 cum
938 1791 1117 1847 vellet
1149 1807 1178 1848 a
1211 1791 1617 1850 decessoribus
1637 1797 1759 1853 suis
1789 1797 2064 1869 dampna-
2093 1813 2150 1876 Β

424 1879 543 1932 tum
575 1879 804 1935 occulte
837 1895 1114 1936 revocare
1149 1882 1566 1952 Aeatium,non
1593 1885 1804 1956 potuit,
1825 1886 1956 1957 quia
1983 1886 2068 1942 di-

421 1965 557 2020 vino
581 1965 802 2034 judicio
842 1982 1168 2039 percussus
1214 1969 1458 2026 interiit.
1496 1972 1786 2029 Successit
1819 1974 2068 2044 Symma-

420 2053 567 2109 chus
596 2059 662 2110 53
689 2069 719 2110 a
755 2057 948 2124 Petro,
983 2057 1220 2114 natione
1255 2059 1492 2129 Sardus,
1529 2065 1694 2132 patre
1728 2063 2065 2134 Fortunato,

422 2140 574 2196 sedit
607 2157 657 2198 a.
701 2147 785 2214 15,
823 2160 894 2200 ιη.
927 2151 980 2214 7,
1015 2147 1070 2201 d.
1106 2152 1192 2202 27.
1230 2148 1356 2202 Fuit
1391 2151 1652 2220 tempore
1687 2151 1977 2208 Anastasii
2011 2156 2070 2207 et

427 2229 784 2287 Theoderici.
805 2233 1124 2288 Constituit
1143 2235 1311 2290 utdie
1335 2235 1630 2292 Dominico
1651 2241 1708 2292 et
1733 2244 2069 2296 sanctorum

425 2317 716 2374 nataliciis
745 2325 992 2376 canatur
1014 2319 1225 2378 Gloria
1246 2323 1595 2380 inexceLsis.
1615 2325 1716 2382 Hic
1747 2325 1898 2382 inter
1931 2327 2074 2383 mul-

427 2407 482 2458 ta
516 2404 896 2462 ecclesiarum
929 2423 1104 2480 opera
1141 2410 1410 2466 omnibus
1442 2412 1739 2484 episcopis
1773 2429 1876 2485 per
1909 2415 2074 2471 ΑΠ’ιοί-

424 2506 548 2546 eam
583 2497 640 2548 et
673 2495 996 2551 Sardiniam
1028 2497 1202 2552 exilio
1253 2499 1517 2568 religatis
1573 2501 1724 2558 omni
1774 2517 1924 2558 anno
1977 2518 2073 2560 ne-

427 2582 685 2638 cessaria
721 2583 1110 2640 ministrabat.

502 2670 664 2725 Anno
695 2672 766 2726 ab
792 2671 900 2728 inc.
928 2674 1085 2730 Dom.
1109 2673 1234 2745 509,
1260 2675 1406 2732 obiit
1430 2680 1670 2734 sanctus
1694 2678 2066 2751 Benedictus,

433 2761 492 2812 et
525 2757 581 2812 in
615 2759 804 2816 Monte
836 2761 1074 2818 Cassino
1108 2779 1212 2834 per
1267 2770 1332 2820 15
1381 2780 1562 2821 annos
1606 2765 1811 2838 jacuit,
1847 2772 1907 2824 et
1939 2772 2073 2840 post

428 2860 644 2917 corpus
695 2848 822 2918 ejus
867 2849 924 2905 iu
971 2849 1208 2908 Galliam
1269 2853 1614 2910 translatum
1646 2859 1736 2912 est
1767 2871 1916 2912 anno
1947 2860 2068 2913 660.

427 2935 706 3007 Tempore
739 2938 1029 2996 Anastasii
1060 2939 1270 2998 claruit
1305 2943 1608 2999 Antonius.

499 3023 706 3084 (Gesta
725 3040 790 3096 λυ.
829 3029 930 3093 Ιὲ.)
963 3027 1063 3084 llic
1094 3035 1154 3084 et
1197 3029 1543 3086 Laurentius
1591 3033 1702 3088 sub
1752 3033 2074 3091 intentione

429 3111 688 3169 ordinati
735 3119 872 3170 sunt
917 3131 1026 3172 uno
1055 3117 1168 3187 die,
1205 3123 1261 3172 et
1293 3117 1672 3176 confirmatus
1702 3125 1794 3176 est
1825 3122 2075 3192 Symma-

2169 553 2274 610 lint
2301 553 2430 612 cum
2451 554 2642 626 impiis
2667 554 2721 609 in
2746 551 2994 610 circuitu
3013 550 3330 620 ambulare,
3351 551 3785 622 autvertigincm

2169 642 2380 714 capitis
2429 642 2518 698 sui
2553 656 2681 713 qua
2714 641 2770 696 in
2805 637 3116 712 propatulo
3148 642 3235 694 est
3269 637 3604 708 defendere,
3639 653 3783 710 quam

2167 745 2427 787 errorem
2481 745 2649 787 suum
2697 727 3042 800 simpliciter
3090 725 3358 782 confiteri
3391 731 3450 782 et
3482 725 3782 782 doctrinam

2200 833 2484 876 uscmere.

2200 835 2320 876 USCI
2369 835 2484 875 ere.

2170 835 2198 877 S
2237 836 2428 964 Ζθῐΐοη
2460 904 2528 938 ⁸⁷⁸
2557 909 2618 960 et
2645 901 2988 959 Anastasius
3011 901 3395 973 imperatores
3419 899 3788 958 Euthichiani-

2171 999 2298 1066 sta,
2325 995 2378 1050 hi
2403 993 2678 1064 leguntur
2710 991 2874 1063 prius
2907 989 3016 1046 sibi
3051 993 3313 1046 sanctam
3335 989 3685 1046 catholicam
3713 1003 3786 1044 ec-

2171 1083 2408 1141 clesiam
2441 1079 2892 1150 subdidisse,ita
2928 1079 2989 1136 ut
3020 1076 3344 1134 catholicos
3371 1077 3678 1149 episcopos
3695 1076 3789 1132 exi-

2172 1172 2249 1229 lio
2263 1171 2650 1242 religarentet
2666 1167 2987 1240 apostolica
3010 1165 3324 1222 traditione
3349 1164 3675 1237 postposita
3697 1164 3786 1220 sibi

2172 1265 2601 1319 consentaneos
2633 1258 2688 1313 in
2720 1271 2920 1313 eorum
2955 1255 3198 1312 sedibus
3230 1255 3638 1324 subrogarent.
3673 1253 3787 1309 Nam

2175 1356 2308 1406 ante
2332 1349 2536 1405 horum
2561 1352 2793 1418 tempus
2813 1344 3090 1415 leguntur
3113 1342 3346 1414 quidem
3371 1340 3616 1398 heretici
3641 1341 3789 1413 impe-

2176 1442 2406 1494 ratores
2433 1435 2753 1493 catholicos
2783 1433 3094 1504 episcopos
3120 1429 3318 1488 multis
3341 1430 3528 1487 modis
3549 1443 3786 1498 vexasse,

2176 1525 2449 1582 clectioni
2481 1538 2618 1580 vero
2650 1527 2748 1580 aut
2783 1521 3135 1594 promotioni
3169 1518 3486 1589 cujuslibet
3521 1517 3788 1604 pontificis

2179 1628 2462 1686 nusquam
2493 1612 2770 1681 leguntur
2795 1625 2854 1666 se
2889 1609 3216 1666 miscuisse.
3245 1606 3540 1677 Siquidem
3569 1606 3674 1663 sub
3702 1605 3791 1660 eis-

2179 1703 2309 1760 dem
2341 1698 2822 1757 Euthichianistis
2843 1696 3295 1768 imperatoribus
3323 1698 3383 1751 et
3415 1693 3791 1751 Constantino.

2184 1789 2298 1861 poli
2333 1792 2392 1844 et
2425 1786 2665 1857 reliquis
2697 1785 2938 1842 urbibus
2969 1783 3184 1854 legitur
3216 1780 3656 1839 innumerabilis
3679 1779 3790 1835 lide-

2184 1877 2320 1934 Iium
2343 1875 2656 1933 multitudo
2687 1873 2828 1930 cleri
2861 1878 2918 1928 et
2953 1871 3148 1944 populi
3176 1869 3701 1942 pseudoepiSCOpos
3718 1883 3790 1923 eo-

2181 1983 2308 2024 rum
2343 1965 2678 2023 nullatenus
2709 1963 3008 2034 suscipere
3039 1960 3316 2030 voluisse,
3350 1959 3482 2030 quia
3515 1957 3787 2016 constabat

2182 2071 2284 2113 eos
2303 2057 2525 2126 absque
2558 2053 2646 2109 sui
2677 2051 2968 2108 electione
2997 2051 3049 2104 in
3083 2049 3182 2105 Dei
3213 2052 3612 2120 contemptum
3641 2049 3698 2103 et
3723 2045 3790 2102 sui

2187 2143 2410 2200 erroris
2442 2145 2812 2211 augmentum
2846 2154 2875 2194 a
2910 2137 3172 2210 prafatis
3202 2136 3568 2208 principibus
3597 2148 3790 2207 promo-

2187 2238 2276 2288 tos
2313 2231 2510 2288 fuisse.
2549 2231 2616 2285 Ut
2651 2229 2801 2284 enim
2855 2227 3035 2283 tradit
3065 2225 3430 2293 Anastasius,
3466 2227 3680 2280 sancta
3707 2223 3792 2277 Ro-

2184 2335 2365 2377 mana
2405 2318 2669 2376 ecclesia
2721 2315 3224 2384 hibliothecarius,
3258 2313 3314 2369 in
3347 2313 3620 2370 chronica
3647 2311 3792 2368 Theo-

2185 2409 2391 2482 phanis
2412 2411 2468 2463 et
2493 2405 2723 2475 Georgii
2756 2405 2854 2459 Dei
2883 2403 3196 2473 cultorum,
3215 2416 3384 2473 quam
3401 2402 3526 2474 ipse
3551 2401 3620 2458 de
3641 2399 3791 2456 Greco

2185 2499 2243 2554 in
2278 2496 2536 2564 Latinum
2571 2491 2873 2550 transtulit
2907 2511 2919 2546 :
2952 2490 3204 2564 μηδι]
3235 2513 3262 2541 α
3285 2490 3574 2546 Vicesimo
3597 2485 3790 2560 imperii

2185 2585 2476 2642 Anastasii
2520 2597 2686 2653 anno,
2711 2583 2970 2638 Iohanne
3001 2580 3254 2638 Nioceta
3289 2578 3676 2636 Alexandrino
3699 2574 3791 2648 epi-

2186 2689 2396 2746 sc0pos
2415 2671 2677 2728 heretico
2709 2673 2958 2738 mortuo,
2985 2667 3296 2725 Dioscorus
3318 2666 3518 2738 junior
3551 2664 3791 2739 pralatus

2183 2765 2275 2820 est
2307 2762 2620 2834 episcopus
2651 2756 3037 2814 Alexandria.
3064 2755 3323 2822 Quicum
3357 2769 3565 2812 manus
3597 2750 3791 2848 imposi-

2187 2853 2400 2908 tionem
2433 2848 2778 2920 accepisset,
2812 2848 3179 2902 recesserunt
3214 2843 3623 2900 multitudines
3653 2843 3791 2898 rusti-

2183 2953 2384 2996 corum
2411 2937 2693 3005 dicentes,
2712 2934 2842 3006 quia
2871 2932 2977 2989 nisi
3010 2933 3159 2989 sicut
3193 2931 3381 2988 sancti
3413 2944 3666 2988 canones
3685 2941 3788 2986 con-

2184 3029 2374 3083 tinent
2396 3027 2494 3080 ﬁat
2517 3024 2848 3096 episcopus,
2869 3037 2978 3076 non
3002 3020 3338 3092 recipietur.
3355 3015 3784 3092 Principesenim

2185 3115 2686 3172 intronizaverunt
2731 3125 2882 3166 eum.
2918 3111 3248 3180 Dyoscorus
3293 3111 3490 3164 autem
3539 3105 3691 3162 venit
3733 3100 3784 3158 ad

433 3199 598 3270 chus,
625 3206 686 3256 et
713 3202 1004 3258 ordinavit
1029 3166 1373 3262 subintuitu
1398 3206 1806 3266 misericordia
1828 3166 2072 3268 Lauren-
2103 3166 2154 3230 Ο
2183 3206 2452 3260 Sanctum
2485 3202 2753 3266 Marcum,
2785 3203 2841 3254 et
2893 3196 3205 3253 Venientes
3251 3195 3452 3252 clerici
3508 3191 3784 3252 induerunt

427 3287 574 3343 tium
609 3289 945 3362 episc0pum
978 3291 1032 3346 in
1067 3293 1350 3350 Nucerina
1381 3294 1638 3351 civitate.
1660 3298 1794 3354 Post
1827 3313 2008 3356 annos
2040 3304 2072 3357 4

429 3375 557 3430 zelo
591 3377 752 3434 ducti
787 3379 1020 3448 quidam
1053 3381 1124 3436 de
1158 3381 1318 3438 clero
1347 3387 1407 3438 et
1437 3387 1638 3441 senatu
1673 3386 2070 3446 incriminave-

431 3469 565 3520 runt
601 3465 1021 3540 Symmachum,
1053 3474 1112 3525 et
1146 3471 1296 3527 facta
1330 3476 1462 3529 sunt
1508 3473 1651 3530 mala
1690 3475 1884 3546 pejora
1919 3478 2070 3549 prio-

353 3543 366 3556 ‘
429 3553 613 3610 ribus.
667 3553 908 3620 Quidam
958 3573 1098 3615 vero
1149 3560 1220 3616 de
1271 3565 1476 3618 senatu
1526 3543 1702 3634 quasi
1741 3543 2067 3624 consultius

429 3645 692 3714 agentes,
729 3643 1015 3703 miserunt
1059 3647 1129 3702 ad
1170 3649 1582 3706 Theodericum
1637 3667 1851 3724 regem,
1889 3659 1950 3711 ut
1981 3657 2067 3712 eis

429 3728 756 3789 destinaret
779 3733 876 3804 qui
894 3736 1269 3794 ordinaretur
1283 3738 1641 3810 apostolicus
1653 3740 2067 3812 depositisillis

429 3818 718 3890 utrisque.
753 3821 858 3888 Qui
910 3828 1114 3881 contra
1155 3841 1356 3884 sacros
1385 3841 1634 3884 canones
1665 3829 1817 3886 misit
1850 3831 1938 3886 eis
1969 3833 2068 3888 Pe-

427 3911 599 3980 trum,
627 3911 835 3970 Altina
865 3912 1122 3972 civitatis
1151 3917 1510 3989 episcOpum.
1539 3919 1910 3988 Symmachus
1930 3935 2067 3978 vero

427 4010 792 4068 congregans
813 4000 1198 4058 universalem
1223 4005 1502 4075 synodum
1518 4009 1620 4061 125
1632 4006 2064 4079 episcoporum,

426 4085 589 4155 prius
621 4087 888 4157 purgavit
923 4103 984 4144 se
1017 4089 1088 4145 de
1117 4091 1360 4146 crimine
1385 4092 1536 4162 quod
1561 4093 1630 4148 de
1653 4107 1723 4150 eo
1747 4095 2062 4167 ferebatur,

426 4171 636 4228 deinde
673 4180 786 4229 tam
825 4175 946 4246 ipse
997 4192 1166 4247 quam
1216 4193 1418 4234 omnes
1467 4179 1926 4251 dampnaverunt
1965 4187 2068 4241 Pe-

431 4262 583 4314 trum
616 4275 646 4316 a
667 4275 803 4330 rege
827 4263 1067 4320 missum
1091 4269 1152 4320 ut
1179 4265 1499 4323 invasorem
1524 4268 1679 4324 sedis
1702 4273 2062 4344 apostolica,

429 4349 488 4398 et
513 4346 884 4406 Laurentium
908 4350 1176 4408 similiter
1197 4353 1295 4424 qui
1319 4355 1613 4413 seditiosis
1635 4360 1964 4417 assentiens
1987 4360 2068 4416 vi-

431 4432 682 4492 debatur
711 4451 774 4494 se
805 4437 878 4493 ad
924 4445 1197 4511 papatum
1231 4440 1518 4512 ingerere.
1545 4446 1672 4516 Ipse
1701 4462 1841 4504 vero
1874 4448 1930 4504 in
1961 4451 2068 4506 Do-

429 4521 586 4578 mino
618 4527 984 4585 confortatus
1015 4543 1199 4600 usque
1231 4530 1303 4586 ad
1335 4530 1483 4588 diem
1533 4533 1898 4592 dormitionis
1945 4551 2064 4594 sua

431 4612 749 4680 permansit
777 4615 1150 4686 apostolicus.
1171 4617 1420 4674 Audiant
1446 4619 1542 4690 qui
1568 4621 1822 4678 favorem
1845 4624 2065 4679 terreni

429 4697 711 4771 principis
732 4703 942 4760 divina
964 4703 1648 4778 voluntatianteponunt,
1663 4709 2066 4779 etintelligant

432 4785 600 4844 istius
621 4789 1050 4862 dampnationis
1070 4793 1416 4850 sententiam
1441 4810 1626 4868 usque
1649 4797 1720 4852 ad
1743 4811 1806 4853 se
1829 4797 2066 4854 dirivari

430 4877 488 4928 et
524 4877 876 4950 pertingere,
911 4895 1040 4952 qua
1071 4897 1099 4936 a
1133 4881 1306 4938 beato
1339 4883 1638 4954 Symmaco
1670 4899 1814 4956 papa
1847 4889 1904 4940 et
1937 4885 2068 4942 aliis

431 4963 536 5016 125
552 4963 842 5037 episcopis
864 4967 919 5022 in
941 4969 1177 5026 Petrum
1199 4974 1255 5026 et
1290 4971 1662 5028 Laurentium
1695 4970 1910 5041 legitur
1939 4987 2070 5044 pro-

432 5049 703 5107 cessisse.
739 5055 976 5111 Discant
1012 5055 1104 5112 hic
1134 5056 1326 5114 saltim
1359 5057 1426 5092 "1
1458 5058 1512 5113 hi
1549 5057 1645 5128 qui
1685 5059 2067 5130 apostolicam

435 5135 634 5192 sedem
651 5139 990 5199 invaserunt
1009 5149 1070 5200 et
1091 5147 1360 5203 Romana
1379 5145 1646 5202 ecclesia
1670 5147 2067 5218 prajudicium

436 5223 720 5300 fecerunt,
755 5230 851 5300 qui
885 5231 1135 5290 favorem
1167 5233 1389 5290 terreni
1423 5233 1703 5307 principis
1731 5235 1940 5292 divina
1971 5251 2070 5295 au-

433 5315 695 5372 ctoritati
727 5321 1108 5393 anteponunt,
1133 5320 1453 5378 secundum
1471 5323 1587 5378 tam
1611 5322 1852 5380 evidens
1878 5337 2070 5382 exem-

2181 3308 2311 3350 eum
2337 3289 2588 3348 secundo
2619 3293 2676 3343 et
2706 3287 2916 3342 iterum
2947 3299 3078 3342 eum
3111 3287 3624 3341 consecraverunt.
3649 3282 3708 3337 Et
3727 3279 3782 3333 ita

2180 3381 2420 3438 veniens
2453 3377 2522 3434 ad
2556 3378 2826 3432 Sanctum
2867 3373 3182 3429 Johannem
3213 3370 3460 3442 perfecit
3492 3369 3780 3428 collectam.

2181 3473 2317 3527 Cum
2344 3472 2534 3524 autem
2557 3467 2715 3522 esset
2742 3463 2861 3518 illic
2882 3452 3244 3518 Theodosius
3268 3459 3420 3516 [ilius
3441 3456 3784 3530 Calliopiiau-
3844 3493 3845 3510 η

2177 3556 2430 3631 gustalis
2455 3558 2514 3611 et
2547 3551 2826 3608 Achatius
2866 3549 3142 3620 magister
3175 3547 3441 3618 militum,
3477 3547 3662 3603 turba
3690 3548 3784 3599 tur-

2181 3649 2329 3704 bata
2353 3646 2634 3715 ceperunt
2659 3639 2892 3710 injuriis
2913 3639 3141 3695 allicere
3165 3637 3344 3693 filium
3376 3633 3713 3706 augustalis,
3733 3643 3783 3685 eo

2181 3735 2331 3808 quod
2356 3733 2618 3790 laudaret
2645 3729 3053 3800 imperatorem
3079 3724 3472 3796 Anastasium,
3489 3728 3549 3780 et
3568 3720 3784 3779 insilien-

2178 3829 2271 3881 tes
2298 3822 2529 3894 quidam
2549 3834 2578 3876 a
2603 3817 2740 3876 sede
2765 3816 3117 3888 depulerunt
3139 3829 3270 3870 eum
3287 3817 3348 3869 et
3371 3809 3780 3870 interfecerunt.

2180 3916 2252 3970 At
2273 3926 2409 3968 vero
2439 3908 2720 3966 Achacius
2746 3907 3031 3976 magister.
3061 3903 3307 3960 militum
3343 3904 3632 3973 quotquot
3653 3907 3784 3967 cape-
3844 3915 3845 3922 η

2179 4017 2243 4060 re
2275 3998 2465 4074 potuit
2488 3995 2800 4054 interfecit.
2827 3994 2990 4062 Quod
3025 3992 3268 4050 audiens
3293 3991 3614 4062 imperator
3633 3987 3784 4043 iratus

2179 4098 2288 4148 est.
2325 4090 2508 4144 Porro
2539 4085 2850 4142 Dioscorus
2881 4081 3168 4152 mitigavit
3201 4095 3352 4136 eum.
3390 4079 3646 4148 Cumque
3675 4075 3784 4131 Con-

2179 4175 2620 4249 stantinopolim
2650 4173 2910 4230 venisset
2939 4170 3090 4244 apud
3126 4171 3540 4242 imperatorem
3565 4181 3665 4240 pro
3687 4160 3784 4219 Aie

2178 4265 2477 4324 xandrinis
2499 4265 2953 4330 intercessurus,
2970 4261 3042 4316 ab
3065 4257 3410 4316 orthodoxis
3431 4255 3660 4328 publice
3679 4263 3783 4308 con-

2175 4357 2346 4413 viciis
2394 4353 2800 4427 appetebatur.
2837 4350 3018 4416 Quam
3064 4349 3138 4406 ob
3187 4363 3308 4404 rem
3339 4352 3400 4402 et
3427 4346 3554 4420 ipse
3583 4357 3702 4402 cum
3729 4336 3782 4393 ob

2179 4443 2552 4502 homicidium
2587 4439 3042 4509 intercessisset,
3068 4447 3198 4494 cum
3224 4434 3599 4492 festinatione
3628 4439 3784 4488 reces-

2094 4518 2148 4579 D
2183 4533 2278 4590 sit.
2309 4554 2336 4582 ι»
2374 4533 2516 4588 Ecce
2547 4528 2758 4600 quibus
2791 4526 2989 4600 primis
3021 4525 3364 4582 auctoribus
3396 4521 3582 4580 seculi
3607 4510 3784 4594 princi-

2182 4635 2283 4692 pes
2313 4633 2451 4676 suos
2481 4616 2786 4689 pontifices
2813 4615 3081 4672 nituntur
3129 4613 3226 4669 Dei
3278 4610 3551 4669 ecclesia
3595 4615 3783 4692 promo-

2179 4686 2336 4764 vere.
2363 4686 2686 4776 Sequentes
2703 4707 2896 4760 autem
2920 4703 3122 4760 horum
3148 4701 3540 4758 hereticorum
3561 4686 3782 4762 exempla

2183 4795 2414 4866 quidam
2445 4794 2756 4849 Grecorum
2791 4791 3176 4862 imperatores
3222 4788 3385 4860 regni
3434 4787 3525 4844 sui

2182 4863 2322 4938 suos
2351 4879 2664 4952 episcopos
2689 4877 3072 4950 imponentes,
3099 4878 3365 4932 Romana
3387 4886 3528 4929 vero
3549 4863 3783 4952 urbiohot

2184 4949 2592 5042 pepercerunt.
2626 4949 2932 5022 Decretum
2973 4964 3126 5020 enim
3171 4961 3480 5020 electionis
3511 4973 3541 5015 a
3571 4955 3718 5014 clero
3741 4949 3780 5002 ei

2180 5062 2384 5114 senatu
2414 5058 2746 5126 susceptum
2781 5051 2892 5108 sibi
2927 5051 3078 5108 mitti
3099 5052 3454 5119 statuerunt,
3479 5045 3782 5119 priusquam

2182 5147 2416 5206 futurus
2438 5142 2700 5216 pontifex
2723 5143 3120 5198 consecretur.
3145 5139 3309 5206 Quod
3331 5151 3462 5194 cum
3484 5135 3704 5204 legatur
3721 5135 3784 5180 se-

2183 5235 2316 5310 pius
2344 5233 2634 5291 directum
2665 5229 2861 5298 fuisse,
2896 5242 3176 5300 nusquam
3226 5231 3417 5282 tamen
3467 5221 3676 5310 legitur
3702 5221 3782 5310 eoi

2184 5306 2576 5380 Romanorum
2607 5315 2954 5376 electionem
2992 5319 3252 5373 mutasse
3300 5315 3400 5371 aut
3449 5306 3781 5383 reprobasse.

1785 5461 2022 5519 VARUS
2063 5459 2462 5520 LECTIONES.

503 5595 572 5632 "°
598 5601 830 5658 Trasam
861 5629 928 5640 —
959 5598 1117 5656 illius
1145 5601 1212 5659 in
1237 5614 1429 5672 "tam.
1467 5599 1531 5635 ιτί
1559 5601 1753 5660 saltim
1781 5633 1852 5645 —-
1881 5605 2248 5676 anteponunt
2273 5602 2343 5662 in
2365 5614 2558 5675 marg.
2591 5595 2662 5636 ίτί
2686 5595 3022 5672 loquentia
3047 5595 3117 5653 in
3141 5607 3333 5667 mam.
