3898 6336
74 369 146 436 98
1266 362 1760 435 CHRONICON.
1795 398 1873 415 -
1902 360 2056 432 LIB.
2089 364 2136 431 Ῑ.
3364 366 3443 432 94

75 518 182 577 Hoc
207 522 391 576 tamen
425 517 560 592 qnia
587 517 823 578 Domino
846 522 971 577 erat
1005 517 1386 590 contrarium,
1428 514 1689 576 uteccle-
1718 499 1776 564 A
1802 505 2006 575 giones
2038 521 2178 581 sepe
2221 506 2450 566 fuerant
2509 508 2840 569 trucidatas.
2880 507 3174 570 Belsarius
3227 507 3439 567 timens

76 607 151 664 sia
183 607 441 680 pontifice
473 613 726 679 careret,
764 609 1091 680 usquedum
1126 609 1222 681 qui
1262 610 1561 666 decretum
1614 605 1691 660 fe-

78 698 225 753 rebat
256 698 361 754 iret
394 701 450 754 et
482 698 974 770 rediret.penitus
998 704 1346 770 respuerunt
1378 699 1693 767 sequentes

79 783 460 857 imperatores,
495 786 798 857 religione,
834 791 1202 859 praestantes,
1248 788 1401 859 quod
1470 785 1692 855 liquido

77 887 405 943 cognoscere
490 876 780 946 possimus
827 877 882 932 in
931 877 1249 948 praeceptis
1324 872 1688 931 Constantini

79 962 333 1033 principis
346 963 414 1018 ad
443 964 1174 1036 Benedictumepiscopum
1199 971 1258 1020 et
1281 965 1500 1020 clerum
1518 966 1575 1017 et
1599 976 1693 1033 po-

79 1049 256 1121 pulum
279 1052 612 1109 Romanum.
650 1055 851 1124 Itaque
884 1053 980 1123 qui
1005 1052 1258 1109 attendit
1293 1052 1440 1109 alios
1491 1052 1694 1106 Greco.

80 1154 191 1194 rum
220 1140 602 1212 imperatores
633 1142 934 1198 decretum
970 1143 1081 1197 sibi
1114 1142 1265 1197 mitti
1297 1142 1573 1207 noluisse,
1610 1143 1694 1193 at-

141 1406 265 1462 Post
280 1406 646 1463 Anastasium
660 1407 924 1463 Justinus
938 1408 1136 1463 scnior
1150 1404 1707 1478 aecepitimperium‘

86 1507 219 1549 anno
246 1495 333 1549 ab.
368 1494 476 1549 inc.
502 1495 661 1565 Dom,
699 1500 831 1563 157;
859 1496 1121 1565 regnavit
1152 1496 1317 1550 annis
1338 1500 1386 1551 9.
1415 1494 1617 1566 (Gesta
1634 1512 1691 1568 ρ.

77 1578 182 1650 Ε).
216 1579 475 1636 Ormisda
511 1582 838 1652 Campanus
870 1582 1022 1638 sedit
1048 1584 1241 1639 Romae
1285 1597 1432 1638 anno
1457 1585 1528 1639 ab
1584 1584 1694 1639 inc.

76 1668 220 1721 Dom.
254 1673 372 1737 5H,
400 1668 555 1725 sedit
589 1684 638 1724 a.
665 1674 717 1737 8,
752 1670 806 1740 d,
836 1675 920 1740 15,
948 1675 1113 1741 patre
1142 1672 1309 1727 Justo
1335 1671 1404 1727 de
1436 1672 1692 1728 Frisone.

77 1754 165 1812 Hic
179 1757 474 1813 constituit
493 1757 715 1813 clerum
731 1762 787 1815 et
807 1760 1169 1830 presbiteros
1187 1760 1460 1816 erudivit.
1474 1760 1691 1831 [BEDA]'

1803 596 2110 654 Wandalos
2142 597 2489 654 adhortante
2512 599 2799 655 Autonina
2825 613 3006 654 uxore
3040 615 3140 656 sua
3161 596 3442 656 Christia-

1803 686 2499 752 na,votumvovitDeose
2520 688 2776 743 futurum
2795 685 3185 743 Christianum
3228 686 3273 743 si
3312 700 3441 757 pos-

1807 778 1896 828 set
1930 774 2243 830 Wandalos
2278 774 2855 846 superare.Wandali
2893 775 3232 846 superlitus
3264 774 3441 831 maris

1801 867 1995 917 castra
2014 864 2322 931 metantur,
2343 862 2885 918 Belsariusecontra
2930 862 3194 919 terrestri
3241 861 3442 933 prmlio

1803 950 2161 1005 etAntonina
2188 950 2375 1006 navali
2395 951 2707 1021 procedere
2722 954 2945 1022 parant.
2966 950 3228 1021 Cumjam
3262 962 3442 1022 prope

1804 1038 2134 1093 conﬂictum
2166 1045 2383 1108 essent,
2411 1040 2694 1094 Antonina
2726 1055 2855 1095 eum
2878 1039 2999 1095 suis
3052 1052 3441 1109 egressa,om-

1806 1126 2195 1182 nesmulieres
2229 1132 2285 1186 et
2318 1129 2536 1183 liberos
2585 1128 2992 1184 Wandalorum
3052 1128 3291 1197 delevit,
3339 1141 3443 1182 nec

1807 1216 2101 1272 animalex
2124 1216 2238 1273 illis
2260 1218 2454 1273 vivere
2489 1218 2772 1287 permisit.
2800 1216 2961 1283 Quod
2994 1215 3437 1272 ubiChildemer

1808 1303 2046 1371 audivit,
2073 1310 2395 1360 retrorsum
2412 1304 2481 1361 ad
2498 1309 2687 1361 castra
2708 1304 2959 1370 rediens,
2978 1304 3278 1359 destructa
3298 1303 3435 1375 pha-

1808 1390 1971 1459 langa
1992 1392 2174 1462 praelii
2201 1408 2229 1448 a
2266 1393 2522 1449 Belsario
2546 1397 2601 1447 et
2631 1393 2937 1462 Antonina,
2985 1397 3142 1447 terra
3181 1391 3440 1461 marique

1809 1479 2620 1537 vallatuscumsuisomnibus
2661 1482 2728 1536 ad
2774 1480 3229 1536 internecionem
3268 1494 3440 1536 cesus

1808 1568 2283 1637 est.Quifugiens
2307 1570 2758 1624 eumduadecim
2792 1574 3018 1625 tantum
3053 1567 3350 1623 Wandalis
3384 1567 3439 1622 in

1808 1660 2154 1711 castrotuto
2181 1672 2239 1711 se
2266 1658 2506 1727 recepit,
2546 1658 2956 1713 ubicoartatus
2974 1659 3209 1728 petebat
3251 1656 3441 1711 Belsa-

1810 1746 1977 1807 rium,
2014 1746 2833 1816 neligatumemnimperatori
2878 1749 3285 1817 praesentaret.
3317 1743 3443 1810 Quo

78 1845 203 1899 post,
225 1844 371 1902 hunc
400 1845 948 1917 Johannes'l‘uscus’
978 1851 1144 1919 patro
1159 1849 1523 1917 Constantio,
1562 1865 1612 1904 ει,
1640 1854 1691 1919 2,
1726 1853 1777 1915 Β
1810 1834 2171 1905 promittenti
2191 1850 2295 1889 non
2324 1849 2527 1889 secum
2547 1835 2718 1901 ferro,
2740 1850 2847 1889 non
2877 1835 3028 1903 ligno
3046 1849 3156 1889 non
3172 1832 3445 1901 corrigia,

80 1946 143 1985 m.
173 1937 220 2001 8,
254 1949 302 2003 p.
340 1936 425 1989 15.
453 1934 559 1988 Hic
585 1936 1145 2007 Constantinopolim
1178 1938 1418 1993 veniens
1463 1937 1532 1993 ad
1570 1954 1697 2008 por-

79 2024 318 2092 tamqum
340 2025 590 2077 vocatur
612 2024 817 2093 Aurea,
856 2024 909 2078 in
943 2030 1263 2095 conspectu
1295 2025 1549 2080 omnium
1608 2042 1701 2090 ro-

79 2107 221 2174 ganti
249 2123 402 2165 caeco
434 2109 633 2165 lumen
660 2110 935 2165 reddidit.
973 2109 1177 2181 (Gesta
1195 2128 1260 2183 12.
1296 2112 1391 2180 Β.)
1429 2112 1535 2178 Qui
1568 2128 1697 2168 cum

80 2194 305 2252 redisset
336 2201 395 2253 et
429 2198 758 2253 Ravennam
783 2198 1059 2268 venisset,
1108 2200 1502 2256 Theodericus
1558 2215 1688 2257 eum

81 2296 194 2339 cum
212 2285 528 2342 comitibus
553 2287 1137 2343 carcerisaﬂiictione
1174 2289 1440 2358 peremit,
1487 2288 1699 2344 invidia

82 2370 273 2428 ductus
293 2374 447 2444 quod
479 2374 792 2431 catholicae
819 2375 1053 2446 pietatis
1096 2376 1369 2432 defensor
1434 2377 1701 2433 Justinus

84 2460 377 2519 honorifice
399 2479 538 2519 cum
576 2465 935 2536 suscepisset
966 2484 979 2532 ;
1020 2481 1134 2536 quo
1157 2467 1330 2521 ctiam
1372 2481 1520 2522 anno
1550 2467 1705 2536 Sym-

86 2550 322 2606 machum
353 2554 414 2607 et
440 2552 709 2608 Boetium
736 2553 1010 2623 patritios
1041 2554 1356 2623 occiderat,
1401 2554 1597 2625 etipsc
1636 2558 1703 2609 99

87 2641 203 2705 post
234 2637 336 2695 hoc
362 2639 593 2697 facinus
623 2639 716 2696 die
741 2646 926 2696 morte
990 2642 1183 2697 subita
1222 2643 1489 2712 sequenti
1534 2643 1703 2713 periit

88 2736 236 2781 anno.
254 2725 470 2799 [Bene].
498 2728 771 2799 EpiscOpi
790 2729 860 2784 de
881 2728 1076 2799 exilio,
1099 2744 1211 2800 quo
1225 2745 1329 2800 per
1352 2730 1621 2785 Aﬂ‘ricam
1648 2735 1703 2786 et

90 2812 382 2870 Sardiniam
417 2816 798 2886 tenebantur,
834 2822 1212 2873 revertuntur
1261 2822 1391 2889 post
1420 2833 1600 2874 annos
1639 2821 1709 2875 74

91 2898 336 2959 heretica;
368 2903 819 2974 profanationis.
849 2904 1037 2976 [Ano].
1066 2905 1332 2961 Julianus
1365 2905 1708 2962 Viennensis

92 2987 333 3048 ecclesiae
364 2993 685 3063 episcopus
712 2991 941 3048 claruit.
967 2993 1148 3065 [1310.]
1176 2994 1502 3050 Childricus
1533 2995 1705 3065 enim,

95 3075 178 3145 qui
205 3082 261 3133 et
288 3078 500 3149 lldiris,
538 3080 810 3137 Honorici
845 3080 1001 3137 filius
1029 3097 1100 3137 ex
1139 3082 1431 3138 Eudochia
1479 3083 1709 3153 captiva

1810 1938 1920 1978 non
1946 1938 2045 1978 ere
2070 1923 2383 1991 ligaudum,
2435 1921 2815 1976 Childcmeris
2858 1938 2919 1977 se
2955 1922 3232 1977 reddidit.
3261 1922 3442 1988 Quem

1812 2011 2104 2066 Belsarius
2132 2016 2337 2065 catena
2378 2014 2649 2079 argentea
2693 2010 3068 2078 constrinxit,
3139 2008 3445 2077 sociosque

1812 2098 2275 2168 ejusinterfecit,
2302 2098 2605 2168 ipsumque
2649 2097 2969 2153 Justiniano
3020 2096 3446 2167 praesentavit;

1815 2200 1980 2255 quem
2008 2185 2106 2239 ille
2158 2186 2211 2241 in
2249 2185 2462 2255 palatio
2479 2200 2585 2240 suo
2604 2185 2869 2240 habitare
2894 2183 3096 2253 jussit,
3131 2182 3231 2238 sed
3257 2181 3447 2252 sputis

1814 2278 1870 2329 et
1895 2274 2228 2344 opprobriis
2244 2275 2519 2342 gravibus
2533 2269 3447 2344 obprimebat.Petensqueimpe-

1816 2368 2069 2416 ratorem
2085 2362 2166 2416 ait
2191 2381 2202 2416 :
2230 2362 2613 2417 Habitatores
2625 2375 2706 2431 pa
2718 2361 2855 2415 [atii
2878 2358 3170 2429 taispatis
3184 2358 3241 2413 et
3255 2356 3451 2426 obpro-

1818 2448 1967 2506 briis
1986 2451 2208 2520 oppri»:
2218 2451 2324 2505 aa!
2332 2464 2447 2516 me;
2458 2464 2704 2520 quorum
2721 2462 2822 2518 ego
2834 2449 2890 2504 si
2891 2449 2928 2518 j
2930 2447 3003 2501 ab
3011 2459 3135 2502 eres
3147 2445 3454 2501 duodecim

1816 2537 1874 2592 et
1891 2551 2651 2608 egozmascamequoqaem
2692 2535 2879 2592 kabai
2917 2535 3055 2590 ante
3089 2534 3455 2603 conspectam

1810 2640 1850 2696 θ
1861 2626 2023 2681 lci-ite
2048 2626 2161 2681 ttae
2174 2627 2397 2681 armati
2410 2626 2741 2681 accederem
2750 2638 2814 2680 as
2827 2624 2909 2679 art
2921 2623 3205 2693 praelium
3217 2634 3452 2692 cognos-

1818 2726 1975 2769 ceres
1989 2714 2172 2769 cuiae
2200 2714 2367 2769 nobis
2404 2713 2696 2768 caliditas
2728 2713 2815 2768 sit
2844 2711 2954 2767 aat
2990 2711 3259 2781 ignavia.
3286 2709 3451 2775 Quod

1818 2802 2323 2857 cumJusiiuianus
2358 2801 2659 2856 duodecim
2685 2800 2968 2855 militibus
3012 2798 3307 2869 jussisset,
3357 2796 3453 2851 ille

1822 2888 1955 2943 dum
1971 2903 2069 2943 eos
2082 2890 2422 2958 aggreditur
2437 2891 2624 2958 fugam
2644 2888 3096 2958 lingens,omnes
3116 2884 3453 2954 singulatim

1823 2978 2601 3049 interfecit.[lsm].Posthac
2648 2978 2815 3047 jussu
2856 2973 3230 3046 imperatoris
3276 2987 3456 3028 cunu-

1823 3068 1966 3121 chus
1990 3068 2192 3135 factus,
2214 3067 2266 3121 in
2285 3067 2619 3137 provincias
2636 3066 2855 3122 vicinas
2872 3068 3078 3120 contra
3095 3064 3305 3118 Persas
3361 3076 3457 3132 pa-

92 3163 454 3261 Yalentiniani
480 3167 602 3223 filia
622 3172 811 3238 ortus,
840 3172 970 3240 post
994 3171 1445 3226 Trasamundum
1473 3149 1700 3226 Wanda-

1908 3155 2616 3225 ciusordinatur,et“‘sic
2640 3170 2878 3225 regnum
2906 3151 3316 3209 Wandalorum
3334 3149 3456 3204 fini-

1970 3249 2067 3261 -..
2182 3245 2301 3261 ,
2366 3260 2405 3261 ,,
2461 3245 2501 3261 μ
2536 3244 2647 3261 _
2720 3240 3244 3261 ..,_._..,-_A_,-_
3280 3244 3348 3261 η..
3398 3241 3448 3261 Α.

95 3250 263 3309 lorum
294 3270 541 3325 regnum
560 3256 835 3312 obtinuit.
872 3258 973 3314 [lic
1026 3273 1131 3328 pro
1182 3273 1466 3314 sacramet
1487 3261 1552 3317 to
1598 3274 1710 3329 quo

90 3347 204 3396 erat
232 3343 536 3413 astrictus,
572 3349 635 3400 ut
655 3359 824 3414 quam
857 3345 953 3401 diu
976 3360 1212 3415 regnum
1230 3350 1457 3402 teneret
1489 3348 1713 3419 episco-

94 3443 186 3497 pos
204 3432 271 3487 ab
302 3432 480 3488 exilio
518 3447 590 3488 ne
612 3438 941 3498 revocaret,
968 3437 1277 3504 antequam
1305 3450 1543 3504 regnum
1564 3436 1711 3491 acci-

46 3510 256 3584 ‘peret.
308 3519 639 3576 catholicos
698 3521 1039 3578 sacerdotes
1090 3537 1239 3592 quos
1282 3522 1711 3579 Trasamundus

93 3603 514 3676 dampnaverat,
541 3610 614 3664 ab
640 3608 816 3665 exilio
877 3611 1191 3666 revocavit.
1244 3611 1421 3676 Quem
1475 3611 1710 3666 Gilimcr

92 3699 298 3765 sumpta
333 3696 631 3753 tirannide
652 3712 829 3768 regno
846 3698 1117 3769 privavit,
1141 3699 1237 3769 qui
1258 3703 1315 3753 et
1349 3698 1712 3755 Childericus

95 3778 269 3839 dictus
289 3789 377 3841 est
409 3789 469 3840 et
487 3800 731 3854 regnum
765 3786 1038 3856 eptinuit.
1096 3788 1388 3859 [Fasces]
1449 3788 1716 3844 Justinus

98 3880 195 3923 non
226 3871 400 3928 multo
431 3876 568 3945 post
596 3872 808 3929 bellum
839 3874 895 3929 in
918 3876 1131 3930 Persas
1154 3890 1411 3943 movens,
1439 3891 1568 3931 cum
1595 3875 1717 3931 Cal-

96 3956 349 4015 cedonem
366 3962 815 4032 pertransisset,
834 3964 1035 4018 morbo
1060 3964 1252 4034 periit,
1279 3970 1338 4019 et
1359 3964 1719 4019 Justinianus

99 4043 144 4097 in
170 4060 391 4117 regnum
422 4048 715 4105 elevatur.
743 4049 852 4115 Qui
882 4066 1011 4106 cum
1038 4065 1231 4120 regem
1275 4052 1582 4107 Persarum
1622 4067 1721 4123 op-

101 4146 339 4201 pressum
370 4137 634 4193 vinctum
664 4138 1249 4206 teneret,honorifice
1292 4139 1495 4193 eumin
1528 4139 1723 4195 (33th:,-

102 4218 194 4276 dra
216 4224 413 4281 sedere
431 4225 619 4295 jussit
643 4239 911 4295 quaerens
932 4227 1004 4281 ab
1026 4240 1093 4281 eo
1154 4227 1429 4282 civitates
1487 4231 1542 4282 et
1595 4243 1724 4298 pro-

100 4307 299 4367 vincias
318 4311 693 4384 reipublicae.
736 4314 992 4383 Cumque
1014 4312 1111 4368 ille
1134 4314 1361 4369 diceret
1377 4332 1387 4366 :
1406 4315 1536 4370 Non
1549 4313 1717 4384 dabo,

101 4400 151 4447 et
176 4398 534 4456 Justinianus
555 4404 796 4463 econtra
828 4401 1007 4455 verbo
1030 4401 1252 4457 rustico
1288 4403 1671 4472 responderet
1705 4422 1717 4457 :

104 4482 331 4555 Dearas,
355 4489 430 4543 ob
456 4486 685 4543 hocillo
711 4487 767 4543 in
793 4486 1141 4544 lococivitas
1157 4488 1392 4545 fundata
1412 4504 1613 4545 nomen
1630 4505 1721 4546 ac-

101 4572 238 4641 cepit
254 4548 491 4632 Denras.
509 4576 785 4646 Receptis
800 4589 941 4645 ergo
958 4576 1273 4646 provinciis
1290 4580 1351 4632 et
1382 4578 1723 4637 civitatibus
1752 4548 1802 4607 Β

104 4656 365 4731 plurimis,
400 4663 672 4736 permisit
693 4663 894 4720 eumin
925 4665 1133 4719 Persas
1166 4679 1404 4734 regnum
1436 4666 1720 4737 recipere,

104 4750 293 4805 etcum
309 4766 519 4821 magno
534 4750 833 4822 triumpho
849 4765 1119 4807 reversus
1133 4756 1221 4807 est
1243 4754 1357 4806 Con
1367 4753 1620 4808 stantino
1628 4770 1726 4825 po-

107 4830 211 4891 lim.
243 4839 345 4905 Qui
378 4854 513 4896 cum
542 4840 713 4895 unico
745 4854 939 4895 amore
962 4838 1234 4909 diligeret
1269 4839 1610 4909 Belsarium,
1645 4842 1729 4897 in-

109 4922 429 4982 stituiteum
452 4926 764 4998 patricium
790 4927 843 4981 in
870 4925 987 4983 illis
1010 4927 1278 4998 partibus
1297 4926 1522 4983 Alfricae
1555 4943 1725 4998 quzea

109 5008 383 5070 Wandalis
414 5029 527 5070 non
565 5014 754 5071 fuerat
785 5015 1356 5086 occupata.Senatus
1394 5018 1584 5070 autem
1601 5017 1728 5072 zelo

107 5098 302 5156 ductus
317 5102 616 5172 suggessit
631 5101 703 5158 de
721 5116 789 5158 eo
804 5102 1140 5174 imperatori
1166 5102 1320 5173 quod
1344 5101 1726 5171 dejectionem

106 5182 221 5250 ejus
249 5189 656 5258 meditaretur,
691 5193 753 5245 ut
774 5190 898 5260 ipse
930 5191 979 5244 ir.
1000 5204 1241 5260 regnum
1275 5188 1724 5261 sublimaretur,

106 5277 156 5325 et
170 5276 239 5330 ob
253 5276 307 5332 id
325 5277 517 5334 zelum
536 5279 758 5334 ducens
772 5279 1055 5335 adversus
1076 5278 1725 5348 Belsarium,jubeteum

110 5360 404 5422 Waudalos
434 5380 793 5437 expugnare,
829 5381 860 5422 a
893 5368 1105 5437 quibus
1142 5365 1341 5423 multae
1370 5365 1616 5423 militum
1651 5367 1729 5424 le-

1824 3249 1940 3299 tum
1957 3249 2199 3300 estanno
2224 3244 2605 3312 ingrcssionis
2627 3259 2827 3299 eorum
2846 3244 2900 3298 in
2918 3240 3248 3313 lliSpaniam
3280 3244 3369 3304 97,
3394 3241 3454 3293 et

1826 3337 2112 3388 manserat
2146 3348 2194 3387 a.
2222 3337 2340 3388 113.
2367 3331 2583 3403 [Fuso]
2601 3333 2848 3387 Senatus
2902 3331 3113 3386 iterum
3130 3327 3453 3384 Belsarium

1819 3420 2146 3476 Justiniano
2174 3420 2804 3485 facitodiosum.Quam
2846 3421 2920 3474 ob
2967 3433 3086 3473 rem
3128 3418 3199 3473 ab
3231 3415 3454 3470 honore

1824 3507 2520 3579 patriciatusdeponitur.
2557 3508 2767 3562 lterum
2808 3506 3092 3575 quendam
3128 3504 3455 3559 Florianum

1823 3596 1878 3652 in
1904 3597 2207 3667 imperium
2223 3597 2429 3652 nititur
2462 3596 2779 3651 sublimare
2795 3602 2852 3651 et
2876 3594 3264 3651 Iustinianum
3316 3589 3457 3659 deji-

1824 3686 2091 3753 cere,Qui
2112 3690 2316 3755 petens
2344 3684 2660 3740 Belsarium
2687 3689 2746 3739 ut
2766 3699 2828 3739 se
2859 3684 3185 3753 adiuvaret,
3210 3679 3456 3735 nuncios

1826 3774 1984 3830 misit
2016 3773 2327 3828 adeum.Et
2377 3773 2474 3828 ille
2492 3773 2715 3841 fingens
2751 3787 2809 3827 se
2850 3770 3175 3826 Florianum
3208 3768 3459 3823 adorare

1829 3862 2081 3919 vallatus
2116 3860 2312 3931 pueris
2345 3861 2467 3916 suis
2493 3859 2818 3915 Florianum
2852 3858 3045 3927 gladio
3073 3856 3363 3927 percussit
3402 3858 3459 3909 et

1827 3947 2309 4007 omnesinimicos
2333 3962 2471 4003 suos
2489 3946 2768 4016 quierant
2790 3961 2919 4002 cum
2962 3960 3051 4013 eo,
3070 3958 3461 4012 coronamque

1830 4039 2101 4094 auferens
2122 4050 2148 4090 a
2165 4034 2357 4104 capite
2384 4034 2629 4090 Floriani
2648 4030 3460 4104 imposuitcapitiJustiniani,

1830 4125 2082 4181 reddens
2097 4123 2149 4179 ei
2169 4123 2326 4179 basia
2354 4137 2456 4193 per
2472 4137 2673 4178 manus
2704 4121 2944 4193 [Fusa].

1903 4217 1965 4270 A.
1995 4218 2116 4269 525.
2140 4211 2500 4267 Justinianus
2520 4207 3057 4282 imperatorJustini
3083 4206 3319 4278 majoris
3370 4221 3467 4262 ne-

1833 4301 2219 4374 posregnavit
2251 4314 2299 4355 a.
2337 4304 2420 4355 37.
2441 4299 2565 4365 Quo
2580 4299 2855 4355 defuncto
2882 4300 2937 4354 in
2969 4294 3352 4354 Constantino
3370 4309 3466 4366 po-

1833 4392 1929 4447 lim
1959 4388 2661 4445 Justinusa.t563amhivi.
2699 4388 3024 4459 imperium,
3076 4385 3165 4442 vir
3228 4384 3465 4454 iniquus

1832 4487 1891 4538 et
1920 4479 2188 4551 cupidus.

1908 4577 2116 4649 [Ano.].
2150 4577 2428 4646 Tempore
2442 4573 2510 4608 ¹⁷⁵
2533 4572 3159 4643 JustiniPantagathus
3182 4571 3466 4626 Viennen-

1835 4667 1920 4723 sis
1951 4664 2208 4735 quinque
2238 4662 2425 4732 annis,
2452 4662 2545 4718 cui
2577 4663 2858 4719 successit
2910 4659 3198 4715 Ysielnus.
3231 4660 3473 4728 Tempo-

1814 4756 1901 4810 re
1931 4751 1998 4786 ¹⁷⁶
2025 4749 2335 4807 Justiniani
2368 4749 2738 4821 imperatoris
2761 4747 3074 4804 Domninus
3123 4746 3469 4802 Viennensis

1837 4841 2154 4912 episcopus
2180 4837 2396 4892 ﬂoruit.

1913 4925 2228 4999 [Fumea].
2260 4923 2611 4980 Teodericus
2635 4922 2814 4990 igitur
2845 4923 3161 4979 Gothorum
3212 4935 3334 4989 rex,
3398 4919 3468 4975 de

1842 5030 1956 5087 quo
1980 5028 2154 5083 supra
2190 5011 2516 5079 retulimus,
2544 5025 2671 5067 cum
2696 5006 2958 5079 tempore
2983 5009 3189 5066 Leonis
3229 5009 3473 5081 impera-

1841 5099 2300 5159 torisrenuisset
2317 5099 2517 5154 subire
2540 5096 2817 5152 ditionem
2834 5095 3080 5166 imperii,
3113 5097 3356 5166 triginta
3380 5111 3475 5152 an-

1840 5190 1932 5246 nis
1961 5204 2090 5245 cum
2122 5201 2323 5255 magna
2358 5186 2639 5243 felicitate
2663 5183 2945 5254 regnavit.
2989 5185 3246 5240 Fuerunt
3273 5198 3475 5240 omnes

1841 5278 1973 5336 anni
1999 5273 2481 5348 quibusregnavit
2501 5273 2552 5327 in
2578 5272 2740 5327 Italia
2768 5269 3003 5341 323nm,
3038 5285 3066 5325 a
3098 5271 3310 5328 finibus
3334 5271 3477 5325 Pan-

1840 5365 2026 5423 noniae
2058 5375 2244 5430 usque
2266 5360 2337 5415 ad
2361 5358 2659 5415 Rodanum
2676 5359 2934 5428 ﬂuvium,
2959 5374 2989 5414 a
3036 5360 3289 5429 Tyrreno
3328 5358 3474 5415 mari

1438 5471 1675 5526 VARIAE
1719 5468 2113 5526 LECTIONES.

1438 5472 1675 5528 νΑΒΙιΕ

164 5561 225 5596 ¹τ³
239 5566 356 5623 Hic
372 5567 658 5639 caedam
679 5566 939 5627 discerni
1004 5566 1320 5639 nequeant.
1394 5566 1461 5601 1'“
1492 5570 1553 5624 et
1582 5574 1684 5625 113

1908 5472 1911 5526 ζ
2015 5472 2113 5524 ES.

1908 5472 2067 5639 Si"
2090 5566 2371 5632 Tempore
2401 5590 2470 5599 ——
2501 5557 2774 5616 Ysielnus
2830 5560 2899 5617 in
2949 5573 3141 5632 mam.
3193 5558 3260 5591 ιτα
3316 5561 3486 5615 Tam-

108 5646 235 5702 pore
261 5667 331 5677 —
361 5637 645 5695 ﬂoruitia
660 5652 853 5711 meum,
