3898 6334
373 346 449 410 95

1319 340 1692 410 HUGONIS
1734 331 2091 405 ABBATIS
2133 326 2809 397 FLAVINIACENSIS

3713 321 3792 379 96

378 497 563 559 usque
585 484 656 544 ad
679 481 856 558 Alpes
881 483 1171 544 Penninas
1229 488 1287 541 et
1339 484 1578 541 Yseram
1630 480 1887 539 ﬂuvium.
1945 479 2014 535 ﬁt
2041 459 2096 521 Α
2131 485 2242 558 qui
2245 485 2758 558 facenteDomino
2777 481 2968 542 tribus
2987 481 3123 552 jam
3148 475 3397 535 emensis
3425 469 3791 545 temporibus

379 589 528 633 anno
560 575 720 646 regni
753 575 842 632 sui
877 574 1178 632 basilicam
1201 573 1612 632 sanctiluliani
1658 571 1905 628 Brivatas
1920 583 2012 624 co-

379 661 593 721 lumnis
607 663 868 720 miriﬁcis
893 667 1154 720 ornatam
1178 663 1495 720 exstruxit.
1514 662 1795 718 Civitates
1817 671 2016 715 omnes

381 765 527 821 quas
541 751 780 820 regebat
797 751 867 806 mi
878 767 942 808 ro
957 765 1132 822 opere
1149 757 1482 807 restaurare
1496 755 1552 806 et
1571 749 1794 806 munire
1821 745 2019 803 soller-

382 838 606 895 tissime
632 839 786 895 fecit.
821 839 1107 896 Palatium
1125 838 1656 910 splendidissimum
1677 836 1862 908 Papias
1891 849 2018 906 quas

381 927 639 983 Ticinum
653 929 1118 998 cognominatur,
1147 929 1431 983 Ravenna:
1457 940 1686 996 quoque
1699 929 1758 980 et
1779 926 2020 979 Verona:

389 1015 676 1072 fabricare
701 1015 900 1084 jussit.
921 1015 1096 1086 Cujus
1127 1015 1298 1070 tiliam
1335 1013 1741 1084 Sigismundus
1765 1014 2022 1081 Burgun-

392 1102 626 1159 dionum
661 1119 764 1160 rex
779 1104 978 1159 habuit
1015 1104 1431 1160 uxorcm.Post
1461 1100 1527 1134 “7
1561 1116 1726 1172 quem
1759 1098 2018 1170 suscepit

386 1205 624 1260 regnum
659 1191 1028 1248 Athalaricus
1052 1191 1206 1248 filius
1233 1190 1362 1246 tilia:
1377 1191 1504 1262 ejus
1533 1194 1590 1246 et
1623 1188 2020 1245 eiTheodatus

390 1279 621 1350 μοικαὶ.
648 1279 770 1345 Quo
803 1279 1054 1350 dejecto,
1079 1280 1302 1349 Vitigcs
1336 1294 1434 1334 rex
1475 1282 1730 1346 creatur,
1775 1281 1833 1332 et
1886 1275 2021 1330 hica

385 1367 716 1424 Justiniano
740 1384 843 1440 per
857 1370 1170 1426 Belsarium
1192 1371 1388 1426 victus
1411 1368 1779 1440 opprimitur,
1798 1369 1858 1421 et
1883 1368 2024 1422 Con-

392 1455 853 1527 stantinopulum
874 1458 1088 1513 ductus
1104 1457 1388 1528 patricius
1403 1463 1657 1512 creatur.
1677 1455 1764 1510 Sic
1782 1467 2022 1522 regnum

392 1543 733 1600 Gotthorum
751 1550 879 1616 post
909 1560 958 1601 a.
977 1550 1116 1602 9300
1138 1547 1525 1601 Romanorum
1547 1544 1730 1599 cessit
1759 1541 2020 1612 imperio.

463 1633 698 1688 Amator
728 1632 1113 1706 178episcopus
1138 1633 1792 1704 Silveriopapze(Msusr,
1847 1646 1904 1685 Ix
1937 1630 2020 1700 7):

390 1723 436 1776 Α
459 1720 834 1791 quibusdam,
853 1724 1039 1780 Pater
1059 1723 1464 1791 dilectissime,
1502 1721 1843 1777 audivimus
1880 1733 2026 1776 casa

2135 576 2508 649 eipreesideo,
2527 577 2778 647 tempore
2796 587 2915 627 meo
2943 569 3158 626 niteris
3190 562 3573 624 incadadere.
3607 559 3793 618 Habe

2137 664 2532 737 ergocu-mbis
2553 665 2662 736 qui
2685 663 2872 719 tecum
2901 658 3076 716 erunt
3099 657 3304 727 pteenee
3333 649 3792 724 dampnationis

2127 750 2928 822 sententiam,sublatumque
2942 746 3053 804 tibi
3064 759 3269 802 nomen
3281 743 3338 799 et
3345 754 3563 799 munus
3575 739 3795 796 minis-

2131 841 2270 898 terii
2281 839 2676 898 sacerdotalis
2689 853 2764 909 aq
2773 849 2960 904 nosce,
2985 832 3258 906 Spiritus
3271 827 3725 901 sanctijudicio
3738 826 3799 883 et

2131 929 2457 1000 apostolica
2469 925 2874 984 anathematis
2896 921 3254 980 auctoritate
3267 917 3655 989 dampnatus.
3680 917 3796 974 Sic

2133 1019 2295 1074 enim
2323 1019 2488 1075 decet
2501 1017 2688 1090 fdem
2717 1013 3058 1073 sanctorum
3105 1010 3360 1066 Patrum
3399 1006 3470 1063 in
3510 1005 3792 1072 ecclesia,

2129 1121 2370 1164 servare
2406 1106 2722 1175 catholica,
2771 1104 2842 1159 ut
2885 1100 3045 1173 quod
3090 1097 3310 1156 habuit
3363 1095 3630 1163 amittat,
3681 1095 3797 1166 qui

2132 1195 2384 1267 inproba
2413 1194 2744 1251 temeritate
2773 1191 2932 1262 quod
2959 1203 3074 1246 non
3102 1186 3332 1258 accepit
3359 1182 3787 1255 assumpserit.

2207 1284 2308 1347 (Η.
2331 1280 2914 1351 Misc.)Justinianus
2947 1283 2976 1333 3
3009 1275 3233 1348 imperii
3259 1289 3410 1330 anno
3446 1271 3789 1344 promulga-

2111 1373 2240 1442 -vit,
2273 1387 2341 1428 ne
2377 1371 2695 1426 militarent
2727 1369 2838 1424 nisi
2859 1365 3132 1423 catholici
3169 1362 3295 1433 soli,
3333 1363 3476 1418 dans
3503 1359 3795 1417 hereticis

2137 1460 2404 1516 inducias
2428 1459 2539 1514 nisi
2555 1473 2683 1515 sese
2699 1457 3013 1512 movissent
3031 1453 3102 1509 ad
3126 1450 3592 1509 conversionem.
3613 1451 3794 1505 Hunc

2137 1549 2278 1605 adiit
2306 1547 2589 1620 Agapitus
2624 1561 2766 1617 papa
2799 1560 2904 1616 pro
2937 1541 3284 1614 quibusdam
3310 1542 3652 1608 rogaturus,
3685 1537 3793 1594 sed

2138 1638 2402 1694 sentiens
2443 1652 2572 1693 eum
2591 1635 2952 1692 Euthicetam
2975 1633 3210 1700 factum,
3237 1644 3371 1686 cum
3397 1643 3531 1684 cum
3571 1641 3792 1697 argue-

2141 1731 2250 1796 ret,
2277 1729 2334 1783 et
2370 1725 2467 1782 ille
2482 1739 2688 1794 graves
2703 1724 2754 1780 ei
2772 1723 2954 1778 minas
2973 1721 3312 1786 intentaret,
3335 1716 3416 1772 ait
3440 1730 3589 1787 papa
3617 1717 3794 1788 :qu

385 1809 727 1866 sedesancti
740 1812 1149 1882 Petriinjuste
1150 1812 1397 1881 pulsum
1424 1810 1480 1866 et
1518 1810 1705 1866 exilio
1747 1808 2028 1878 dampna-
2057 1816 2111 1876 Β
2140 1816 2222 1874 ατί
2247 1815 2412 1873 Justi

2195 1816 2222 1871 i
2247 1815 2668 1873 Justinianum
2691 1808 3284 1869 Cbristianissimum
3322 1806 3525 1862 cenire
3554 1803 3800 1862 deside-

390 1895 531 1951 tum.
555 1898 720 1962 Quod
730 1899 912 1955 nimis
917 1899 1394 1970 qraceferentes,
1416 1899 1693 1955 misimus
1721 1895 1884 1952 nobis
1935 1912 2030 1952 ar-

386 1985 841 2053 qentilibraszo
855 1987 938 2044 ad
973 1987 1232 2044 vestram
1269 1988 1715 2057 uestrorumque
1740 1986 2032 2044 sustenta-

391 2072 632 2127 tionem.
653 2073 934 2130 Silverius
949 2090 1096 2146 papa
1114 2075 1374 2131 Amatori
1389 2075 1669 2146 episcopo
1687 2093 1698 2130 :
1718 2075 2035 2146 Omniapa-

391 2161 571 2217 tritia
585 2162 815 2218 rni/eiin
808 2163 975 2236 festa
993 2164 1142 2229 erat,
1164 2163 1323 2233 quod
1334 2177 1445 2218 non
1456 2162 1843 2220 restituebam
1863 2164 2036 2219 Ante-

394 2249 580 2304 miam
595 2251 816 2306 dudum
817 2266 902 2322 pa
911 2251 1242 2308 triarcbam
1287 2250 1744 2321 Constantinopo
1752 2251 1863 2308 lita
1873 2266 2031 2320 num,

388 2349 562 2406 quem
581 2339 1272 2409 Aqapituspreer’ecessor
1285 2352 1448 2394 meus
1470 2339 1705 2395 meritis
1718 2339 1844 2396 suis
1856 2339 2036 2394 dona-

395 2424 500 2480 rit.
529 2427 784 2496 Urgente
795 2427 974 2483 etiam
976 2428 1250 2498 jussione
1263 2427 1541 2482 exierunt
1553 2427 1719 2498 falsi
1734 2427 1923 2495 testes,
1947 2427 2036 2482 di-

393 2512 586 2570 centes
599 2513 911 2570 adversum
929 2528 1020 2570 me
1031 2514 1287 2570 crimina
1305 2527 1557 2583 quorum
1578 2527 2038 2584 nunquampar-

403 2598 713 2672 ticepsfui.
730 2601 856 2659 Sed
865 2602 1000 2656 dum
1012 2601 1189 2658 multi
1202 2600 1267 2657 in
1280 2601 1392 2658 illa
1423 2615 1636 2658 accusa
1645 2602 1802 2658 tione
1810 2602 2038 2674 persis-

401 2689 825 2758 terent,timuit
846 2691 1218 2747 Wilisiarius
1238 2689 1540 2760 patr-ilius
1554 2690 1765 2760 noster,
1803 2692 2032 2747 etman-

405 2777 578 2832 darit
627 2791 720 2833 me
757 2779 839 2834 ad
874 2792 937 2835 se
993 2779 1192 2834 uenire
1236 2779 1495 2850 paciﬁce
1535 2792 1646 2849 pro
1682 2778 2038 2849 quibusdam

391 2867 810 2924 ecclesiasticis
823 2867 1392 2938 dispositionibusin
1401 2867 1707 2937 palacium
1711 2869 2034 2938 principis,

398 2953 456 3006 et
465 2952 549 3008 ad
550 2954 821 3024 primum
835 2955 1214 3012 etsecundum
1227 2955 1418 3010 celum
1429 2954 1914 3010 retinuitomnem
1931 2955 2040 3011 cle-

392 3053 524 3094 rum
540 3041 885 3114 etpopulum
897 3044 1005 3113 qui
1022 3056 1250 3099 mecum
1269 3041 1623 3111 ceniebat,et
1649 3043 1886 3098 nullum
1909 3057 2041 3113 per-

2139 1905 2298 1971 raoi,
2332 1896 3210 1961 sedDiocletianuminceni.At
3246 1892 3343 1950 ille
3403 1892 3610 1949 videns
3655 1893 3795 1964 ejus

2145 1992 2538 2050 constantiam
2563 1990 2972 2045 inconcussam
2987 1981 3438 2050 etinadulatam,
3455 1980 3527 2037 ad
3543 1978 3800 2037 catholi-

2143 2096 2270 2137 eam
2290 2080 2457 2136 ﬁdem
2473 2094 2602 2135 cum
2619 2076 2819 2133 multis
2833 2087 3146 2145 regressus
3159 2072 3271 2126 est.
3294 2069 3627 2124 Anthimum
3645 2082 3798 2138 quo-

2145 2183 2256 2240 que
2288 2168 2462 2238 regiae
2487 2165 2652 2223 urbis
2665 2165 2900 2236 episcop
2913 2178 3001 2218 um
3020 2160 3277 2232 praefatae
3299 2158 3574 2214 hereseos
3588 2155 3798 2212 delen-

2147 2271 2336 2314 sorem
2371 2255 2603 2328 publice
2636 2250 3034 2310 communione
3053 2247 3321 2320 privavit,
3343 2250 3401 2302 et
3440 2259 3552 2301 non
3596 2244 3790 2300 multo

2148 2349 2296 2418 post‘
2317 2345 2371 2400 in
2407 2343 2766 2400 eademurbe
2781 2341 3096 2396 defunctus
3109 2341 3198 2392 est
3241 2334 3362 2403 ;cui
3379 2331 3798 2390 successitSil—

2147 2433 2366 2490 verius.
2387 2430 2704 2488 Belisarius
2720 2433 2851 2500 post
2869 2429 2975 2484 hec
3002 2423 3406 2494 Carthaginem
3451 2421 3630 2493 cepit,
3655 2435 3794 2477 cum

2146 2527 2214 2578 95
2237 2534 2420 2576 annos
2437 2517 2694 2574 Wandali
2713 2531 2836 2572 eam
2858 2514 3204 2580 tenuissent,
3221 2515 3277 2567 et
3294 2522 3464 2566 omne
3484 2506 3800 2564 Wandalo-

2150 2625 2274 2666 rum
2294 2623 2534 2677 regnum
2550 2610 2610 2663 et
2625 2605 2867 2676 stirpem
2883 2601 3120 2660 delevit.
3138 2598 3340 2672 (Gesta
3356 2613 3420 2670 p.
3449 2597 3662 2667 Rom).
3682 2596 3793 2651 Sil-

2148 2697 2347 2754 verius
2379 2696 2576 2766 itaque
2589 2709 2718 2750 eum
2738 2695 3050 2762 rogaretur
3070 2693 3130 2746 ut
3147 2687 3482 2744 Anthimum
3516 2685 3794 2742 restitue-

2150 2784 2494 2842 ret:noluit.
2530 2783 2614 2838 Ob
2646 2782 2805 2838 hoca
2848 2779 3130 2836 Belisario
3179 2775 3415 2832 nolente
3453 2777 3664 2845 captus
3718 2787 3792 2829 ex

2151 2869 3052 2946 praecepto'l‘heodorazaugustae
3086 2866 3140 2922 in
3169 2862 3376 2921 Pontia
3399 2860 3591 2918 insula
3648 2875 3794 2918 exu-

2152 2963 2278 3018 lans
2309 2961 2477 3018 obiit.

2221 3050 2458 3107 Nomina
2519 3047 2856 3118 pontiﬁcum
2909 3041 3374 3114 Lugdunensium
3425 3040 3496 3095 ab
3558 3039 3790 3096 inicio:

391 3128 564 3228 ait?“
584 3130 836 3228 ίηιζοίθξσ
864 3131 984 3228 ⁷ξί8ί
1006 3144 1098 3228 life
1123 3130 1313 3228 30.17"”
1343 3129 1727 3228 σξιξέθέῖἱωζι
1755 3131 2036 3228 ξιφονπιτη·
2071 3163 2122 3228 C
2152 3141 2436 3198 Photinus
2461 3139 2698 3208 martyr.
2735 3137 3035 3206 Hyreneus
3051 3135 3287 3201 martyr.
3319 3129 3648 3185 Zacharias.
3689 3129 3795 3183 He-

391 3215 624 3273 Μεσσνο
642 3220 697 3274 vi
709 3219 1064 3275 retentumet
1080 3219 1218 3274 ante
1231 3218 1582 3289 pradictam
1593 3219 1928 3289 patriciam
1950 3219 2043 3276 de-

398 3304 636 3362 ductum
676 3308 973 3364 miserunt
1014 3307 1298 3376 quomodo
1352 3307 1649 3363 sustentor
1699 3308 2036 3377 inexilium,

381 3407 547 3464 pane
559 3394 975 3452 tribulationis
987 3395 1130 3466 etaq
1141 3409 1227 3450 ua
1238 3395 1552 3465 angustiis.
1566 3395 2044 3467 Comitespropte-

397 3496 505 3540 rea
529 3483 675 3541 duos
697 3485 906 3542 dimisi
924 3483 1264 3541 necdimitto
1285 3483 1539 3553 oﬁcium
1559 3497 1768 3554 meum,
1790 3485 1896 3541 sed
1913 3499 2043 3542 cum

401 3574 692 3645 episcopis
721 3587 869 3643 quos
889 3585 1248 3643 congregare
1254 3571 1448 3642 potui,
1478 3585 1570 3628 eos
1592 3573 1700 3642 qui
1722 3573 1876 3630 talia
1898 3586 2043 3645 erga

395 3675 486 3718 me
497 3660 1282 3733 eqeruntanatliematiraci,
1299 3659 1364 3716 et
1377 3674 1498 3716 una
1511 3674 1643 3716 cum
1659 3661 1788 3718 illis
1817 3663 2042 3733 aposto—

399 3749 656 3807 licarum
683 3748 963 3820 synodali
992 3747 1350 3805 auctoritate
1385 3749 1598 3818 statui,
1639 3750 1876 3807 nullum
1915 3765 2042 3807 um-

399 3852 583 3910 quam
607 3836 1036 3907 decipiendum,
1060 3836 1222 3893 sicut
1237 3836 2040 3909 deceptussum,etsialiquis

400 3926 675 3998 deinceps
704 3925 896 3982 ull-um
926 3925 1325 3996 episcoporum
1355 3927 1445 3982 ita
1466 3925 1771 3998 deciperet,
1797 3927 2044 3984 anathe-

397 4013 959 4085 maranatlta/leret
974 4014 1039 4070 in
1058 4013 1364 4083 conspectu
1385 4013 1494 4070 Dei
1509 4014 1568 4070 et
1582 4015 1922 4072 sanctorum
1941 4028 2044 4071 an-

395 4101 684 4173 gelorum.
719 4101 998 4156 Silverius
1029 4099 1238 4170 Vigilio
1267 4120 1279 4155 :
1310 4101 1464 4166 Quia
1486 4103 1855 4172 contrajm'a
1876 4115 2046 4159 cano-

402 4192 540 4247 nica
553 4188 911 4261 temporibus
921 4191 1236 4262 Bonefacii
1245 4203 1364 4261 pap
1377 4205 1413 4245 ε
1433 4191 1558 4261 ipso
1575 4191 1804 4248 vivente
1829 4203 2047 4247 succes-

404 4293 504 4335 sor
526 4279 657 4348 ejus
683 4277 993 4349 desiqnari
1019 4277 1350 4350 conabaris,
1379 4279 1506 4336 nisi
1543 4278 1654 4336 tibi
1684 4278 2046 4350 amplissimi

404 4371 648 4422 senatus
670 4365 1252 4443 .obciassetjustitia,
1289 4367 1427 4424 tunc
1445 4366 1832 4438 providentia
1845 4365 2045 4436 pasto-

400 4455 528 4512 rali
547 4455 650 4511 tua
664 4453 1472 4526 debueranteaecrandajam
1492 4455 1654 4512 vicia
1665 4454 2036 4511 detruncari.

405 4543 532 4600 Sed
543 4543 681 4599 dum
689 4557 951 4615 parcum
987 4545 1204 4604 vulnus
1225 4545 1292 4602 in
1313 4545 1368 4600 te
1393 4543 1717 4613 neglectu/2n
1744 4542 1850 4612 est,
1879 4543 2043 4600 insa-

404 4633 635 4691 nabilis
665 4633 932 4692 adcrevit
957 4634 1314 4705 apostamia,
1344 4645 1477 4701 quae
1502 4631 1628 4687 nisi
1637 4631 1814 4703 ferro
1853 4631 2044 4690 altius

407 4720 774 4793 abscidatur,
785 4724 916 4794 fom
924 4724 1190 4780 entorum
1199 4735 1318 4776 non
1324 4719 1555 4789 poterit
1571 4719 1794 4776 sentire
1803 4721 2044 4779 medici-

408 4825 566 4868 nam.
599 4811 822 4882 Quippe
839 4809 1197 4882 nequissimi
1215 4806 1473 4878 spiritus
1491 4806 1753 4864 audacia
1773 4809 2046 4868 ambitio-

409 4900 507 4956 nis
513 4899 852 4971 frenesiam
870 4898 1206 4968 concipiens
1223 4895 1288 4950 in
1308 4893 1482 4952 illius
1501 4895 1813 4966 apostolici
1831 4899 2047 4958 medici

411 4989 509 5044 cui
522 4989 756 5046 animas
768 4985 1007 5058 ligandi
1017 4997 1080 5039 so
1087 4981 1400 5052 tuendique
1407 4982 1666 5052 potestas
1677 4997 1738 5040 co
1744 4999 1947 5044 ncessa
1959 4986 2052 5046 est

410 5077 642 5133 versari
653 5072 1087 5141 contumeliam,
1105 5084 1436 5141 novumque
1448 5071 1640 5128 scelus
1655 5073 1880 5132 erroris
1898 5075 1964 5131 ni
1969 5076 2046 5132 te-

410 5165 501 5221 ris
511 5179 724 5224 rursus
735 5161 1033 5231 inducere,
1060 5159 1120 5217 et
1142 5161 1210 5218 in
1236 5173 1455 5216 morem
1477 5161 1762 5232 Symonis
1791 5162 1964 5233 cuius
1993 5165 2048 5222 te

411 5252 775 5325 discipulum
801 5249 1082 5320 ostendis,
1107 5248 1253 5307 data
1268 5251 1530 5320 pecimia
1556 5264 1764 5322 meque
1786 5255 2041 5324 repulso,

2153 3229 2618 3288 liusl-‘austinus.
2644 3229 2848 3283 Verus.
2897 3222 3106 3280 Julius.
3169 3220 3498 3278 Tolomeus.
3551 3216 3790 3274 Vocius.

2153 3319 2449 3376 Maximus.
2472 3314 2830 3372 Tretradius.
2856 3309 3352 3376 Verissimus;hic
3375 3307 3642 3364 interfuit
3660 3305 3791 3360 Sar-

2153 3407 2366 3465 cicensi
2401 3403 2622 3477 synodo
2655 3406 2702 3458 4.
2732 3401 3019 3456 SanctusJ
3029 3403 3216 3455 ustus.
3243 3399 3493 3454 Sanctus
3518 3393 3784 3466 Alpinus,

2151 3495 2448 3552 Martinus.
2487 3493 2732 3547 Sanctus
2793 3487 3132 3544 Antiochus.
3185 3485 3468 3557 Elpidius.
3521 3483 3820 3539 Senator.‘

2154 3585 2399 3640 Sanctus
2422 3578 2759 3636 Eucherius.
2785 3575 3071 3632 Salonius.
3095 3575 3638 3630 SanetusVeranus.
3657 3571 3794 3627 San-

2154 3676 2288 3728 ctus
2315 3667 2844 3726 Paciens.Sanctus
2876 3662 3208 3734 Lupicinus,
3236 3666 3498 3732 tempore
3539 3659 3791 3715 Wanda-

2155 3759 2282 3816 licae
2314 3753 2806 3829 persequutionis.
2838 3751 3151 3808 Rustitius.
3197 3750 3544 3822 Stephanus.
3583 3747 3792 3804 Viven-

2154 3848 2294 3904 tius.
2320 3846 2568 3900 Sanctus
2592 3843 2802 3913 Lupus,
2828 3843 3093 3911 tempore
3116 3836 3466 3908 Sigismundi
3497 3838 3556 3892 et
3589 3833 3793 3894 Clodo-

2154 3935 2264 4003 vei,
2291 3933 2628 4003 Lyconcius.
2656 3932 2904 3986 Sanctus
2936 3927 3240 3996 Sacerdos,
3270 3930 3532 3996 tempore
3563 3923 3790 3983 Childe-

2157 4021 2330 4079 berti.
2355 4022 2602 4077 Sanetus
2623 4017 2902 4087 Nicetius,
2938 4022 3202 4087 tempore
3259 4011 3618 4070 Childeberti
3639 4013 3790 4084 ejus-

2156 4109 2304 4166 dem.
2341 4110 2586 4164 Sanctus
2608 4105 2883 4169 Priscus;
2918 4103 3011 4160 hic
3041 4107 3244 4159 auctor
3292 4099 3648 4171 synodorum
3695 4107 3782 4156 2t.

2155 4203 2224 4254 22
2254 4199 2312 4253 et
2342 4197 2410 4252 24
2430 4194 2647 4252 extitit.
2682 4194 2932 4249 Sanctus
2953 4190 3227 4247 Etherius
3253 4207 3268 4256 ;
3314 4188 3449 4245 huic
3491 4187 3787 4245 scribebat

2158 4287 2364 4342 beatus
2393 4297 2536 4356 papa
2560 4280 2894 4352 Gregorius.
2927 4277 3306 4335 Secundinus.
3344 4275 3791 4346 Arigius.'l‘etri-

2156 4389 2281 4431 cus.
2314 4371 2690 4428 Gandericus.
2726 4368 3047 4424 Viventius.
3081 4366 3329 4422 Sanctus
3379 4363 3791 4422 Aonemundus

2159 4461 2380 4518 martir.
2418 4460 2667 4515 Sanctus
2701 4455 2998 4512 Genesius.
3035 4457 3282 4511 Sanctus
3326 4451 3788 4518 Lamdebertus;

2160 4549 2332 4620 hujus
2356 4553 2620 4618 tempore
2632 4545 2774 4602 obiit
2791 4547 3032 4600 sanctus
3054 4541 3316 4598 Bonitius
3333 4545 3393 4596 et
3422 4539 3682 4610 Lugduni
3699 4544 3790 4596 est

2161 4636 2448 4708 sepultus,
2474 4635 2570 4706 qui
2603 4632 2898 4705 Clippiaco
2930 4631 2985 4686 in
3021 4629 3237 4702 palatio
3284 4627 3466 4696 regali
3527 4633 3790 4685 sanctum

2159 4725 2512 4782 Ansbertum
2541 4723 3026 4789 Rotomagensem
3041 4716 3406 4774 consecravit
3441 4716 3786 4772 antistitem.

2159 4809 2706 4868 Sanctustiudinus.
2744 4804 3202 4864 Fulcoaldusm.
3239 4803 3343 4860 Hic
3392 4807 3480 4860 est
3535 4802 3770 4860 Fulcoal

2161 4902 2270 4959 dus
2291 4899 2606 4972 episcopus
2621 4897 2717 4968 qui
2733 4909 2951 4968 corpus
2969 4893 3155 4952 sancti
3173 4891 3361 4949 Boniti
3377 4889 3792 4949 mo.Amvcrnen-

2161 4990 2322 5046 sibus
2341 4986 2619 5044 reddidit.
2655 4982 3068 5041 Madalbertus.
3112 4981 3252 5037 Ado.
3298 4978 3611 5050 Eldoynus.
3674 4979 3792 5036 Lei-

2159 5076 2651 5144 dradustempore
2665 5070 2855 5127 Karoli
2875 5069 3058 5140 Magni
3078 5086 3092 5135 ;
3109 5069 3201 5124 hic
3216 5065 3795 5138 restauravitLugdu-

2161 5177 2393 5222 nensem
2411 5160 2733 5220 aacclesiam
2757 5161 2885 5231 post
2903 5156 3369 5214 destructionem
3382 5153 3792 5212 Wandalorum

2163 5249 2504 5323 Agobardus
2533 5246 2800 5305 doctrina
2823 5243 3020 5302 clarus
3041 5246 3306 5315 tempore
3345 5241 3622 5299 Ludovici
3673 5243 3786 5299 Pii.

1765 5391 2003 5450 VARIE
2040 5388 2438 5450 LECTIONES.

483 5522 550 5595 "7
573 5522 804 5595 post—
833 5519 1086 5595 imperio
1107 5521 1175 5595 in
1191 5533 1388 5595 many.
1442 5518 1510 5554 1⁷⁸
1535 5521 1868 5595 gequentia
1897 5524 2098 5595 omnia
2123 5533 2315 5595 usque
2341 5473 2627 5592 adﬁnem
2649 5515 2914 5590 cataloqi
2928 5515 3287 5589 pontiﬁcum
3307 5511 3795 5586 Lugdunensium

418 5591 645 5666 infolio
670 5591 891 5649 assuto.
920 5588 933 5591 ⁷
966 5588 1033 5624 ¹τ⁹
1061 5590 1198 5648 fulc.
1233 5588 1504 5650 deletum.
1537 5588 1740 5650 mica;
1765 5593 1978 5654 deleta.
