3898 6340
134 336 196 410 61
1417 342 1924 417 CHRONICON.
1955 382 2036 400 -
2062 340 2219 418 LIB.
2252 348 2301 417 Ῑ.
3479 360 3559 423 98

144 484 339 557 Amolo,
364 485 858 564 cujustempore,
876 496 937 547 ut
955 486 1104 548 idem
1124 483 1249 562 ipse
1271 493 1543 557 testatur,
1569 494 1626 544 et
1644 485 1794 559 Egil-
1821 485 1878 549 A
1907 497 2085 542 mare.
2120 484 2285 554 Quod
2315 502 2563 549 cernens
2601 488 2841 561 Tiberis,
2876 490 3231 563 expoliatum
3272 508 3399 550 eam
3427 494 3555 552 the-

148 590 321 633 marus
344 577 742 647 Viennensis,
774 578 1175 636 Bartolomeus
1201 593 1432 650 quoque
1467 578 1795 634 Narbonen-

152 663 241 733 sis,
261 664 600 735 Stephanus
638 667 1015 737 Belgicensis,
1047 666 1253 723 Alteus
1285 667 1592 735 Eduensis,
1626 663 1798 721 Odol-

146 766 370 808 manuus
400 755 824 825 Mattiscensis,
848 756 902 810 in
934 755 1179 827 epistola
1215 754 1389 811 missa
1418 753 1666 810 Rodulfo
1694 755 1798 823 By-

146 845 325 897 turum
356 844 815 917 archiepiscopo
842 849 900 901 et
934 845 1203 901 omnibus
1235 844 1533 916 episcopis
1558 844 1797 913 Aquita-

152 928 253 983 nia:
268 930 808 1004 Novempopulanae
829 937 886 987 ct
911 933 1305 989 Narbonensis
1330 932 1548 1003 primm,
1567 945 1672 1002 per
1694 929 1796 984 300

134 1016 247 1072 fere
286 1032 476 1076 annos
500 1020 905 1090 Lugdunensis
927 1021 1175 1076 ecclesia
1203 1022 1514 1092 primatum
1546 1017 1796 1075 :eclesia-

135 1120 256 1160 rum
281 1106 338 1161 in
363 1107 550 1164 Gallia
574 1110 649 1164 ab
673 1110 819 1180 ipsis
841 1109 1208 1180 temporibus
1226 1108 1623 1181 apostolorum
1649 1105 1795 1177 opti-

136 1207 277 1249 nens
304 1194 394 1265 αι,
420 1196 583 1253 vices
615 1198 1003 1254 Romanorum
1029 1198 1367 1270 pontificum
1394 1213 1498 1269 pro
1527 1210 1645 1252 sum
1668 1208 1794 1250 san-

128 1282 365 1338 ctitatis
423 1284 635 1341 merito
665 1285 944 1356 optinuit.
978 1286 1274 1355 Remigius
1305 1291 1566 1356 tempore
1601 1282 1791 1341 Karoli

128 1369 311 1425 Calvi.
348 1371 606 1428 Sanctus
639 1373 985 1430 Aurelianus
1016 1373 1246 1444 legatus
1274 1376 1545 1429 Romana:
1591 1371 1789 1435 sedis;

123 1466 263 1528 post
296 1475 493 1531 quem,
522 1462 628 1517 fuit
657 1463 929 1531 Agrinius
961 1462 1385 1532 Linguonensis
1415 1462 1513 1534 qui
1549 1476 1661 1516 non
1696 1461 1793 1516 ha-

125 1548 309 1604 betur
340 1550 397 1603 in
434 1564 694 1605 numero.
746 1549 1004 1607 Aluvala.
1059 1552 1406 1607 Bcrnardus.
1462 1549 1785 1606 Austerius.

127 1635 456 1705 Remigius.
480 1638 887 1696 Anschericus.
906 1638 1088 1695 Wido.
1117 1638 1484 1696 Amblardus.
1512 1637 1789 1694 Borchar-

127 1723 237 1780 dus
270 1739 477 1781 senex.
506 1727 876 1784 Borchardus
900 1727 1154 1797 juvenis.
1180 1730 1425 1784 Sanctus
1457 1726 1781 1783 Odelricus.

130 1813 515 1872 Halinardus.
552 1816 798 1873 Sanctus
828 1817 1145 1873 Gebuinns.
1184 1819 1346 1887 Hugo
1376 1815 1462 1872 ιε’.

1906 576 2098 631 sauris
2126 583 2183 633 et
2218 582 2544 651 segregatis
2567 583 2639 638 ab
2661 594 2728 637 ea
2753 581 2969 653 pueris,
3005 582 3060 636 in
3082 582 3348 637 custodia
3374 582 3554 653 jussit

1907 664 2150 720 retrudi.
2179 669 2562 727 Iustinianum
2587 670 2958 739 objurgatum
2984 669 3166 725 multo
3184 672 3549 741 postmodum

1905 766 2101 808 amore
2144 755 2372 812 dilexit.

1976 839 2254 915 (Gestap.
2289 847 2390 914 12.)
2414 848 2555 902 Post
2574 847 2889 903 Iohannem
2916 861 2982 918 pa
2995 860 3119 918 pem
3146 860 3316 917 quem
3340 848 3553 905 Tende-

1906 927 2061 985 ricus
2112 944 2212 986 rex
2260 935 2516 991 carceris
2563 936 2878 992 afflictione
2917 936 3188 1005 peremit,
3236 935 3417 1006 Felix,
3453 951 3551 992 na-

1902 1016 2061 1072 tione
2076 1021 2356 1091 Samnius,
2378 1029 2543 1093 patre
2560 1024 2845 1091 Castorio,
2876 1023 3027 1079 sedit
3052 1037 3103 1079 a.
3122 1026 3155 1078 4
3180 1027 3334 1093 m..2,
3359 1024 3413 1079 d.
3464 1027 3550 1095 13,

1903 1104 2042 1159 Post
2069 1119 2197 1162 eum
2232 1109 2562 1166 Bonifacius
2596 1113 2909 1167 Romanus.
2946 1115 3110 1181 patre
3145 1109 3429 1179 Praejeeto
3480 1112 3551 1168 de

1905 1191 2061 1247 Celio
2094 1200 2304 1263 monte,
2339 1212 2388 1252 a.
2423 1203 2473 1268 2,
2512 1214 2587 1254 m.
2621 1203 2670 1267 4,
2706 1199 2759 1253 (1.
2794 1202 2843 1254 6.
2889 1199 3181 1254 Iohannes
3223 1196 3307 1253 1“.
3354 1200 3451 1269 qui
3492 1206 3549 1256 et

1903 1279 2199 1351 Martinus,
2237 1290 2363 1355 post
2414 1286 2767 1343 Bonifacium
2816 1288 2967 1342 sedit
3008 1287 3173 1343 annis
3202 1291 3254 1356 2,
3292 1302 3363 1342 m.
3400 1290 3450 1343 4.
3490 1289 3545 1346 (1.

1902 1372 1954 1437 6,
1987 1370 2181 1426 obiit6
2205 1372 2545 1431 Kal.Jun.et
2571 1376 2822 1432 cessavit
2853 1376 3227 1447 episcopatus
3252 1375 3461 1432 diebus
3491 1383 3540 1432 5.

1900 1461 1955 1510 et
1988 1460 2274 1514 successit
2302 1462 2353 1517 ei
2390 1464 2669 1534 Agapitus
2709 1465 3016 1533 Romanus,
3053 1468 3219 1535 patre
3252 1463 3543 1521 Gordiano

1899 1546 2264 1618 presbytero,
2301 1564 2373 1605 m.
2408 1554 2492 1621 11,
2528 1552 2582 1607 (1.
2622 1558 2705 1607 19.
2742 1553 2896 1607 inter
2930 1552 3239 1623 Agapitum
3270 1557 3330 1607 et
3363 1551 3541 1610 Silve-

1899 1630 2045 1687 rium
2077 1634 2131 1688 d.
2173 1638 2260 1692 29.
2313 1637 2594 1695 Silverius
2643 1641 2989 1710 Campanus,
3038 1644 3203 1710 patre
3254 1640 3541 1711 Ormisda,

1896 1720 2207 1793 episcopus
2262 1725 2453 1782 Romze
2498 1742 2547 1783 a.
2592 1731 2639 1797 1,
2677 1743 2747 1783 m.
2785 1732 2834 1795 5,
2868 1727 2922 1782 d.
2960 1731 3042 1784 11.
3080 1729 3244 1782 Anno
3291 1727 3363 1784 ab
3426 1729 3541 1785 inc.

1812 1842 1867 1904 Β
1896 1808 2055 1904 Dom.
2107 1815 2226 1882 538,
2281 1812 2598 1870 indictione
2652 1822 2697 1869 1.
2732 1814 2979 1904 Vigilius
3025 1816 3541 1904 Romanus,_patre

194 1901 505 1974 [Faenza]
540 1904 1049 1975 Langobardorum
1075 1905 1254 1975 igitur
1275 1920 1419 1975 gens
1443 1905 1780 1976 priusquam
1812 1896 1863 1904 _
1893 1896 2150 1954 Iohanne
2178 1900 2439 1969 consule,
2475 1916 2525 1957 a.
2574 1906 2657 1969 18,
2692 1917 2762 1955 m.
2799 1906 2850 1968 6,
2887 1901 2940 1956 (1.
2978 1906 3064 1957 26.
3103 1904 3263 1957 Anno
3295 1901 3361 1935 ¹⁸⁷
3395 1918 3539 1974 Ραθ-

118 1990 224 2045 hoc
280 1991 522 2047 nomine
563 1995 875 2049 vocaretur
902 2006 1143 2062 egressa
1177 1992 1249 2048 de
1280 1992 1619 2049 Scatanavia
1655 2005 1783 2061 quae

118 2081 213 2134 est
244 2077 408 2134 ultra
442 2080 771 2136 Danubium
814 2085 872 2136 et
916 2096 1071 2137 mare
1123 2095 1423 2149 oceanum,
1460 2079 1780 2136 Danubium

113 2168 533 2222 transmeavit.
572 2169 713 2224 Cum
736 2185 765 2224 a
790 2170 971 2225 Hunis
1002 2170 1345 2240 interrogati
1372 2170 1634 2239 fuissent,
1654 2184 1780 2238 quae

108 2267 259 2323 gens
284 2256 582 2311 terminos
605 2271 805 2314 eorum
830 2273 971 2313 ausa
999 2258 1202 2314 fuisset
1224 2258 1462 2314 vitiaret
1480 2257 1639 2313 eteis
1664 2255 1782 2312 bel-

109 2342 227 2399 lum
264 2350 632 2400 conarentur
664 2345 903 2417 intrare,
946 2344 1026 2401 illi
1058 2345 1334 2402 mulieres
1366 2360 1779 2417 praeceperune

104 2446 337 2486 connam
370 2432 589 2504 capitis
618 2432 690 2489 ad
722 2433 989 2490 maxillas
1015 2438 1075 2490 et
1104 2439 1360 2489 mentum
1396 2432 1668 2504 religare,
1715 2438 1776 2488 ut

114 2518 390 2575 habitum
406 2521 670 2577 virorum
687 2522 1034 2592 similarent,
1056 2527 1117 2578 ut
1144 2524 1266 2593 ipsa
1290 2539 1390 2579 sua
1414 2521 1775 2578 multitudint

114 2606 329 2663 hostes
363 2613 759 2680 terrerentur,
784 2625 854 2666 eo
871 2611 1026 2681 quod
1054 2610 1361 2667 mulierum
1381 2625 1562 2665 (30me
1595 2610 1665 2665 ad
1700 2610 1779 2664 in-

108 2700 243 2749 star
279 2696 483 2753 barbae
517 2696 685 2754 valde
714 2697 900 2768 longae
931 2713 1064 2755 esse
1091 2698 1468 2763 viderentur;
1498 2702 1554 2753 et
1590 2696 1779 2753 excla-

115 2790 439 2839 maverunt
462 2799 667 2841 omnes
685 2805 697 2840 :
713 2788 858 2843 Haec
876 2788 1123 2858 estgens
1146 2785 1683 2857 Langobardorum.
1709 2787 1780 2840 Et

119 2867 202 2922 ita
242 2867 466 2924 bellum
497 2869 723 2940 ineunt,
754 2872 946 2928 Hunos
976 2876 1276 2943 superant,
1308 2876 1533 2942 partem
1565 2872 1781 2926 Panno-

109 2956 226 3011 niae
279 2957 589 3014 invadunt.
626 2960 824 3015 Narsis
852 2975 992 3029 ergo
1025 2960 1306 3032 patricius
1335 2975 1462 3017 cum
1494 2964 1651 3015 esset
1682 2974 1781 3015 eu-

112 3044 375 3115 nuchus,
402 3049 463 3101 et
486 3047 697 3118 Sophia
720 3064 868 3104 uxor
892 3049 1105 3105 Instini
1141 3048 1509 3120 imperatoris
1539 3062 1780 3119 appara-

109 3138 243 3189 tum
282 3134 630 3191 muliebrem
664 3151 737 3192 ex
764 3151 907 3193 auro
942 3139 1153 3194 factum
1185 3137 1239 3193 ei
1272 3138 1342 3192 mi
1366 3141 1551 3207 -ιεεθῐ,
1578 3140 1638 3193 ιιι
1661 3136 1780 3192 illa-

101 3226 192 3277 ret
208 3226 272 3278 et
294 3237 474 3294 pensa
502 3222 858 3281 lanariorum
881 3230 941 3282 et
965 3241 1076 3282 non
1100 3225 1373 3298 populum
1397 3228 1650 3295 regeret,
1671 3225 1770 3281 ille

101 3310 302 3367 iratus
331 3313 642 3383 respondit
678 3332 690 3367 :
725 3314 938 3371 Filabo
956 3317 1140 3387 ﬁlum
1170 3315 1241 3371 de
1267 3330 1381 3388 quo
1406 3316 1690 3373 Justinus
1722 3316 1783 3371 et

104 3412 271 3455 war
294 3401 431 3471 ejus
442 3400 526 3457 ad
536 3403 716 3473 caput
730 3405 934 3460 venire
953 3418 1070 3460 non
1084 3404 1366 3475 poterunt
1384 3404 1575 3475 [ΡΑυι.
1594 3404 1776 3476 Duc]

105 3487 213 3543 Hic
248 3485 325 3520 1⁸³
358 3488 608 3544 Totilam
639 3490 953 3547 Gothorum
989 3506 1181 3562 regem
1212 3491 1451 3563 occidit,
1478 3493 1578 3549 sed
1614 3506 1780 3547 accu-

98 3579 273 3631 satus
306 3590 417 3648 per
448 3576 725 3632 invidiam
771 3592 801 3632 a
849 3579 1130 3636 Romanis
1181 3579 1434 3636 recessit
1482 3579 1777 3650 Neapolim

97 3664 328 3735 Campa
348 3664 480 3721 nias.
510 3666 803 3738 [Faenza]
830 3668 898 3721 Et
932 3669 1342 3739 Langobardos
1391 3684 1421 3724 a
1471 3668 1781 3726 Pannoniis

107 3750 381 3808 invitans
414 3752 470 3807 in
500 3752 723 3811 Italiam
740 3769 869 3811 cum
895 3770 1031 3824 rege
1053 3754 1296 3811 Alboino
1316 3756 1662 3825 introduxit,
1681 3757 1776 3827 qui

107 3838 537 3897 Glodesindam
570 3840 747 3897 ﬁliam
782 3841 1060 3899 Clotharii
1095 3844 1252 3914 regis
1283 3843 1556 3899 Clodovei
1590 3856 1779 3914 magni

98 3927 282 3984 duxit
319 3943 592 3985 uxorem.
626 3930 750 3997 Qua
782 3929 849 3963 1“
880 3931 1153 3988 defuncta
1206 3930 1376 3988 aliam
1429 3932 1595 3988 duxit
1640 3948 1782 3989 uxo-

103 4030 234 4072 rem
268 4017 446 4088 cujus
478 4024 722 4075 matrem
755 4020 1075 4091 occiderat,
1103 4035 1132 4076 a
1165 4035 1277 4091 qua
1310 4024 1369 4076 et
1398 4020 1525 4092 ipse
1560 4036 1779 4078 veneno

109 4107 347 4176 periit..
376 4108 479 4163 Hic
501 4108 737 4180 invasit,
774 4114 836 4166 ut
870 4110 1091 4166 dictum
1119 4115 1229 4180 est,
1258 4110 1501 4181 Italiam,
1527 4115 1585 4166 et
1611 4112 1780 4167 obse-

114 4194 230 4265 dit,
248 4194 496 4250 Romam
517 4197 886 4253 vastavit.....
909 4196 1270 4267 Langobardi
1293 4211 1434 4266 ergo
1457 4196 1688 4253 elevato
1711 4196 1778 4230 ¹⁸⁸

110 4295 263 4351 rege
294 4296 481 4352 super
508 4298 569 4340 se
600 4283 739 4355 Clyp
784 4285 1012 4341 nomine
1043 4285 1339 4341 irruentes
1371 4283 1593 4356 Galliis,
1614 4288 1778 4341 Ama-

112 4374 243 4425 tum
268 4370 586 4441 patricium
612 4373 904 4444 perimunt
927 4377 986 4429 et
1020 4372 1236 4429 multas
1270 4376 1499 4444 strages
1531 4373 1770 4446 faciunt,

112 4470 227 4524 pro
257 4471 382 4527 quo
416 4458 759 4515 Mummolus
792 4458 1168 4530 patriciatum
1201 4460 1533 4532 assumpsit.

1895 1983 2123 2041 sulatus
2151 2001 2313 2058 papae
2344 1986 2534 2057 Vigilii
2570 1993 2655 2059 14,
2681 1988 3000 2045 indictione
3026 1992 3109 2059 14,
3133 2003 3283 2045 anno
3315 1991 3388 2045 ab
3420 1990 3532 2047 inc.

1894 2073 2052 2128 Dom.
2089 2075 2373 2147 (Gestap.
2409 2078 2508 2145 Β.)
2534 2082 2653 2146 552,
2680 2078 2881 2148 quinta
2915 2078 3175 2147 synodus
3210 2080 3539 2134 Constanti-

1892 2161 2245 2231 n0politana.
2270 2166 2433 2220 Anno
2463 2166 2773 2222 Iustiniani
2805 2165 3016 2222 Instini
3050 2165 3285 2235 majoris
3310 2166 3547 2237 nepotis

1889 2253 1977 2318 27,
2001 2250 2247 2320 Vigilius
2278 2268 2308 2308 a
2338 2254 2662 2310 Iustiniano
2695 2254 2749 2309 in
2782 2254 3020 2310 exilium
3052 2254 3339 2319 truditur;
3366 2269 3527 2310 revo-

1889 2341 2057 2394 catus
2086 2354 2215 2395 cum
2246 2341 2481 2397 Romam
2515 2348 2936 2411 reverteretur,
2973 2343 3025 2397 in
3062 2342 3255 2398 Sicilia
3284 2343 3525 2399 civitate

1891 2425 2249 2495 Syracusana
2284 2430 2492 2485 calculi
2517 2430 2720 2487 dolore
2746 2431 3008 2487 moritur.
3040 2430 3310 2500 Pelagius
3331 2432 3535 2487 Roma-

1891 2528 2021 2583 nus,
2056 2520 2222 2586 patre
2257 2517 2517 2574 Iohanne
2568 2518 2881 2589 vicariano,
2917 2534 2966 2574 a.
3000 2522 3086 2589 11,
3122 2533 3194 2575 m.
3231 2523 3319 2588 10,
3355 2518 3409 2575 (1.
3447 2522 3532 2575 18.

1894 2601 1994 2656 llic
2008 2602 2313 2658 ordinatus
2333 2618 2361 2658 a
2379 2603 2607 2660 duobus
2630 2605 2924 2675 episcopis
2950 2609 3007 2660 et
3032 2621 3143 2661 uno
3165 2607 3539 2677 presbytero.

1894 2688 2050 2743 Inter
2079 2687 2374 2758 Pelagium
2405 2696 2462 2745 et
2494 2691 2808 2747 Iohannem
2832 2692 2887 2747 d.
2914 2696 3001 2747 26.
3026 2694 3317 2749 Iohannes
3340 2694 3545 2749 Roma-

1891 2789 2021 2845 nus,
2054 2782 2219 2846 patre
2260 2778 2586 2845 Anastasio,
2620 2794 2669 2833 a.
2710 2783 2791 2834 12.
2845 2795 2918 2834 m.
2954 2783 3038 2847 10,
3086 2780 3139 2834 (1.
3184 2784 3269 2836 26.
3310 2781 3410 2836 Hic
3453 2796 3543 2837 re-

1890 2865 2175 2919 stauravit
2198 2864 2482 2920 cimiteria
2504 2872 2819 2937 martyrum
2835 2871 2892 2922 et
2910 2866 3215 2923 constituit
3234 2883 3337 2937 per
3356 2869 3539 2923 Domi-

1890 2952 2390 3009 nicasoblationes
2412 2958 2468 3009 et
2494 2953 2818 3011 luminaria.
2841 2955 3188 3011 Benedictus
3212 2957 3530 3026 Romanus,

1892 3046 2058 3112 patre
2092 3041 2405 3113 Bonifacio,
2432 3056 2480 3097 a.
2510 3044 2559 3112 4,
2584 3058 2654 3098 m.
2692 3047 2741 3113 1,
2778 3043 2833 3100 (1.
2864 3048 2951 3101 28.
2988 3045 3143 3099 [nter
3171 3058 3300 3099 eum
3333 3046 3389 3098 et
3434 3046 3535 3099 Pe-

1893 3127 2107 3198 lagium
2142 3130 2197 3186 d.
2236 3135 2283 3186 5.

1964 3216 2244 3289 (Gestap.
2281 3221 2381 3286 Ε.)
2415 3223 2576 3276 Anno
2608 3222 2680 3276 ab
2718 3221 2827 3277 inc.
2865 3221 3022 3276 Dom.
3069 3224 3189 3277 582.
3228 3219 3534 3277 Mauritius

1890 3305 2207 3376 imperator
2221 3309 2515 3364 successit
2532 3310 2793 3378 Tyberio,
2814 3308 3078 3378 regnavit
3102 3322 3152 3363 a.
3182 3309 3415 3363 16.Post
3438 3308 3537 3363 Be-

1889 3393 2182 3450 nedictum
2234 3396 2388 3451 sedit
2445 3398 2639 3452 Romae
2698 3396 2968 3467 Pelagius
3016 3398 3327 3466 Romanus,
3364 3401 3531 3468 patre

1889 3481 2177 3552 Unigildo,
2212 3498 2261 3539 a.
2299 3487 2383 3554 10,
2419 3500 2491 3540 m.
2518 3489 2570 3554 2,
2599 3486 2653 3540 (1.
2680 3487 2862 3541 10.Εο
2897 3485 3267 3556 imperitante
3298 3485 3536 3541 fuerunt

1889 3569 2519 3642 pluviae,utvideretur
2543 3570 2822 3629 diluvium
2857 3572 3102 3629 redisse.
3124 3574 3301 3628 Tanta
3336 3572 3536 3628 clades

1852 3692 1859 3695 -
1890 3665 2163 3732 quantam
2191 3660 2388 3717 nullus
2418 3661 2676 3717 meminit
2702 3675 2732 3716 a
2756 3661 2956 3717 seculo
2983 3660 3183 3730 fuisse,
3203 3675 3314 3731 qua
3349 3659 3525 3716 etiam

1888 3749 2160 3819 Pelagius
2180 3762 2324 3821 papa
2349 3749 2670 3805 morituret
2687 3748 3000 3817 Gregorius
3016 3748 3226 3803 doctor
3246 3747 3537 3804 electione

1889 3838 2032 3896 cleri
2056 3844 2114 3893 et
2140 3837 2335 3910 populi
2363 3838 2766 3908 pontificatum
2788 3839 3053 3893 Romanae
3068 3836 3323 3908 suscepit
3347 3835 3536 3892 eccle-

1890 3928 2012 3999 sias,
2044 3942 2193 3982 anno
2224 3926 2449 3997 imperii
2485 3925 2740 3981 Mauricii
2782 3929 2867 3995 10,
2902 3925 2975 3980 ab
3005 3924 3402 3980 incarnatione
3430 3925 3537 3980 Do-

1890 4017 2026 4072 mini
2057 4032 2204 4073 anno
2243 4020 2365 4085 592,
2401 4015 2716 4071 indictione
2768 4019 2853 4083 10,
2897 4018 3102 4085 epacta
3152 4017 3240 4083 21,
3290 4027 3536 4069 concur-

1889 4110 2054 4162 rente
2082 4111 2135 4175 7,
2168 4108 2341 4160 natus
2382 4104 2695 4174 Romanus,
2730 4107 2896 4174 patre
2943 4102 3254 4171 Gordiano,
3291 4100 3445 4157 sedit
3477 4115 3528 4158 a.

1889 4197 1975 4264 13,
2010 4209 2083 4249 ω.
2116 4198 2169 4264 6,
2195 4194 2249 4249 (1.
2280 4198 2364 4249 10.
2399 4193 2501 4250 Hic
2532 4192 2666 4249 fecit
2701 4196 2764 4250 ut
2800 4192 2977 4248 missa
3010 4195 3324 4247 caneretur
3354 4204 3532 4263 supra

1887 4298 2103 4354 corpus
2147 4283 2300 4339 beati
2346 4282 2505 4338 Petri
2556 4281 2821 4354 apostoli.
2860 4283 3021 4337 Anno
3070 4278 3444 4352 pontificatus
3476 4283 3529 4353 4,

1888 4370 2205 4426 indictione
2238 4374 2324 4440 13,
2358 4374 2713 4440 congregata
2743 4368 2965 4441 synodo
3008 4371 3079 4423 24
3121 4367 3533 4440 episcoporum

1885 4459 2043 4515 beati
2078 4459 2237 4515 Petri
2270 4458 2521 4531 apostoli
2555 4459 2627 4515 de
2658 4459 2988 4516 necessaris
3018 4457 3285 4514 ecclesiae
3317 4461 3535 4514 tracta-

181 4545 388 4616 [Ρλυι.
422 4547 602 4618 Duc]
638 4548 737 4604 His
768 4563 909 4619 ergo
938 4548 1148 4605 diebus
1181 4549 1335 4620 apud
1369 4549 1773 4607 Constantino—
1801 4547 1856 4612 D
1883 4548 1987 4605 vit.
2039 4547 2143 4603 Hic
2188 4546 2386 4603 missis
2435 4547 2817 4604 Brittanniam
2877 4545 3222 4616 Augustino,
3287 4543 3525 4615 Mellito,

108 4631 440 4705 polimcum
465 4634 721 4691 amentia
745 4651 915 4706 quam
940 4637 1269 4693 incurrerat
1295 4644 1524 4695 mortuo
1543 4639 1770 4695 Iustino
1880 4638 2138 4694 Iohanne
2168 4642 2227 4691 et
2276 4635 2406 4692 aliis
2455 4634 2723 4708 pluribus
2772 4634 3069 4692 monachis
3113 4633 3186 4689 ad
3236 4631 3530 4713 Christum

110 4726 178 4777 17
206 4735 367 4777 anno
389 4723 551 4792 regni
586 4723 700 4793 sui,
734 4724 1016 4796 Tiberius,
1050 4725 1146 4797 qui
1181 4740 1313 4782 eum
1346 4726 1555 4798 Sephia
1591 4742 1769 4784 uxore

103 4809 324 4866 Instini
357 4824 598 4880 regnum
634 4813 894 4884 regebat,
921 4813 1137 4869 invasit
1166 4814 1473 4886 imperium
1494 4820 1550 4871 et
1578 4816 1767 4873 tenuit

1884 4725 2105 4796 Anglos
2132 4724 2444 4781 convertit.

1956 4813 2147 4886 [Ano.]
2171 4814 2450 4884 Tempore
2472 4810 2540 4845 ³⁸⁸
2561 4810 2879 4882 Leovigildi
2903 4812 3160 4867 Renatus
3180 4806 3531 4865 Viennensis

108 4914 159 4954 a.
194 4902 251 4969 6,
288 4913 367 4953 m.
405 4903 490 4970 10,
527 4900 584 4955 (1.
617 4903 670 4956 8.
705 4898 813 4966 Qui
844 4905 902 4956 et
935 4900 1303 4971 largissimus
1349 4903 1406 4958 in
1438 4904 1772 4961 elemosinis
1884 4903 2198 4976 episcopus
2247 4900 2469 4970 ﬂoruit,
2502 4898 2601 4969 qui
2652 4898 2857 4955 eodem
2906 4913 3054 4955 anno
3104 4910 3218 4969 quo
3263 4893 3528 4952 Iustinus

110 4988 237 5045 fuit.
274 4987 492 5059 Sophia
524 4989 812 5045 adversus
842 4989 1133 5047 Tiberium
1160 4991 1403 5048 insidias
1423 5006 1656 5064 parans,
1675 4994 1771 5050 Iu-

111 5076 434 5134 stinianum
462 5075 679 5134 Instini
710 5081 979 5150 nepotem
1010 5078 1069 5136 in
1100 5092 1345 5152 regnum
1378 5078 1567 5138 voluit
1596 5081 1769 5139 subli-

1890 5004 2090 5051 amens
2122 4989 2310 5046 factus
2335 4992 2445 5058 est,
2473 4986 2639 5043 obiit.

1953 5078 2173 5153 [BanL]
2205 5074 2673 5147 Hermenigildus
2700 5070 2985 5144 Levigildi
3016 5071 3337 5130 Gothorum
3368 5070 3526 5142 regis

1717 5212 1942 5273 ΝΟΤᾸΞ.

180 5342 245 5377 ¹⁸¹
268 5342 513 5425 satis!“
545 5340 672 5423 ιεαέ
714 5340 1070 5425 visatur-3’3
1098 5343 1248 5425 αζίέδ
1274 5342 1555 5425 manibus
1568 5339 2521 5425 etrammmmbﬁsiyrwut
2538 5336 2836 5425 {arma}
2840 5333 3122 5425 0992295!
3131 5331 3525 5425 99:39:21.”?!-

112 5415 235 5487 dus,
268 5403 705 5487 Vizeliacensis
736 5412 934 5469 abbas.
968 5413 1309 5487 Rainaldus.
1342 5413 1532 5471 Falco.
1568 5416 1797 5487 Petrus.
1836 5403 2136 5487 Amedeus'
2154 5409 2390 5487 obiitin
2421 5408 2633 5487 itinere
2665 5406 2837 5487 [itere
2866 5406 2940 5487 ρει
2992 5403 3518 5487 lherosolimitano.

112 5482 450 5557 Radbertus
480 5482 585 5557 qui
618 5488 889 5557 superest
921 5484 1110 5541 adhuc
1136 5499 1190 5542 υ.
1222 5497 1412 5557 supra

1527 5488 1651 5542 282.
1687 5484 1760 5559 ‘2
1791 5487 1893 5544 Hic
1928 5517 2001 5559 7—
2051 5478 2376 5559 Campaniae
2421 5479 2491 5536 in
2531 5473 2838 5559 marhf“
2877 5473 2999 5559 Q_'ua
3049 5505 3066 5559 ξ

1986 5517 2001 5527 -
2051 5478 2376 5559 Campaniae
2421 5479 2491 5536 in
2531 5473 2838 5559 marhf“
2877 5473 2999 5559 Q_'ua
3049 5504 3119 5559 ᾖ
3157 5473 3525 5559 vasti-lviii»

112 5499 450 5543 uunnertus
480 5499 585 5557 qui
618 5499 889 5555 superest
921 5499 1110 5541 adnue
1136 5499 1190 5542 υ.
1222 5499 1412 5590 saga
1527 5499 1649 5542 282.

110 5570 299 5630 nam.
326 5555 491 5630 1“ge.
520 5569 586 5630 r._
609 5568 662 5610 s.
687 5566 736 5609 s.
771 5553 831 5609 C.
861 5569 917 5612 n.
946 5568 1241 5629 superscr.
1369 5556 1436 5613 Io
1481 5597 1496 5612 .
1529 5586 1601 5598 —
1628 5571 1649 5627 ρ

1984 5517 2001 5527 -
2051 5499 2376 5554 campanae
2421 5499 2491 5536 ιπ
2531 5499 2725 5548 marg.
2770 5499 2838 5508 “'
2877 5499 2999 5543 uua
3049 5504 3119 5516 —
3159 5499 3412 5533 vaawvu
3453 5499 3523 5528 In

1996 5566 2190 5624 marg.
2231 5548 2300 5584 ιδ’
2321 5552 2487 5606 Anno
2515 5579 2586 5591 —
2613 5545 2862 5606 moritur
2903 5548 2976 5607 in
3003 5558 3198 5617 my.
3252 5541 3322 5578 ⁸⁸³
3362 5543 3523 5601 Tem-

113 5625 251 5701 pore
269 5660 342 5671 --
366 5627 521 5684 obiit
557 5625 636 5685 in
670 5636 864 5697 marg.
