3898 6332
404 303 482 364 99
1383 293 1672 361 HUGON
1678 298 1750 361 IS
1792 295 2139 362 ABBATIS
2181 287 2861 362 FLAVINIACENSIS

3694 288 3814 359 100

409 434 675 506 ﬁlius,ob
691 428 821 491 fidei
845 433 1149 490 catholica
1164 431 1590 489 confessionem
1607 430 2050 502 regniprivatus
2082 435 2133 491 A
2165 435 2300 488 nato
2334 431 2481 488 facta
2514 436 2603 488 est
2637 429 2807 487 domo
2838 430 3130 502 Widrado,
3161 435 3219 490 et
3253 431 3587 503 Magoaldus
3622 430 3815 488 abbas

406 523 604 580 infulis
635 539 662 580 a
689 527 852 594 patre
883 523 1126 578 Arriano
1157 527 1213 576 et
1249 519 1474 576 carceri
1497 521 1762 590 injectus,
1793 519 1918 590 ipsa
1943 521 2051 574 Do-

405 613 631 669 minica
656 611 1104 667 resurrectionis
1129 614 1298 665 nocte
1320 609 1513 664 securi
1532 609 1581 663 in
1597 609 1790 678 capite
1808 623 2048 678 percus-

411 716 530 770 sus,
566 714 799 768 regnum
834 699 1072 754 ealeste
1105 713 1205 753 rex
1239 701 1296 752 et
1331 703 1550 766 martyr
1584 697 1839 752 intravit.
1880 697 2054 766 Cujus

411 790 592 844 frater
614 788 988 843 Recharedus
1013 802 1114 843 rex
1138 786 1455 841 Gothorum
1483 785 1646 856 prius
1661 785 1946 840 secretius
1966 786 2058 838 ba—

415 877 672 948 ptizatus
697 881 810 946 est,
834 880 893 932 et
929 881 1059 946 post
1084 889 1283 930 omnes
1309 874 1528 928 Gothos
1551 873 1644 942 qui
1669 881 1804 928 tunc
1831 873 2056 930 Arriani

412 969 578 1020 erant
608 963 868 1020 Toletum
907 962 1148 1018 adunari
1177 961 1363 1031 jussit
1409 961 1614 1030 quinto
1660 974 1809 1016 anno
1851 961 2054 1030 pontifi

411 1057 580 1108 catus
626 1051 912 1120 Gregorii,
963 1056 1019 1105 et
1072 1050 1418 1122 prasentari
1469 1049 1580 1104 sibi
1633 1064 1834 1104 omnes
1878 1054 2056 1103 secta

415 1141 674 1196 Arriana
726 1139 905 1194 libros
961 1153 1108 1208 quos
1156 1145 1216 1193 et
1265 1137 1509 1192 cremari
1563 1137 1720 1206 fecit,
1755 1142 1814 1192 et
1857 1151 2056 1192 omnes

415 1229 633 1284 Gothos
667 1227 950 1298 baptizari
994 1226 1311 1281 mandavit.

487 1317 676 1387 [Ano.]
723 1314 1028 1386 Philippus
1073 1328 1306 1384 quoque
1362 1313 1709 1369 Viennensis
1740 1313 2059 1384 episcopus

415 1405 599 1474 viguit
631 1403 752 1472 (fol.
786 1407 895 1475 36),
922 1403 1013 1458 cui
1045 1403 1333 1458 successit
1365 1403 1645 1458 Evantius
1681 1402 1768 1456 vir
1797 1407 2057 1469 sanctus,

417 1493 512 1564 qui
545 1507 676 1549 cum
709 1503 914 1548 sancto
947 1492 1144 1546 Prisco
1184 1492 1195 1542 Ι
1223 1490 1544 1557 ugdunensi
1603 1496 1661 1546 et
1714 1489 1974 1544 Artemio
2005 1492 2064 1544 et

417 1581 700 1638 Senonico
721 1588 781 1636 et
805 1579 1061 1649 Remigio
1087 1578 1430 1634 Bituricensi
1459 1583 1515 1633 et
1543 1577 1676 1633 aliis
1703 1577 1926 1633 sanctis
1948 1577 2065 1648 epi'

417 1669 637 1739 scopis,
673 1668 896 1738 Siagrio
930 1682 1158 1738 quoque
1203 1666 1478 1734 Ednensi,
1513 1671 1583 1722 20
1613 1665 1867 1737 capitula
1905 1666 2068 1720 robo-

415 1757 594 1821 ravit;
619 1757 712 1812 cui
748 1757 1032 1812 successit
1069 1757 1272 1823 Verus,
1303 1755 1471 1823 cujus
1503 1755 1785 1810 diaconus
1812 1754 1917 1809 fuit
1939 1769 2066 1809 san-
2098 1781 2148 1839 Β

411 1849 544 1901 ctus
575 1844 911 1901 Desiderius
942 1843 1242 1910 Ednensis,
1269 1843 1400 1898 etei
1431 1843 1726 1898 successit
1749 1841 2066 1897 Domnolus

420 1933 475 1988 in
513 1932 868 1988 redimendis
909 1930 1160 2001 captivis
1208 1937 1504 1998 strenuus,
1553 1931 1724 2001 eique
1772 1929 2063 1986 successit

421 2020 697 2076 Etherius
729 2025 990 2090 tempore
1023 2019 1230 2074 Eraclii
1278 2019 1670 2089 imperatoris.

486 2108 776 2179 [Famae]
801 2123 870 2163 eo
901 2122 1051 2164 anno
1086 2123 1232 2163 uxor
1265 2107 1484 2162 Arnulﬁ
1521 2108 1893 2178 imperatoris
1933 2109 2067 2164 Per-

411 2210 606 2252 sarum
633 2196 817 2252 virum
840 2211 1008 2252 suum
1038 2195 1374 2266 relinquens
1396 2211 1525 2250 cum
1562 2199 1842 2264 quattuor
1867 2196 2065 2266 pueris

417 2288 476 2341 et
497 2283 741 2340 totidem
767 2284 997 2356 puellis,
1025 2286 1091 2340 ad
1111 2288 1375 2339 sanctum
1398 2284 1711 2339 Iohannem
1738 2285 2066 2340 Constanti-

421 2373 677 2442 nopolim
700 2373 1040 2444 episcopum
1064 2374 1322 2440 vcniens,
1350 2373 1495 2427 dixit
1531 2387 1592 2427 se
1627 2388 1793 2428 unam
1827 2387 1956 2428 esse
1990 2373 2060 2429 de

413 2461 651 2532 populo,
671 2464 728 2516 et
767 2460 1062 2530 baptizata
1097 2465 1206 2528 est,
1234 2475 1403 2530 quam
1433 2463 1688 2531 suscepit
1721 2462 1789 2516 de
1823 2461 2058 2517 lavacro

426 2555 632 2604 sancto
664 2564 808 2604 uxor
839 2548 1096 2604 Mauricii
1123 2548 1510 2620 imperatoris.
1535 2549 1673 2614 Qua
1697 2564 1826 2604 cum
1862 2550 2066 2621 sepius

421 2635 763 2708 perlegatos
778 2641 1145 2708 repeteretur
1165 2644 1225 2692 et
1249 2651 1394 2692 uxor
1413 2637 1540 2708 ejus
1561 2651 1686 2692 esse
1711 2637 2062 2708 nesciretur,

420 2727 667 2793 augusta
703 2723 906 2780 videns
934 2737 1057 2780 eam
1090 2723 1537 2794 pulcherrimam
1571 2729 1629 2779 et
1672 2724 1971 2796 suspicata
1995 2739 2063 2780 ne

425 2811 548 2882 ipsa
579 2817 738 2868 esset
778 2827 906 2882 qua
938 2812 1315 2882 querebatur,
1349 2813 1610 2868 ostendit
1657 2827 1781 2868 eam
1831 2812 2058 2880 legatis.

421 2898 600 2965 Quam
631 2898 719 2954 illi
752 2899 1046 2970 viderunt,
1077 2908 1133 2955 et
1174 2906 1557 2968 agnoscentes
1607 2899 1828 2956 nullum
1880 2901 1951 2954 ab
1997 2916 2062 2956 ea

418 3001 765 3060 responsum
797 2987 1000 3044 audire
1036 2993 1348 3058 potuerunt
1379 2989 1483 3045 nisi
1518 2990 1680 3059 prius
1704 2988 2066 3058 baptizaren-

418 3081 535 3132 tur.
555 3076 642 3131 llli
663 3076 852 3132 animo
878 3076 1095 3131 volenti
1120 3075 1365 3144 gratiam
1390 3076 1661 3146 baptismi
1686 3081 2058 3146 acceperunt.

421 3164 648 3232 Quibus
682 3162 778 3218 illa
811 3163 866 3219 id
895 3163 1059 3220 dedit
1091 3178 1456 3234 responsum,
1491 3179 1602 3218 non
1653 3178 1712 3218 se
1757 3162 1825 3218 ad
1876 3163 2062 3218 virum
2095 3130 2146 3194 Ο

421 3253 767 3322 redituram,
793 3251 899 3307 nisi
931 3251 1028 3308 ille
1063 3252 1247 3323 primo
1282 3252 1550 3323 baptismi
1588 3253 1916 3323 perciperet
1935 3266 2067 3322 gra-

417 3339 580 3396 tiam.
617 3337 782 3406 Quod
815 3354 943 3395 cum
978 3339 1320 3410 imperatari
1373 3341 1680 3395 Persarum
1729 3339 2062 3395 nunciatum

419 3426 656 3496 fuisset,
685 3425 1035 3495 legationem
1077 3427 1234 3482 misit
1266 3427 1335 3483 ad
1384 3427 1715 3483 Mauricium
1754 3431 2065 3498 imperato-

419 3529 564 3585 rem,
581 3519 645 3571 ut
668 3519 909 3570 sanctus
929 3515 1220 3571 Iohannes
1244 3515 1470 3571 veniret
1502 3515 1886 3586 Antiochiam,
1904 3530 1930 3570 a
1949 3531 2063 3586 quo

419 3603 772 3673 baptismum
791 3601 999 3658 salutis
1015 3603 1324 3674 acciperet.
1346 3602 1507 3669 Quod
1523 3607 1582 3658 et
1601 3603 1913 3659 Mauricius
1939 3603 2063 3658 ﬁeri

413 3691 744 3762 jussitcum
779 3690 1004 3747 infinito
1027 3697 1328 3762 apparatu.
1359 3691 1438 3746 lbi
1476 3692 1811 3762 baptizatus
1842 3695 1930 3748 est
1964 3691 2065 3746 im-

419 3783 658 3853 perator
689 3781 996 3836 Persarum
1029 3795 1158 3836 cum
1189 3780 1490 3850 sexaginta
1524 3779 1758 3836 milibus
1781 3781 2058 3848 virorum,

417 3871 475 3926 et
492 3873 742 3924 asancto
767 3868 1046 3937 Gregorio
1069 3868 1426 3924 Antiocheno
1449 3868 1520 3924 de
1546 3869 1703 3924 fonte
1730 3874 2057 3938 susceptus,

415 3954 800 4012 Petiitautem
823 3957 896 4011 ab
918 3956 1271 4026 imperatore
1292 3955 1574 4026 Mauricio
1596 3956 1905 4027 episcOpos
1929 3971 2060 4012 cum

421 4045 590 4103 Clero
613 4045 944 4114 sufficienti,
963 4045 1191 4114 quodet
1208 4043 1304 4101 ille
1323 4046 1632 4116 concessit,
1649 4051 1708 4101 et
1731 4045 1814 4102 sic
1838 4059 2060 4101 summa

409 4131 726 4190 celeritate
757 4131 949 4187 omnis
978 4130 1217 4186 Persida
1260 4131 1490 4187 Christo
1521 4132 1752 4188 domino
1783 4131 2055 4188 credidit.

413 4219 631 4278 Eodem
663 4223 924 4288 tempore
957 4232 1106 4274 anno
1138 4218 1210 4273 ab
1244 4217 1355 4275 inc.
1389 4222 1546 4276 Dom.
1575 4225 1697 4291 598,
1719 4221 1951 4277 inventa
1969 4227 2057 4278 est

411 4307 615 4365 tunica
645 4305 872 4362 Domini
906 4305 1282 4363 inconsutilis
1312 4307 1367 4363 iu
1408 4309 1646 4366 civitate
1675 4310 1896 4380 Zafath,
1927 4314 1984 4365 et
2028 4325 2057 4366 a

415 4395 702 4466 Gregorio
733 4393 1094 4451 Antiocheno
1123 4399 1181 4452 et
1212 4395 1422 4452 Thoma
1455 4396 1960 4454 Iherosolimitano
2000 4402 2060 4454 et

2164 518 2470 576 ordinatus
2497 525 2607 589 est,
2643 534 2792 576 anno
2825 519 2898 576 ab
2928 519 3036 576 inc.
3070 522 3228 577 Dom.
3255 526 3380 592 601,
3407 519 3735 578 indictione
3761 525 3812 575 5.

2165 607 2284 676 (fol.
2319 609 2432 677 37.)
2468 611 2627 664 Anno
2661 609 2844 680 primo
2875 609 3209 665 Theoderici
3244 611 3418 681 regis,
3453 609 3550 680 qui
3583 609 3816 665 eratab

2167 695 2276 752 inc.
2310 697 2470 752 Dom.
2505 702 2634 767 606,
2659 699 2818 753 l-‘oca
2842 712 2981 752 vero
3005 697 3378 769 imperatoris
3397 703 3450 768 3,
3477 698 3627 753 idem
3653 697 3819 752 dom-

2168 797 2276 838 nus
2305 783 2693 840 Theodericus
2724 788 3137 841 testamentum
3180 785 3370 841 domni
3426 784 3693 841 Widradi
3745 784 3819 839 de

2166 876 2362 927 castro
2392 887 2490 928 seu
2523 873 2790 928 coenobio
2817 872 3228 929 Flaviniacensi
3255 873 3448 943 sigillo
3473 888 3578 930 suo
3601 872 3820 929 confir-

2168 961 2342 1014 mavit
2387 960 2620 1030 factum,
2655 965 2712 1015 et
2758 961 3167 1016 corroboravit
3213 961 3366 1034 apud
3419 961 3815 1027 Sinemurum,

2167 1047 2424 1103 secundo
2447 1053 2576 1118 post
2604 1050 2913 1104 transitum
2939 1049 3126 1105 sancti
3151 1049 3413 1118 Gregorii
3435 1048 3820 1120 anno,primo

2167 1136 2392 1192 scilicet
2423 1143 2671 1208 papatus
2703 1137 3015 1206 Saviniani,
3045 1137 3400 1209 praesidente
3437 1137 3818 1208 Lugdunensi

2166 1224 2448 1281 acclesia
2486 1225 2813 1281 Secundino
2845 1225 3307 1298 archiepiscopo.

2242 1315 2404 1368 Anno
2437 1314 2507 1368 ab
2540 1314 2652 1370 inc.
2680 1315 2838 1370 Dom.
2865 1318 2970 1370 602
2991 1313 3078 1385 ¹⁹⁰,
3107 1316 3286 1372 Focas
3307 1315 3424 1372 dux
3445 1319 3504 1370 et
3527 1315 3822 1386 patricius

2172 1400 2255 1455 rei
2290 1400 2539 1471 publica
2570 1401 2758 1457 victor
2787 1417 2816 1456 a
2852 1403 3046 1457 Persis
3077 1403 3327 1471 rediens,
3354 1402 3694 1459 Mauricium
3721 1402 3824 1458 im-

2175 1491 2505 1558 peratorem
2523 1489 2838 1558 interfecit,
2854 1493 2912 1544 et
2930 1489 3000 1544 im
3013 1490 3231 1561 perium
3248 1490 3565 1562 assumpsit
3585 1509 3600 1558 ;
3618 1504 3828 1560 regna—

2175 1576 2256 1630 vit
2299 1590 2480 1632 annos
2507 1579 2540 1632 8
2571 1575 2657 1632 “1.
2693 1577 2772 1632 Eo
2806 1591 2956 1632 anno
2991 1578 3262 1634 Etherius
3293 1578 3700 1648 Lugdunensis
3733 1593 3824 1635 ar-

2177 1663 2587 1736 chiepiscOpus
2617 1665 2782 1730 obiit,
2817 1665 2872 1720 in
2905 1665 3032 1733 ejus
3061 1665 3252 1722 locum
3303 1665 3692 1724 substituitur
3727 1667 3824 1724 Se-

2177 1752 2482 1809 cundinus.
2520 1756 2682 1809 Anno
2724 1753 2884 1809 Foca
2929 1760 2982 1822 2,
3018 1753 3335 1810 indictione
3381 1759 3434 1823 8,
3467 1759 3678 1827 epacta
3728 1758 3820 1824 26,

2177 1846 2566 1896 concurrente
2597 1844 2646 1910 4,
2683 1842 2754 1897 ab
2787 1842 2898 1899 inc.
2934 1843 3090 1898 Dom.
3125 1847 3228 1898 605
3261 1841 3328 1876 ¹⁹²
3361 1843 3568 1899 beatus
3601 1844 3825 1914 Grego-

2179 1929 2301 1984 rius
2333 1928 2599 1998 migravit
2632 1930 2702 1984 ad
2737 1931 3059 2001 Dominum,
3084 1930 3467 2000 regnantibus
3493 1930 3547 1986 iu
3571 1931 3821 1988 Francia

2175 2017 2528 2074 Theoderico
2551 2024 2607 2072 et
2631 2018 3033 2076 Thcodeberto
3059 2019 3358 2075 fratribus.
3376 2019 3670 2076 Successit
3697 2020 3753 2076 ei
3769 2020 3821 2076 in

2176 2105 2522 2176 episcopatu
2554 2107 2824 2162 Romana
2855 2107 3120 2164 ecclesia
3147 2111 3276 2177 post
3299 2107 3354 2162 d.
3381 2109 3450 2160 22
3472 2107 3821 2165 Savinianus

2175 2194 2412 2262 Tuscus,
2441 2199 2606 2264 patre
2639 2196 2794 2251 Bono
2825 2195 2896 2251 de
2927 2195 3166 2251 civitate
3201 2195 3385 2264 Blera,
3411 2194 3562 2251 sedit
3584 2209 3638 2251 a.
3665 2202 3722 2267 1,
3747 2212 3823 2252 m.

2177 2285 2227 2349 :5,
2261 2279 2315 2335 d.
2342 2285 2375 2336 8
2398 2279 2678 2352 (Gestap.
2708 2284 2828 2349 12.).
2853 2283 2954 2339 Hic
2977 2283 3201 2338 addidit
3227 2281 3530 2338 luminaria
3554 2282 3610 2337 in
3634 2282 3824 2339 eccle-

2178 2368 2261 2423 sia
2298 2369 2451 2424 beati
2485 2370 2664 2425 Petri.
2701 2371 2837 2427 Post
2871 2386 3002 2427 eum
3036 2370 3190 2426 sedit
3233 2369 3575 2426 Bonefacius
3607 2371 3682 2425 IIl
3717 2371 3826 2426 Ro-

2178 2471 2402 2528 manus,
2437 2463 2605 2528 patre
2635 2459 2894 2515 Iohanne
2925 2457 3010 2532 19:,
3047 2474 3119 2515 m.
3155 2462 3208 2528 8,
3243 2459 3299 2514 d.
3332 2461 3420 2513 22.
3455 2458 3556 2514 Hic
3590 2460 3822 2529 rogavit

2178 2545 2587 2616 imperatorem
2607 2551 2666 2602 ut
2681 2551 2972 2603 statueret
2989 2549 3298 2603 Romanam
3315 2545 3626 2602 ecclesiam
3643 2553 3824 2618 caput

2175 2647 2303 2690 esse
2327 2635 2578 2690 omnium
2597 2635 3000 2706 ecclesiarum,
3018 2635 3148 2706 quia
3168 2634 3818 2705 Constantinopolitana

2176 2737 2237 2777 se
2263 2721 2500 2792 primam
2525 2723 2842 2779 scribebat.
2871 2723 3348 2792 Bonefaciusllll,
3366 2722 3436 2778 de
3451 2722 3695 2779 civitate
3721 2725 3819 2780 Va-

2177 2810 2316 2865 leria
2343 2812 2577 2867 natione
2602 2812 2940 2882 Marsorum,
2970 2817 3133 2882 patre
3171 2811 3432 2867 Iohanne
3455 2811 3708 2881 medico,
3735 2827 3820 2868 se-

2177 2899 2335 2954 dita.
2369 2903 2422 2968 6,
2451 2914 2522 2953 m.
2549 2904 2602 2968 8,
2631 2899 2684 2954 d.
2714 2904 2796 2954 13.
2825 2901 2900 2955 De
2932 2899 3040 2954 hoc
3075 2899 3292 2968 legitur
3323 2899 3378 2954 in
3409 2898 3821 2956 ecclesiastica

2177 2986 2454 3056 hysteria,
2491 2989 2643 3056 quod
2696 2988 3020 3058 impetrarit
3061 3003 3090 3042 a
3137 2989 3281 3043 Foca
3315 2986 3520 3043 donari
3551 2984 3818 3042 ecclesia

2178 3074 2390 3130 Christi
2410 3074 2683 3146 templum
2705 3077 2900 3133 Roma
2915 3075 3065 3146 quod
3083 3075 3377 3131 Pantheon
3393 3075 3718 3131 vocabatur
3732 3074 3816 3144 9‘,

2175 3163 2344 3232 cujus
2398 3169 2645 3235 papatus
2692 3164 2824 3220 ηδ...
2879 3181 3028 3222 anno
3079 3166 3256 3221 Foca;
3301 3164 3467 3220 obiit.
3522 3164 3816 3236 [Faenza]

2177 3254 2312 3307 Cum
2346 3252 2496 3306 enim
2531 3251 2832 3309 Heraclius
2864 3251 3151 3324 patricius
3200 3257 3362 3309 esset
3411 3252 3817 3309 universarum

2176 3338 2404 3394 An‘riea
2431 3339 2882 3410 provinciarum,
2908 3344 2964 3394 et
2995 3341 3168 3395 Focas
3192 3339 3496 3410 imperium
3530 3339 3818 3410 nequissi-

2175 3441 2262 3482 me
2288 3433 2539 3497 regeret,
2558 3432 2613 3482 et
2641 3427 2808 3483 modo
2832 3427 3492 3484 amentiathesaurosin
3512 3441 3670 3483 mare
3688 3443 3818 3498 pro-

2170 3513 2401 3584 jiceret,
2429 3515 2630 3571 dicens
2661 3531 2723 3571 se
2757 3516 3024 3586 Neptuno
3055 3529 3292 3572 munera
3326 3516 3486 3586 dare,
3511 3521 3815 3572 senatores

2172 3607 2484 3658 cernentes
2515 3605 2664 3674 quod
2701 3603 2881 3660 vellet
2913 3605 3219 3675 imperium
3255 3620 3358 3676 per
3387 3603 3701 3661 stultitiam
3726 3605 3816 3661 de~

2176 3698 2428 3762 struere,
2450 3692 2700 3748 factione
2716 3692 2963 3749 lleraclii
2981 3695 3246 3749 Focatem
3262 3691 3690 3764 apprehensum
3708 3708 3818 3748 ma-

2176 3779 2348 3835 nibus
2371 3785 2431 3834 et
2454 3779 2703 3849 pedibus
2728 3779 3035 3849 truncatis,
3063 3778 3254 3850 lapide
3278 3779 3348 3834 ad
3371 3777 3586 3835 collum
3614 3779 3812 3850 ligato,

2176 3867 2230 3946 in
2268 3882 2422 3922 mare
2440 3867 2832 3937 projecerunt,
2853 3872 2913 3923 et
2936 3867 3241 3924 Heraclius
3263 3881 3556 3924 consensu
3578 3873 3817 3925 senatus

2175 3954 2528 4012 sublimatur
2559 3955 2614 4011 in
2658 3971 2896 4026 regnum
2928 3970 3078 4012 anno
3107 3959 3212 4012 607
3235 3954 3302 3989 ¹⁹⁶
3325 3955 3547 4028 [Reum]
3573 3957 3715 4013 Cum
3740 3957 3817 4012 in-

2175 4043 2485 4100 festatione
2508 4044 2817 4100 Persarum
2843 4043 3040 4100 multa
3056 4043 3279 4114 imperii
3299 4043 3612 4114 provincia
3626 4050 3818 4101 vasta-

2171 4135 2249 4188 ta
2276 4131 2524 4188 fuissent
2540 4131 2901 4203 temporibus
2916 4130 3175 4188 Mauricii
3189 4135 3248 4187 et
3264 4131 3490 4189 Focatis
3513 4131 3588 4187 im
3598 4137 3818 4204 perato-

2172 4235 2320 4291 rum,
2354 4220 2720 4292 temporibus
2777 4219 2905 4289 ejus
2952 4221 3144 4276 Persa
3177 4219 3541 4277 Calchedona
3573 4219 3812 4277 civitate

2171 4314 2400 4367 vastata
2445 4307 3004 4380 ConstantinOpolim
3053 4322 3284 4380 quoque
3335 4310 3534 4366 sedem
3587 4309 3813 4382 imperii

2171 4398 2478 4455 destruere
2509 4395 2920 4466 moliebantur,
2958 4395 3288 4466 multasque
3320 4395 3388 4429 ¹⁹⁶
3419 4395 3812 4453 Romanorum

411 4482 673 4540 Iohanne
709 4483 1362 4555 Constantinopolitano
1391 4499 1521 4541 cum
1553 4485 1685 4541 aliis
1712 4485 1912 4542 multis
1939 4486 2059 4558 epi-
2087 4481 2140 4542 D
2171 4485 2496 4560 provintias
2527 4488 2586 4541 et
2619 4485 2801 4555 ipsam
2839 4483 3237 4541 Ierosolimam
3293 4484 3596 4555 invadunt,
3630 4490 3686 4540 et
3721 4485 3816 4541 de-

414 4571 610 4644 scopis
645 4570 798 4628 facto
833 4571 1118 4628 triduario
1142 4571 1363 4642 jejunio
1385 4572 1574 4630 levata
1600 4588 1729 4630 cum
1755 4587 1886 4630 arca
1913 4589 2060 4632 mar-

417 4673 634 4730 morea,
667 4659 746 4715 ita
781 4659 891 4717 levi
925 4660 1076 4717 facta
1109 4671 1176 4716 ac
1206 4660 1254 4716 si
1288 4660 1358 4718 de
1401 4661 1558 4732 ligno
1592 4662 1817 4731 fuisset,
1851 4662 2057 4720 ordine

415 4745 677 4822 pedestri
715 4747 1155 4804 Hieroselimam
1187 4763 1318 4806 cum
1350 4748 1657 4805 devotione
1690 4749 2056 4807 sanctissima

416 4837 722 4910 perducta,
747 4840 806 4893 et
840 4836 895 4891 in
929 4833 1060 4892 loco
1093 4835 1188 4893 ubi
1212 4851 1360 4894 crux
1379 4835 1603 4893 Domini
1627 4836 1908 4894 adoratur
1925 4855 2055 4896 cum

416 4924 720 4995 triumpho
754 4923 963 4994 posita.

487 5013 770 5084 Tempore
797 5009 864 5044 ¹⁸⁹
911 5012 1168 5071 Mauricii
1219 5011 1610 5084 imperatoris,
1653 5011 2056 5086 pontificatum

417 5103 691 5160 Romana
717 5099 982 5159 ecclesia
1013 5107 1222 5174 agente
1274 5117 1417 5174 papa
1471 5103 1749 5174 Gregorio
1780 5119 1830 5162 a.
1862 5110 1896 5162 9
1923 5121 2059 5165 con-

419 5188 672 5250 structio
699 5190 926 5250 cenobii
957 5191 1408 5251 Flaviniacensis
1437 5191 1493 5250 in
1523 5197 1722 5251 castro
1752 5199 2059 5268 pranomi-

2169 4579 2467 4634 struentes
2487 4571 2769 4630 ecclesias
2789 4579 2846 4629 et
2872 4577 3072 4631 sancta
3102 4573 3495 4644 profanantes,
3513 4572 3670 4628 inter
3683 4571 3812 4629 reli-

2169 4678 2281 4736 qua
2304 4664 2640 4719 ornamenta
2664 4659 2838 4716 etiam
2863 4659 3138 4717 vexillum
3162 4664 3381 4717 sancta
3411 4659 3611 4718 crucis
3633 4660 3812 4718 abdu-

2168 4757 2329 4812 cunt.
2367 4752 2658 4824 [Faenza]
2693 4755 2903 4808 Contra
2937 4767 3084 4822 quos
3114 4751 3419 4808 Heraclius
3461 4751 3646 4808 aciem
3678 4751 3810 4809 diri-

2165 4843 2274 4913 git,
2300 4845 2358 4897 et
2392 4840 2501 4911 ipsi
2535 4839 2652 4896 duo
2673 4838 2972 4896 exercitus
2995 4838 3292 4911 principes
3318 4837 3602 4909 singulari
3627 4843 3808 4896 certa-

2168 4929 2320 4986 mine
2351 4929 2622 4985 omnibus
2651 4942 2723 5011 ex
2755 4933 3004 4998 utraque
3038 4931 3203 4999 parte
3233 4932 3504 4984 eventum
3531 4926 3617 4985 rei
3639 4942 3811 5000 expe-

2167 5020 2466 5078 ctantibus
2517 5017 2998 5090 congrediuntur.
3047 5015 3350 5074 Reraclius
3401 5015 3590 5074 victor
3636 5021 3805 5090 caput

2167 5111 2362 5166 Persa
2395 5103 2682 5178 pracidit,
2718 5109 2778 5161 et
2809 5107 2998 5162 totum
3031 5105 3342 5161 Persarum
3372 5103 3700 5164 exercitum
3740 5103 3806 5162 ad

2169 5196 2340 5256 sedes
2372 5193 2640 5268 proprias
2673 5191 2904 5264 regredi
2936 5191 3238 5266 compulit.
3272 5193 3411 5250 Post
3460 5191 3570 5251 hec
3601 5196 3807 5252 evectu

443 5333 447 5338 ἡ
492 5371 573 5453 ³⁸⁸-
583 5375 862 5453 Tempore
893 5409 962 5453 -—‘
972 5334 1430 5453 archiepiscopo
1454 5377 1525 5434 in
1558 5391 1750 5453 gnara.
2026 5294 2486 5444 91133:}
2513 5376 2873 5453 quibasdam
2901 5378 3140 5453 qrasiq._
3159 5376 3228 5413 ω
3253 5389 3558 5453 superscr,
3587 5377 3806 5453 agr-agt.

407 5446 601 5522 paulo
626 5445 914 5528 nigrior-0‘.
947 5445 1015 5481 ⁸⁸³
1045 5445 1205 5528 Haec
1214 5445 1425 5528 ultima
1450 5445 1875 5528 carnari-am.
1897 5457 2106 5528 magis
2119 5457 2296 5528 nigro
2321 5445 2624 5528 suprascr.
2657 5447 2726 5528 “ff

2757 5447 3036 5515 Quadam
3073 5447 3174 5508 hic
3209 5447 3389 5507 craia
3415 5448 3577 5507 sunt.
3610 5447 3680 5484 ³⁸⁸
3706 5449 3812 5508 La-

423 5515 584 5593 cuna
607 5515 827 5593 septem
847 5516 992 5593 [an
1026 5517 1226 5580 vocab.
1248 5519 1319 5580 in
1339 5529 1584 5578 ramra.
1617 5517 1688 5555 ιη
1717 5519 1911 5580 (fama
1935 5515 2134 5584 co'cab.
2151 5515 2664 5585 erasa/acidam.
2686 5517 2754 5554 ιδ’
2771 5518 3025 5580 Memmi
3046 5531 3352 5593 suprascr.
3382 5517 3452 5554 “7
3479 5517 3808 5592 multasque

419 5617 494 5634 -
519 5586 820 5648 abducunt
845 5586 917 5648 in
939 5599 1132 5662 marg.
