3898 6340
193 337 282 404 101
1468 327 1840 399 ΟΗΗΟΝῙΟ(

2013 365 2081 382 ι·-
2104 330 2260 398 LIB.
2290 331 2338 398 Ῑ.

3488 342 3602 410 102

194 476 382 536 navale
396 474 725 534 Persidam
745 470 1410 547 ingreditur,tribusque
1424 468 1665 527 circiter
1682 465 1847 524 annis
1875 465 1933 528 A
1962 467 2182 526 habens
2196 484 2434 527 uxorem
2453 466 2625 527 ﬁliam
2646 468 2866 529 sororis
2878 488 3017 544 sua,
3051 480 3186 545 post
3201 469 3411 534 annum
3430 481 3595 552 regni

201 569 426 627 Persida
446 571 711 636 vastata,
749 580 870 623 sua
892 578 1016 621 eam
1040 560 1244 618 ditioni
1269 558 1541 629 subjecit,
1606 556 1848 626 lignum-

206 675 307 732 que
336 656 705 714 Dominicum
741 652 1086 726 reportavit.
1113 649 1486 706 Postmodum
1529 648 1738 702 Persas
1762 659 1848 700 re-

206 749 484 805 bellantes
516 746 739 801 iterato
763 745 1002 814 superat
1034 744 1090 796 et
1125 739 1232 796 sibi
1273 736 1534 807 subjicit.
1586 733 1692 801 Qui
1715 748 1844 790 cum

202 842 358 895 esset
381 833 822 908 pulcherrimus
861 834 1124 902 aspectu,
1197 826 1557 883 fortissimus
1597 822 1841 891 viribus,

200 931 495 999 pugnator
514 921 815 993 egregius,
833 918 1049 975 litteris
1073 916 1249 973 etiam
1269 913 1529 987 apprime
1551 910 1841 978 eruditus,

197 1027 451 1072 cernens
472 1012 531 1067 in
563 1009 837 1079 syderum
888 1006 1072 1078 signis
1093 1019 1123 1060 a
1180 1001 1541 1059 circumcisis
1567 999 1844 1070 gentibus

198 1100 509 1175 imperium
535 1096 981 1164 devastandum,
1007 1093 1221 1149 direxit
1258 1090 1501 1147 nuncios
1552 1089 1623 1145 ad
1666 1089 1845 1156 Dago—

194 1192 434 1247 bertum
466 1201 665 1258 regem
692 1188 1062 1252 Francorum,
1096 1184 1302 1253 petens
1325 1184 1598 1235 utomnes
1626 1176 1844 1232 Judeos

193 1278 363 1350 regni
389 1278 481 1334 sui
505 1274 790 1348 baptizari
809 1272 1176 1346 praciperet,
1197 1267 1351 1339 quod
1373 1272 1429 1323 et
1447 1267 1570 1338 ipse
1603 1265 1842 1320 decreto

194 1365 327 1421 ﬁeri
378 1361 588 1419 statuit
614 1375 716 1431 per
739 1372 939 1414 omnes
963 1354 1296 1428 provincias
1342 1350 1589 1422 imperii.

267 1448 522 1509 Anno‘”
551 1444 1051 1517 Heracliiimperii
1084 1448 1135 1512 5,
1154 1446 1325 1499 natus
1392 1444 1484 1496 est
1536 1438 1838 1505 Mahamet,

190 1543 299 1614 qui
333 1555 467 1597 cum
489 1542 645 1595 esset
670 1534 1011 1602 infantulus,
1039 1530 1329 1589 defunctis
1349 1532 1513 1601 patre
1544 1533 1601 1583 et
1635 1532 1840 1596 matre,

189 1630 436 1687 adhesit
464 1628 653 1683 vidua
678 1627 877 1695 quaet
902 1621 1219 1679 nutriebat.
1267 1621 1522 1688 Cumque
1563 1615 1844 1673 adolevis-

189 1726 315 1790 set,
342 1717 501 1788 cepit
539 1730 642 1787 per
674 1713 867 1770 scolas
927 1710 1387 1767 Christianorum
1413 1707 1495 1763 ire
1513 1710 1573 1762 et
1621 1705 1845 1761 audito-

1960 557 2049 614 sui
2080 562 2147 614 27
2178 559 2499 615 crudeliter
2529 560 2706 615 vitam
2741 560 2945 617 ﬁnivit.
2967 563 3322 621 lleraclonus
3349 566 3415 599 η’
3464 583 3594 626 cum

1960 654 2143 702 matre
2174 662 2274 703 sua
2307 648 2562 718 Martyna
2599 650 2863 718 regnavit
2893 651 3059 706 annis
3085 655 3139 721 2,
3172 653 3265 709 cui
3299 657 3594 713 successit

1958 735 2377 792 Constantinus
2398 736 2552 793 ﬁlius
2568 738 2818 794 Heraclii
2840 740 3137 796 mensibus
3163 744 3214 810 6,
3244 756 3397 798 anno
3413 745 3600 801 Domi-

1956 821 2098 878 nica
2114 822 2532 879 incarnationis
2545 828 2669 895 634,
2688 826 2965 896 pontifice
2981 828 3250 894 Honorio,
3274 830 3594 889 indictione

1955 915 2004 965 7.
2034 910 2172 982 (Ῑῦ.)
2201 912 2271 967 Et
2301 914 2589 970 successit
2619 914 2675 969 in
2701 928 2939 984 regnum
2970 917 3080 971 sub
3112 921 3314 973 tenera
3349 923 3597 976 atateet

1956 1000 2202 1055 consilio
2243 1002 2654 1058 Constantinus
2689 1002 2840 1058 ﬁlius
2879 1004 3139 1075 ejus,qui
3173 1011 3231 1060 et
3284 1007 3587 1079 Constans,

1955 1086 2122 1156 cujus
2156 1092 2415 1160 tempore
2449 1105 2543 1147 res
2572 1090 2846 1161 publicaa
2875 1092 3212 1150 Sarracenis
3241 1095 3481 1152 nimium
3498 1110 3594 1153 va-

1954 1179 2165 1232 statur.
2209 1178 2449 1233 Duravit
2482 1179 2846 1236 hecvastitas
2862 1195 2968 1251 per
2988 1195 3174 1238 annos
3206 1186 3272 1238 47
3306 1198 3492 1253 usque
3521 1184 3594 1239 ad

1954 1266 2217 1334 tempora
2252 1265 2615 1322 Constantini
2647 1269 2921 1338 superius
2951 1269 3250 1325 nominati.
3311 1272 3464 1327 Tunc
3497 1277 3591 1328 est

1956 1352 2334 1411 Ilierosolima
2368 1359 2537 1427 capta
2570 1360 2855 1413 etcetera
2871 1371 3093 1414 eversa
3108 1359 3380 1417 civitates
3415 1361 3593 1431 ;.Egi-

1956 1444 2091 1510 ptus
2124 1442 2394 1512 superior
2443 1448 2500 1499 et
2536 1444 2773 1500 inferior
2833 1447 3191 1516 pervaditur,
3236 1448 3586 1505 Alexandria

1955 1528 2185 1599 capitur
2216 1533 2275 1584 et
2309 1530 2609 1602 predatur,
2642 1532 2849 1589 Afi‘rica
2880 1538 3002 1589 tota
3036 1540 3323 1607 vastatur,
3369 1537 3502 1593 Asia
3532 1542 3591 1594 et

1955 1617 2183 1688 Europa
2219 1620 2581 1690 quatiuntur,
2614 1625 2670 1676 et
2705 1623 2894 1678 omnia
2929 1637 3104 1692 regna
3142 1625 3284 1679 mari
3318 1627 3593 1696 contigua

1959 1708 3151 1779 pervagantur.Constautinopolistantum
3168 1727 3297 1769 cum
3321 1713 3597 1770 Traciana

190 1809 305 1865 riis
339 1806 724 1871 interesse,et
752 1817 881 1872 qua
905 1798 1292 1867 ibiaudiebat,
1320 1796 1469 1852 domi
1512 1794 1845 1851 hominibus
1876 1817 1929 1877 Β
1962 1794 2253 1864 provincia
2282 1800 2361 1865 et,
2400 1797 2600 1866 paucis
2632 1797 2838 1853 insulis
2868 1803 2924 1854 et
2985 1801 3239 1855 Romana
3301 1802 3596 1872 provincia

190 1895 399 1968 gentis
426 1908 548 1950 sua
569 1892 883 1948 referebat.
910 1891 979 1944 At
997 1887 1079 1943 illi
1114 1886 1476 1942 mirabantur
1513 1884 1628 1954 jam
1655 1888 1772 1938 tum
1790 1882 1845 1937 in

188 1982 657 2056 eosapientiam,
687 1995 820 2036 cum
846 1977 1117 2035 audirent
1145 1976 1217 2031 ab
1243 1989 1313 2031 eo
1338 1989 1465 2043 qua
1518 1972 1841 2028 audierant.

188 2075 299 2130 Die
325 2073 510 2143 igitur
528 2069 775 2141 quadam
797 2082 929 2123 cum
970 2066 1373 2121 reverteretUr
1429 2062 1501 2116 ab
1532 2059 1841 2129 auditorio,

187 2162 436 2217 obviam
463 2159 670 2215 habuit
695 2155 990 2213 diabolum
1029 2153 1337 2208 habentem
1363 2164 1429 2205 os
1474 2163 1735 2217 aureum,
1786 2154 1843 2204 et

188 2250 493 2306 dicentem
518 2261 581 2303 se
594 2259 725 2303 esse
741 2241 1066 2300 Gabrielem
1089 2237 1498 2308 archangelum
1516 2237 1755 2293 missum
1814 2251 1844 2291 a

189 2341 317 2395 Deo
342 2338 416 2394 ad
438 2339 653 2409 ipsum,
680 2339 741 2392 ut
769 2332 1115 2406 pradicaret
1144 2328 1302 2398 genti
1332 2343 1452 2384 sua
1476 2342 1603 2399 qua
1653 2326 1847 2383 audie-

193 2431 291 2482 rat
316 2437 378 2483 et
399 2426 822 2482 sciebat.Tunc
834 2420 990 2492 cepit
1021 2417 1345 2490 pradicare
1370 2416 1649 2472 Mahamet
1667 2419 1729 2471 ut
1751 2413 1847 2470 de-

194 2515 607 2586 relinquerent
632 2510 790 2569 idola
806 2508 1142 2565 manufacta
1169 2510 1229 2561 et
1271 2505 1583 2561 adorarent
1623 2511 1848 2560 creato-

195 2619 324 2660 rem
349 2603 451 2674 qui
484 2601 768 2671 fecitqua
790 2601 946 2655 sunt.
985 2598 1240 2665 Cumque
1255 2592 1453 2665 plures
1496 2592 1846 2649 adhererent

195 2693 282 2748 illi
301 2698 361 2748 et
379 2698 442 2747 ut
457 2689 804 2762 prophetam
845 2700 975 2743 eum
1007 2684 1310 2739 haberent:
1337 2682 1707 2751 congregatis
1749 2681 1846 2752 qui

194 2796 404 2839 secum
422 2783 592 2835 erant
608 2792 767 2835 arma
782 2774 1113 2847 sumpsit,et
1129 2776 1192 2828 ut
1207 2786 1309 2829 rex
1323 2776 1383 2828 et
1404 2771 1682 2843 propheta
1702 2785 1848 2842 quos

198 2874 441 2942 poterat
465 2868 579 2924 sibi
600 2865 971 2936 subjiciebat,
994 2866 1050 2919 et
1076 2860 1339 2932 regnavit
1355 2859 1411 2915 in
1462 2862 1762 2931 Damasco,
1787 2863 1847 2916 et

195 2964 380 3030 caput
407 2957 574 3027 regni
597 2956 725 3025 ejus
747 2951 1061 3024 Babylonia
1077 2950 1289 3007 civitas
1323 2949 1450 3005 fuit.
1614 2961 1624 2965 ’

271 3046 1007 3125 [Faenzc.][Agarenorum
1053 3040 1236 3110 igitur
1281 3052 1426 3108 gens
1473 3038 1843 3109 circumcisa,

1960 1882 2163 1939 ditioni
2192 1883 2416 1955 imperii
2450 1891 2874 1942 remanserunt.

2033 2014 2045 2026 .
2093 2015 2106 2027 .
2142 1972 2263 2029 rius
2298 1987 2441 2043 papa
2467 1972 2874 2044 Apellinarista
2911 2017 2923 2030 .
2971 2018 2981 2030 .
3024 1991 3090 2032 us
3108 1981 3200 2032 est
3230 1976 3317 2032 ὀο.

2032 2064 2193 2118 Anno
2221 2060 2289 2095 ²⁰¹
2319 2062 2430 2117 inc.
2466 2063 2621 2117 Dom.
2665 2068 2787 2132 651,
2832 2071 2887 2120 11
2939 2064 3060 2121 Kal.
3115 2066 3237 2121 Mai.
3291 2066 3589 2123 ordinatio

1961 2149 2153 2205 domni
2186 2150 2443 2206 Widadri
2476 2151 2727 2223 abbatis,
2757 2168 2886 2209 cum
2958 2153 3148 2210 locum
3207 2154 3599 2212 Flaviniacen-

1960 2252 2077 2293 sem
2108 2243 2175 2295 48
2205 2239 2372 2294 annis
2404 2239 2735 2309 Magoaldus
2766 2242 2950 2297 abbas
2982 2242 3255 2299 rexisset.

2032 2328 2192 2382 Anno
2226 2328 2297 2382 ab
2329 2327 2440 2383 inc.
2477 2329 2633 2383 Dom.
2669 2329 2792 2397 635,
2814 2344 2956 2401 papa
2973 2328 3279 2400 Vitaliano,
3314 2330 3599 2389 adventus

1960 2415 2254 2471 Benedicti
2289 2416 2343 2470 in
2379 2415 2614 2485 Gallias,
2675 2422 2731 2471 et
2788 2418 3098 2488 Tequemio
3156 2419 3301 2475 obiit
3355 2413 3596 2477 sanctus

1963 2503 2253 2559 Amandus
2273 2504 2631 2572 Tungrorum
2648 2503 2979 2575 episcopus:
2997 2504 3087 2561 cui
3115 2505 3405 2561 successit
3435 2521 3601 2563 sanc-

1961 2594 2056 2645 tus
2084 2590 2413 2646 Remaclius
2433 2605 2581 2646 anno
2616 2590 2840 2661 imperii
2876 2593 3241 2648 Constantini
3298 2597 3387 2663 22,
3418 2600 3476 2649 et
3545 2595 3598 2651 ei

1957 2678 2349 2749 Theodardus,
2383 2682 2444 2735 et
2472 2678 2809 2736 Theodardo
2839 2685 3075 2737 sanctus
3106 2682 3465 2739 Lambertus.

2031 2767 2235 2837 (Gesta
2252 2783 2317 2838 ρ.
2353 2769 2451 2837 Β.)
2485 2767 2790 2823 Bonefacio
2836 2768 3017 2837 igitur
3067 2784 3230 2840 papa
3281 2774 3411 2841 post
3473 2772 3599 2829 dies

1956 2861 2025 2912 25
2055 2855 2343 2913 successit
2378 2853 2692 2910 Deusdedit
2743 2857 3053 2923 Romanus,
3104 2864 3269 2927 patre
3302 2860 3595 2929 Stephano

1959 2944 2317 3001 subdiacouo
2341 2942 2494 2998 sedit
2526 2948 2646 3011 a.3,
2683 2942 2736 2998 d.
2763 2947 2850 2998 23.
2904 2945 3040 3000 Post
3069 2959 3237 3014 quem
3297 2960 3369 3001 m.
3423 2952 3473 3015 5,
3535 2948 3590 3002 d.

1958 3037 2026 3089 26
2048 3032 2272 3089 exactis
2295 3030 2446 3087 sedit
2522 3030 2846 3088 Bonifacius
2904 3034 2966 3102 ν,
3022 3034 3365 3104 Campanus,
3425 3038 3596 3104 patre

194 3119 371 3216 qu'iet
398 3133 704 3195 Sarraceni
766 3130 1002 3198 dicitur,
1044 3142 1276 3199 egressa
1301 3142 1331 3183 a
1392 3126 1576 3183 latere
1634 3126 1846 3183 montis
1879 3169 1929 3232 Ο
1956 3123 2233 3189 Iohanne,
2265 3134 2315 3175 a.
2352 3123 2402 3174 5.
2436 3119 2537 3175 Hic
2559 3120 2865 3176 constituit
2897 3124 2959 3176 ut
3005 3120 3158 3177 ullus
3216 3121 3287 3176 de
3341 3121 3594 3179 ecclesia

432 3227 444 3232 -
877 3219 935 3232 η,
1029 3217 1040 3227 ·
1200 3230 1311 3232 μίγη
1336 3214 1382 3232 ξᾼ
1433 3213 1639 3232 Asan--l-
1957 3211 2296 3232 ι..-ι.-.....ι.-..
2352 3206 2635 3232 Ω..Α,.,.,.,.;ι
2671 3212 2797 3232 ..Ληο
2837 3207 3565 3232 ᾹεΛΑΔηΙΙΑ-Α-ε.--ηι......,.

96 3215 103 3219 ’
198 3213 447 3289 Caucasi
480 3237 659 3296 super
680 3233 841 3276 mare
873 3217 1165 3288 Caspium,
1188 3214 1390 3272 cumin
1432 3213 1644 3271 nimian
1708 3214 1850 3271 mul-

194 3318 520 3376 titudinem
546 3310 931 3375 coaluissent,
954 3304 1188 3361 tandem
1204 3319 1361 3361 arma
1376 3309 1693 3376 sumentes,
1718 3321 1853 3376 pro-

196 3407 416 3465 vinciis
447 3399 698 3459 Heraclii
723 3392 1677 3467 imperatorisvastandisirruunt,
1716 3391 1852 3450 con-

200 3504 293 3554 tra
312 3508 459 3566 quos
479 3487 787 3546 Heraclius
808 3483 1020 3539 direxit
1041 3482 1386 3538 exercitum.
1414 3481 1525 3538 Sed
1548 3482 1850 3538 Sarraceni

200 3584 424 3641 milites
444 3582 747 3649 superant,
773 3586 993 3642 eosque
1013 3570 1209 3641 gladio
1228 3571 1487 3640 graviter
1526 3570 1845 3643 trucidant,

203 3675 285 3729 ita
319 3675 380 3728 ut
406 3664 681 3724 150milia
708 3659 1392 3730 milituminterﬁcerent,
1427 3658 1620 3730 Spolia
1649 3674 1848 3716 eorum

201 3758 475 3818 Heraclio
507 3754 785 3822 oﬁ‘erunt,
821 3765 948 3821 qua
983 3748 1079 3804 ille
1104 3748 1365 3820 recipere
1380 3748 1850 3819 noluit,cupiens

202 3862 385 3922 super
417 3846 779 3901 Sarracenos
811 3837 1126 3907 vindicare,
1159 3842 1220 3891 et
1249 3834 1851 3905 mittenslegationem

203 3941 408 4011 portas
426 3948 575 4006 quas
600 3927 926 3987 Alexander
940 3924 1174 3982 Macedo
1188 3938 1366 3995 super
1389 3939 1547 3980 mare
1582 3926 1852 3996 Caspium

203 4042 394 4086 areas
425 4024 551 4081 ﬁeri
575 4026 634 4079 et
659 4019 1287 4089 serrarepraceperat,
1333 4018 1575 4085 propter
1612 4014 1854 4070 inunda-

206 4117 426 4173 tionem
444 4110 710 4183 gentium
738 4105 1213 4173 savissimarum,
1248 4116 1377 4173 qua
1410 4101 1566 4158 ultra
1609 4103 1851 4159 Caucasi

203 4202 423 4262 montis
453 4196 708 4256 culmina
731 4193 1092 4261 habitabant,
1123 4189 1356 4247 easdem
1388 4194 1593 4261 portas
1624 4190 1854 4261 aperire

206 4291 516 4366 pracepit,
550 4285 1048 4355 indequecentum
1082 4278 1238 4336 milia
1271 4282 1659 4350 pugnatorum
1711 4294 1854 4335 auro

208 4382 438 4439 locatos
459 4381 667 4434 contra
687 4376 1039 4429 Sarracenos
1071 4368 1249 4424 mittit
1282 4368 1352 4423 ad
1388 4366 1672 4438 pralium.
1692 4367 1856 4423 Cum-

206 4485 320 4543 que
350 4482 466 4524 non
505 4462 852 4537 proculase
903 4458 1150 4515 invicem
1209 4461 1402 4513 castra
1464 4460 1850 4527 metarentur,

1957 3211 2313 3268 traheretur.
2351 3206 2643 3265 Successit
2671 3212 2803 3279 post
2835 3207 3036 3264 dics13
3059 3209 3595 3281 HonoriusCampa-

1960 3314 2089 3369 nus,
2126 3301 2292 3369 patre
2322 3295 2598 3352 Petronio
2620 3295 2862 3351 consule
2891 3296 3041 3351 sedit
3069 3310 3119 3351 a.
3157 3300 3245 3366 12,
3295 3311 3368 3353 m.
3404 3302 3489 3366 11,
3533 3297 3588 3353 d.

1960 3394 2046 3447 18.
2082 3388 2185 3443 Hic
2207 3389 2478 3442 exortum
2512 3386 2664 3455 apud
2700 3385 3199 3441 Scottoserrorem
3223 3386 3293 3442 de
3322 3387 3595 3442 observa-

1957 3478 2117 3534 tione
2146 3475 2379 3531 Pascha
2404 3475 2609 3529 MJun.
2647 3488 2749 3545 per
2775 3472 3082 3544 epistolam
3112 3473 3429 3544 redarguit.
3457 3474 3593 3531 Suc-

1960 3565 2135 3623 cessit
2164 3562 2453 3619 Johannes
2484 3560 2717 3616 natione
2750 3559 3029 3630 Dalmata,
3068 3566 3232 3632 patre
3290 3562 3593 3634 Venantio,

1962 3653 2116 3711 sedit
2140 3666 2189 3708 a.
2224 3657 2275 3721 1,
2309 3665 2381 3705 m.
2409 3654 2462 3719 8,
2489 3649 2543 3704 d.
2581 3654 2664 3706 18.
2702 3648 2803 3704 Hic
2835 3664 2940 3719 per
2998 3649 3228 3705 Istriam
3260 3653 3319 3705 et
3378 3651 3601 3707 Dalma-

1959 3744 2099 3800 tiam
2132 3740 2345 3795 multas
2372 3737 2646 3810 pecunias
2674 3736 2916 3792 misitad
2933 3736 3390 3808 redemptionem
3416 3739 3600 3810 capti-

1960 3846 2165 3891 vorum
2200 3826 2419 3898 [Deum]
2456 3826 2555 3880 Hic
2583 3839 2713 3880 cum
2746 3824 2933 3880 adhuc
2988 3824 3216 3881 electus
3275 3830 3436 3881 esset
3500 3842 3602 3897 pro

1964 3919 2172 3995 pascha
2205 3921 2261 3971 et
2298 3928 2400 3985 pro
2416 3912 2604 3968 heresi
2638 3910 2945 3979 Pelagiana
2987 3912 3220 3966 Scottos
3276 3911 3597 3982 redarguit.

1962 4005 2296 4066 Theodorus
2327 4002 2567 4069 Grecus,
2601 4002 2766 4069 patre
2788 3998 3090 4054 Theodoro
3120 3997 3393 4069 episcopo
3432 3998 3504 4055 de
3523 4001 3604 4055 ci-

1962 4098 2146 4155 vitate
2179 4088 2539 4148 Hierusalem
2564 4091 2695 4160 post
2728 4103 2797 4142 m.
2835 4090 2865 4141 5
2887 4091 2944 4143 et
2975 4087 3030 4143 d.
3058 4091 3125 4142 13
3157 4086 3310 4142 sedit
3344 4101 3394 4143 a.
3447 4092 3593 4158 6,m.

1964 4191 2014 4256 5,
2051 4183 2106 4240 d.
2136 4185 2221 4237 18.
2258 4177 2543 4249 (Gestap.
2580 4178 2679 4249 R.)
2712 4175 2815 4232 Hic
2864 4175 3310 4247 condempnavit
3356 4176 3604 4248 Pyrrum

1964 4272 2141 4343 regia
2153 4267 2410 4327 civitatis
2430 4266 2793 4338 episcopum,
2810 4265 3054 4336 quicum
3074 4266 3222 4335 Cyro
3238 4263 3608 4323 Alexandria

1965 4367 2022 4418 et
2054 4358 2254 4429 Sergio
2286 4355 2699 4428 predecessore
2732 4369 2838 4411 suo
2869 4351 3321 4425 achephalorum
3352 4352 3605 4410 heresim

1965 4448 2417 4508 instauraverat.
2452 4442 2671 4515 [Bene]
2705 4442 2873 4498 Venit
2896 4441 3047 4498 enim
3080 4440 3213 4497 ﬁcta
3264 4446 3329 4498 ut
3360 4446 3487 4514 post
3509 4454 3609 4513 ap-

207 4528 838 4630 utriqueexercitusut
863 4560 1029 4603 mane
1053 4546 1206 4604 facto
1220 4544 1623 4614 conﬂigerent,
1649 4543 1852 4600 eadem
1884 4528 1937 4587 D
1968 4538 2162 4613 paruit
2194 4532 2514 4630 penitentia
2542 4535 2599 4588 et
2634 4530 2850 4587 obtulit
2890 4530 3076 4587 eidem
3129 4544 3272 4602 papa
3343 4528 3606 4587 libellum

207 4652 385 4705 nocte
408 4643 510 4700 Dei
535 4643 754 4698 virtute
775 4636 1073 4695 exercitus
1093 4633 1279 4691 Eracli
1324 4632 1676 4705 percutitur,
1693 4631 1856 4703 quin-

211 4733 491 4807 quaginta
522 4730 673 4788 enim
723 4741 926 4785 eorum
975 4722 1132 4780 milia
1178 4723 1234 4778 in
1285 4721 1493 4779 stratis
1531 4719 1620 4777 sui
1641 4720 1854 4775 mortui

212 4830 370 4883 sunt.
427 4821 553 4888 Quo
588 4821 745 4876 facto
778 4814 974 4872 territi
999 4812 1216 4869 milites
1236 4812 1307 4868 ad
1331 4810 1568 4883 prepria
1611 4814 1747 4866 sunt
1770 4824 1861 4866 re-

211 4913 391 4971 versi.
423 4908 748 4977 Sarraceni,
776 4908 838 4963 ut
851 4906 1157 4975 ceperunt,
1174 4899 1853 4972 provinciasdevastant.

1970 4623 2347 4700 pauitantia;
2364 4620 2465 4677 sed
2483 4619 2713 4675 domum
2728 4632 3004 4675 reversus
3024 4617 3095 4674 ad
3115 4616 3602 4689 vomitumrediit,

1970 4728 2139 4787 quam
2173 4712 2247 4767 ob
2281 4724 2398 4765 rem
2416 4710 2704 4780 prasente
2723 4706 2884 4763 clero
2895 4710 2955 4762 et
2971 4703 3186 4777 populo
3215 4705 3470 4761 Romano
3486 4704 3610 4761 vin-

1970 4803 2102 4863 culo
2125 4796 2528 4866 anathematis,
2563 4800 2630 4852 ut
2661 4793 3057 4866 praediximus,
3127 4792 3439 4848 innodatus
3492 4798 3604 4850 est.

1974 4892 2179 4965 (Gesta
2192 4905 2251 4961 ρ.
2271 4889 2369 4959 R.)
2386 4887 2525 4942 Post
2543 4884 2902 4939 Theodorum
2917 4880 3198 4936 Martinus
3213 4880 3284 4935 de
3296 4880 3609 4939 Tudertina

379 5002 497 5073 jam
534 4968 941 5056 Hierosolimis
984 4968 1496 5063 propinquassent,
1559 4986 1862 5044 Heraclius
1971 4980 2199 5073 Tuscia
2227 4975 2380 5073 sedit
2413 4989 2464 5031 a.
2499 4976 2551 5073 1:,
2588 4975 2730 5073 imis,
2756 4968 3168 5073 d..26..[l.3‘nna.]
3193 4969 3611 5069 Constantinus

212 5091 421 5149 videns
450 5088 606 5162 quod
623 5100 739 5144 non
765 5083 971 5157 posset
994 5080 1080 5137 eis
1093 5078 1393 5149 resistere,
1443 5076 1620 5132 nimio
1660 5076 1863 5131 amari-

213 5179 434 5237 tudinis
451 5190 681 5237 merore
711 5173 1019 5243 adreptue,
1042 5167 1114 5225 ad
1128 5166 1393 5224 ultimum
1425 5165 1627 5222 infelix
1665 5164 1865 5222 Euthi-

214 5267 622 5329 cetisheresim
635 5262 952 5323 sectanset
976 5256 1192 5314 Christi
1223 5254 1446 5312 cultum
1498 5252 1859 5325 relinquens,

1974 5070 2155 5141 igitur
2167 5066 2490 5136 deceptusa
2504 5058 2684 5116 Paulo
2697 5057 2876 5128 regia
2889 5055 3148 5113 civitatis
3162 5055 3440 5129 episcopo
3451 5057 3609 5116 sicut

1974 5164 2034 5217 et
2057 5155 2321 5215 Eraclius
2353 5163 2605 5225 proavus
2625 5147 2752 5218 eius
2773 5162 2803 5204 a
2836 5145 3057 5216 Sergio,
3117 5144 3331 5203 librum
3388 5160 3615 5219 compo-

1977 5251 2093 5310 suit
2134 5245 2417 5303 adversus
2464 5240 2634 5297 ﬁdem
2682 5234 3049 5296 catholicam.
3112 5234 3271 5294 Unde
3327 5235 3613 5295 Martinus

1577 5412 1815 5483 YARLIE
1854 5404 2254 5470 LECTIONES.

267 5574 331 5612 uo
356 5578 525 5634 Αηηο
542 5600 618 5612 ...
634 5553 1117 5637 civitasfuitmin
1140 5566 1349 5637 mg.
1368 5549 1439 5637 if?
1458 5552 1612 5637 Ager.
1627 5583 1715 5637 ἶ
1732 5551 1949 5637 1nd,},
1959 5536 2504 5637 damnandam
2529 5533 2750 5594 codici:
2777 5536 3055 5596 eam-uta.
3082 5534 3157 5572 '°°
3175 5548 3257 5596 an
3276 5550 3298 5590 .-
3319 5492 3624 5591 Honorius.

197 5609 335 5726 papa
356 5609 1364 5720 ’ἐυῒῇῐίιῖᾖὲῖᾗ-Βξέῖιίάξώ-οξὲιιε
1387 5626 1481 5679 est
1503 5618 1528 5678 ?
1547 5619 1617 5657 ³⁰¹
1645 5623 1791 5684 Hac
1810 5609 2208 5690 ἶνινῃιανθίπᾷ
2216 5609 2513 5685 leguntur.
3182 5656 3191 5665 .
