3898 6356
337 367 450 440 108

1275 360 1644 436 HUGONIS
1687 359 2046 433 ABBATIS
2091 355 2774 430 FLAVINIACENSIS

3620 360 3760 431 104

330 526 475 586 papa
501 489 856 581 congregata
909 505 1104 564 Romae
1145 506 1364 579 synodo
1415 511 1518 562 110
1564 506 1970 578 episcoporum
2007 497 2060 556 A
2095 493 2253 552 intus
2269 497 2543 562 palatium
2576 515 2764 572 suum,
2799 503 2964 572 regni
2999 502 3124 576 ejus
3154 521 3303 564 anno
3340 509 3424 578 14,
3460 503 3532 562 ab
3551 499 3761 560 incar-

326 599 659 672 dampnavit
694 599 804 654 sub
829 596 1194 653 anathemate
1225 595 1501 667 praefatos
1553 596 1782 665 Cyrum,
1847 590 1974 644 Ser-

325 689 500 758 gium,
534 690 778 758 Pyrrum
810 691 866 740 et
901 683 1142 740 Paulum
1170 683 1484 738 hereticos.
1547 685 1660 738 Pro
1715 694 1824 751 qua
1887 691 1976 732 rc-

333 777 545 832 missus
567 775 1005 844 abimperatorc
1025 772 1364 827 Theodorus
1379 767 1817 826 exarchustulit
1842 767 1977 821 Mar-

337 864 520 920 tinum
553 863 623 917 de
655 860 904 916 ecclesia
938 858 1431 927 Constantiniana,
1467 862 1526 914 et
1548 856 1824 928 perduxit
1845 867 1972 909 eum

336 947 916 1020 ConstantinOpolim.
967 947 1074 1014 Qui
1103 951 1230 1016 post
1291 946 1576 1015 religatus
1637 946 1970 1009 Cersonam,

337 1038 550 1094 ibidem
578 1036 754 1093 vitam
814 1035 1016 1104 ﬁnivit,
1081 1033 1280 1090 multis
1336 1035 1620 1090 virtutum
1673 1031 1854 1102 signis
1920 1029 1974 1084 in

337 1127 542 1184 eodem
567 1126 696 1182 loco
729 1139 909 1195 usque
932 1123 1102 1179 hodie
1125 1123 1442 1192 refulgens.

409 1217 572 1271 Anno
605 1217 760 1270 Dom.
823 1213 1040 1268 incarn.
1105 1215 1226 1281 640,
1283 1211 1644 1268 indictione.
1699 1208 1975 1264 Martinus

341 1307 725 1376 papatumsi.
772 1343 784 1354 .
830 1302 998 1356 Facta
1034 1305 1128 1355 est
1159 1300 1266 1356 hec
1315 1299 1574 1370 synodus
1623 1312 1770 1353 anno
1815 1299 1972 1350 Dom.

342 1393 452 1448 inc.
491 1395 612 1461 650,
649 1389 964 1446 indictione
997 1393 1047 1458 8,
1084 1403 1230 1442 anno
1263 1388 1490 1458 imperii
1525 1385 1886 1442 Constantini
1921 1389 1972 1452 9,

345 1483 442 1552 qui
478 1479 781 1552 imperavit
808 1481 1005 1549 postea
1039 1492 1089 1531 a.
1127 1482 1192 1532 19
1249 1481 1304 1531 et
1357 1479 1624 1531 mortuus
1683 1479 1772 1529 est
1830 1486 1978 1528 anno

343 1568 495 1624 dom.
531 1567 640 1622 inc.
677 1564 1130 1634 669,indictione
1165 1567 1247 1618 12.

415 1653 696 1726 (Gestap.
714 1655 812 1725 Β.)
838 1653 1129 1724 Eugenius
1143 1653 1451 1721 Romanus,
1469 1654 1637 1722 patre
1653 1648 1976 1718 Ruﬁniano,

345 1743 501 1800 sedit
532 1758 580 1798 a.
616 1747 670 1814 2,
707 1758 778 1798 m.
813 1747 864 1808 9,
902 1741 956 1797 (1.
990 1745 1078 1810 24,
1112 1741 1204 1796 cui
1244 1748 1376 1810 post
1427 1753 1680 1817 mensem
1740 1739 1796 1792 et
1857 1736 1982 1791 dies

2091 587 2324 642 natione
2357 589 2575 644 Domini
2605 593 2710 646 668
2764 588 3083 649 indictione
3105 599 3188 664 11,
3213 594 3502 664 simulque
3524 593 3757 662 legatis

2089 674 2428 743 apostolicae
2442 679 2982 751 sedisetepiscopis
2999 687 3100 737 150
3121 681 3752 738 residentibus.Prima

2087 761 2238 816 enim
2273 764 2525 832 synodus
2545 766 2696 836 apud
2733 767 2962 822 Niccam
2997 773 3100 826 318
3132 771 3366 826 Patrum
3391 772 3596 825 contra
3635 770 3754 822 Ar-

2091 847 2234 904 rium
2264 855 2525 922 tempore
2546 853 2811 910 Silvestri
2840 871 3002 926 papae
3027 857 3288 927 Romani,
3316 856 3753 912 MachariiHie-

2087 936 2493 1010 rosolimitani,
2514 939 2821 996 Alexandri
2847 943 3242 1012 Alexandrini,
3272 945 3382 1001 sub
3407 944 3755 1000 Constanti-

2088 1045 2160 1085 no
2187 1027 2466 1100 principe.
2498 1028 2761 1083 Secunda
2810 1029 3313 1102 Constantinopoli
3350 1036 3452 1086 150
3491 1032 3749 1087 Patrum

2088 1120 2288 1173 contra
2315 1115 2782 1171 Macedonianum
2815 1123 2876 1172 et
2909 1118 3272 1174 Euxodium“
3297 1119 3395 1188 qui
3449 1118 3750 1189 Spiritum

2089 1207 2354 1261 sanctum
2386 1203 2560 1258 Deum
2591 1217 2721 1258 esse
2746 1205 3035 1273 negabant
3069 1210 3332 1277 tempore
3375 1207 3601 1262 Damasi
3641 1222 3751 1278 pa-

2093 1307 2198 1364 pae,
2219 1289 2413 1362 Cyrilli
2435 1291 2945 1362 Hierosolimitani,
2971 1294 3228 1349 Noctarii
3246 1294 3752 1366 Constantinopo-

2092 1378 2376 1435 litanisub
2397 1377 2718 1433 Theodosio
2743 1380 2995 1451 seniore,
3027 1385 3086 1436 et
3118 1382 3376 1437 Gratiani
3427 1381 3743 1453 principis.

2089 1467 2286 1523 Tercia
2311 1466 2365 1520 in
2397 1466 2664 1536 Euphcso
2679 1469 3249 1526 200Patrumcontra
3275 1472 3607 1528 Nestorium
3652 1487 3750 1528 re-

2089 1555 2200 1624 giae
2217 1554 2725 1625 urbisepiscopum
2747 1561 2891 1612 uuas
2907 1558 3257 1627 personasin
3275 1559 3564 1616 Christum
3582 1574 3750 1616 assc-

2094 1642 2298 1710 rentis,
2316 1643 2425 1697 sub
2443 1641 3060 1712 Theodosiojunioreet
3078 1661 3226 1718 papa
3251 1647 3564 1718 Celestino,
3590 1653 3748 1704 tem-

2093 1743 2236 1802 pore
2264 1729 2560 1786 Iuvenalis
2580 1731 3206 1805 Constantinopolitani
3242 1735 3438 1806 Cyrilli
3488 1736 3750 1793 Alexan-

342 1837 413 1889 28
443 1831 734 1889 successit
765 1829 1086 1886 Vitalianus
1114 1828 1410 1897 Signcnsis
1463 1816 1774 1898 provinciae
1823 1826 1980 1879 Cam-
2010 1845 2064 1904 Β
2095 1816 2265 1872 άτίηίο
2303 1817 2519 1884 Quarta
2554 1819 2608 1874 in
2642 1819 2963 1878 Calcedone
2985 1824 3090 1877 630
3119 1823 3355 1878 Patrum
3391 1825 3499 1879 sub
3545 1825 3746 1880 Leone

345 1935 530 1992 panze,
569 1925 734 1990 patre
761 1917 1082 1987 Anastasio,
1108 1917 1257 1972 sedit
1291 1931 1340 1971 a.
1379 1918 1462 1985 14,
1501 1931 1571 1970 m.
1599 1919 1650 1970 6.
1677 1915 1778 1970 Hic
1817 1929 1982 1982 regu-

346 2007 459 2063 lam
491 2006 951 2064 ecclesiasticam
981 2009 1037 2060 et
1074 2005 1352 2073 vigorem,
1389 2008 1453 2059 ut
1473 2017 1594 2058 mos
1620 2007 1729 2071 cst,
1749 2001 1999 2074 omnino.

347 2095 622 2152 servavit.
656 2095 778 2161 Quo
809 2109 994 2165 nuper
1025 2093 1296 2148 ordinato
1361 2091 1774 2147 Constantinus
1827 2090 1980 2145 misit

348 2185 518 2240 beato
541 2185 716 2238 Petro
747 2181 1048 2250 evangelia
1082 2195 1254 2236 aurea
1287 2179 1532 2249 gemmis
1576 2179 1724 2234 albis
1777 2181 1980 2233 ornata

348 2271 507 2328 mirae
539 2269 972 2340 magnitudinis.
1032 2267 1357 2323 Vitalianus
1409 2266 1566 2322 misit
1629 2267 1979 2322 Britanniam

348 2359 634 2432 plurimos
665 2356 844 2412 divini
867 2354 1034 2411 verbi
1056 2354 1496 2424 praedicatores,
1547 2354 1644 2423 qui
1701 2353 1982 2409 ecclesias

349 2445 666 2516 Anglorum
702 2443 882 2500 multa
933 2441 1112 2498 divini
1143 2441 1306 2496 verbi
1350 2442 1513 2511 fruge
1573 2441 1976 2497 fecundarunt.

353 2532 766 2590 Constantinus
797 2532 1113 2602 imperator
1146 2529 1594 2584 Sarracenorum
1635 2529 1984 2586 tributarius

353 2623 542 2678 factus
574 2620 764 2676 tribus
793 2619 957 2674 annis
987 2621 1044 2672 et
1065 2615 1313 2688 amplius
1343 2631 1689 2687 unoquoque
1723 2616 1984 2672 diemille

349 2707 574 2766 solidos
604 2699 730 2765 auri
759 2705 966 2763 erariis
993 2705 1440 2760 Sarracenorum
1499 2703 1777 2760 reddebat
1823 2703 1980 2776 (1b.).

351 2795 599 2852 Tandem
631 2795 940 2866 aliquando
966 2792 1284 2864 resumptis
1314 2791 1539 2848 viribus
1560 2791 1782 2848 tributa
1815 2792 1986 2847 dene-

353 2883 531 2954 gavit,
565 2886 622 2940 et
648 2883 770 2954 ipse
793 2884 917 2952 post
957 2879 1234 2952 plurimas
1263 2883 1320 2936 et
1356 2879 1647 2935 inauditas
1689 2879 1986 2949 depraeda-

357 2973 548 3030 tiones
580 2970 894 3043 provinciis
919 2969 1122 3038 factas,
1155 2968 1385 3024 occisus
1417 2967 1473 3022 in
1524 2966 1730 3022 balneo
1763 2967 1934 3037 periit
1969 2985 1982 3032 ;

355 3059 619 3132 regnavit
651 3074 700 3114 a.
733 3062 820 3114 28.
855 3058 972 3113 Nec
1003 3055 1186 3112 multo
1203 3060 1332 3126 post
1352 3054 1861 3123 Vitalianusregna
1895 3070 1988 3110 ce-

356 3148 525 3206 lestia
553 3146 777 3220 petivit,
814 3145 908 3201 cui
944 3148 1074 3216 post
1109 3147 1229 3198 m.3
1251 3146 1308 3198 et
1329 3142 1384 3196 (1.
1405 3146 1469 3197 13
1499 3141 1788 3197 successit
1809 3141 1988 3198 Adeo-

355 3238 529 3295 datus
557 3239 850 3292 Romanus
881 3248 954 3290 ex
986 3231 1302 3301 monachis,
1338 3235 1506 3302 patre
1551 3231 1986 3302 Jobiano,sedit

355 3341 404 3382 a.
441 3329 490 3380 4.
529 3339 600 3380 m.
631 3327 686 3392 2,
723 3321 775 3376 (1.
812 3325 862 3376 δ.
894 3322 1122 3376 Postm.
1159 3321 1260 3374 4et
1291 3318 1344 3374 (1.
1373 3320 1644 3375 15Donus
1673 3319 1984 3386 Romanus,

355 3417 521 3484 patre
553 3409 845 3479 Mauricio,
873 3407 1024 3464 sedit
1055 3423 1106 3464 a.
1143 3413 1191 3478 1,
1221 3423 1292 3462 m.
1329 3412 1379 3478 5,
1411 3407 1466 3462 (1.
1495 3411 1577 3462 10.
1598 3407 1738 3463 Huic
1756 3413 1888 3479 post
1913 3424 1984 3464 in.

353 3505 388 3557 2
416 3504 474 3556 et
507 3499 562 3554 d.
598 3504 664 3554 15
697 3495 1225 3566 successitAgatho
1245 3494 1434 3552 Sicula
1459 3509 1605 3552 anno
1627 3497 1698 3551 ab
1731 3495 1991 3552 incarna-

354 3587 512 3644 tione
527 3585 887 3654 Domini666,
912 3583 1228 3640 indictione
1259 3587 1309 3653 5,
1337 3583 1488 3640 sedit
1519 3587 1638 3652 a.2,
1674 3599 1748 3640 m.
1783 3585 1906 3648 6,d.
1935 3589 1984 3640 4.

428 3675 648 3747 [83011.]
673 3675 834 3728 Anno
867 3672 1045 3742 igitur
1075 3672 1146 3727 ab
1179 3671 1578 3727 incarnatione
1609 3673 1832 3728 Domini
1861 3674 1986 3744 670,

357 3762 674 3820 indictione
707 3766 792 3832 13,
823 3764 1028 3832 epacta
1063 3801 1076 3815 .
1123 3801 1136 3814 .
1171 3764 1560 3816 concurrente
1593 3801 1604 3814 .
1650 3802 1663 3815 .
1711 3762 1990 3816 Constan-

356 3850 516 3908 tinus
537 3848 694 3906 ﬁlius
724 3847 1082 3906 Constantini
1106 3847 1429 3919 superioris
1487 3862 1734 3917 regnare
1791 3864 1984 3919 orsus,

356 3938 621 4009 regnavit
653 3951 704 3993 a.
739 3942 824 3992 17.
887 3935 1111 4006 Agatho
1153 3949 1298 4007 papa
1357 3941 1564 4004 rogatu
1625 3937 1988 3992 Constantini

355 4027 512 4084 misit
545 4027 601 4082 in
634 4025 854 4096 regiam
868 4025 1068 4080 urbem
1090 4023 1314 4093 legatos
1333 4039 1472 4080 suos
1500 4039 1604 4096 pro
1637 4025 1989 4082 adunatione

353 4113 616 4172 facienda
648 4116 982 4169 sanctarum
1014 4112 1112 4166 Dei
1134 4110 1536 4169 ecclesiarum.
1561 4112 1669 4178 Qui
1703 4113 1992 4183 benignis-

355 4205 555 4261 simea
587 4199 967 4258 Constantino
1008 4199 1289 4269 suscepti,
1318 4200 1466 4271 jussi
1509 4207 1645 4256 sunt
1693 4201 1989 4272 colloquio

357 4287 588 4362 paciﬁci
617 4287 689 4343 de
718 4286 832 4342 ﬁde
845 4299 979 4342 vera
1011 4287 1366 4361 perquirere.
1404 4287 1820 4344 Residentibus
1847 4303 1989 4360 ergo

359 4371 788 4446 tboepiscOpis,
814 4373 1165 4445 praesidente
1181 4374 1425 4444 Georgio
1463 4375 1992 4448 Constantinopoli-

359 4467 500 4519 tano
530 4465 592 4517 et
622 4460 928 4517 Machiario
942 4461 1320 4532 Antiocheno,
1339 4462 1494 4518 facto
1507 4462 1799 4534 conﬂictu,
1817 4463 1992 4520 Geor-

361 4549 816 4621 giuscorreptus
839 4553 948 4620 est,
968 4548 1287 4606 Macharius
1308 4563 1441 4604 cum
1488 4549 1612 4606 suis
1643 4551 1990 4620 sequacibus
2019 4553 2072 4613 D
2103 4563 2357 4621 dictione
2388 4569 2442 4631 1,
2472 4579 2610 4636 pm.

361 4636 832 4708 dampnatusest,
856 4641 1134 4708 tantaque
1151 4634 1579 4707 gratialegatos
1606 4637 1764 4708 pacis
1795 4640 1991 4698 catho-

359 4723 489 4780 lica
503 4723 778 4780 comitata
791 4730 900 4796 est,
921 4729 980 4782 ut
1002 4724 1654 4781 JohannesPortuensis
1677 4726 1991 4800 episcopus

362 4825 512 4870 unus
541 4824 613 4866 ex
634 4811 722 4868 eis
752 4812 1048 4870 Dominica
1071 4815 1274 4868 octava
1295 4809 1528 4882 paschae
1568 4813 1778 4871 missas
1805 4817 1992 4887 publi-

361 4912 463 4956 cas
489 4897 546 4954 in
576 4897 824 4956 ecclesia
852 4905 1070 4958 sancta
1119 4897 1344 4968 Sophiae
1373 4911 1567 4955 coram
1601 4901 1865 4975 principe
1931 4913 1992 4964 et

363 4985 691 5060 patriarcha
703 4987 1055 5044 celebraret.
1077 4987 1194 5042 Hec
1205 4988 1296 5040 est
1315 4988 1480 5042 sexta
1493 4989 1749 5058 synodus
1766 4994 1995 5053 univer-

363 5073 504 5133 salis
525 5073 1024 5146 Constantinopoli
1039 5073 1336 5131 celebrata
1349 5075 1606 5134 etGrece
1634 5083 1991 5160 conscripta,

361 5165 626 5236 tempore
654 5177 820 5236 papae
847 5162 1184 5237 Agathonis,
1217 5163 1394 5222 tertio
1445 5163 1516 5200 ²⁰²
1572 5175 1820 5242 papatus
1870 5176 1999 5248 ejus

365 5263 534 5326 anno,
566 5255 895 5326 exequente
915 5252 1182 5328 principe
1215 5254 1596 5315 Constantino
1615 5263 1674 5317 et
1703 5263 1998 5329 residente

2095 1921 2240 1977 papa
2273 1913 2330 1962 et
2354 1908 2643 1964 Marciano
2674 1909 2953 1980 principe,
2984 1913 3247 1982 tempore
3277 1910 3576 1967 Juvenalis
3606 1912 3749 1968 Hic-

2095 1993 2477 2050 rosolimitani
2497 2000 2554 2050 et
2570 1997 3196 2069 Constantinopolitani
3213 2004 3415 2055 contra
3429 2000 3746 2058 Euthicem

2095 2083 2458 2139 Constantini
2493 2085 2782 2156 abbatem,
2807 2086 2970 2142 verbi
3003 2087 3101 2142 Dei
3133 2092 3191 2142 et
3225 2087 3418 2143 carnis
3441 2101 3611 2143 unam
3645 2102 3751 2144 na-

2093 2177 2282 2228 turam
2313 2186 2446 2228 esse
2465 2173 3190 2244 pronunciantem.Quinta
3225 2175 3743 2248 Constantinopoli

2092 2267 2297 2316 contra
2328 2261 2689 2317 Theodorum
2737 2266 2794 2317 et
2847 2277 3046 2318 omnes
3095 2263 3409 2334 hereticos,
3469 2269 3748 2336 tempore

2094 2347 2284 2418 Vigilii
2315 2365 2498 2420 papae,
2526 2350 3362 2424 subJustinianoimperatore.
3399 2356 3575 2410 Sexta
3608 2355 3744 2412 haec

2095 2436 2165 2491 de
2198 2451 2310 2507 qua
2343 2437 2610 2494 diximus.

2169 2526 2357 2596 [Ano.]
2391 2525 2514 2591 Quo
2541 2525 2612 2560 ²⁰³
2644 2528 2696 2583 in
2733 2533 2996 2600 tempore
3037 2530 3336 2588 Sindulfus
3390 2532 3746 2590 Viennensis

2096 2611 2325 2684 claruit,
2361 2614 2451 2669 cui
2477 2617 2762 2672 successit
2786 2617 3308 2688 llecdicusmagnze
3333 2618 3662 2692 religionis,
3682 2625 3742 2677 et

2095 2700 2283 2770 viguit
2312 2717 2493 2773 usque
2513 2704 2583 2758 ad
2610 2704 2871 2761 ultimum
2895 2707 3466 2778 tempusJustiniani,
3493 2709 3606 2764 sub
3623 2726 3744 2780 quo

2096 2793 2156 2844 et
2187 2789 2368 2855 obiit;
2399 2791 2490 2846 cui
2523 2793 2844 2848 succedens
2873 2793 3164 2849 Cadoldus
3196 2795 3426 2850 duravit
3459 2797 3740 2867 usquead

2098 2881 2357 2948 tempora
2385 2879 2718 2936 Theoderici
2739 2882 2892 2950 regis
2919 2881 3037 2947 ;cui
3056 2883 3342 2938 successit
3380 2883 3740 2953 Dodelenus,

2097 2969 2151 3020 et
2184 2967 2236 3021 ei
2269 2967 2583 3024 Bobolinus
2611 2972 2872 3039 tempore
2901 2970 3176 3026 Johannis
3223 2972 3544 3041 quiSergio
3576 2989 3750 3047 papae

2097 3055 2404 3125 successit,
2439 3057 2610 3126 eique
2625 3057 2912 3114 successit
2935 3059 3217 3128 Georgius
3245 3074 3464 3130 magnae
3506 3062 3754 3120 virtutis

2099 3142 2432 3214 episcopus.

2171 3231 2482 3285 Romanam
2519 3231 2694 3300 igitur
2727 3234 2922 3288 sedem
2958 3239 3087 3306 post
3107 3236 3464 3304 Agathonem
3480 3237 3750 3310 suscepit

2102 3320 2212 3374 Leo
2243 3320 2287 3373 ΙΙ
2319 3319 2529 3390 Sicula,
2567 3325 2730 3391 patre
2767 3322 2966 3390 Paulo,
2994 3323 3364 3395 interpositis
3412 3325 3566 3381 inter
3599 3330 3752 3396 Aga-

2102 3408 2333 3462 thonem
2358 3412 2413 3462 et
2447 3408 2873 3466 ordinationem
2906 3411 3032 3481 ejus
3063 3427 3111 3468 a.
3150 3419 3198 3484 1,
3235 3428 3308 3469 m.
3344 3414 3397 3483 6,
3422 3413 3477 3469 (1.
3505 3419 3558 3483 6,
3587 3415 3748 3470 sedit

2103 3513 2174 3552 m.
2205 3501 2258 3565 7,
2290 3496 2346 3552 (1.
2383 3497 2464 3566 17,
2497 3498 2590 3552 cui
2615 3504 2752 3568 post
2780 3515 2850 3554 m.
2881 3507 2936 3556 11
2976 3506 3034 3556 et
3058 3503 3112 3558 (1.
3145 3507 3214 3559 22
3245 3504 3536 3560 successit
3562 3505 3740 3560 Bene-

2101 3585 2296 3640 dictus
2331 3585 2397 3640 11.
2423 3583 2620 3654 junior
2670 3589 2904 3644 natione
2950 3591 3242 3648 Romanus
3278 3605 3352 3647 m.
3418 3597 3503 3662 10,
3539 3593 3596 3649 (1.
3661 3599 3744 3650 12.

2103 3672 2308 3744 (Gesta
2325 3688 2384 3743 ρ.
2413 3672 2510 3743 R.)
2541 3673 2642 3729 llic
2665 3677 2926 3747 suscepit
2958 3677 3253 3748 jussiones
3304 3679 3748 3738 clementissimi

2103 3761 2384 3834 principis
2417 3762 2779 3818 Constantini
2815 3765 2884 3820 ad
2901 3765 3120 3822 clerum
3141 3773 3200 3823 et
3229 3767 3508 3838 populum
3548 3771 3750 3826 Roma-

2101 3865 2256 3918 num,
2289 3855 2353 3904 ut
2385 3849 2480 3920 qui
2513 3849 2738 3907 electus
2770 3852 2940 3908 fuerit
2975 3854 3030 3909 in
3060 3855 3402 3926 pontiﬁcatu
3427 3857 3694 3914 Romano
3719 3871 3750 3911 e

2101 3937 2351 4006 vestigio
2380 3944 2850 4010 consecraretur,
2885 3956 2991 3998 nec
3021 3948 3439 4014 expectaretur
3496 3945 3749 4002 ulterius

2101 4039 2378 4082 assensus
2404 4029 2461 4081 et
2494 4024 2683 4099 jussio
2703 4027 3095 4099 imperatoris.
3123 4031 3409 4088 Posteum
3434 4031 3750 4104 interposi-

2103 4113 2180 4168 tis
2205 4113 2432 4170 duobus
2455 4115 2772 4186 mensibus,
2807 4116 3015 4173 diebus
3048 4123 3134 4189 15,
3162 4119 3314 4175 sedit
3346 4120 3644 4178 Iohannes
3683 4121 3744 4175 V.

2103 4199 2280 4270 Syrus
2308 4199 2380 4255 de
2410 4200 2706 4272 provincia
2739 4202 3080 4274 Antiochiae,
3113 4209 3281 4276 patre
3303 4205 3568 4278 Cyriaco,
3599 4221 3748 4264 anno

2103 4293 2230 4359 1,et
2253 4290 2304 4346 ei
2335 4294 2464 4362 post
2498 4305 2571 4346 m.
2603 4293 2655 4346 2.
2698 4289 2752 4346 (1.
2787 4295 2854 4348 18
2903 4293 3188 4350 successit
3248 4295 3506 4366 Chonou,
3579 4299 3744 4368 patre

2101 4378 2394 4450 Tracesio,
2420 4379 2706 4436 educatus
2736 4380 2886 4451 apud
2919 4381 3194 4452 Siciliam,
3226 4382 3381 4438 sedit
3405 4397 3474 4438 m.
3523 4387 3610 4441 11.

2174 4469 2398 4523 Incarn.
2423 4466 2669 4524 ’“Dom.
2691 4483 2740 4525 a.
2784 4471 2906 4540 688,
2941 4468 3166 4540 imperii
3221 4471 3459 4526 Romani
3495 4486 3546 4526 a.
3584 4476 3637 4541 3,
3669 4471 3748 4525 in-

2655 4606 2669 4620 .
2716 4605 2730 4620 .
2773 4606 2786 4619 .
2821 4565 3220 4637 pontiﬁcatum
3243 4567 3516 4626 Romana
3562 4565 3748 4626 eccle-

2106 4652 2208 4710 sia)
2257 4651 2513 4722 Sergius.

2174 4742 2316 4798 Post
2345 4755 2514 4811 quem
2545 4739 2780 4811 Sergius
2809 4741 2987 4814 Syrus
3020 4742 3340 4800 Antiochiae
3381 4741 3742 4815 regioneori-

2104 4829 2316 4900 undus,
2350 4827 2770 4900 patreTyberio
2793 4827 2849 4884 in
2871 4829 3154 4885 Panormo
3177 4829 3410 4902 Sicilia,
3482 4833 3641 4889 sedit
3693 4844 3740 4886 a.

2105 4922 2190 4976 13.
2228 4933 2300 4974 m.
2333 4923 2387 4988 7,
2415 4917 2469 4974 (1.
2497 4921 2587 4974 23.
2613 4917 2929 4974 Constituit
2960 4920 3165 4990 Agnus
3195 4920 3307 4978 Dei
3333 4920 3561 4977 cantari
3583 4937 3614 4979 a
3635 4918 3745 4978 cle-

2105 5021 2172 5064 ro
2195 5010 2251 5063 et
2283 5004 2497 5078 populo
2518 5010 2579 5062 et
2600 5004 2846 5062 letanias
2900 5005 2956 5061 in
3015 5007 3291 5078 ypapanti
3343 5008 3592 5064 Domini.
3645 5005 3742 5064 Hic
3801 5081 3806 5084 .

2107 5095 2346 5167 invenit,
2371 5093 2609 5151 Domino
2647 5092 2963 5164 revelante,
2999 5093 3058 5148 in
3089 5096 3352 5152 sacrario
3402 5095 3558 5153 beati
3589 5091 3740 5153 Petri

2107 5197 2344 5256 capsam
2375 5187 2728 5254 argenteam,
2757 5187 2818 5237 et
2841 5180 2898 5236 iu
2911 5194 2976 5237 ea
2997 5195 3230 5240 crucem
3245 5197 3481 5241 auream
3505 5180 3744 5255 gemmis

2108 5273 2394 5343 ornatam,
2426 5269 2486 5327 in
2515 5281 2627 5342 qua
2657 5267 2766 5326 sub
2796 5271 2833 5326 4
2856 5266 3072 5340 petalis
3098 5273 3226 5327 erat
3275 5271 3582 5331 recondita
3629 5280 3751 5344 por-

1718 5423 1954 5488 VARLE
1989 5429 2392 5491 LECTIONES.

434 5553 509 5654 1°”
1975 5569 2187 5654 αμοῖον
2198 5571 2412 5654 avster
2467 5565 2790 5654 semesa
2819 5567 3248 5644 ειιρενεοντρειτ
3267 5587 3295 5644 ρ·
3322 5571 3490 5646 apud
3527 5570 3746 5634 Βεάαηι

365 5635 488 5685 m
517 5621 816 5695 leguntur-
863 5619 934 5656 ²⁰³
957 5619 1494 5701 Quo—episcopus
1529 5630 1600 5690 in
1621 5619 2782 5715 ηιαὸοῇῗὲὂΐῆἴέὲῖὲέῖιιεῖἶῇἇῖ
2821 5619 3073 5642 ’”¹””’
3094 5619 3240 5644 ⁷⁷⁷⁷
3267 5619 3286 5644 ’
3322 5619 3488 5646 ””’”
3527 5619 3748 5691 ””ῗ”’-
