3898 6338
111 380 206 447 105

1368 385 1867 455 CHRONICON.
1898 426 1979 440 —
2006 391 2161 455 LIB.
2202 392 2252 459 Ι.

3392 402 3507 466 106

113 527 185 583 tio
209 525 346 597 ligni
380 526 694 598 salutaris,
715 544 846 600 qum
868 534 1081 587 extunc
1104 527 1195 587 die
1217 530 1595 589 exaltationis
1628 531 1752 603 ejus
1783 525 1838 586 Α
1867 538 1931 581 se
1958 526 2155 583 venire
2189 526 2537 599 prmcipiens
2554 524 2874 589 honorifice
2894 534 3171 604 suscepit,
3205 535 3285 591 ita
3319 541 3384 592 ut
3415 536 3508 594 die

118 614 170 670 in
193 614 429 672 basilica
460 616 797 673 Salvatoris
830 618 1066 673 abomni
1090 624 1401 676 veneratur
1418 625 1479 677 et
1528 621 1755 678 oscula-

118 707 206 760 tur
223 703 453 775 populo.
482 703 684 775 [ΒευΑ.
706 705 924 762 Chron.
948 707 999 760 S.
1027 707 1306 780 Benigni.]
1331 709 1431 764 Hie
1465 709 1756 766 ordinavit

118 795 370 847 sanctum
384 791 829 848 Willibrordum
847 800 1230 862 cognomento
1248 795 1597 852 Clementem
1629 798 1757 853 Fre-

116 879 337 934 sionum
367 880 529 948 genti
562 880 929 951 episcopum,
951 896 1100 938 anno
1132 882 1436 940 dominica
1497 884 1758 942 incarna-

118 966 287 1021 tionis
312 965 444 1036 696,
480 981 649 1037 quem
686 968 843 1024 misit
882 967 1018 1025 illuc
1057 985 1188 1026 cum
1238 971 1432 1028 sociis.
1477 972 1756 1043 Pippinus

115 1054 293 1124 major
317 1054 551 1125 domus,
588 1061 893 1128 postquam
926 1057 1163 1115 Frisiam
1196 1058 1410 1117 devicit
1467 1066 1527 1116 et
1554 1061 1757 1118 ducem

115 1143 447 1201 Ratbodum
479 1145 721 1215 fugavit.

182 1232 381 1288 Tertio
409 1233 721 1290 Iustiniani
747 1249 896 1291 anno
920 1235 1079 1307 cepit
1114 1250 1355 1305 regnare
1380 1237 1754 1309 Pippinus,et

114 1319 363 1375 retinuit
393 1320 737 1389 majoratum
770 1322 1155 1379 domusannis
1185 1325 1255 1378 20
1275 1324 1384 1380 sub
1406 1325 1755 1397 Iustiniano,

114 1407 303 1463 Leone
331 1413 390 1463 et
420 1408 691 1478 Tyberio,
739 1409 875 1465 item
931 1411 1280 1483 Iustiniano,
1325 1413 1643 1469 Theodosio
1700 1419 1758 1470 et

113 1495 324 1562 Leone,
358 1495 531 1566 cujus
562 1498 722 1567 regni
757 1512 906 1554 anno
938 1503 988 1555 6.
1008 1500 1185 1563 obiit;
1212 1503 1498 1558 successit
1520 1500 1760 1559 Karolus

112 1581 421 1639 Ilartellus
451 1589 513 1639 et
539 1584 683 1640 obiit
715 1591 773 1641 7.
814 1586 1175 1642 Constantini
1207 1602 1375 1645 anno.

186 1669 416 1743 [8504.]
448 1674 611 1728 Anno
659 1675 749 1729 ab.
810 1674 919 1731 inc.
981 1676 1141 1732 Dom.
1177 1680 1301 1747 678,
1328 1676 1648 1734 indictione
1704 1682 1756 1751 2,

110 1763 318 1830 epacta
353 1758 534 1829 nulla,
567 1768 953 1819 concurrente
985 1769 1035 1831 5,
1058 1764 1419 1822 Iustinianus
1470 1766 1656 1823 minor
1702 1766 1760 1822 fi-

1866 615 2148 673 dominica
2183 617 2387 672 missas
2414 630 2544 673 eum
2579 618 2688 673 sibi
2723 618 2934 688 jubens
2995 621 3205 691 facere,
3254 639 3512 682 commu-

1867 702 2094 759 nionem
2126 706 2196 760 de
2232 718 2396 760 manu
2429 704 2555 774 eju;
2587 708 2935 778 susciperet,
2967 714 3027 765 et
3070 709 3124 765 in
3158 716 3318 766 terra
3380 728 3509 783 pro-

1866 794 2092 848 stratus
2124 793 2366 864 prosuis
2420 794 2816 863 peccatiseuin
2858 797 3223 854 intercedere
3276 815 3504 872 rogans,

1865 885 2074 935 cuncta
2104 881 2368 938 ecclesiae
2395 882 2696 952 privilegia
2720 891 3048 941 renovaret.
3070 886 3318 952 Quicum
3349 903 3511 946 exer-

1866 966 2045 1023 citum
2076 969 2131 1024 in
2164 971 2409 1025 Pontum
2466 971 2728 1027 mitteret
2785 974 2853 1028 ad
2898 976 3508 1045 comprehendendum

1866 1054 2252 1126 Philippicum
2278 1071 2444 1127 quem
2480 1057 2555 1112 ibi
2581 1058 2932 1128 religaverat
2956 1062 3305 1132 prohibente
3339 1079 3507 1138 papa,

1867 1157 2188 1201 conversus
2202 1144 2501 1203 exercitus
2516 1146 2896 1218 Philippicum
2917 1150 3047 1206 fecit
3075 1150 3504 1224 imperatorem,

1868 1244 2253 1303 reversusque
2276 1247 2405 1289 cum
2451 1247 2519 1290 eo
2578 1235 3167 1309 ConstantinOpolim,
3230 1241 3508 1312 pugnavit

1868 1324 2068 1375 contra
2100 1322 2512 1391 Iustinianum,
2541 1327 2601 1379 et
2616 1323 2772 1380 victo
2787 1340 2854 1380 eo
2872 1331 3043 1396 atque
3059 1328 3253 1385 occiso
3271 1344 3508 1400 regnum

1868 1408 2147 1478 suscepit,
2183 1409 2335 1480 quod
2372 1411 2559 1466 tenuit
2591 1424 2647 1467 a.
2682 1417 2704 1467 1
2742 1415 2799 1467 et
2831 1428 2904 1467 m.
2937 1417 2988 1469 6.

1944 1491 2128 1566 [Are].
2154 1495 2276 1560 Quo
2303 1494 2373 1529 ²⁰⁸
2404 1497 2455 1552 in
2492 1503 2749 1569 tempore
2814 1501 3107 1558 Deodatus
3165 1502 3509 1562 Viennensis

1868 1581 2182 1653 episcopus
2208 1583 2453 1640 ﬂorebat
2478 1585 2564 1641 vir
2592 1602 2810 1656 magnae
2835 1589 3221 1660 parsimoniae,
3255 1592 3351 1660 qui
3380 1607 3512 1649 suc-

1872 1671 2049 1727 cessit
2087 1671 2450 1743 Blidrannus,
2486 1678 2542 1729 et
2576 1674 2626 1730 ei
2660 1676 3509 1751 successitColJusepiscopus

1873 1757 1969 1828 qui
1999 1759 2448 1816 etViennensem
2466 1762 2771 1819 ecclesiam
2798 1764 3186 1830 rebusauxit;
3230 1767 3335 1823 fuit
3357 1768 3508 1825 enim

112 1845 229 1903 lius
262 1847 637 1902 Constantini
672 1862 917 1918 regnare
940 1864 1113 1907 orsus
1146 1853 1406 1921 regnavit
1457 1854 1623 1910 annis
1672 1860 1755 1910 10.
1789 1871 1844 1933 Β
1876 1846 2058 1902 afllnis
2089 1849 2325 1916 regibus
2349 1849 2714 1905 Francorum.
2752 1852 3040 1907 Successit
3075 1853 3125 1909 ei
3170 1855 3507 1929 Bebolinus,

116 1935 220 1990 Hic
252 1948 464 2006 papam
482 1936 742 2005 Sergium
778 1938 899 2008 rapi
929 1937 1105 2008 jussit
1133 1938 1204 1995 de
1232 1941 1479 1998 ecclesia
1539 1947 1597 1997 et
1627 1944 1765 1999 Con-

114 2023 568 2095 stantinopolim
598 2024 918 2097 deportari,
937 2030 1068 2096 quia
1092 2029 1360 2087 erraticas
1384 2045 1506 2086 suae
1543 2031 1763 2102 synodo

117 2124 289 2182 quam
322 2112 547 2167 fecerat
583 2112 638 2167 in
671 2114 814 2169 urbe
848 2116 1003 2183 regia
1046 2117 1241 2173 favere
1271 2122 1332 2173 et
1397 2119 1767 2175 subscribere

116 2199 337 2256 noluit.
380 2199 495 2256 Sed
526 2201 810 2271 prmvenit
844 2203 1047 2258 militia
1074 2205 1420 2261 Ravennatze
1452 2206 1766 2262 urbisviciv

118 2302 447 2358 uarumque
474 2289 905 2359 partiumjussa
941 2291 1114 2361 regis,
1133 2297 1190 2347 et
1217 2293 1433 2349 missos
1448 2295 1574 2365 ejus
1591 2309 1769 2365 expu-

118 2375 187 2432 lit
218 2377 295 2432 ab
326 2378 475 2433 urbe
508 2377 707 2432 Roma.
741 2377 1104 2436 Iustinianus
1124 2381 1198 2436 ob
1220 2381 1449 2451 culpam
1510 2382 1767 2454 pertidim

122 2478 303 2534 regno
330 2465 621 2537 privatus,
654 2465 865 2522 exulin
900 2467 1145 2524 Pontum
1168 2470 1426 2535 secedit;
1450 2476 1578 2540 post
1598 2485 1767 2542 quem

122 2553 433 2625 imperavit
461 2555 573 2610 Leo
608 2554 774 2610 annis
805 2558 857 2624 3,
873 2560 1077 2612 contra
1097 2571 1263 2627 quem
1291 2558 1564 2628 pugnavit
1593 2561 1771 2630 Tybe-

122 2642 246 2699 rius
274 2649 336 2698 et
356 2643 430 2699 de
454 2656 635 2713 regno
657 2643 905 2712 ejectum
924 2649 1184 2715 tempore
1199 2660 1313 2716 quo
1336 2646 1462 2717 ipse
1505 2649 1769 2717 regnavit

124 2730 179 2786 in
212 2731 487 2787 custodia
546 2731 738 2787 tenuit
793 2732 848 2786 in
889 2733 1115 2788 eadem
1152 2734 1413 2790 civitate.
1461 2737 1602 2792 Post
1644 2736 1771 2793 Ser-

123 2818 278 2889 gium
307 2821 568 2878 Ioannes
597 2821 687 2888 Vl,
713 2819 951 2875 natione
995 2821 1234 2891 Grecus,
1287 2822 1672 2894 interpositis,
1695 2840 1766 2880 m.

128 2910 177 2977 1,
214 2907 270 2962 d.
299 2912 382 2964 13.
401 2908 721 2965 Romanam
748 2908 899 2963 rexit
917 2908 1224 2965 ecclesiam
1245 2914 1365 2979 n.3,
1388 2916 1529 2981 m.2,
1565 2912 1772 2969 diebus

129 2995 416 3067 (Gestap.
448 2998 578 3069 R)..
625 3039 639 3052 .
685 3039 701 3065 ,
736 2997 903 3066 cujus
933 3002 1338 3067 temporecum
1363 2998 1622 3056 Gisulfus
1654 3002 1772 3057 dux

128 3083 645 3153 Langobardorum
679 3072 1042 3154 Campaniam
1076 3085 1226 3155 igne,
1256 3085 1452 3154 gladio
1503 3094 1562 3143 et
1589 3090 1774 3160 capti-

127 3171 313 3227 vitate
354 3175 641 3241 vastaret,
674 3178 734 3228 et
762 3186 872 3227 non
901 3176 1060 3228 esset
1087 3173 1255 3242 quiei
1290 3174 1621 3245 resisteret,
1650 3179 1774 3249 ipse

130 3272 278 3330 papa
312 3260 517 3315 missis
538 3259 611 3315 ad
634 3274 766 3315 eum
798 3261 1206 3317 sacerdotibus
1248 3267 1306 3317 et
1362 3263 1595 3321 clericis
1642 3281 1772 3322 cum

131 3345 392 3403 donariis
419 3347 686 3419 plurimis
725 3348 1029 3405 universos
1086 3350 1355 3420 captivos
1394 3353 1658 3423 redemit,
1715 3360 1775 3410 et

128 3436 587 3493 hostesdomum
643 3437 836 3493 redire
894 3438 1050 3493 fecit.
1115 3438 1331 3510 [Bson].
1388 3442 1683 3498 Successit
1722 3442 1775 3498 ei

131 3525 427 3581 Iohannes
441 3525 560 3593 Vl',
577 3525 808 3580 natione
822 3525 1233 3597 Crecus,patre
1247 3528 1532 3599 Platonio,
1555 3530 1708 3586 sedit
1722 3545 1773 3586 a.

132 3616 183 3683 2,
206 3627 276 3669 m.
314 3619 367 3683 7,
399 3612 457 3668 d.
487 3616 576 3668 27.
613 3612 772 3669 Sedit
801 3614 1217 3671 Constantinus
1247 3617 1427 3688 Syrus
1486 3622 1654 3689 patre
1686 3619 1782 3675 Ie-

135 3699 342 3771 hanne,
368 3705 495 3768 a.7,
526 3700 582 3755 d.
620 3705 702 3756 15.
737 3701 941 3770 (Gesta
958 3717 1016 3772 ρ.
1052 3704 1172 3775 16.).

204 3788 405 3862 [Ρλυι.
441 3789 600 3855 Duc,
630 3804 700 3857 vr,
734 3789 846 3860 66.]
872 3791 950 3846 Eo
979 3788 1049 3823 ²⁰³
1081 3795 1345 3862 tempore
1383 3806 1526 3862 gens
1584 3793 1782 3851 Sarra-

133 3892 418 3935 cenorum
444 3877 501 3933 in
521 3877 648 3933 loco
662 3878 757 3948 qui
773 3877 1005 3948 Septem
1022 3878 1238 3936 dicitur
1252 3894 1326 3935 ex
1349 3881 1558 3938 Aﬂ‘rica
1595 3887 1782 3940 trans-

135 3968 463 4023 fretrantes
497 3964 827 4036 Hispaniam
860 3965 1222 4037 invaserunt,
1251 3975 1309 4024 et
1343 3975 1470 4040 post
1504 3974 1572 4025 10
1601 3985 1782 4029 annos

133 4069 264 4112 eum
290 4053 590 4113 uxoribus
618 4058 678 4109 et
700 4053 836 4109 filiis
866 4054 1253 4125 Aquitaniam.
1278 4057 1549 4127 ingressi,
1575 4059 1781 4116 Carolo

134 4157 264 4200 cum
288 4142 536 4199 Eudone
552 4142 876 4212 Aquitaniae
892 4143 1153 4215 principe
1177 4158 1354 4216 super
1373 4160 1474 4202 eos
1497 4147 1781 4218 irruente,

134 4232 240 4286 370
271 4228 437 4285 milia
469 4243 500 4284 a
528 4228 760 4285 Francis
784 4234 1079 4300 perempta
1101 4236 1258 4301 sunt,
1275 4247 1347 4287 ex
1378 4234 1613 4291 Francis
1644 4248 1783 4291 vero

138 4318 299 4373 mille
331 4316 637 4389 quingenti
655 4319 877 4372 tantum
899 4317 1258 4375 ceciderunt.
1285 4320 1784 4394 Eudoquoqueir-

137 4420 317 4465 ruens
344 4420 531 4477 super
559 4420 660 4462 eos
691 4404 814 4477 pari
850 4406 1018 4462 modo
1052 4406 1269 4464 multos
1327 4409 1643 4481 interemit,
1723 4416 1781 4467 et

137 4494 436 4567 fugientes
468 4493 774 4551 Sarraceni
803 4508 934 4549 cum
957 4493 1133 4551 nimio
1155 4496 1419 4555 exercitu
1441 4497 1785 4570 Constanti-

138 4585 396 4658 n0polim
432 4582 682 4639 triennio
712 4581 1089 4638 obsederunt.

214 4672 439 4746 [Bson].
480 4671 845 4728 Iustinianus
872 4669 1052 4741 igitur
1081 4686 1248 4742 quem
1286 4674 1559 4745 superius
1606 4690 1784 4747 regno

140 4763 435 4837 privatum
462 4760 735 4832 diximus,
759 4758 978 4815 auxilio
997 4760 1247 4816 Terbelli
1288 4762 1675 4833 Vulgarorum
1698 4781 1788 4822 re-

139 4852 233 4923 gis
262 4865 506 4922 regnum
538 4849 831 4922 recipiens
861 4852 895 4904 6
923 4848 1091 4905 annis
1126 4850 1331 4920 tenuit,
1367 4856 1424 4906 et
1457 4851 1669 4909 occidit
1686 4869 1787 4912 eos

138 4939 431 5012 patricios
460 4937 558 5010 qui
590 4952 654 4995 se
678 4934 1048 5009 expulerant,
1075 4942 1134 4993 et
1167 4937 1408 4994 Leonem
1469 4939 1565 5011 qui
1596 4940 1787 4999 locum

136 5025 269 5097 ejus
288 5029 698 5098 usui-paverat,
725 5029 787 5081 et
812 5038 1209 5082 successorem
1240 5024 1443 5083 Lienis
1483 5028 1787 5097 Tyberium

142 5117 240 5188 qui
260 5131 332 5173 eo
362 5116 435 5173 de
467 5130 646 5188 regno
668 5115 922 5186 ejectum
944 5115 998 5170 in
1013 5116 1278 5172 custodia
1311 5121 1598 5174 tenuerat.
1618 5119 1789 5176 Galli-

140 5219 273 5263 cum
290 5204 840 5276 veropatriarcham
854 5204 1242 5261 erutisoeulis
1268 5205 1424 5262 misit
1458 5207 1712 5275 Romam,
1730 5212 1791 5265 et

142 5290 310 5348 dedit
333 5290 742 5363 episcepatum
776 5290 855 5361 Cy
889 5304 923 5345 ο
955 5290 1051 5362 qui
1081 5293 1209 5347 erat
1228 5292 1412 5348 abbas
1438 5292 1495 5348 in
1519 5294 1705 5350 Ponto
1727 5298 1786 5350 et

141 5391 273 5438 eum
304 5379 532 5439 exulem
561 5379 814 5437 aluerat.
849 5378 954 5436 Hic
977 5380 1417 5438 Constantinum
1456 5396 1663 5456 papam
1716 5382 1789 5439 ad

1874 1940 1933 1989 et
1965 1934 2096 1990 huic
2130 1937 2552 1993 Austrobertus
2585 1938 2670 1991 vir
2699 1943 2973 1995 strenuus
3002 1946 3059 1995 et
3089 1942 3319 1999 nobilis.

1947 2022 2149 2091 (Gesta
2171 2038 2229 2093 ρ.
2266 2024 2363 2095 R.)
2398 2024 2499 2081 IILe
2529 2026 2909 2081 Constantino
2926 2027 3509 2103 papmlitteraspravi

1876 2108 2165 2179 dogmatis
2197 2110 2372 2179 misit,
2400 2126 2543 2181 quas
2572 2112 2670 2167 ille
2695 2113 2916 2183 judicio
2964 2116 3304 2186 apostolicze
3354 2120 3510 2178 sedis

1877 2195 2120 2265 respuit,
2139 2197 2462 2266 statuitque
2478 2199 2729 2270 populus
2744 2200 3050 2273 Romanus,
3070 2217 3138 2258 ne
3161 2204 3400 2261 heretici
3419 2206 3513 2263 im-

1874 2282 2166 2353 peratoris
2195 2294 2400 2340 nomen
2425 2291 2733 2344 autcartas
2749 2293 2848 2344 aut
2874 2289 3112 2359 figuram
3148 2293 3513 2351 solidisusci-

1879 2378 2061 2440 peret.
2083 2373 2241 2427 Unde
2274 2388 2378 2428 nec
2394 2395 2403 2423 ‹
2420 2374 2517 2443 jus
2530 2375 2750 2445 effigies
2773 2376 2828 2431 in
2842 2390 2909 2433 ec
2948 2378 3149 2435 lesiam
3175 2380 3509 2441 introducta

1876 2463 1987 2526 est,
2024 2473 2129 2515 nec
2158 2474 2362 2516 nomen
2394 2462 2462 2517 ad
2497 2462 2797 2519 missarum
2828 2464 3146 2537 solempnia
3181 2469 3508 2529 recitatum.

1878 2549 1939 2603 In
1970 2553 2235 2620 tempore
2251 2549 2377 2618 ejus
2396 2552 2739 2608 Anastasius
2761 2556 3024 2623 regnavit
3042 2557 3207 2612 annis
3232 2562 3281 2627 3,
3308 2565 3365 2613 et
3387 2561 3513 2616 Phi-

1878 2636 2119 2707 lippium
2151 2645 2382 2709 captum
2413 2640 2599 2696 oculis
2625 2657 2673 2711 p;
2695 2641 2873 2697 ivavit
2894 2658 2999 2699 nec
3029 2645 3263 2701 occidit.
3294 2646 3513 2723 [8504.]

1879 2726 1982 2781 Hic
2014 2727 2392 2783 Constantino
2424 2743 2588 2799 papze
2620 2728 2850 2785 litteras
2876 2732 3050 2800 misit,
3085 2732 3295 2802 quibus
3313 2749 3373 2790 se
3400 2737 3517 2793 fau-

1880 2819 2066 2870 torem
2095 2815 2401 2877 catholicze
2437 2816 2590 2880 tiJei,
2625 2821 2681 2870 et
2700 2823 2915 2873 sanctae
2939 2824 2991 2887 6,
3018 2820 3222 2890 synodi
3241 2822 3517 2890 praedica-

1881 2907 2064 2958 torem
2087 2917 2217 2959 esse
2241 2902 2459 2959 docuit.
2488 2905 2626 2959 Post
2649 2906 3089 2961 Constantinum
3110 2907 3425 2977 Gregorius
3446 2912 3514 2981 Il,

1881 2992 2170 3048 Romanus
2203 3008 2231 3047 a
2266 2994 2440 3048 Petro
2468 2996 2557 3061 92,
2591 2998 2759 3063 patre
2792 2993 3068 3050 Marcello
3111 2995 3264 3050 sedit
3320 3010 3370 3052 a.
3429 3002 3516 3066 16,

1883 3096 1956 3137 m.
1983 3085 2033 3150 9,
2069 3082 2123 3137 d.
2160 3086 2244 3136 12.
2281 3081 2571 3152 (Gestap.
2615 3084 2713 3154 Β.)
2750 3082 3063 3138 Constituit
3093 3088 3153 3139 ut
3186 3084 3240 3139 in
3274 3085 3520 3155 quadra-

1882 3171 2097 3239 gesima
2131 3174 2188 3225 5.
2231 3171 2371 3227 feria
2399 3170 2676 3241 jejunium
2710 3170 2893 3240 fieret,
2921 3171 3072 3241 quod
3098 3178 3265 3229 antea
3297 3189 3405 3230 non
3426 3176 3523 3230 fle-

1887 3259 2005 3329 bat,
2031 3267 2089 3314 et
2114 3259 2419 3315 missarum
2443 3258 2835 3315 celebritates.
2866 3259 3083 3333 [Bson]
3109 3262 3245 3332 Ejus
3267 3264 3523 3321 admoni-

1884 3347 2046 3402 tione
2080 3347 2468 3403 Liutbrandus
2488 3363 2587 3403 rex
2615 3348 3121 3417 Langobardorum
3151 3351 3523 3411 donationem

1886 3436 2220 3509 patrimonii
2246 3435 2469 3508 Alpium
2495 3452 2664 3507 quam
2692 3439 3158 3497 Hcreberechtus
3181 3456 3284 3497 rex
3310 3442 3524 3500 fecerat

1886 3532 1944 3581 et
1978 3525 2077 3580 ille
2108 3525 2445 3595 repetierat,
2473 3525 2730 3581 Secundo
2762 3526 3146 3607 confirmavit.
3173 3531 3327 3587 Tunc
3350 3532 3530 3603 pluri-

1889 3627 2013 3668 mas
2043 3612 2316 3668 Scotticae
2346 3614 2539 3681 gentis
2570 3614 2900 3684 provincias
2942 3616 3263 3674 Ecbbertus
3290 3619 3379 3674 vir
3401 3634 3531 3677 san-

1889 3705 2023 3757 ctus
2051 3700 2122 3757 de
2151 3708 2324 3770 gente
2350 3701 2665 3771 Anglorum
2701 3702 2769 3757 ad
2786 3704 3118 3760 canonicam
3176 3708 3406 3776 paschae
3437 3710 3533 3765 ob-

1889 3789 2245 3847 servantiam
2277 3789 2371 3860 pia
2408 3789 2828 3860 praedicatione
2845 3792 3134 3847 convertit
3156 3807 3305 3850 anno
3325 3796 3525 3853 abinc.

1889 3881 2047 3935 Dom.
2084 3881 2205 3934 7l7.

1960 3964 2315 4022 Theodosius
2348 3964 2527 4033 igitur
2556 3963 2785 4021 electus
2806 3965 2861 4020 in
2893 3965 3303 4036 imperatorem
3327 3983 3376 4024 a.
3404 3974 3527 4027 708.

1894 4054 2264 4111 Anastasiuin
2293 4052 2446 4122 apud
2477 4051 2708 4109 Niceam
2727 4053 2892 4123 gravi
2917 4054 3374 4125 praeliovicit,et
3397 4058 3537 4117 dato

1893 4143 2004 4199 sibi
2036 4145 2401 4199 sacramento
2433 4139 2709 4197 clericum
2742 4140 2945 4198 fieriet
2968 4142 3374 4214 presbyterum
3400 4146 3538 4205 fecit

1893 4229 2174 4286 ordinari.
2196 4229 2489 4298 Regnavit
2511 4242 2560 4284 a.
2600 4233 2651 4299 1,
2682 4234 2740 4285 et
2767 4245 2897 4286 cum
2921 4236 3081 4288 esset
3108 4232 3451 4306 catholicus,
3479 4235 3537 4294 in

1895 4319 2053 4387 regia
2087 4318 2229 4374 urbe
2264 4317 2571 4387 imaginem
2603 4317 2759 4374 illam
2783 4318 2836 4375 in
2871 4333 2981 4390 qua
3033 4325 3249 4378 sanctae
3280 4324 3535 4394 Gsynodi

1894 4411 2063 4463 erant
2083 4405 2330 4478 depictre
2355 4411 2458 4461 eta
2475 4405 2800 4478 Philippico
2823 4408 3049 4464 fuerant
3066 4408 3308 4480 dejectae
3339 4412 3540 4483 pristi-

1896 4510 1969 4551 no
2000 4495 2055 4550 in
2085 4493 2212 4551 loco
2242 4495 2451 4552 erexit.
2486 4495 2627 4551 Post
2659 4510 2791 4552 eum
2849 4496 3157 4570 imperavit
3218 4499 3331 4557 Leo
3384 4515 3536 4560 anno

1812 4575 1867 4636 D
1895 4590 2018 4655 709,
2053 4583 2219 4641 annis
2237 4588 2325 4641 26.

1971 4673 2162 4745 [PAUL,
2197 4672 2377 4743 Duc.]
2421 4670 2524 4728 Hic
2550 4670 2619 4705 ὀτ
2649 4677 2986 4730 sanctorum
3025 4674 3307 4743 imagines
3365 4674 3541 4747 depo-

1896 4762 2011 4819 suit
2034 4769 2094 4818 et
2126 4759 2405 4828 incendit,
2438 4765 2497 4815 et
2520 4760 2773 4816 Romano
2804 4761 3062 4831 pontifici
3082 4762 3130 4816 si
3155 4777 3316 4818 suam
3356 4762 3538 4822 vellet

1896 4849 2371 4918 haberegratiam
2390 4846 2873 4913 mandavit.Quod
2888 4848 3540 4922 pontifexcoutempsit.

1898 4938 2225 5006 Omnesque
2257 4936 2471 4992 talibus
2492 4935 2670 5005 jussis
2695 4950 2805 4991 uno
2828 4936 3018 4991 animo
3079 4936 3445 5009 restiterunt,
3479 4946 3541 4997 et

1898 5026 2008 5082 nisi
2037 5040 2137 5081 eos
2170 5025 2430 5097 pontifex
2460 5024 2603 5095 ipse,
2636 5023 2908 5080 videlicet
2939 5024 3255 5095 Gregorius
3293 5027 3380 5096 ιν,
3410 5042 3542 5100 pro-

1898 5114 2205 5183 hibuisset,
2244 5114 2654 5184 imperatorem
2713 5125 2892 5182 super
2946 5127 3012 5169 se
3065 5115 3535 5175 constituissent.

1900 5202 2081 5270 Quem
2112 5206 2306 5257 tamen
2340 5204 2539 5271 postea
2570 5216 2715 5272 papa
2741 5201 3033 5271 deposuit.
3065 5203 3384 5261 Germanus
3400 5204 3542 5261 Con-

1900 5291 2456 5362 stantinopolitanus
2487 5289 2816 5359 patriarcha
2840 5291 3025 5346 errori
3042 5291 3415 5364 imperatoris
3431 5306 3545 5352 non

1901 5379 2292 5450 consentiens,
2326 5391 2358 5434 a
2385 5376 2526 5434 sede
2556 5377 2765 5448 pulsus
2793 5382 2903 5436 est.
2939 5378 3243 5439 Sarraceni
3268 5396 3400 5441 cum
3431 5393 3548 5437 ma-

1513 5532 1750 5589 VARLE
1788 5527 2190 5613 LECTIONES.

208 5652 280 5690 θ’
310 5656 386 5716 Eo
413 5655 786 5715 obsederunt
809 5655 878 5711 in
893 5666 1087 5725 marg.
1116 5652 1187 5688 ²⁰⁶
1212 5653 1340 5721 Quo
1368 5684 1431 5696 —
1458 5654 1676 5714 nobilis
1694 5655 1765 5717 in
1788 5666 1980 5727 marg.
2010 5650 2080 5687 ’θ’
2104 5650 2210 5710 Hic
2238 5681 2309 5695 —
2339 5647 2546 5725 pulsus
2572 5651 2661 5708 est
2699 5648 2768 5711 in
2784 5663 2975 5726 mar].

370 5755 646 5821 ΡΑτιιοι..
680 5749 890 5817 CLIV.
