3898 6324
345 413 455 488 107

1301 415 1671 484 HUGONIS
1715 407 2064 479 ABBATIS
2108 403 2785 471 FLAVINIACENSIS

3637 405 3750 471 108

339 597 454 652 gno
481 579 743 637 exercitu
773 569 1332 644 Constantinopolim
1378 543 1700 642 venientes,
1736 566 1985 627 triennio
2017 542 2072 605 Α
2102 543 2318 652 {te}???
2345 542 2744 652 οξίξῖςῆ
2764 543 3019 652 ἷξθὲίξίξίξ
3037 539 3226 652 ,ωθὲίξξ
3256 543 3749 652 ξῘοῐηυδξάπξξ-ίῇῂ

341 669 638 728 civitatem
661 666 957 733 obsident,
985 661 1089 719 sed
1113 661 1340 718 civibus
1364 661 1541 718 multa
1599 657 1870 716 instantia
1917 654 1986 710 ad

333 757 516 816 Deum
545 752 982 812 revertentibus
1007 749 1238 822 plurimi
1291 763 1491 804 eorum
1525 749 1690 814 fame,
1747 745 1982 814 frigore,

345 842 683 920 pestilentia
718 841 1038 914 perierunt,
1060 843 1118 894 et
1139 838 1222 894 sic
1243 837 1464 908 pertesi
1487 834 1846 892 obsidionem
1902 846 1988 920 re-

343 918 633 1004 linquunt.
660 930 798 986 Inde
821 927 1206 997 Vulgarorum
1223 930 1454 994 gentem
1478 923 1800 996 pecierunt.
1817 935 1846 975 a
1866 918 1985 988 qui-

347 1025 455 1080 bus
475 1021 620 1078 victi
655 1033 834 1076 naves
857 1031 996 1074 suas
1014 1016 1396 1088 repetierunt.
1429 1014 1538 1069 Sed
1560 1027 1689 1069 cum
1746 1009 1858 1065 alta
1894 1022 1988 1079 pe-

346 1115 556 1177 terent,
583 1109 890 1179 ingruente
921 1107 1272 1175 tempestate
1302 1101 1589 1159 submersi
1622 1104 1774 1156 sunt.
1825 1099 1984 1152 Intus

343 1196 414 1230 ¹⁰⁸
435 1192 993 1266 Constantinopolim
1019 1206 1156 1248 vero
1183 1195 1438 1247 trecenta
1493 1188 1646 1244 milia
1696 1185 1985 1241 hominum

347 1283 683 1357 pestilentia
698 1278 1341 1354 perierunt.Liutbrand
1353 1291 1416 1332 us
1439 1275 1678 1332 audiens
1692 1272 1844 1343 quod
1861 1274 1987 1326 Sar-

349 1371 544 1428 raceni
573 1371 698 1426 loca
735 1367 831 1424 illa
864 1366 1147 1435 fedarent,
1184 1366 1280 1422 ubi
1313 1379 1438 1420 ossa
1459 1363 1644 1418 sancti
1682 1359 1983 1428 Augustini

347 1459 485 1516 olim
501 1465 741 1530 propter
764 1456 1048 1512 barbaros
1087 1451 1446 1508 translataet
1488 1447 1804 1504 honorifice
1855 1459 1988 1502 con-

347 1547 468 1603 dita
504 1547 753 1615 fuerant,
791 1543 968 1612 misit,
1003 1545 1062 1597 et
1082 1541 1218 1596 dato
1243 1553 1444 1608 magno
1472 1537 1680 1608 pretio,
1729 1535 1985 1590 Ticinum

348 1649 416 1691 ea
447 1648 578 1692 cum
609 1635 830 1689 honore
859 1630 1058 1686 debito
1084 1627 1402 1682 transtulit.
1439 1624 1756 1692 Gregorius
1787 1623 1860 1677 Ill
1892 1621 1989 1692 εγ-

349 1737 468 1794 rus,
487 1721 942 1794 patreJohanne,
965 1717 1179 1773 sedita.
1199 1719 1282 1781 10,
1311 1729 1382 1769 m.
1409 1719 1460 1782 8,
1496 1712 1550 1767 d.
1597 1717 1682 1768 25.
1713 1709 1916 1779 (Gesta
1925 1725 1981 1780 ρ.

351 1813 462 1882 Β.)
496 1811 599 1866 Hic
619 1808 690 1842 ²⁰⁹
720 1808 964 1865 removit
995 1807 1229 1860 Romam
1263 1809 1318 1858 et
1345 1801 1564 1858 Italiam
1585 1806 1644 1856 et
1663 1799 1850 1856 omnia
1871 1803 1987 1852 tam

2101 639 2217 688 stra
2231 633 2343 686 bat.
2374 631 2665 701 Oratergo
2685 631 2917 686 decerni
2935 632 3068 702 sibi,
3096 632 3228 702 quis
3251 648 3452 689 eorum
3473 632 3750 702 rexjuste

2101 719 2385 776 debeatur
2413 719 2527 774 dici
2563 723 2620 774 et
2653 733 2806 787 esse,
2829 719 2876 774 is
2900 718 3169 789 quidomi
3192 735 3439 776 securus
3472 720 3746 790 sedebat,

2098 821 2168 862 an
2204 806 2300 862 ille
2333 807 2429 877 qui
2461 820 2659 862 curam
2677 807 2838 875 regni
2863 812 2919 862 et
2940 821 3142 862 omnes
3163 807 3462 864 molestias
3485 807 3747 864 sustine-

2101 895 2217 950 bat.
2251 895 2564 950 Zacharias
2577 910 2646 950 ex
2670 893 3022 950 auctoritate
3047 895 3371 964 apostolica
3391 896 3627 952 mandat
3649 912 3750 966 po-

2097 981 2236 1053 pulo
2270 983 2638 1051 Francorum,
2675 987 2735 1038 ut
2771 981 3069 1052 Pippinus,
3109 983 3207 1052 qui
3239 987 3540 1054 potestate
3581 983 3750 1053 regia

2099 1072 2392 1139 utebatur,
2421 1070 2668 1125 nominis
2703 1083 2932 1140 quoque
2957 1069 3240 1138 dignitate
3297 1071 3614 1126 frueretur.
3655 1073 3738 1126 Ita

2097 1157 2424 1214 Hildericus
2457 1157 2696 1213 ultimus
2716 1172 2816 1212 rex
2837 1157 2906 1213 de
2941 1157 3124 1228 stirpe
3177 1158 3625 1228 Mervingiorum
3649 1161 3748 1216 de-

2100 1246 2328 1316 positus
2359 1250 2414 1300 et
2446 1245 2500 1300 in
2535 1245 2949 1300 monasterium
2987 1249 3310 1302 trususest.
3335 1245 3619 1317 Pippinus
3649 1264 3744 1303 ve-

2099 1347 2161 1388 ro
2185 1333 2240 1388 in
2281 1333 2519 1388 civitate
2551 1335 2901 1388 Sucssonum
2935 1347 2960 1387 a
2997 1337 3199 1390 sancto
3215 1333 3522 1390 Bonefacio
3554 1336 3750 1391 archi-

2097 1421 2374 1492 episcopo
2407 1421 2460 1476 in
2495 1435 2688 1490 regem
2722 1425 2930 1476 unctus
2962 1422 3124 1490 regni
3149 1426 3240 1476 est
3275 1422 3496 1478 honore
3564 1423 3754 1480 subli-

2099 1514 2308 1565 matus.

2170 1623 2328 1677 Obiit
2353 1622 2421 1654 ²ί⁸
2450 1602 2758 1678 Zacharias
2789 1637 2933 1693 papa
2965 1623 3100 1678 Idus
3155 1623 3362 1693 Martii,
3425 1585 3756 1681 indictione

2101 1709 2299 1780 quinta
2335 1707 2615 1780 (Gestap.
2651 1711 2746 1780 Β).
3489 1794 3504 1800 ι

2171 1815 2452 1870 Defuncto
2480 1813 2754 1870 2“autem
2799 1817 2852 1870 in
2897 1815 3127 1871 Christo
3188 1816 3524 1872 beatissimo
3596 1831 3746 1888 papa

354 1897 716 1968 reipublicae
767 1909 935 1966 quam
993 1889 1562 1959 ecclesiasticaejura
1617 1885 1986 1956 inllesperiis
2017 1886 2072 1947 Β
2100 1903 2372 1958 Zacharia
2405 1903 2642 1958 Romani
2671 1902 2973 1972 elegerunt
3033 1903 3386 1974 Stephanum
3457 1885 3752 1974 queddém

352 1985 618 2056 partibus
637 1984 708 2039 ab
747 1981 1080 2039 obedientia
1131 1978 1340 2056 Leonis
1397 1983 1457 2032 et
1496 1975 1721 2046 imperii
1765 1975 1874 2030 sub
1919 1989 1988 2029 eo

351 2052 678 2129 constituti.
701 2071 888 2140 (Hist.
923 2068 1124 2139 Μὶεο.)
1161 2052 1351 2122 Sed'et
1373 2065 1687 2133 Iohannes,
1709 2077 1820 2118 non
1848 2075 1989 2132 papa

351 2165 451 2217 aut
480 2142 814 2231 episcopus,
851 2158 955 2213 sed
981 2156 1300 2211 monachus
1331 2159 1386 2208 et
1441 2151 1992 2224 presbyterDamas-

350 2263 530 2306 cenus
560 2252 618 2304 et
660 2247 866 2303 doctor
903 2245 1183 2316 optimus,
1234 2241 1497 2296 eumdem
1564 2240 1806 2293 Leonem
1863 2253 1991 2293 cum

355 2336 612 2392 Orientis
643 2329 1429 2406 episcopisanathemizavit,
1463 2326 1742 2397 scriptum
1787 2325 1840 2380 in
1888 2326 1997 2380 Ro-

356 2437 521 2480 mana
543 2421 786 2480 historia
812 2419 965 2476 libro
995 2419 1182 2474 XXIII.
1212 2415 1366 2471 Obiit
1397 2417 1503 2469 Leo
1533 2429 1682 2469 anno
1707 2414 1778 2468 ab
1812 2413 1996 2468 incar-

357 2511 594 2567 natione
620 2507 845 2565 Domini
879 2511 1002 2562 735.

431 2671 570 2724 Post
604 2666 674 2700 “°
695 2667 938 2722 Leonem
964 2663 1222 2734 suscepit
1249 2662 1551 2732 imperium
1582 2660 1998 2716 Constantinus

360 2757 573 2828 impius
593 2769 742 2810 anno
763 2755 835 2809 ab
858 2754 968 2808 inc.
995 2754 1153 2806 Dom.
1179 2755 1302 2820 736,
1327 2749 1494 2818 cujus
1523 2749 1684 2819 regni
1729 2762 1897 2802 anno.
1935 2789 1946 2800 .
1983 2789 1994 2800 .

357 2845 427 2878 ²¹¹
457 2844 784 2916 Stephanus
809 2855 954 2913 papa
974 2839 1269 2896 Franciam
1290 2839 1442 2894 venit
1468 2856 1482 2904 ;
1508 2837 1772 2906 regnavit
1807 2840 1999 2891 autem

361 2949 410 2989 a.
444 2935 550 2996 43;
583 2936 640 2988 et
675 2931 960 3006 successit
993 2929 1104 2984 Leo
1129 2927 1281 2982 filius
1299 2927 1590 2996 ejusanno
1613 2926 1685 2980 ab
1710 2924 1995 2978 inc.Dom.

359 3025 464 3078 770
496 3037 511 3086 ;
545 3019 810 3090 regnavit
830 3033 880 3073 a.
917 3021 968 3085 5,
1001 3015 1056 3070 (1.
1085 3019 1118 3070 6
1142 3014 1352 3082 minus,
1379 3018 1437 3068 et
1464 3012 1750 3068 successit
1771 3012 2000 3088 Hyreue

360 3122 490 3164 cum
524 3106 643 3163 lilio
701 3103 1081 3162 Constantino
1141 3101 1340 3156 decem
1392 3114 1671 3154 annorum
1730 3098 1798 3131 ²¹²
1858 3113 2002 3158 uxor

365 3194 734 3252 Constantini
769 3189 1116 3262 superioris,
1142 3203 1192 3243 a.
1219 3192 1344 3243 775.
1397 3187 1599 3242 indict.
1630 3191 1713 3240 13.
1737 3185 1806 3218 ’1⁸
1838 3189 2000 3240 Anno

361 3288 489 3354 787,
523 3280 782 3352 synodus
807 3280 958 3334 facta
980 3281 1073 3332 est
1097 3275 1248 3346 apud
1279 3275 1510 3330 Niceam
1549 3274 1865 3330 indictione
1889 3273 2004 3344 pri-

368 3387 478 3441 ma,
515 3371 625 3426 sub
653 3367 908 3424 Adriano
929 3379 1094 3437 papa.
1124 3362 1542 3419 Constantinus
1583 3363 1832 3418 factione
1891 3376 2004 3416 ma-

369 3459 479 3517 tris
500 3470 621 3513 suaa
654 3457 989 3527 peremptus
1019 3454 1132 3521 est,
1166 3449 1421 3520 suscepit
1444 3448 1748 3520 imperium
1794 3449 1918 3520 ipsa
1948 3463 1998 3504 a.

368 3549 494 3610 792.
527 3548 588 3600 et
621 3540 910 3598 successit
937 3540 990 3595 ei
1022 3538 1382 3610 Nicephorus
1414 3551 1464 3592 a.
1489 3540 1614 3607 795,
1639 3540 1696 3590 et
1723 3537 1776 3592 ei
1810 3550 2005 3592 suces-

371 3635 444 3691 sit
477 3629 716 3688 Michael
748 3642 800 3684 a.
833 3631 956 3696 804,
979 3633 1038 3684 et
1065 3627 1116 3682 ei
1141 3625 1430 3683 successit
1460 3626 1572 3680 Leo
1597 3623 1780 3694 (Hist.
1807 3623 2004 3694 Misc.)

443 3798 598 3854 Obiit
631 3795 948 3866 Gregorius
973 3809 1118 3866 papa
1140 3797 1189 3849 4.
1208 3792 1496 3848 Kalendas
1510 3791 1837 3861 Decembr.,
1865 3789 2008 3846 indi-

367 3887 562 3944 ctione
593 3889 644 3955 3,
661 3883 857 3954 dielO,
883 3881 1136 3938 cessavit
1161 3880 1538 3952 episcopatus
1569 3879 1623 3935 d.
1650 3883 1700 3936 8.
1729 3877 2004 3949 (Gestap.

367 3974 466 4046 R.)
497 3973 567 4028 Et
596 3974 726 4043 post
750 3985 882 4027 eum
903 3967 1213 4024 Zacharias
1228 3968 1446 4022 Grecus
1467 3981 1616 4022 anno
1659 3966 2009 4022 incarnatio-

369 4063 460 4118 nis
487 4059 710 4116 Domini
739 4061 864 4128 742,
901 4061 1067 4128 patre
1089 4054 1484 4124 Polichronio,
1515 4069 1566 4109 a.
1604 4059 1688 4124 10,
1753 4070 1826 4109 m.
1861 4059 1912 4124 3,
1949 4053 2004 4109 d.

372 4151 456 4203 14.
493 4146 667 4215 (Ann.
698 4143 902 4215 Fuld.)
955 4144 1116 4198 Hunc
1175 4142 1348 4197 missa
1407 4141 1694 4210 legatione
1729 4142 2009 4214 Pippinus

371 4235 558 4306 major
588 4232 796 4288 domus
819 4231 874 4286 in
897 4244 1076 4300 regno
1096 4230 1445 4286 Francorum
1486 4229 1808 4300 interrogat
1826 4230 1898 4286 de
1920 4245 2008 4286 re-
2055 4235 2060 4238 ’

369 4323 544 4392 gibus
575 4321 923 4376 Francorum
957 4333 1030 4374 ex
1061 4318 1299 4388 antiqua
1331 4317 1772 4388 Mervingiorum
1822 4319 2007 4390 stirpe

372 4407 876 4474 descendentium,
901 4405 999 4476 qui
1023 4418 1192 4474 reges
1221 4404 1453 4476 quidem
1509 4405 1876 4476 dicebantur,
1903 4407 2007 4462 sed

371 4501 496 4554 tota
519 4495 680 4566 regni
706 4498 970 4566 potestas
1001 4493 1154 4565 apud
1187 4494 1462 4564 majorem
1521 4493 1728 4550 domus
1758 4495 2010 4550 habeba-

2104 1990 2526 2061 presbyterum,
2561 1994 2617 2045 et
2649 1995 3030 2046 consecratus
3051 1996 3144 2044 est
3163 2005 3325 2060 papa.
3353 1990 3460 2056 Qui
3495 2005 3630 2046 cum
3659 1991 3756 2046 die

2103 2078 2283 2132 tertio
2315 2093 2344 2132 a
2377 2077 2600 2132 somnio
2623 2092 2870 2145 surgens
2885 2092 3093 2134 causas
3118 2078 3434 2134 familiares
3481 2079 3759 2150 dispone-

2106 2169 2214 2234 ret,
2245 2165 2440 2220 subita
2472 2165 2806 2234 egritudine
2835 2180 3152 2236 percussus
3193 2166 3509 2235 obmutuit,
3565 2170 3629 2221 et
3662 2166 3756 2221 die

2105 2253 2374 2322 sequenti
2400 2257 2666 2308 mortuus
2700 2257 2812 2308 est.

2179 2361 2340 2413 Anno
2357 2358 2444 2412 ab.
2463 2359 2574 2413 inc.
2609 2360 2766 2413 Dom.
2784 2362 2908 2426 752,
2937 2357 3255 2414 indictione
3277 2363 3330 2428 5,
3357 2363 3756 2414 concurrente

2109 2451 2160 2515 1,
2192 2449 2397 2516 epacta
2428 2450 2481 2514 6,
2512 2447 2839 2517 Stephanus
2864 2447 3172 2515 Romanus,
3216 2449 3382 2516 patre
3422 2447 3758 2502 Constanti-

2109 2547 2202 2602 no,
2237 2533 2388 2588 sedit
2419 2533 2612 2588 Romae
2653 2546 2703 2588 a.
2746 2538 2800 2602 5,
2833 2533 2889 2587 (1.
2925 2537 2993 2588 29
3008 2533 3192 2601 (Hist.
3210 2532 3408 2603 Μίδα.)
3441 2533 3546 2589 Hic
3581 2548 3765 2606 prop-

2112 2626 2200 2676 ter
2223 2620 2651 2676 infestationem
2672 2621 2900 2676 Aistulﬁ
2946 2620 3102 2689 regis
3132 2620 3654 2690 Langobardorum
3687 2621 3764 2676 ad

2109 2707 2414 2778 Pippinum
2454 2709 2613 2763 venit
2653 2709 2708 2762 in
2740 2707 2997 2777 Francia,
3031 2711 3088 2763 et
3124 2707 3433 2764 constituit
3458 2723 3594 2764 eum
3647 2709 3766 2764 Ro-

2111 2809 2292 2852 manae
2320 2796 2582 2852 ecclesiae
2613 2796 2974 2850 defensorem
3003 2800 3060 2850 et
3094 2795 3438 2866 principem,
3473 2800 3528 2851 et
3547 2810 3760 2852 conse-

2109 2884 2294 2940 cravit
2325 2897 2455 2939 eum
2488 2898 2702 2952 regem.
2723 2883 2864 2953 (Fol.
2900 2885 3012 2953 39.)
3047 2884 3126 2938 Ex
3161 2887 3296 2939 tunc
3321 2883 3514 2938 ablata
3539 2885 3763 2940 estRo-

2113 2984 2200 3025 ma
2223 2985 2252 3024 a
2287 2971 2650 3040 subjectione
2682 2971 2907 3040 imperii
2939 2972 3272 3027 Grecorum.
3323 2971 3466 3037 Quia
3483 2971 3759 3041 ergojam

2113 3060 2228 3114 Deo
2256 3057 2507 3113 donante
2531 3058 2599 3113 ad
2624 3057 2679 3112 id
2712 3057 2968 3114 locorum
2991 3059 3350 3128 devenimus,
3381 3063 3444 3114 ut
3466 3059 3539 3114 de
3583 3059 3762 3114 Fran-

2113 3160 2311 3202 corum
2340 3145 2576 3214 regibus
2597 3145 3062 3216 prosequendum
3084 3145 3374 3214 videatur,
3410 3149 3754 3216 repetamus

2035 3227 2084 3290 C
2116 3232 2410 3304 paululum
2439 3233 2744 3304 superiora
2777 3239 2832 3288 et
2868 3233 3080 3302 quibus
3111 3233 3474 3304 temporibus
3497 3233 3554 3288 in
3583 3234 3762 3289 Fran-

2113 3334 2311 3375 corum
2335 3323 2490 3375 terra
2523 3334 2690 3388 reges
2709 3333 2953 3388 regnare
2975 3319 3258 3390 ceperint,
3299 3319 3472 3389 quive
3513 3319 3758 3388 fuerint,

2115 3407 2201 3464 vel
2230 3409 2378 3463 unde
2413 3409 2824 3478 processerint,
2850 3412 3079 3478 patrum
3095 3407 3253 3464 dicta
3276 3411 3597 3478 sequentes
3632 3409 3765 3464 bre-

2115 3495 2266 3551 viter
2297 3495 2702 3551 dilucidemus.

2186 3599 2450 3654 Priamus
2471 3596 2540 3630 ²²⁶
2572 3597 2794 3668 primus
2838 3613 2940 3653 rex
2985 3599 3348 3654 Francorum.
3425 3599 3632 3668 Frigus
3696 3599 3764 3632 ’³⁸

2115 3684 2466 3755 Francio’“,
2496 3686 2749 3742 Turcbot
2778 3684 2864 3740 ’1‘.
2892 3685 3108 3742 Deinde
3127 3685 3195 3718 ²¹⁶
3230 3686 3390 3742 fuere
3432 3688 3544 3742 sub
3595 3687 3762 3744 duci-

2120 3775 2228 3830 bus
2259 3772 2528 3843 usque’“
2550 3773 2620 3828 ad
2685 3774 3083 3830 Marcomirem
3125 3773 3331 3830 ducem
3375 3773 3446 3806 ’1‘
3495 3780 3764 3846 tempore

2116 3861 2444 3917 Theodosii.
2500 3862 2878 3918 Marcomirus
2933 3861 3002 3895 ’1⁵
3045 3862 3242 3932 genuit
3309 3863 3759 3919 Faramundum.

2119 3949 2322 4005 Clodio
2342 3948 2411 3982 “‘
2445 3949 2598 4006 filius
2627 3951 2772 4021 ejus,
2809 3950 3192 4019 Merovingius
3213 3949 3281 3983 ³³⁸
3333 3950 3507 4006 ﬁlius.
3541 3951 3771 4008 Childe-

2121 4040 2276 4093 ricus
2300 4036 2369 4070 ³η
2425 4042 2688 4108 tempore
2723 4038 3000 4094 Mauricii.
3028 4037 3349 4096 Clodeveus
3369 4037 3438 4072 ’³⁸
3486 4054 3591 4096 rex
3610 4045 3772 4096 octa-

2118 4139 2226 4182 vus
2254 4139 2285 4180 a
2306 4125 2490 4197 primo
2524 4125 2708 4194 (Hist.
2741 4125 2956 4182 Franc.
2991 4127 3152 4197 epit,
3187 4140 3237 4180 c.
3269 4129 3348 4198 2.)

2191 4235 2353 4288 Anno
2385 4232 2475 4288 ab.
2511 4231 2620 4287 inc.
2657 4233 2816 4286 Dom.
2854 4233 2974 4299 446,
2997 4231 3312 4287 indictione
3338 4235 3424 4302 14,
3459 4238 3672 4304 epacta
3713 4239 3766 4303 9,

2119 4325 2508 4376 concurrente
2539 4325 2587 4389 1,
2612 4319 2989 4390 pontificatus
3008 4319 3202 4376 domni
3227 4321 3433 4376 Leonis
3457 4321 3646 4391 Magni
3673 4336 3770 4393 pa-

2121 4425 2208 4480 pa;
2231 4423 2380 4464 anno
2410 4411 2466 4478 2,
2488 4407 2544 4462 in
2567 4407 2915 4463 Francorum
2956 4411 3114 4464 terra
3148 4423 3317 4477 reges
3373 4422 3623 4478 regnare
3675 4425 3773 4466 ce-

2122 4501 2355 4568 perunt,
2381 4501 2442 4552 et
2472 4495 2693 4567 primus
2713 4509 2911 4551 eorum
2945 4495 3174 4552 nomine
3200 4495 3400 4552 Clodio
3448 4497 3723 4567 regnavit
3745 4512 3774 4552 a

371 4589 491 4655 tur,
516 4586 764 4654 excepto
787 4581 938 4653 quod
961 4586 1140 4638 cartze
1161 4585 1218 4636 et
1249 4581 1553 4653 privilegia
1576 4582 1732 4652 regis
1780 4583 2010 4638 nomine
2039 4573 2092 4634 D
2121 4589 2208 4642 20.
2238 4583 2530 4655 [Fasces]
2555 4583 2770 4638 Deinde
2803 4583 3166 4640 Childericus
3198 4584 3352 4641 filius
3384 4585 3660 4658 Merovei,
3679 4601 3783 4642 ex-

372 4673 806 4743 scribehantur,
831 4675 892 4727 et
925 4671 1022 4742 qui
1051 4685 1156 4726 rex
1184 4671 1493 4727 dicebatur
1525 4671 1581 4724 in
1629 4671 1828 4728 Martis
1859 4687 2010 4728 cam-

370 4777 506 4834 pum
536 4761 801 4834 plaustro
833 4763 1040 4817 vectus
1067 4757 1440 4814 trahentibus
1482 4759 1670 4815 bobus
1716 4765 1892 4830 atque
1952 4761 2008 4818 in

370 4848 648 4908 eminenti
678 4847 913 4920 sedens,
937 4846 1118 4902 semel
1151 4845 1206 4900 in
1240 4859 1431 4900 annos
1452 4845 1666 4916 populo
1697 4847 1878 4918 visus,
1909 4864 2012 4920 pu-

373 4936 523 4996 blica
556 4936 704 4992 dona
726 4935 1110 5007 solempniter
1135 4931 1478 5003 sibiohlata,
1495 4938 1688 4990 stante
1723 4948 1788 4990 an
1800 4939 1856 4992 te
1877 4951 2007 4993 eum

372 5025 592 5096 majore
622 5021 848 5091 domus,
881 5027 942 5080 et
973 5036 1101 5093 quae
1133 5021 1412 5092 deinceps
1453 5035 1521 5076 eo
1578 5036 1728 5078 anno
1787 5025 2007 5094 agenda

371 5115 538 5170 erant
571 5111 809 5184 populis
829 5109 1238 5181 annunciante,
1263 5109 1314 5166 ei
1345 5108 1432 5166 sic
1459 5123 1598 5180 rege
1647 5111 1879 5170 domum
1921 5129 2010 5172 re-

2122 4673 2292 4746 pulso
2315 4672 2518 4742 Egidio
2541 4671 2686 4728 duce
2703 4672 3090 4728 Romanorum
3109 4671 3181 4728 de
3196 4687 3374 4743 regno
3392 4677 3572 4744 atque
3587 4674 3773 4731 inter-

2123 4763 2298 4830 fecto,
2330 4774 2571 4829 regnum
2603 4759 2821 4816 invadit
2845 4774 2993 4816 anno
3020 4761 3109 4816 ab.
3143 4761 3430 4840 inc.Dom.
3456 4763 3586 4832 466,
3605 4766 3663 4818 et
3695 4776 3781 4818 re-

2119 4849 2315 4919 gnavit
2339 4863 2390 4904 a.
2421 4851 2510 4920 24,
2543 4847 2640 4919 qui
2668 4848 2872 4918 genuit
2900 4847 3077 4905 illium
3093 4863 3165 4904 ex
3221 4849 3460 4905 Bassina
3499 4849 3782 4921 Toringo-

2120 4953 2248 4994 rum
2280 4937 2481 5006 regina
2521 4935 2749 4992 nomine
2780 4937 3154 5007 Clodoveum,
3177 4936 3363 4993 virum
3393 4937 3783 4995 bellicossisi-

2120 5041 2273 5082 mum
2305 5031 2364 5081 et
2393 5023 2880 5096 potentissimum,
2916 5024 2972 5079 in
3004 5024 3207 5098 primis
3247 5023 3532 5094 gentilem
3565 5031 3777 5096 postea

2120 5113 2524 5173 christianum.
2557 5110 2885 5170 Childerico
2907 5125 3048 5182 ergo
3102 5111 3378 5171 defuncto
3448 5113 3784 5171 Clodoveus

1729 5218 1966 5321 VAliUE
2004 5261 2405 5322 LECTIONES.

443 5383 514 5418 ²⁰⁸
546 5385 710 5439 Intus
734 5411 805 5422 —
857 5381 1159 5452 perierunt
1219 5383 1288 5439 in
1327 5394 1522 5453 marg.

1607 5382 1677 5416 ²⁰⁰
1725 5385 1830 5462 Hic
1875 5417 1952 5462 _—
1997 5391 2102 5442 735
2152 5387 2221 5442 in
2256 5384 2578 5462 m_a7jg:__"°
2632 5387 2858 5462 _P_ost—
2894 5455 2905 5462 _
2937 5385 3222 5462 successit
3281 5385 3419 5462 Leo_
3451 5385 3524 5462 iga
3581 5401 3784 5462 marg.

373 5454 442 5534 ξξξ
468 5466 712 5534 (castra,
748 5453 816 5534 ίῳ
841 5451 1016 5534 cujits
1033 5453 1224 5534 ﬁnitio
1249 5451 1652 5534 distipguitur
1679 5470 1732 5534 p.
1762 5453 1832 5486 ἰ’
1855 5455 1908 5510 d.
1944 5451 2775 5534 ρ.εαρσγεοφηὶριὶιυψοειζζιρρ
2799 5455 3065 5534 quinque
3076 5455 3220 5534 fere
3246 5453 3551 5534 vocabitur
3577 5451 3784 5534 erasit.

372 5525 441 5559 ιιι
473 5525 631 5582 Obiit
686 5521 756 5563 '—
785 5521 987 5580 indfb.
1020 5523 1084 5579 in
1112 5535 1285 5592 marg

371 5664 626 5732 abscisa.

1343 5521 1412 5555 ²ί³
1442 5521 1832 5580 Ἠθΐυῐιοῑο-
1861 5521 2129 5584 mortuu's
2186 5532 2276 5583 est
2305 5521 2374 5583 in
2401 5521 2534 5583 ma?
2580 5568 2592 5581 .
2637 5525 2705 5558 ²¹⁶
2740 5521 3004 5583 Priamus
3061 5521 3306 5584 octavus
3373 5541 3404 5582 a

1343 5593 1546 5652 κωιπε.
1571 5593 1769 5653 Initia
1791 5595 2092 5653 linearum
2122 5598 2214 5653 Pr.
2247 5597 2360 5653 Fri.
2393 5598 2483 5653 Fr.
2508 5541 2640 5653 (ur.
2664 5595 2826 5653 Dein.
2861 5609 2950 5653 us.
2971 5596 3105 5653 duc.
3131 5597 3236 5653 Ma.
3279 5595 3401 5653 Clo.

371 5609 564 5668 marg.
591 5594 923 5654 atramento
959 5592 1156 5652 eodem
1180 5607 1297 5666 quo
1329 5593 1546 5652 textus.
1571 5593 1769 5655 Initia
1791 5595 2092 5654 linearum
2122 5598 2214 5668 Pr,
2247 5597 2360 5666 Fri,
2393 5598 2483 5668 Fr,
2508 5592 2621 5654 Tur

3503 5527 3661 5586 rimo
3722 5532 3789 5587 in

2626 5639 2640 5668 ,
2664 5595 2826 5667 Dein,
2861 5609 2950 5666 us,
2971 5596 3105 5669 duc,
3131 5597 3236 5668 Ma,
3279 5595 3401 5668 Clo,
3435 5595 3544 5669 Me,
3572 5599 3706 5674 Chi,
3727 5599 3789 5656 Cl
