3898 6354
139 365 229 438 109
1383 362 1801 436 CHRONICO

1959 403 1993 414 -
2024 364 2177 428 LIB.
2225 356 2270 429 Ῑ.
3414 376 3531 442 110

139 507 404 567 successit
462 504 605 577 (5‘2).
675 506 842 562 Anno
873 507 905 561 5
936 504 1094 575 regni
1127 505 1254 575 ejus
1296 505 1589 578 Syagrius,
1628 502 1773 573 .Egi-
1803 503 1857 564 Α
1888 501 2135 557 cadaver
2164 501 2424 559 exanime
2457 502 2572 559 ruit
2608 502 2753 561 ﬁens
2776 505 3154 576 amarissime,
3181 509 3311 565 etin
3337 526 3530 569 mona-

142 597 209 653 dii
234 597 631 653 Romanorum
666 594 839 652 ducis
872 594 1046 664 filius,
1078 593 1231 665 apud
1262 594 1561 649 civitatem
1609 593 1775 647 Sues—
1889 591 2072 645 sterio
2124 595 2461 647 sanctorum
2514 594 2961 661 Agaunensium,
2996 596 3149 665 quod
3200 598 3324 667 ipse
3383 601 3528 655 miro

141 686 406 742 sionicam
467 682 671 740 sedem
735 683 1008 751 habebat,
1044 697 1220 755 super
1252 697 1421 753 quem
1453 680 1779 737 Clodoveus
1888 693 2064 749 opere
2094 694 2123 733 a
2158 680 2550 735 fundamentis
2574 687 3007 751 construxerat,
3035 699 3141 754 per
3164 685 3291 741 dies
3315 687 3532 744 multos

140 775 316 830 irruit.
356 776 432 828 At
466 771 566 827 ille
598 771 813 827 elisum
848 785 1095 828 cernens
1126 771 1450 826 exercitum
1484 784 1674 838 suum,
1707 768 1779 824 ad
1890 766 2116 821 veniam
2152 772 2377 838 petens,
2410 772 2468 823 et
2504 768 2872 840 psallentium
2906 772 3144 828 chorum
3193 773 3528 846 instituens,

137 862 425 919 Alaricum
460 859 783 917 Gothorum
818 874 1012 929 regem
1072 873 1250 916 cursu
1298 858 1486 915 veloci
1518 856 1781 913 Tolosam

134 949 481 1022 perlabitur.
506 948 705 1020 [Gaza
732 948 862 1003 Tur.
892 964 943 1013 υ,
967 947 1079 1019 27.]
1102 946 1210 1003 Sed
1234 946 1501 1003 Alaricus
1522 944 1783 1015 acceptis

134 1038 284 1107 regis
308 1036 546 1093 nunciis
575 1050 708 1092 cum
742 1035 1129 1091 intentatione
1161 1035 1464 1104 minarum,
1488 1041 1551 1090 ut
1576 1033 1785 1089 Gotho-

131 1142 257 1183 rum
281 1140 413 1182 mos
425 1134 515 1182 est
532 1138 768 1196 pavere,
787 1123 1086 1194 Syagrium
1101 1124 1359 1179 vinctum
1376 1122 1584 1193 legatis
1606 1121 1788 1177 tradi-

131 1215 234 1271 dit.
273 1215 462 1281 Quem
498 1212 827 1269 Clodoveus
858 1212 1144 1269 custodia)
1181 1211 1438 1268 mandari
1480 1210 1783 1280 praecepit,

129 1318 435 1375 regnoque
457 1303 587 1373 ejus
610 1304 853 1372 accepto
870 1315 1000 1356 eum
1021 1300 1169 1355 clam
1192 1300 1387 1368 gladio
1406 1298 1563 1354 feriri
1583 1298 1784 1367 jussit.

130 1393 444 1463 [Humum
493 1391 592 1447 Vit
617 1389 873 1461 RemigJ
927 1390 1237 1445 Remorum
1286 1393 1427 1445 tunc
1477 1387 1786 1443 ecclesiam

131 1483 348 1537 beatus
380 1480 628 1550 regebat
661 1477 977 1548 Remigius,
1014 1478 1111 1549 qui
1145 1478 1335 1533 factus
1365 1468 1454 1532 est
1488 1491 1517 1531 a
1549 1476 1789 1531 Domino

129 1567 357 1641 populo
384 1567 506 1638 jam
526 1568 645 1622 fere
669 1565 983 1637 desperato
1003 1565 1059 1621 in
1085 1570 1344 1637 tempore
1370 1564 1685 1621 iracundiae
1708 1578 1791 1619 re-

124 1656 475 1713 conciliata.
504 1657 644 1711 Post
673 1654 991 1710 vindictam
1024 1654 1174 1710 enim
1208 1652 1516 1710 scelerum:
1552 1669 1678 1723 qua}
1712 1654 1790 1707 fa-

127 1752 227 1800 cta
261 1749 353 1800 est
390 1758 421 1799 a
448 1744 690 1800 Domino
706 1744 865 1799 caede
888 1742 1221 1812 Galliarum,
1244 1741 1655 1798 Wandalorum
1682 1742 1791 1813 pri-

129 1848 249 1902 mo,
289 1832 509 1888 deinde
542 1833 836 1888 Hunorum
870 1834 1257 1925 persequente
1290 1829 1789 1925 ei'udelitate,.mi-
1819 1865 1871 1925 B

129 1920 531 1977 sericordiam
564 1919 691 1976 caeli
724 1918 1109 1989 distillarunt,
1136 1919 1271 1975 dum
1302 1918 1375 1974 ad
1408 1918 1788 1987 mitigandum

128 2010 399 2065 furorem
423 2008 711 2066 Altissimi
734 2008 1055 2077 Remigium
1077 2007 1290 2064 mundo
1314 2007 1644 2078 pontiﬁcem
1668 2020 1792 2079 pro-

132 2097 430 2154 tulerunt.

206 2291 513 2363 [Famam]
548 2290 982 2347 Gundebaudus
998 2294 1138 2346 tunc
1160 2290 1441 2359 regnabat
1457 2290 1511 2346 in
1531 2292 1790 2359 Burgun-

133 2380 231 2436 dia
256 2379 590 2436 Gundiochi
614 2379 773 2449 regis
798 2377 972 2447 ﬁlius,
1000 2378 1097 2448 qui
1130 2378 1236 2434 fuit
1270 2378 1340 2433 de
1370 2393 1584 2447 genere
1618 2380 1792 2434 Atha-

136 2470 324 2525 narici
357 2468 828 2539 persequutoris.
866 2468 1075 2523 Habuit
1127 2466 1500 2523 Gundiochus
1541 2471 1599 2521 et
1645 2467 1792 2523 alios

142 2556 323 2627 ﬁlios,
376 2555 800 2626 Godegisilum,
836 2555 1225 2626 Cbilpericum
1275 2560 1332 2609 et
1382 2556 1786 2613 Godemarum.

140 2646 585 2703 Gundebaudus
615 2643 1003 2715 Cbilpericum
1039 2644 1278 2701 fratrem
1310 2658 1476 2700 suum
1498 2645 1792 2700 interfecit

142 2734 365 2805 gladio,
402 2747 649 2789 uxorem
680 2732 809 2802 ejus
837 2732 1018 2801 ligato
1048 2732 1120 2788 ad
1150 2731 1362 2788 collum
1403 2732 1595 2803 lapide
1627 2733 1794 2804 aquis

144 2822 455 2892 immersit,
481 2822 633 2878 duos
661 2835 862 2877 eorum
894 2820 1046 2876 filios
1065 2820 1262 2890 gladio
1284 2820 1621 2892 trucidavit,
1649 2823 1793 2878 duas

141 2910 295 2967 ﬁlias
326 2910 508 2966 exilio
540 2909 969 2966 condemnavit.
998 2910 1212 2965 Harum
1242 2911 1439 2965 senior
1469 2910 1792 2968 Sedeleuba

142 3014 203 3056 se
234 2999 480 3055 Domino
521 3001 743 3055 mutata
786 3002 952 3054 veste
980 2998 1216 3068 dicavit,
1255 2998 1441 3055 minor
1473 2999 1793 3057 Crothildis

142 3090 579 3144 nominabatur.
635 3089 770 3143 Haec
820 3087 1061 3157 quaesita
1111 3090 1200 3142 est
1233 3102 1264 3141 a
1316 3087 1606 3144 Clodoveo
1654 3104 1790 3159 rege

139 3177 518 3246 Francorum,
531 3180 607 3277 ut
640 3176 752 3232 sibi
785 3189 919 3277 eam‘
933 3175 1204 3277 traderet
1236 3176 1668 3234 Gundebaudus
1698 3192 1793 3249 pa-
1825 3218 1868 3277 η

143 3270 316 3322 truus
338 3266 488 3336 ejus.
525 3265 690 3331 Quod
722 3279 851 3319 cum
886 3264 982 3319 ille
1014 3278 1227 3333 negare
1259 3280 1369 3321 non
1402 3267 1667 3337 auderet,
1700 3282 1793 3324 ve-
1825 3255 1872 3280 "'

140 3354 376 3409 nientes
418 3351 625 3409 Franci
676 3357 1032 3423 acceperunt
1078 3367 1203 3409 eam
1235 3367 1266 3409 a
1298 3353 1688 3411 Gcndebaudo
1734 3360 1791 3412 et

139 3456 272 3499 cum
303 3440 511 3498 multis
542 3441 842 3497 thesauris
872 3440 943 3496 ad
969 3441 1318 3499 Clodoveum
1342 3442 1619 3513 dirigunt.
1649 3443 1788 3513 (Fol.

142 3532 257 3599 to.)
292 3529 556 3587 Consilio
588 3536 784 3588 autem
817 3530 1012 3586 Aredii
1046 3531 1136 3587 sui
1170 3531 1549 3588 reminiscens
1571 3533 1795 3589 Gunde-

144 3619 379 3676 baudus
410 3618 545 3675 mali
580 3620 733 3689 quod
770 3620 1008 3689 fecerat,
1045 3619 1175 3689 quia
1226 3619 1502 3676 videlicet
1546 3627 1792 3692 patrem,

142 3712 395 3764 matrem
416 3711 473 3763 et
492 3708 707 3763 fratres
723 3707 1038 3764 Chrotildaa
1058 3707 1469 3778 interfecisset,
1488 3710 1791 3781 ettimens,

143 3810 215 3851 ne
247 3797 300 3852 si
336 3795 620 3852 Crotildis
655 3795 1025 3867 praevaleret,
1059 3801 1305 3851 mortem
1340 3802 1644 3868 parentum
1676 3800 1797 3855 vin-

145 3884 399 3952 dicaret,
427 3890 559 3956 post
589 3899 714 3941 eam
736 3885 896 3940 misit
917 3884 1240 3941 exercitum
1264 3885 1361 3955 qui
1387 3887 1713 3944 basternam
1739 3895 1794 3944 et

139 3972 468 4029 thesauros
489 3977 788 4030 retentant
808 3990 821 4041 ;
839 3972 1031 4045 puella
1051 3972 1241 4029 levata
1262 3974 1318 4029 in
1337 3988 1549 4046 equum
1573 3990 1602 4031 a
1627 3978 1799 4034 Fran-

140 4062 230 4118 cis
263 4061 339 4117 ad
375 4061 728 4118 Clodoveum
762 4061 1056 4132 dirigitur,
1080 4076 1251 4132 quam
1284 4062 1463 4133 regali
1496 4079 1796 4124 assumens

140 4150 376 4208 honore
418 4150 474 4206 in
516 4149 947 4207 matrimonium
1006 4151 1267 4221 perfecto
1320 4150 1524 4208 dilexit
1582 4168 1792 4212 amore.

142 4238 762 4312 (Hist.Franc.epit.)
789 4240 1048 4296 Habebat
1078 4239 1196 4309 jam
1230 4245 1369 4298 tunc
1398 4241 1800 4302 Clodoveusﬁ-

139 4328 291 4384 lium
307 4328 385 4385 de
400 4329 745 4399 concubina,
763 4328 992 4385 nomine
1014 4329 1450 4399 Theodericum,
1470 4332 1565 4402 qui
1598 4347 1800 4403 regna-

140 4418 235 4473 vit
248 4421 389 4490 post
403 4432 533 4474 eum
548 4418 717 4475 annis
738 4417 945 4487 viginti
965 4418 1177 4475 tribus.
1194 4417 1488 4493 [Faenza]
1505 4422 1717 4479 Habuit
1738 4429 1796 4481 et

144 4506 440 4563 aliostres
454 4506 606 4563 ﬁlios
632 4522 704 4563 ex
736 4504 994 4563 Crotilde
1027 4506 1800 4578 Clodomerem,Childeber-

142 4598 353 4652 tumet
369 4594 825 4666 Clotarium,qui
850 4600 981 4667 post
1002 4609 1131 4653 eum
1166 4572 1577 4667 regnaverunt.
1598 4601 1795 4671 [ϐκεο.
1829 4572 1883 4633 D

143 4684 612 4757 Tur.]Defuncto
634 4687 831 4741 autem
856 4685 1272 4751 Gundebaudo,
1290 4701 1528 4758 regnum
1546 4691 1805 4761 Burgun-

148 4773 268 4830 ἀίω
284 4773 694 4843 Sigismundus
708 4772 867 4830 ﬁlius
889 4772 1016 4843 ejus
1035 4774 1310 4845 obtinuit,
1328 4776 1648 4850 habuitque
1668 4796 1807 4838 uxo-

149 4877 280 4919 rem
298 4861 476 4918 ﬁliam
487 4861 832 4920 Theoderici
847 4863 1001 4933 regis
1013 4863 1645 4939 ltalim.[Fnsnsc.]Qua
1662 4885 1810 4927 mor-

146 4954 281 5022 tua,
316 4949 490 5007 aliam
522 4950 715 5021 duxit,
749 4955 808 5007 et
842 4951 1055 5023 prioris
1082 4952 1349 5023 conjugis
1398 4954 1576 5012 ﬁlium
1611 4971 1813 5015 nover-

150 5055 242 5099 cae
266 5040 503 5099 insidiis
527 5039 710 5113 jussit
744 5038 1016 5098 interﬁci.
1043 5042 1179 5098 Nam
1201 5042 1455 5114 sopitum
1479 5043 1613 5101 vino
1634 5044 1812 5105 ﬁlium

155 5129 423 5187 dormire
457 5133 589 5203 post
626 5128 931 5186 meridiem
956 5129 1164 5200 jussit;
1194 5131 1287 5189 cui
1321 5131 1635 5189 dormienti
1690 5149 1817 5193 ora—

154 5219 310 5276 rium
325 5221 438 5276 sub
460 5218 615 5276 collo
638 5216 894 5290 positum
908 5221 1018 5289 est,
1037 5222 1098 5275 et
1121 5220 1231 5276 sub
1255 5226 1449 5278 mento
1472 5221 1733 5293 ligatum,
1759 5226 1817 5281 et

157 5308 246 5366 sic
280 5308 662 5366 trahentibus
694 5306 768 5364 ad
802 5320 865 5363 se
898 5308 1140 5366 invicem
1175 5311 1374 5380 pueris
1399 5309 1629 5368 duobus
1649 5312 1822 5382 sugil-

1893 855 2232 923 Lugdunum
2266 855 2458 925 rediit,
2494 855 2715 913 ultione
2758 858 2951 914 divina
2984 875 3016 915 e
3050 860 3301 931 vestigio
3332 865 3535 921 subse-

1895 949 2129 1012 quente.
2168 943 2350 1012 Hujus
2387 943 2563 1000 ﬁliam
2612 946 3004 1004 Theodericus
3053 949 3328 1006 Clodovci
3380 952 3536 1008 ﬁlius

1897 1045 2133 1086 uxorem
2165 1031 2409 1103 accepit.

1969 1120 2169 1189 {Guar}.
2199 1122 2328 1176 Tur.
2379 1136 2438 1191 η,
2492 1126 2580 1191 30,
2633 1123 2744 1193 31.]
2796 1125 3076 1182 Crotildis
3126 1141 3265 1197 ergo
3315 1130 3535 1199 regina,

1896 1223 2025 1263 cum
2057 1212 2212 1262 esset
2245 1209 2748 1281 christianissima,
2782 1218 2842 1267 et
2892 1213 3220 1271 Clodoveus
3273 1216 3540 1273 fanaticis

1901 1298 2167 1351 uteretur
2192 1296 2438 1367 legibus,
2457 1302 2907 1370 monereturque
2932 1302 3338 1372 frequentibus
3371 1307 3442 1359 ah
3474 1322 3538 1362 ea

1902 1388 1962 1439 ut
1987 1382 2138 1439 idola
2162 1399 2307 1439 vana
2323 1385 2666 1455 negligeret,
2682 1392 2740 1442 et
2760 1390 2934 1444 Deum
2951 1406 3150 1447 verum
3168 1401 3534 1465 agnosceret,

1900 1472 1956 1527 in
1985 1473 2156 1541 cujus
2188 1489 2356 1529 manu
2388 1478 2478 1529 est
2513 1491 2615 1531 cor
2645 1491 2844 1547 regum
2877 1483 2935 1534 et
2955 1480 3206 1536 omnium
3231 1481 3541 1551 dispositio

1899 1566 2279 1633 potestatum,
2307 1564 2683 1633 acquiescere
2706 1566 2910 1637 noluit,
2934 1567 3115 1624 donec
3151 1569 3303 1625 bello
3338 1575 3541 1628 contra

1902 1649 2249 1706 Alamannos
2263 1657 2559 1723 suscepto,
2575 1654 2915 1725 compulsus
2938 1656 3202 1713 conﬁteri
3226 1662 3542 1716 necessita-

1903 1739 2140 1808 tc,quod
2157 1739 2319 1809 prius
2334 1746 2641 1808 negaverat
2658 1741 2979 1798 voluntate.
3000 1746 3136 1800 Cum
3152 1747 3302 1803 enim
3318 1754 3543 1808 exerci-

1899 1833 1997 1883 tus
2020 1828 2143 1896 ejus
2166 1828 2236 1882 ad
2257 1828 2712 1885 internecionem
2738 1845 2924 1900 usque
2946 1832 3291 1905 crederetur,
3315 1838 3542 1896 invoca-

1904 1924 1961 1972 to
1985 1916 2210 1971 nomine
2227 1917 2357 1971 Jesu
2387 1916 2511 1970 Filii
2534 1918 2655 1987 Dei,
2673 1932 2841 1987 quem
2859 1920 3214 1989 praedicabat
3240 1926 3541 2000 Crotildis,

1900 2005 2204 2061 victoriam
2253 2005 2524 2061 obtinuit.
2560 2006 2722 2072 Quod
2756 2022 2884 2063 cum
2918 2008 3071 2064 domi
3102 2012 3342 2069 veniens
3375 2019 3541 2073 uxori

1901 2097 2220 2163 narrasset,
2248 2093 2347 2148 illa
2375 2094 2521 2149 clam
2541 2096 2833 2151 accersito
2860 2096 3030 2152 beato
3054 2098 3314 2169 Remigio
3340 2103 3545 2161 Remo-

1902 2196 2027 2238 rum
2055 2182 2499 2253 archiepiscopo
2532 2182 2757 2253 suadet,
2794 2190 2859 2240 ut
2891 2186 3011 2255 regi
3044 2189 3283 2245 verbum
3331 2191 3543 2252 salutis

1900 2270 2177 2326 insinuet.
2215 2270 2379 2335 Quod
2411 2284 2540 2326 cum
2586 2271 3042 2329 faceret—erat
3092 2277 3244 2331 enim
3288 2283 3539 2349 egregia:

1901 2359 2182 2428 scientize,
2209 2364 2267 2414 ct
2300 2359 2610 2415 rhetoricis
2643 2360 2902 2431 adprime
2934 2362 3193 2420 imbutus
3238 2368 3539 2426 studiis-—

1903 2448 2098 2503 divina
2128 2448 2402 2519 praeduce
2432 2448 2620 2518 gratia
2655 2464 2757 2504 rex
2789 2451 3061 2523 credidit,
3097 2457 3154 2508 et
3203 2472 3332 2512 cum
3380 2472 3546 2515 exer-

1902 2535 2022 2592 citu
2057 2536 2389 2607 baptizatus
2422 2542 2511 2592 est
2544 2541 2605 2591 15
2634 2552 2783 2593 anno
2815 2541 2978 2609 regni
3011 2542 3122 2612 sui,
3152 2543 3360 2601 Albino
3389 2547 3450 2601 V.
3479 2549 3537 2605 C.

1903 2623 2163 2695 consule,
2205 2625 2424 2681 incarn.
2460 2627 2617 2681 Dom.
2656 2642 2704 2681 a.
2742 2631 2861 2683 502.

1975 2730 2171 2801 [Casca
2204 2731 2334 2787 Tur.
2369 2746 2409 2801 ι,
2434 2734 2545 2803 32.]
2572 2732 3011 2802 Burgundiones
3036 2740 3171 2794 tunc
3197 2742 3542 2800 Arianorum

1905 2824 2120 2876 sectam
2167 2824 2435 2875 tenentes
2480 2820 2824 2877 habitabant
2852 2824 3008 2880 circa
3044 2828 3266 2883 Ararim
3296 2834 3354 2884 ct
3385 2832 3541 2887 circa

1902 2908 2262 2976 Rhodanum,
2297 2907 2394 2978 qui
2428 2908 2612 2964 ﬁuunt
2636 2909 2807 2978 juxta
2842 2913 3043 2967 urbem
3078 2915 3540 2991 Lugdunensem,

1905 2996 2118 3067 quibus
2158 3002 2446 3067 praeerant
2480 2996 2912 3056 Gundebaudus
2944 3006 3001 3056 et
3033 3003 3401 3073 Godegisilus
3435 3009 3547 3065 fra-

1905 3090 2042 3142 tres.
2067 3086 2148 3155 (n,
2166 3086 2277 3155 34.)
2295 3085 3135 3154 GodegisilumGundebaudus
3153 3092 3466 3167 interfecit,
3485 3104 3541 3156 et

1904 3176 2027 3246 ipse
2041 3189 2169 3230 cum
2187 3178 2523 3230 moneretur
2536 3190 2566 3229 a
2582 3180 2783 3230 sancto
2798 3177 2967 3233 Avito
2988 3179 3293 3237 Viennensi
3328 3187 3547 3242 archie-

1903 3264 2162 3335 piscopo,
2182 3267 2243 3318 ut
2257 3262 2638 3319 conﬁteretur
2660 3263 2949 3321 Christum
2968 3267 3171 3323 Filium
3187 3271 3282 3325 Dei
3300 3278 3355 3327 ct
3373 3274 3548 3346 Sipri-

1906 3354 2025 3407 tum
2043 3354 2307 3406 sanctum
2321 3350 2603 3420 aequalem
2619 3352 2775 3407 Patri
2796 3385 2857 3392 —
2881 3360 3005 3409 erat
3033 3356 3183 3411 enim
3211 3359 3458 3418 Arianus
3479 3395 3548 3405 —

1905 3438 2053 3494 clam
2072 3444 2131 3494 ut
2147 3439 2570 3496 chrismaretur
2584 3441 2969 3511 expetiit.Sed
2986 3444 3085 3499 illo
3099 3446 3550 3520 adhortante,ue

1866 3578 1875 3585 .
1907 3527 2246 3583 formidaret
2261 3542 2362 3583 rex
2375 3528 2722 3584 seditionem
2739 3530 3154 3603 populi,neque
3169 3538 3546 3596 erubesceret

1905 3615 1961 3670 in
1981 3615 2194 3672 saacula
2219 3622 2556 3685 regnantem
2581 3617 2635 3672 in
2660 3618 2877 3674 saeculo
2894 3622 3181 3693 conﬁteri,
3201 3624 3326 3695 ipse
3341 3627 3448 3684 hac
3462 3644 3551 3686 ra-

1906 3706 2065 3760 tione
2095 3707 2371 3761 confusus
2404 3721 2583 3776 usque
2614 3706 2683 3761 ad
2718 3708 2853 3762 vitae
2876 3709 3093 3765 exitum
3119 3712 3174 3766 in
3200 3728 3300 3770 sua
3328 3716 3547 3777 insania

1908 3792 2407 3867 perduravit;cui
2461 3794 2865 3863 Sigismundus
2910 3801 3215 3855 successit.
3269 3803 3387 3872 (fol.
3442 3809 3550 3880 40‘)
3604 3864 3617 3877 ,

1910 3882 2234 3938 Clodoveus
2262 3883 2459 3952 itaque
2509 3898 2637 3937 cum
2684 3887 2837 3937 e-set
2883 3884 3060 3940 armis
3093 3891 3371 3945 strenuus
3401 3898 3460 3948 et
3494 3895 3550 3951 in

1910 3971 2019 4027 ﬁde
2052 3975 2256 4027 saneta
2278 3970 2798 4039 nominatissimus,
2820 3975 2879 4026 et
2900 3972 3125 4029 videret
3149 3976 3386 4047 Gothos,
3414 3996 3552 4050 quo-

1909 4075 2035 4116 rum
2065 4064 2192 4116 erat
2226 4060 2498 4131 princeps
2546 4063 2606 4115 et
2652 4073 2754 4115 rex
2806 4060 3093 4133 Alaricus,
3126 4068 3183 4119 et
3233 4066 3552 4128 dominatio

1860 4164 1867 4171 '
1908 4164 2108 4206 eorum
2143 4149 2295 4205 ultra
2330 4148 2596 4219 Ligerim,
2624 4149 2865 4205 Arriana
2889 4155 3055 4221 peste
3078 4158 3137 4209 et
3158 4158 3551 4225 perversitate

1908 4241 2244 4311 corruptos,
2279 4237 2571 4307 velletque
2602 4242 2686 4307 ut,
2722 4240 3020 4309 superatis
3062 4241 3147 4299 eis
3190 4259 3319 4301 cum
3355 4246 3551 4307 divino

1910 4328 2148 4398 auxilio,
2184 4333 2341 4383 terra
2375 4327 2741 4396 redigeretur
2780 4326 2987 4385 ditioni
3024 4347 3161 4402 suae,
3196 4342 3551 4396 commotum

1910 4419 2233 4477 exercitum
2262 4416 2538 4485 Pictavis,
2566 4417 2664 4473 ubi
2689 4433 2791 4473 rex
2817 4418 3081 4477 Alaricus
3105 4425 3444 4482 morabatur
3468 4428 3550 4484 di-

1911 4508 2084 4564 rexit.
2114 4507 2195 4577 (n,
2230 4507 2340 4569 37.)
2362 4507 2403 4560 E
2424 4506 2722 4561 contrario
2745 4506 3011 4564 Alaricus
3033 4524 3161 4566 cum
3184 4513 3307 4568 suis
3332 4514 3554 4575 decimo

1914 4601 1986 4657 ab
2021 4599 2163 4654 urbe
2193 4594 2464 4651 milliario
2493 4595 2722 4651 obviam
2754 4596 2910 4651 venit
2943 4596 3318 4669 adversariis,
3340 4606 3397 4657 et
3422 4618 3559 4661 con-

1916 4685 2252 4758 ﬂigentibus
2280 4683 2363 4740 eis
2396 4684 2451 4738 in
2486 4684 2792 4755 Campania
2843 4685 3205 4754 Voglanense
3251 4688 3560 4751 victoriam

1920 4776 2247 4833 Clodoveus
2266 4771 2335 4829 de
2360 4772 2625 4829 Arrianis
2640 4772 2913 4828 obtinuit.
2944 4772 3237 4847 [Faenza]
3264 4775 3557 4837 Alaricum

1920 4879 2050 4923 cum
2073 4862 2318 4935 plurima
2344 4861 2659 4918 Gothorum
2685 4874 2852 4916 manu
2871 4860 3185 4933 interfecit,
3204 4878 3563 4937 regnumque

1922 4952 2049 5023 ejus
2078 4967 2108 5010 a
2143 4951 2284 5007 mari
2334 4952 2630 5022 Tyrrheno
2675 4953 2732 5005 et
2781 4949 2982 5020 Ligere
3032 4950 3206 5008 ﬂuvio
3253 4968 3440 5026 usque
3490 4957 3564 5013 ad

1927 5045 2155 5100 montes
2183 5042 2491 5111 Pyrenaeos
2512 5044 2572 5096 et
2594 5053 2750 5096 mare
2776 5039 3062 5096 Oceanum
3086 5043 3414 5114 occupavit,
3442 5046 3567 5102 the-

1929 5143 2254 5200 saurosque
2285 5128 2409 5198 ejus
2442 5143 2472 5184 a
2504 5128 2708 5185 Tolosa
2744 5128 3032 5199 auferens,
3067 5145 3259 5187 secum
3306 5134 3566 5193 Parisius

1930 5219 2183 5276 advexit.
2222 5219 2304 5289 (ιι,
2341 5220 2453 5289 38.)
2503 5218 2611 5272 Per
2653 5218 2804 5273 idem
2854 5212 3085 5290 tempus
3135 5221 3207 5276 ab
3256 5224 3570 5282 Anastasio

1933 5310 2287 5380 imperatore
2305 5305 2612 5362 codicillos
2641 5320 2747 5376 pro
2779 5308 3088 5366 consulatu
3122 5311 3371 5381 accepit,
3392 5316 3448 5366 et
3475 5328 3573 5370 co-

158 5394 317 5456 latus
348 5402 461 5457 est.
491 5396 699 5470 [6326.
728 5395 886 5467 Tum]
908 5395 1017 5454 Sed
1032 5397 1150 5467 jam
1175 5413 1308 5455 sero
1331 5399 1620 5472 pmnitens
1644 5415 1823 5474 super
1933 5412 2134 5456 ronam
2158 5408 2392 5453 auream
2414 5396 2471 5450 et
2497 5394 2750 5451 tunicam
2777 5394 3073 5469 blatteam,
3092 5413 3164 5457 ex
3188 5414 3297 5471 qua
3323 5399 3414 5457 die
3437 5414 3573 5458 con-

1763 5514 1982 5573 ΝΟΤᾸΞ.

229 5603 628 5679 (φλτβχιυω
657 5596 942 5679 foliorum
974 5605 1033 5679 3i
1070 5633 1138 5679 -_-
1169 5602 1547 5679 todebemus
1575 5603 1700 5679 viro
1743 5603 1816 5679 c_l.

155 5673 217 5733 D.
239 5670 486 5737 'Urlichs
523 5670 867 5750 professori
900 5672 1058 5745 regio
1088 5674 1456 5750 Gryphiensi,
1490 5674 1625 5751 quia
1656 5689 1723 5736 ea
1754 5676 1819 5735 D.

1928 5602 2143 5683 Thoma
2192 5599 2480 5734 Phillipgs
2527 5603 2656 5660 Bar.
2689 5599 3124 5682 lbenignissime
3182 5602 3409 5685 favente
3462 5603 3573 5664 hoc

1935 5687 2084 5734 anno
2111 5687 2168 5732 in
2202 5673 2412 5734 bibliot
2456 5688 2559 5734 eca
2590 5671 3050 5733 Mediomontana
3091 5674 3425 5734 θχεριιιρςιι.

1935 5687 2084 5736 anno
2111 5674 2168 5732 in
2202 5671 2559 5737 bibliotheca
2590 5671 3050 5733 Mediomontana
3091 5671 3425 5743 exscripsit.
