3898 6320
400 377 510 443 111

1355 371 1722 438 HUGONIS
1767 372 2123 436 ABBATIS
2171 368 2865 436 FLAVINIACENSIS

3697 376 3807 440 112

399 513 492 572 sul
521 516 878 582 etaugustus
909 515 1002 568 est
1034 509 1387 582 appellatus.
1434 509 1810 582 [αποπητη
1843 525 1900 581 n,
1926 507 2035 580 60.]
2071 513 2120 570 A
2155 505 2552 580 apostolorum
2586 506 2885 579 principis,
2923 503 3017 564 ubi
3050 518 3154 579 per
3187 505 3366 566 multa
3409 509 3670 582 tempora
3706 511 3802 568 de.

403 605 542 660 Cum
557 616 700 671 ergo
715 604 1048 656 moraretur
1062 599 1409 666 Parisius,et
1424 598 2042 668 cogitaretadjungere

401 689 613 748 ditioni
647 703 766 746 suae
803 702 1042 758 regnum
1073 687 1360 757 Sigeberti
1395 688 1704 759 propinqui
1734 687 1840 756 sui,
1875 689 2042 756 cujus

400 779 566 850 regni
582 780 755 834 sedes
779 775 1014 832 Colonia
1034 776 1144 831 civi
1155 782 1242 832 tas
1255 781 1402 844 erat,
1419 789 1588 846 quem
1610 777 1784 831 etiam
1810 775 1864 830 in
1890 773 2042 830 bello

397 873 602 924 contra
634 865 926 922 Alaricum
961 864 1284 933 adjutorem
1337 863 1564 920 fidelem
1608 863 1911 930 habuerat,
1944 863 2044 918 do-

399 954 526 1012 lose
539 955 661 1024 egit
676 953 871 1009 missis
885 952 1112 1008 nunciis
1132 952 1202 1007 ad
1223 951 1638 1009 Theodericum
1665 953 1848 1023 ipsius
1863 951 2041 1008 filium

400 1043 674 1114 Sigiberti
711 1044 794 1110 tu,
831 1043 944 1113 37,)
978 1041 1073 1111 qui
1107 1055 1210 1111 pro
1254 1048 1438 1112 patre,
1475 1041 1606 1111 quia
1639 1047 1806 1112 pater
1837 1044 2039 1095 contra

402 1131 751 1188 Alamannos
772 1143 1034 1200 pugnans
1053 1143 1374 1199 percussus
1396 1130 1449 1184 in
1469 1129 1738 1199 geniculo
1760 1127 2043 1184 claudica-

399 1219 521 1290 bat,
556 1218 711 1276 bello
754 1218 996 1289 praefato
1046 1217 1412 1287 interfuerat,
1449 1224 1512 1272 ut
1546 1216 1700 1273 filius
1731 1222 1949 1287 patrem
1983 1215 2039 1270 in

396 1307 652 1364 tentorio
683 1304 925 1362 meridie
954 1305 1360 1375 dormientem,
1389 1306 1554 1376 quasi
1585 1319 1824 1374 regnum
1855 1305 2039 1376 ipsius

397 1408 802 1466 possessurus,
820 1393 1092 1450 immissis
1107 1408 1315 1465 perseq
1329 1393 1639 1450 uutoribus
1659 1393 2034 1449 interficeret.

398 1483 482 1552 (ll,
508 1483 774 1556 £0.)Cum
797 1495 936 1552 ergo
961 1483 1125 1552 quasi
1145 1481 1614 1551 gratulabundus
1639 1481 1709 1536 de
1735 1485 1918 1536 morte
1943 1494 2040 1550 pa-

397 1572 507 1626 tris
532 1571 778 1627 nuncios
801 1571 1091 1626 Clodoveo
1111 1569 1391 1638 mitteret,
1414 1576 1475 1624 ut
1497 1570 1566 1626 ad
1587 1583 1648 1625 sc
1674 1568 1874 1624 fideles
1897 1583 2038 1624 suos

395 1658 698 1728 dirigeret,
716 1658 812 1728 qui
839 1657 909 1713 de
929 1657 1226 1714 thesauris
1239 1658 1444 1728 patris,
1463 1656 1616 1728 quod
1633 1657 1891 1728 placeret
1904 1671 2038 1712 ocu-

393 1745 465 1802 lis
492 1747 619 1817 ejus
649 1745 918 1814 ef’l‘erent,
951 1746 1277 1801 Clodoveus
1307 1746 1516 1801 iterum
1567 1745 1768 1800 dolose
1798 1745 1938 1814 egit,
1978 1749 2040 1800 ut

2155 596 2314 653 lituit
2346 597 2664 654 thesaurus
2689 597 2783 653 hic
2805 595 3197 666 delectabilis,
3223 611 3254 654 a
3282 602 3552 669 tempore
3574 598 3800 657 scilicet

2155 685 2429 742 Clodovei
2464 700 2648 756 nsque
2685 686 2756 741 ad
2801 691 3034 757 tempus
3063 685 3309 742 Othonis
3339 687 3544 756 Magni.
3580 687 3799 744 Verum

2155 773 2225 828 ad
2259 787 2378 829 rem
2411 773 2736 830 redeamus.

2226 877 2364 951 (1b.)
2397 878 2634 935 Obsessi
2667 893 2826 948 ergo,
2852 894 3004 949 eum,
3031 885 3092 934 ut
3117 878 3391 949 diximus,
3413 879 3597 937 clausi
3637 884 3800 936 tene-

2164 970 2367 1022 rentur
2396 967 2736 1037 viribusque
2786 967 3134 1038 diﬂlderent,
3168 971 3228 1022 et
3260 972 3491 1024 mortuo
3521 967 3798 1039 episcOpo

2168 1053 2367 1110 nullus
2395 1059 2706 1125 putaretur
2737 1059 2911 1126 aptus
2941 1055 3205 1125 reperiri.
3239 1055 3336 1125 qui
3372 1069 3576 1126 preces
3607 1053 3796 1128 populi

2153 1143 2572 1198 convenienter
2596 1142 2875 1213 allegaret
2895 1156 3092 1198 coram
3119 1143 3378 1215 principe
3403 1142 3484 1200 ira
3513 1144 3797 1212 fervente,

2154 1244 2356 1286 omnes
2386 1229 2438 1285 in
2474 1245 2643 1286 unam
2673 1231 2868 1287 coiere
2900 1230 3270 1300 sententiam,
3307 1237 3370 1287 ut
3413 1235 3682 1288 sanctum
3728 1231 3799 1287 vi-

2152 1334 2278 1375 rum
2311 1319 2670 1390 Euspicium,
2699 1319 2795 1388 qui
2822 1319 2931 1375 sub
2961 1319 3138 1376 titulo
3163 1321 3609 1392 presbyteratus
3634 1319 3690 1374 in
3714 1333 3799 1375 ea-

2151 1407 2280 1462 dem
2314 1408 2459 1462 urbe
2493 1407 2762 1477 degebat,
2789 1408 2858 1463 ad
2884 1408 3203 1480 principem
3229 1408 3530 1463 mitterent
3555 1407 3792 1464 misero-

2155 1510 2280 1552 rum
2310 1495 2523 1552 civium
2560 1509 2766 1566 preces
2797 1495 3168 1567 allegantem,
3201 1501 3260 1552 et
3288 1495 3415 1565 ejus
3463 1495 3768 1552 misericor

2152 1583 2305 1638 diam
2338 1583 2770 1655 deprecantem.
2797 1584 2850 1640 Is
2871 1591 3063 1640 autem
3096 1584 3336 1639 Domino
3369 1582 3795 1640 misericordia-

2151 1687 2264 1743 que
2287 1670 2492 1742 plenus
2512 1686 2748 1728 suorum
2773 1671 2984 1728 civium
3009 1671 3304 1743 postulata
3328 1685 3439 1728 non
3457 1670 3680 1740 renuit,
3699 1670 3792 1727 sed

2153 1760 2208 1814 in
2239 1773 2309 1815 eo
2337 1759 2657 1828 confidens,
2685 1760 2780 1829 qui
2815 1760 2963 1816 dixit
2995 1759 3304 1830 discipulis
3323 1759 3486 1816 suis:
3519 1759 3673 1816 Cum
3694 1758 3797 1816 ste-

392 1832 528 1930 (ξξξω
545 1833 649 1930 ille
674 1833 1043 1930 Ῡθηξίῗηρίῦυε
1062 1833 1288 1930 ηξξῐφίίδ
1311 1834 1494 1904 Patris
1513 1834 1824 1930 ῐῒιέεθυιόξ
1847 1837 2040 1889 οδῑθη“
2067 1869 2122 1930 Β
2153 1847 2682 1918 teritisantereges
2695 1846 3249 1919 etprasides,nolite
3261 1847 3797 1918 cogitarequaliter

394 1921 500 1990 dit,
526 1921 661 1977 dum
692 1921 926 1976 inclinis
958 1919 1255 1976 arcellulae
1290 1936 1538 1990 manum,
1564 1928 1623 1976 et
1645 1927 1853 1976 cuncta
1878 1935 2040 1976 seru-

394 2012 574 2079 tetur,
598 2009 880 2078 immittit,
906 2023 1057 2064 unus
1083 2009 1392 2079 bipennem
1428 2011 1674 2065 cerebro
1705 2009 1832 2078 ejus
1862 2008 2042 2064 illide-

393 2102 502 2153 ret.
535 2098 605 2152 Et
635 2095 717 2153 sic
747 2111 874 2166 quas
906 2097 960 2152 in
993 2099 1214 2168 patrem
1249 2103 1472 2168 egerat,
1507 2098 1555 2152 is
1596 2097 1837 2168 recepit.
1873 2096 2040 2164 Quod

395 2183 637 2240 audiens
668 2183 994 2240 Clodoveus
1013 2185 1081 2238 ad
1103 2185 1348 2240 eundem
1373 2184 1564 2240 locum
1587 2184 1766 2253 venit,
1789 2191 1847 2239 et
1872 2185 2038 2255 quasi

393 2271 490 2342 qui
520 2279 675 2328 esset
707 2271 976 2328 innoxius
1009 2286 1039 2326 a
1074 2271 1355 2342 sanguine
1414 2276 1715 2343 parentum
1776 2287 2036 2342 suorum,

395 2359 615 2431 populo
640 2359 948 2427 satisfecit,
971 2364 1029 2414 et
1056 2360 1110 2414 in
1133 2375 1327 2430 regem
1351 2360 1714 2416 constitutus
1737 2368 1848 2416 est.
1874 2359 2038 2426 Quod

395 2447 758 2517 quarundam
791 2446 1097 2503 civitatum
1124 2447 1488 2503 habitatores
1513 2447 1744 2517 indigne
1765 2449 2035 2517 ferentes,

396 2539 604 2590 contra
627 2549 758 2590 eum
789 2535 836 2590 si
871 2535 1074 2591 fuisset
1107 2534 1386 2608 possibile
1417 2535 1527 2590 nisi
1562 2540 1694 2590 sunt
1725 2534 2034 2590 rebellare.

394 2623 566 2692 (Vita
586 2621 868 2692 Mazim.,
892 2639 946 2694 p.
969 2625 1114 2695 582).
1133 2625 1288 2679 Inter
1311 2637 1458 2694 quos
1476 2623 1636 2678 cives
1660 2622 2039 2678 Virdunensis

394 2710 595 2782 oppidi
626 2710 1012 2766 defectionem
1052 2719 1227 2783 atque
1260 2710 1610 2768 duellionem
1657 2715 1859 2767 contra
1906 2725 2037 2766 cum

395 2799 672 2856 dicuntur
721 2799 984 2854 meditati
1035 2799 1232 2870 (Gneo.
1266 2801 1421 2870 Tur.,
1452 2814 1512 2866 η,
1549 2799 1659 2870 41.]
1713 2799 2037 2854 Clodoveus

394 2891 528 2960 post
559 2886 681 2943 haec
712 2887 1084 2944 Chararicum
1115 2902 1308 2958 regem
1338 2893 1397 2944 et
1429 2888 1608 2943 filium
1631 2887 1779 2956 ejus,
1805 2887 2039 2957 propin-

393 2989 692 3046 quossuos
706 2974 858 3030 dolis
871 2976 1307 3031 circumventos
1319 2975 1496 3045 cepit,
1516 2975 1743 3030 vinctos
1758 2975 2033 3044 totondit,

391 3067 449 3119 et
479 3068 703 3134 patrem
738 3062 970 3133 quidem
1007 3063 1437 3134 presbyterum,
1471 3062 1651 3117 filium
1681 3076 1817 3118 vero
1847 3061 2039 3119 diaco-

401 3163 530 3206 nem
559 3149 817 3205 ordinari
849 3149 1006 3206 fecit.
1044 3149 1154 3205 Sed
1199 3155 1458 3204 sentiens
1506 3147 1658 3219 quod
1707 3149 1818 3205 sibi
1861 3164 2038 3206 caesa-

395 3237 539 3293 riem
578 3237 648 3292 ad
697 3237 1081 3293 erescendum
1131 3238 1460 3292 niterentur
1507 3236 1723 3306 laxare,
1758 3242 2037 3308 utrosque

387 3325 564 3395 jussit
592 3325 783 3396 capite
813 3325 1014 3395 plecti,
1039 3338 1398 3395 regnumque
1425 3339 1626 3381 eorum
1651 3340 1781 3382 cum
1805 3327 2038 3383 thesau-

393 3413 477 3469 ris
505 3418 564 3468 et
593 3412 826 3484 populis
857 3411 1196 3484 adquisivit.

466 3518 638 3588 (Vita
663 3516 944 3588 Maaim.,
971 3535 1023 3589 p.
1059 3522 1207 3591 582.)
1241 3519 1453 3575 Audita
1486 3524 1678 3576 autem
1710 3519 2037 3576 defectione

398 3605 865 3673 Virdunensium,
900 3611 956 3660 et
986 3611 1149 3662 ratus
1180 3621 1292 3662 non
1323 3621 1455 3663 esse
1487 3607 2036 3678 procrastinandum

394 3694 450 3750 in
487 3693 726 3764 talibus,
750 3693 974 3750 viribus
1000 3695 1400 3765 undecumque
1423 3697 1672 3755 coact's.
1698 3711 1825 3752 cum
1846 3695 2038 3752 valida

397 3795 567 3838 manu
599 3781 836 3837 militari
867 3782 936 3838 ad
967 3782 1206 3838 eandem
1233 3783 1435 3838 urbem
1458 3783 1638 3850 venit,
1666 3782 1890 3852 injuria:
1912 3797 2040 3854 gra-

397 3870 478 3927 tia
511 3868 884 3927 ulciscendae.
909 3869 1084 3940 Cujus
1106 3885 1300 3927 muros
1321 3885 1536 3927 corona
1567 3871 1814 3927 militum
1845 3873 2040 3928 obam-

396 3959 502 4030 bit,
537 3973 780 4030 aggeres
819 3959 1017 4028 struit,
1053 3973 1257 4030 aspera
1303 3959 1655 4030 eomplanat,
1691 3963 1748 4015 et
1795 3971 2038 4030 quaeque

394 4047 525 4105 urbi
557 4047 857 4118 capienda:
893 4048 1196 4103 commoda
1235 4047 1491 4118 ordinat,
1527 4048 1712 4118 portis
1739 4049 2039 4104 custodias

394 4134 686 4203 admovet,
710 4139 768 4190 et
793 4149 864 4190 ne
889 4134 1020 4204 quis
1051 4138 1176 4190 tute
1211 4141 1403 4203 exeat,
1427 4151 1632 4204 magno
1656 4136 2037 4208 studiosoque

393 4221 694 4278 conamine
722 4220 1011 4293 prohibet.
1032 4221 1171 4288 (Fol.
1192 4223 1443 4292 ti.)Quo
1475 4224 1530 4278 in
1567 4225 2039 4294 temporcFirmi-

393 4309 827 4380 nusepisoopus
841 4307 1097 4378 ejusdem
1114 4309 1564 4379 civitatis,mir:e
1576 4314 1912 4370 sanctitatis
1927 4315 2034 4384 vir,

394 4397 546 4454 diem
572 4395 784 4452 clausit
807 4395 1092 4453 ultimum.
1119 4396 1220 4453 llic
1242 4396 1495 4454 Tullensi
1520 4399 1820 4456 territorio
1844 4407 2034 4472 ortus,

393 4491 454 4542 et
470 4484 693 4542 civitati
719 4483 1166 4542 Virdunensium
1191 4491 1326 4558 post
1347 4492 1609 4544 sanctum
1631 4490 2035 4546 Possessorem

2149 1936 2262 1992 aut
2277 1935 2430 2006 quid
2452 1935 2826 2006 loquamini;
2837 1934 3082 1992 dabitur
3099 1935 3430 1992 enimcobis
3445 1937 3514 1992 in
3527 1934 3646 1992 illa
3658 1935 3798 1991 liora

2148 2024 2302 2095 quid
2315 2024 2766 2096 loquamini;ad
2789 2023 3128 2094 principem,
3148 2029 3211 2078 ut
3228 2024 3560 2094 petebatur,
3586 2023 3675 2078 ire
3697 2021 3792 2078 dis-

2152 2112 2365 2184 posuit.
2385 2115 2641 2182 Cumque
2674 2125 2736 2167 se
2768 2111 3068 2167 humiliter
3087 2125 3282 2167 coram
3307 2125 3444 2179 rege
3471 2114 3653 2167 terra:
3678 2125 3795 2182 pro-

2150 2200 2482 2268 stravisset,
2517 2200 2586 2254 ab
2619 2213 2688 2254 eo
2723 2203 3058 2254 reverenter
3095 2202 3423 2268 surgere,et
3447 2211 3682 2254 causam
3709 2197 3793 2253 ad-

2149 2291 2359 2344 ventus
2387 2287 2472 2344 sui
2509 2287 2703 2342 dicere
2733 2286 3074 2354 estjussus.
3121 2288 3261 2342 Tum
3314 2285 3414 2341 ille
3465 2284 3538 2342 ad
3589 2300 3724 2343 eum
3750 2285 3792 2340 is

2151 2376 2340 2431 fertur
2361 2375 2559 2431 verbis
2584 2388 2725 2430 usus
2753 2394 2764 2428 :
2787 2375 3192 2444 Nobilissime,
3221 2373 3432 2443 inquit,
3456 2375 3726 2431 omnium
3743 2374 3795 2430 et

2135 2461 2420 2536 piissime
2435 2477 2664 2534 regum,
2675 2476 2834 2534 pene
2855 2462 3502 2534 unieersopereuigata
3515 2462 3627 2518 tua
3639 2460 3786 2518 boni-

2150 2551 2244 2608 tas
2255 2551 2551 2620 etsacuto,
2556 2565 2670 2620 per
2680 2565 2862 2621 quam
2877 2549 3195 2606 bonitatem
3213 2550 3377 2606 tuam
3390 2547 3714 2620 teobsecro,
3727 2549 3790 2604 ut

2133 2639 2441 2710 patienter
2455 2653 2546 2695 me
2557 2653 2638 2696 au
2649 2641 2778 2696 iias
2790 2652 3051 2694 meorum
3065 2639 3287 2695 civium
3296 2650 3502 2708 preces
3521 2638 3792 2708 allegan-

2149 2728 2262 2783 tem
2283 2729 2344 2784 et
2361 2727 2524 2784 tuam
2543 2727 3025 2785 misericordiam
3065 2726 3498 2798 deprecantem.
3528 2725 3792 2783 Emersit

2147 2815 2387 2888 quidem
2403 2816 2561 2873 inter
2579 2829 2682 2873 nos
2703 2815 3078 2888 quorundam
3091 2813 3444 2886 improbitas
3465 2813 3788 2883 hominum,

2145 2917 2280 2974 qua
2299 2905 2360 2960 et
2373 2905 2696 2960 multorum
2715 2903 3051 2961 maculavit
3067 2903 3436 2974 imperitiam
3447 2902 3789 2972 etjuvenunt

2144 2990 3388 3065 sustulitstultamprotertiam.thuidem
3400 2991 3505 3048 tua
3517 2991 3700 3062 digni
3709 3003 3787 3048 sit

2143 3094 2277 3136 mus
2289 3081 2941 3151 animadversionemec
2953 3080 3298 3150 diﬂtemur:
3309 3079 3414 3137 sed
3423 3077 3664 3136 obsecro
3662 3091 3788 3151 pro-

2071 3217 2116 3276 Ο
2143 3169 2275 3238 pter
2291 3167 2629 3236 Dominum,
2655 3169 2898 3226 interim
2915 3167 3358 3225 subtrahantur
3375 3167 3574 3238 culpis
3600 3165 3788 3224 debita

2154 3269 2292 3276 ---μμ
2310 3257 2346 3276 1:
2359 3257 2403 3276 ,ι
2418 3267 2444 3276 ..
2484 3257 2535 3276 ,Α
2548 3272 2573 3276 -_
2589 3271 2678 3276 ---μ
2691 3257 2704 3276 γ·
2719 3271 2741 3276 -
2757 3272 2779 3276 -
2792 3257 2887 3276 1----
2905 3259 2974 3276 ----
2987 3271 3034 3276 ---
3053 3258 3130 3276 ---ρ
3146 3257 3215 3276 ιε-
3236 3270 3257 3276 -
3270 3256 3368 3276 ιΑμ-
3385 3269 3442 3276 ,η
3455 3256 3498 3276 J.‘
3513 3268 3539 3276 Α
3583 3255 3696 3276 ιτ--
3712 3252 3768 3276 ,ι

2145 3257 2887 3328 supplicia,etporriyatur
2897 3257 3215 3314 immeritis
3227 3252 3788 3314 clementia.Necab-

2147 3343 2421 3400 horreret
2435 3357 2475 3400 a
2494 3345 2748 3400 tictoria
2771 3345 2875 3400 tua
2895 3344 3103 3402 nostra
3138 3344 3473 3414 persuasio,
3491 3345 3649 3415 quia
3666 3354 3785 3400 cum

2146 3432 2336 3488 uictor
2357 3433 2440 3489 sis
2472 3431 2794 3500 hominum,
2804 3433 3111 3503 passionis
3139 3444 3371 3503 quoque
3385 3433 3656 3502 propria
3661 3429 3786 3502 for-

2151 3519 2266 3576 tior
2279 3525 2399 3578 eris
2416 3519 3694 3593 triumphator,simaluerispatientiaeires
3703 3530 3785 3574 ea-

2149 3610 2866 3680 ercere,quamsanguine
2886 3610 3108 3666 civium
3132 3609 3298 3664 tuum
3310 3606 3559 3678 foedare
3591 3607 3786 3664 trium-

2136 3689 2346 3768 phum.
2368 3699 2467 3753 His
2481 3711 2585 3752 rex
2599 3696 2903 3764 auditis,et
2927 3696 3278 3752 vidietorum
3293 3695 3704 3765 gravitateque
3718 3693 3784 3750 vi-

2149 3785 2198 3840 ri
2225 3790 2549 3856 perspecta,
2573 3784 2752 3856 cmpit
2776 3785 2942 3855 vigor
2974 3784 3147 3840 animi
3178 3784 3302 3854 ejus
3337 3781 3706 3840 mansuefieri
3735 3784 3781 3838 et

2150 3873 2477 3930 amaritudo
2496 3873 2646 3930 fellis
2660 3873 2974 3930 duleorari.
2993 3873 3089 3929 Dei
3108 3873 3310 3943 utique
3328 3875 3472 3928 nutu
3488 3871 3542 3926 id
3559 3874 3778 3941 agente,

2148 3961 2320 4031 cujus
2342 3961 2670 4018 fortitudini
2695 3962 2966 4018 immania
2989 3961 3227 4030 cedunt,
3243 3964 3300 4016 et
3325 3960 3469 4015 dura
3493 3959 3778 4016 fatiscunt.

2150 4049 2292 4118 (F01.
2320 4048 2448 4123 Μ’).
2475 4050 2733 4120 Denique
2765 4055 2962 4107 tactus
2990 4049 3188 4106 divino
3219 4051 3363 4104 nutu
3397 4060 3499 4104 rex
3530 4047 3681 4104 adeo
3699 4049 3778 4101 est

2148 4138 2414 4204 atl‘ectus,
2441 4143 2504 4195 ut
2531 4137 2798 4210 petitioni
2822 4152 3125 4196 assensum
3149 4137 3458 4209 praeberet,
3483 4138 3541 4192 et
3565 4135 3780 4192 veniam

2147 4227 2377 4284 civibus
2401 4225 2664 4297 quamvis
2689 4226 2938 4296 ingratis
2962 4221 3782 4296 tribueret,utimplereturde

2147 4329 2217 4372 eo
2253 4314 2398 4372 illud
2443 4315 2736 4386 Sapientis
2766 4317 2980 4372 :Hanc
3017 4327 3271 4387 quoque,
3297 4313 3508 4384 inquit,
3534 4311 3669 4370 nidi
3688 4306 3782 4369 sub

2147 4403 2642 4475 sotesapientiam
2655 4401 2964 4474 etprobaei
2974 4403 3327 4460 maa'imam:
3343 4402 3778 4474 Civitasparoa,

2149 4492 2210 4548 et
2213 4492 2404 4564 pauci
2422 4492 2447 4548 i
2469 4511 2486 4546 t
2510 4505 2581 4549 ea
2598 4491 3149 4560 viri;cenitcontra
3165 4504 3296 4548 eam
3313 4504 3427 4548 rea:
3445 4500 3722 4561 magnus,
3735 4486 3783 4542 et

393 4579 600 4648 pastor
621 4572 1004 4643 constitutus,
1031 4580 1262 4645 quantae
1285 4577 1622 4632 sanctitatis
1646 4577 1838 4648 fuerit,
1865 4592 2034 4648 quam
2063 4569 2120 4633 D
2149 4579 3716 4652 vallaviteam,eatraaitquemunitionespergyrum,
3736 4573 3786 4631 et

391 4661 681 4719 sollicitas
703 4661 982 4718 excubias
999 4677 1176 4735 super
1193 4678 1428 4734 gregem
1449 4664 1560 4721 sibi
1585 4664 1873 4722 creditum
1897 4681 2035 4722 cura

391 4750 655 4823 pervigili
685 4751 1039 4822 exercuerit,
1075 4766 1244 4822 quam
1287 4768 1420 4824 pius
1451 4752 1507 4808 in
1540 4753 1829 4823 subditos,
1866 4769 2036 4825 quam

389 4839 674 4897 terribilis
704 4855 843 4911 erga
879 4840 1161 4912 repiobos
1194 4841 1390 4911 fuerit,
1415 4846 1712 4898 testantur
1735 4842 2033 4915 miracula,

390 4944 518 5001 qua
533 4929 604 4986 ad
623 4930 956 5002 sepulcrum
983 4930 1111 5000 ejus
1135 4945 1536 5002 saepenumero
1561 4931 1797 4987 fiebant.
1815 4932 2038 4988 Inveni-

388 5021 488 5074 tur
519 5017 695 5072 etiam
725 5018 1012 5090 scriptum
1045 5019 1101 5073 in
1141 5020 1349 5089 gestis,
1381 5018 1536 5090 quod
1586 5018 1714 5089 ejus
1753 5019 2035 5078 instinctu

391 5104 645 5177 populus
673 5105 1056 5163 Virdunensis
1075 5107 1412 5163 desciverit.
1442 5107 1601 5162 Obiit
1623 5113 1816 5165 autem
1841 5123 2036 5167 mense

389 5192 752 5262 Deeembrio,
784 5192 878 5249 die
929 5195 1208 5265 secundo,
1243 5207 1394 5252 anno
1437 5201 1713 5266 quantum
1755 5196 2035 5267 colligere

388 5294 706 5355 possumus
735 5283 807 5338 ab
857 5281 968 5340 inc.
1005 5283 1161 5339 Dom.
1199 5284 1322 5354 506,
1358 5283 1680 5356 imperante
1729 5286 2035 5343 Anastasio

386 5383 538 5427 anno
561 5373 646 5440 ui,
667 5369 844 5427 tertio
869 5371 1270 5428 conversionis
1293 5371 1565 5428 Clodovei
1583 5388 1751 5444 anno,
1769 5374 1954 5430 Atheo
1967 5377 2028 5432 V.

386 5459 444 5513 (Ξ.
479 5457 743 5530 consule,
779 5459 1179 5531 pontificatum
1213 5460 1408 5516 Romae
1442 5466 1651 5531 agente
1681 5462 1852 5518 beato
1885 5477 2032 5534 papa

383 5546 722 5619 Symmacho
739 5565 752 5614 ;
767 5553 826 5604 et
853 5547 1046 5604 soluta
1065 5545 1373 5602 obsidione
1391 5561 1493 5619 sep
1507 5547 1559 5604 ul
1571 5557 1688 5606 tum
1703 5553 1792 5607 est
1815 5563 2033 5623 corpus

381 5633 508 5707 ejus
539 5634 1000 5693 sacratissimum
1030 5631 1102 5688 ad
1130 5632 1430 5689 dexteram
1453 5634 1658 5694 altaris
1687 5639 1842 5695 beati
1872 5638 2030 5695 Petri

2136 4667 2412 4741 perfecta
2433 4668 2527 4725 est
2539 4667 2784 4726 obsidio.
2814 4667 3214 4740 [necatusque
3232 4667 3324 4726 est
3336 4668 3406 4725 in
3425 4680 3500 4724 ea
3527 4667 3780 4738 τέτρασι·

2136 4769 2250 4830 per
2271 4755 2333 4812 et
2347 4756 2609 4828 sapiens,
2631 4755 2984 4814 etliberucit
2995 4755 3200 4813 urbem
3213 4755 3523 4828 sapientia
3537 4768 3668 4812 sua.
3686 4750 3780 4822 lgi-

2151 4850 2246 4901 tur
2268 4843 2394 4900 viro
2411 4844 2509 4900 Dei
2525 4844 2832 4900 ordinante
2844 4848 2900 4901 et
2921 4859 3149 4901 manum
3173 4844 3328 4915 regis
3345 4847 3605 4912 tenente,
3633 4852 3779 4911 repa-

2147 4931 2281 5004 gula
2299 4937 2599 5004 portarum
2617 4932 2818 4990 reduci
2834 4932 2952 4990 visa
2975 4937 3112 4990 sunt
3134 4938 3192 4988 et
3216 4937 3402 5004 portae
3423 4931 3660 5004 aperiri.
3678 4923 3777 4984 Sed

2147 5026 2206 5078 et
2221 5020 2418 5078 clerus
2441 5020 2762 5094 procedere
2783 5026 2874 5079 est
2898 5021 3228 5091 ordinatus,
3244 5034 3439 5091 regem
3453 5034 3586 5078 cum
3610 5014 3775 5075 laudi-

2146 5109 2263 5166 bus
2279 5116 2338 5166 et
2356 5111 2470 5166 Deo
2484 5110 2676 5182 dignis
2688 5111 3000 5168 cantilenis
3019 5116 3420 5182 suscepturus,
3441 5124 3546 5180 per
3561 5121 3706 5180 quas
3722 5106 3771 5162 et

2145 5197 2387 5254 Domino
2409 5212 2531 5255 suae
2553 5198 2922 5256 liberationis
2942 5199 3174 5256 offerret
3193 5196 3613 5269 tripudium,ac
3637 5194 3777 5267 prin-

2144 5285 2259 5358 cipi
2275 5285 2613 5344 sedulitatis
2658 5303 2746 5345 uae
2760 5288 3033 5345 devotum
3050 5290 3406 5345 monstraret
3416 5284 3771 5357 obsequium.

2143 5373 2268 5430 Rex
2299 5374 2496 5446 itaque
2529 5379 2836 5447 postquam
2868 5376 2948 5432 ira
2978 5376 3327 5446 refrigerata
3361 5387 3465 5446 per
3507 5372 3771 5429 famulum

2143 5460 2270 5532 ejus
2298 5476 2361 5519 se
2391 5463 2572 5520 sensit
2606 5463 2840 5520 immani
2885 5468 3152 5536 ereptum
3185 5461 3438 5534 piaculo,
3471 5461 3695 5532 gratias
3724 5455 3773 5512 in

2143 5547 2390 5608 ecclesia
2411 5552 2530 5609 Deo
2553 5550 2827 5623 reddidit,
2843 5551 3142 5610 eteivibua
3157 5547 3776 5624 principaliindulgen-

2144 5637 2226 5696 tia
2255 5638 2415 5712 data,
2441 5640 2512 5698 ad
2538 5640 2796 5698 curanda
2821 5639 2992 5710 juxta
3019 5653 3241 5698 morem
3271 5637 3465 5713 epulis
3493 5635 3775 5709 regalibus
