3898 6332
100 314 198 376 118

1378 314 1877 380 CHRONICON.
1909 350 1987 361 —
2017 313 2149 376 LIB
2197 317 2264 377 .I.

3412 316 3521 379 114

94 462 334 520 corpora
366 464 505 508 sese
521 453 825 510 convertit
880 454 1093 525 quibus
1124 453 1300 510 biduo
1331 452 1664 522 indulgens,
1698 454 1761 507 et
1789 449 1846 509 Α
1871 450 2137 507 Justinus
2171 449 2463 508 Anastasii
2515 464 2828 510 successor
2873 450 3202 524 imperabat
3235 451 3291 507 in
3324 464 3389 508 re
3418 465 3520 524 pu-

98 541 427 595 recreatum
460 542 798 597 exercitum
832 548 962 613 post
995 542 1249 600 laborem
1283 542 1507 605 videns,
1543 539 1614 595 ad
1647 538 1756 595 alia

102 627 255 697 paria
281 629 522 697 negotia
539 630 799 686 curanda
828 630 1044 689 ducere
1069 631 1288 697 volens,
1314 630 1499 686 virum
1516 629 1611 685 Dei
1640 641 1766 684 san-

102 721 256 770 ctum
287 716 642 787 Euspicium
678 718 799 775 suis
832 719 1172 790 aspectibus
1195 717 1537 790 praesentari
1564 716 1760 786 jussit,

103 806 162 858 et
193 807 256 859 ut
290 804 451 875 urbi,
488 805 660 875 cujus
690 807 1008 863 subventor
1040 808 1338 876 extiterat,
1374 819 1661 877 quamque
1692 803 1764 860 ab

104 890 446 949 imminente
484 894 751 963 periculo
800 896 1121 967 eripuerat,
1160 894 1440 966 pastorali
1481 892 1765 950 sollicitu-

100 978 218 1034 dini
274 987 565 1051 przeesset
612 982 914 1040 admonuit
943 990 1000 1041 et
1034 982 1396 1041 admonendo
1423 981 1648 1053 petivit.
1692 982 1760 1034 At

100 1066 187 1123 vir
217 1068 317 1123 Dei
358 1084 475 1125 non
528 1070 833 1127 immemor
880 1074 1213 1141 verborum,
1248 1072 1461 1143 quibus
1493 1069 1711 1126 dicitur
1746 1087 1756 1121 :

105 1156 339 1221 Quanto
363 1172 625 1229 magnas
639 1174 720 1229 es,
744 1159 1002 1217 humilia
1026 1161 1154 1218 tein
1175 1159 1463 1226 omnibus,
1484 1160 1541 1214 et
1563 1171 1763 1214 coram

94 1243 353 1301 Domino
390 1248 660 1304 invenies
706 1249 997 1319 gratiam,
1045 1248 1303 1305 oblatum
1363 1248 1636 1303 honorem
1668 1243 1759 1299 vel

96 1332 299 1402 potius
331 1348 485 1390 onus
543 1338 858 1392 sacerdotii
894 1338 1191 1393 humiliter
1233 1334 1544 1401 recusavit,
1588 1333 1757 1388 immo

94 1422 391 1490 praescius
405 1423 718 1481 brevitatis
733 1426 866 1481 vitm
882 1441 1159 1497 suamne:
1174 1424 1545 1496 postmodum
1573 1420 1760 1477 termi-

94 1509 290 1564 nanda
323 1517 477 1581 erat,
533 1517 596 1569 ut
636 1513 687 1568 ei
721 1513 870 1569 alter
902 1516 1268 1576 succederet,
1320 1512 1529 1569 cedere
1562 1509 1753 1566 libuit.

93 1595 255 1653 Tune
288 1613 393 1655 rex
420 1606 663 1657 evocata
701 1604 966 1672 protinus
991 1603 1045 1658 in
1082 1617 1253 1658 unum
1288 1600 1540 1658 fidelium
1568 1596 1758 1653 multi-

91 1685 327 1755 tudine,
365 1694 431 1744 ut
470 1690 543 1746 de
591 1692 998 1749 constituendo
1039 1697 1268 1764 pastore
1318 1688 1665 1747 sententiam
1700 1686 1752 1740 in

89 1772 352 1860 medium
406 1779 739 1847 proferrent
787 1781 1083 1851 praecepit.
1129 1781 1378 1835 Noverat
1417 1777 1565 1833 enim
1600 1773 1752 1845 quod
1785 1801 1836 1860 Β

82 1859 263 1929 juxta
296 1863 605 1922 decretum
642 1868 844 1924 Leonis
869 1869 1046 1938 Magni
1072 1883 1235 1940 papae
1250 1866 1407 1923 nulla
1432 1865 1582 1921 ratio
1607 1864 1754 1922 sine-

92 1948 215 2017 bat,
255 1958 317 2005 ut
346 1951 504 2010 inter
524 1955 835 2027 episcopos
859 1958 1231 2027 haberentur,
1267 1956 1363 2027 qui
1396 1970 1497 2010 nec
1522 1969 1550 2009 a
1585 1952 1754 2011 cleri-

91 2037 178 2093 cis
202 2047 411 2096 essent
435 2042 632 2113 clecti,
657 2058 764 2101 nec
786 2060 814 2100 a
841 2044 1110 2115 plebibus
1131 2046 1395 2116 expetiti,
1423 2060 1526 2100 nec
1550 2061 1578 2100 a
1605 2061 1753 2101 com-

88 2128 571 2195 provincialibus
602 2134 895 2204 episcopis
924 2149 1051 2190 cum
1078 2134 1751 2205 metropolitanijudicio

86 2218 452 2274 consecrati.
476 2220 729 2277 Noverat
750 2222 922 2277 etiam
942 2224 1230 2291 quoniam,
1252 2224 1384 2279 licet
1409 2223 1751 2295 praesideret

89 2304 357 2361 seculari
391 2306 699 2379 dignitate,
732 2325 921 2366 rerum
949 2318 1137 2367 tamen
1159 2312 1513 2382 praesulibus
1533 2312 1751 2368 divina-

91 2404 246 2459 rum,
285 2398 347 2448 ut
368 2395 576 2450 scribit
613 2398 818 2454 beatus
833 2399 1095 2455 Ceiasius
1118 2414 1281 2471 papa,
1312 2400 1559 2456 devotus
1580 2401 1750 2457 debe-

92 2486 182 2538 ret
208 2482 364 2538 colla
390 2483 740 2540 submittere
771 2492 949 2557 atque
979 2488 1047 2542 ab
1071 2488 1154 2543 eis
1177 2503 1383 2545 causas
1403 2504 1524 2545 suae
1545 2488 1750 2545 salutis

90 2576 380 2641 expetere
404 2571 581 2641 inque
599 2574 1017 2630 submittendis
1031 2576 1207 2631 ceiest
1222 2576 1351 2632 ibus
1370 2577 1750 2633 sacramentis

88 2658 301 2730 eisque
334 2665 399 2715 ut
429 2661 710 2732 competit
740 2663 1113 2735 disponendis
1135 2664 1305 2720 subdi
1330 2679 1390 2721 se
1422 2665 1635 2721 debere
1654 2681 1748 2721 eo-

87 2748 419 2816 gnoscebat
452 2748 755 2819 religionis
798 2751 1000 2808 ordine
1041 2753 1223 2823 magis
1254 2768 1425 2823 quam
1467 2768 1742 2824 praeesse.

86 2834 336 2891 Volebat
373 2852 608 2910 quoque
632 2853 837 2910 parere
867 2839 1103 2897 decreto
1136 2841 1359 2912 praefati
1402 2842 1607 2898 Leonis
1640 2843 1748 2898 Ma-

85 2923 208 2992 gni,
242 2924 300 2980 in
335 2939 451 2996 quo
484 2926 567 2982 ait
599 2928 864 2984 scribens
898 2929 1137 2985 Rustico
1169 2931 1525 2987 Narbonensi
1560 2931 1744 2986 archi-

85 3011 372 3084 episcOpo
387 3018 544 3070 inter
556 3020 754 3084 cetera
773 3036 784 3071 :
805 3017 1029 3074 Cumtle
1048 3019 1265 3076 summi
1286 3019 1615 3077 sacerdotis
1637 3019 1745 3076 ele-

1876 539 2044 596 blica.

1946 625 2050 697 (In,
2084 631 2160 701 1.)
2190 629 2450 697 Regnum
2486 628 2665 698 igitur
2696 627 2967 685 Clodovei
2993 630 3246 698 quatuor
3270 626 3397 697 ejus
3419 626 3518 683 filii

1871 730 2034 787 aequa
2067 716 2218 772 inter
2246 731 2309 773 se
2344 717 2507 773 lance
2564 717 2828 772 dividunt
2860 716 3273 785 Theodericus,
3320 714 3525 771 Clodo-

1876 805 2071 873 meris,
2110 803 2521 861 Childebertus
2548 809 2604 860 et
2640 805 2991 861 Ciotharius.
3023 802 3316 875 [Fanni-16.]
3341 801 3522 859 Sedes

1875 893 2033 961 regni
2066 894 2398 949 Theoderici
2427 895 2617 949 Mettis
2640 895 2851 950 civitas
2877 894 3001 955 fuit,
3027 891 3387 950 Clodomeris
3409 892 3518 948 Au-

1874 981 2130 1044 reliauis,
2167 980 2518 1037 Childeberti
2547 983 2826 1051 Parisios,
2854 981 3130 1037 Clotharii
3165 978 3516 1037 Suessionis.

1874 1068 2068 1139 [Gneo
2104 1071 2261 1139 Tur.,
2290 1086 2372 1135 ιιι,
2409 1071 2478 1143 1].
2519 1072 2779 1126 Habebat
2804 1070 2918 1140 jam
2954 1075 3092 1127 tunc
3126 1067 3521 1125 Theodericus

1874 1157 2072 1226 filium,
2098 1158 2557 1216 Theodcbertum
2586 1159 2836 1223 nomine,
2862 1159 3187 1228 elegantem
3210 1162 3267 1214 et
3291 1156 3517 1225 utilem,

1870 1252 1927 1301 et
1964 1246 2158 1315 til'am,
2215 1262 2382 1317 quam
2442 1248 2669 1318 accepit
2720 1262 2957 1304 uxorem
2994 1245 3356 1302 Amalaricus
3414 1258 3516 1300 rex

1872 1334 2159 1405 Hispania:
2218 1336 2431 1391 Alarici
2496 1336 2800 1406 filius,qui
2859 1335 3012 1406 apud
3075 1334 3517 1391 Barcinonama

1871 1422 2106 1477 Francis
2126 1424 2358 1479 occisus
2380 1429 2485 1480 est.
2513 1424 2806 1495 [Faenza]
2834 1427 2989 1480 Inter
3011 1423 3428 1480 Theodericum
3452 1424 3515 1478 et

1869 1510 2300 1568 Childebertun
2360 1514 2658 1570 contentio
2708 1528 2908 1583 magna
2944 1527 3174 1583 semper
3222 1512 3351 1582 fuit,
3386 1525 3513 1582 quaa

1869 1599 2081 1655 multas
2108 1602 2282 1656 urbes
2306 1601 2526 1657 aﬂlixit.
2557 1602 2752 1673 [Cane
2777 1605 2933 1671 Tur.,
2956 1618 3037 1671 Ill,
3066 1602 3170 1673 15].
3202 1600 3330 1657 Fuit
3358 1599 3508 1656 enim

1865 1686 2253 1745 Theodericus
2271 1690 2678 1759 ingeniosusct
2696 1690 2966 1761 callidus,
2983 1689 3354 1761 postmodum
3369 1701 3508 1744 vero

1864 1788 1993 1831 cum
2030 1777 2208 1832 fratre
2241 1778 2425 1834 fmdus
2448 1777 2597 1847 iniit,
2644 1784 2702 1834 et
2726 1778 2862 1834 dato
2893 1783 3281 1843 sacramento,
3306 1780 3367 1833 ut
3391 1773 3517 1832 nul-

1865 1862 1956 1919 lus
1985 1871 2189 1921 contra
2215 1866 2386 1922 alium
2416 1872 2712 1924 moveretu
2737 1884 2765 1936 ',
2791 1867 3028 1924 obsides
3052 1866 3120 1922 ad
3149 1865 3393 1921 invicem
3418 1877 3511 1919 ac-

1862 1959 2164 2022 ceperunt.
2217 1954 2326 2010 Sed
2360 1959 2491 2011 orto
2544 1955 2752 2010 iterum
2807 1956 2959 2012 inter
2991 1970 3160 2026 reges
3210 1950 3505 2021 seandalo,

1861 2041 2096 2097 obsides
2124 2042 2244 2098 dati
2296 2043 2394 2099 filii
2430 2051 2764 2101 senatorum
2816 2044 3059 2101 servitio
3105 2042 3341 2115 publico
3372 2043 3511 2096 sunt

1860 2130 2099 2187 addicti.
2137 2134 2272 2189 Nam
2306 2137 2655 2207 quicumque
2686 2150 2787 2191 eos
2815 2132 3237 2190 custodiendos
3270 2142 3508 2199 accepe-

1862 2224 2017 2289 runt,
2046 2235 2249 2279 servos
2271 2224 2381 2279 sibi
2404 2226 2684 2281 fecerunt.
2711 2223 2883 2293 (Vita
2908 2222 3201 2292 Carileﬂ).
3227 2221 3507 2289 Tempore

1862 2308 2143 2365 Clotharii
2176 2316 2233 2365 et
2277 2313 2637 2369 Childeberti
2673 2317 2911 2373 sanctus
2944 2311 3151 2366 Avitus
3183 2314 3242 2364 et
3270 2309 3508 2363 sanctus

1862 2397 1987 2451 Cari
2002 2397 2205 2466 Iephus
2229 2401 2299 2454 ah
2319 2402 2595 2457 Arvernis
2616 2401 2686 2455 de
2709 2400 3063 2457 monasterio
3080 2400 3298 2454 Menate
3314 2407 3510 2465 egres-

1858 2484 2287 2553 si,liiiciacense
2318 2490 2663 2558 coenobium,
2698 2490 2848 2560 quod
2876 2493 3114 2545 sanctus
3147 2485 3505 2553 Maximinus,

1862 2572 2042 2630 frater
2074 2576 2259 2631 sancti
2296 2577 2509 2647 Vitoni,
2547 2578 2912 2648 fundaverat,
2943 2576 3339 2648 expetierunt,
3371 2579 3430 2630 et
3451 2572 3503 2628 ei

1859 2675 1922 2717 se
1958 2664 2366 2719 subdiderunt.

1930 2748 2221 2823 [Fnense]
2256 2752 2532 2809 Crotildis
2564 2767 2702 2808 vero
2734 2753 2931 2822 regina
2958 2756 3088 2824 post
3127 2755 3371 2808 mortem
3393 2748 3504 2805 viri

1857 2839 1944 2894 sui
1979 2841 2245 2895 monebat
2275 2839 2442 2909 filios,
2479 2845 2723 2897 mortem
2759 2841 2944 2912 patris
2975 2846 3034 2896 et
3068 2839 3273 2895 matris
3303 2843 3360 2895 et
3394 2839 3503 2894 fra-

1858 2930 2008 2983 trum
2046 2928 2267 2984 ulcisci.
2314 2928 2492 2994 Quam
2525 2930 2598 2985 ob
2626 2943 2858 2985 causam
2890 2928 2972 2983 illi
3010 2926 3374 2997 Burgundias
3405 2941 3503 2999 ap-

1856 3021 2081 3087 petunt,
2115 3016 2539 3085 Sigismundum
2590 3016 2968 3093 Gundebaudi
3005 3016 3124 3072 iiliu
3150 3031 3182 3070 n
3215 3020 3273 3071 et
3315 3014 3498 3070 Gede-

84 3082 282 3157 ctione
298 3082 694 3173 tractabitur,
722 3104 830 3162 ille
855 3106 1126 3164 omnibus
1134 3108 1542 3178 praeponatur,
1572 3122 1745 3180 quem
1774 3153 1823 3217 Ο
1856 3082 2075 3160 marem
2103 3082 2309 3176 proelio
2343 3106 2601 3162 vincunt.
2654 3088 3014 3162 Clodomeris
3044 3102 3495 3174 Sigismundum,

88 3187 235 3217 ..1μί
272 3188 585 3217 ιιιηλῖρι-ιιιΑ
608 3206 917 3217 --....-..-..-
940 3195 1306 3217 ........:...-.-t....
1334 3195 1727 3217 _--J..’-_---:1
1858 3194 1985 3217 An...
2034 3194 2100 3217 ..ιι
2139 3195 2544 3217 ........--a-_:-_-_
2588 3198 2920 3217 -,..,.ι-........
2971 3192 3380 3217 Α,.........Α..,.;.....
3417 3191 3469 3217 Ρ..

85 3187 235 3245 eleri
258 3188 585 3262 plebisque
601 3206 917 3250 consensus
938 3195 1306 3252 unanimiter
1328 3195 1738 3265 postulaverit.
1774 3187 1823 3217 υ
1856 3194 1989 3249 dum
2032 3194 2102 3250 ad
2137 3195 2546 3250 monasterium
2587 3198 2924 3251 sanctorum
2959 3192 3383 3263 Agaunensium
3417 3191 3499 3248 fu-

86 3277 316 3343 Nullus
328 3279 758 3339 auteminvitis
774 3283 955 3339 etnon
956 3282 1296 3353 petentibus
1308 3283 1499 3353 detur,
1517 3298 1587 3340 ne
1602 3285 1743 3341 civi—
1850 3287 2287 3355 geretcaptum,
2312 3298 2442 3339 cum
2465 3298 2644 3339 uxore
2667 3288 2722 3339 et
2749 3282 2950 3339 liberis
2969 3282 3284 3337 interfecit.
3311 3278 3497 3336 Godo-

88 3364 183 3422 tas
204 3367 542 3438 episcopum
563 3383 677 3425 non
696 3370 959 3441 optatum
981 3372 1094 3427 aut
1106 3372 1479 3444 contempnat
1494 3372 1744 3429 autode-
1853 3370 2028 3427 maris
2055 3375 2217 3440 terga
2249 3376 2488 3427 vertens
2516 3371 2711 3440 latuit,
2736 3375 2794 3426 et
2820 3371 3137 3442 resumptis
3159 3370 3386 3426 viribus
3411 3382 3498 3425 re-

84 3454 188 3524 rit,
224 3455 647 3525 etﬂatminus
664 3459 955 3529 religiosa
976 3462 1074 3517 cui
1103 3474 1220 3517 non
1254 3460 1498 3517 licuerit
1528 3460 1744 3518 habere
1849 3472 2023 3527 gnum
2049 3460 2392 3530 Burgundiae
2417 3460 2623 3516 tenuit.
2667 3460 2871 3516 Avitus
2891 3474 3028 3517 vero
3063 3460 3245 3516 abbas
3269 3472 3495 3516 monas-

87 3555 261 3613 quem
288 3544 502 3601 voluit.
555 3544 881 3603 Celestinus
908 3562 1139 3619 quoque
1171 3548 1227 3603 in
1278 3548 1534 3606 decretis
1566 3549 1690 3605 suis
1724 3569 1737 3605 :

88 3629 313 3688 Nullus
340 3632 558 3690 inritis
588 3633 758 3689 detur
786 3636 1128 3707 episcopus;
1153 3636 1317 3705 cleri,
1331 3635 1531 3709 plebis
1560 3637 1621 3693 et
1653 3651 1743 3693 0r-

90 3717 252 3777 diru's
280 3720 411 3778 (tesi
423 3722 651 3778 teriam
667 3724 1047 3794 requiratur.

158 3807 303 3876 (Fol.
341 3811 459 3881 42.)
494 3808 820 3868 Clodoveus
851 3812 1048 3884 itaque
1071 3814 1490 3872 Ranacbarium
1524 3828 1738 3885 regem,

88 3896 255 3966 cujus
279 3896 444 3967 regni
467 3898 642 3956 sedes
663 3906 789 3957 erat
811 3901 1156 3961 Cameracus
1178 3903 1408 3974 civitas,
1442 3908 1740 3975 parentem

88 3998 254 4041 suum
287 3984 428 4042 dolo
462 4001 630 4044 manu
656 3989 888 4060 propria
922 3990 1238 4057 interfecit,
1264 3997 1322 4047 et
1348 3992 1584 4048 fratrem
1616 3992 1743 4062 ejus

83 4072 456 4131 Racbarium.
488 4075 1179 4149 [ann.]Dederatautem
1206 4079 1594 4137 traditoribus
1614 4081 1663 4152 ej
1677 4096 1740 4137 ns

86 4167 430 4219 ornamenta
447 4164 735 4235 quadam,
753 4181 863 4224 non
877 4168 1185 4237 aurea,sed
1201 4182 1349 4225 aerea
1365 4171 1421 4225 et
1438 4168 1735 4227 deaurata.

85 4247 279 4320 [ϐιιεο.
317 4252 481 4318 Tur.,
519 4268 577 4320 η,
612 4251 722 4324 42].
758 4256 897 4310 Post
946 4260 1191 4312 mortem
1226 4272 1365 4314 vero
1396 4256 1612 4315 domini
1648 4258 1737 4314 sui

83 4345 515 4409 cognoscentes
545 4342 882 4413 proditores
909 4359 1133 4414 aurum,
1181 4345 1332 4416 quod
1356 4360 1385 4402 a
1409 4359 1546 4416 rege
1580 4360 1737 4404 acce-

82 4432 305 4498 perant,
342 4441 458 4484 non
510 4443 732 4500 verum,
768 4431 869 4488 sed
923 4432 1338 4503 adulterinum,
1374 4439 1593 4491 etcum
1628 4434 1736 4492 hoc

1853 3547 1983 3603 terii
2018 3548 2453 3605 Aurelianensis
2476 3548 2743 3620 praedixit
2777 3547 3120 3617 Clodomcri,
3149 3547 3302 3619 quod
3324 3546 3495 3619 Sigis-

1854 3636 2067 3692 mundo
2119 3637 2362 3703 frcerat,
2409 3637 2723 3693 identidem
2773 3637 2959 3708 ipsum
2987 3650 3118 3693 esse
3161 3650 3491 3707 passurum.

1853 3724 2111 3794 Cumque
2161 3726 2502 3781 Veserontia
2560 3725 2761 3782 Franci
2794 3740 2924 3781 cum
2985 3723 3495 3794 Burgundionibus

1853 3812 2068 3870 bellum
2111 3813 2375 3882 inissent,
2409 3813 2991 3884 Clodomeriscapite
3022 3816 3333 3868 truncatus
3376 3814 3491 3882 est,

1852 3902 2140 3972 deceptus
2167 3903 2239 3957 ab
2268 3900 2504 3956 auxiliis
2531 3899 2871 3956 Theoderici
2904 3900 3056 3969 regis
3089 3898 3287 3971 Italia),
3322 3898 3493 3966 cujus

1852 3990 2026 4046 filiam
2059 3988 2464 4059 Sigismundns
2495 4001 2731 4045 uxorem
2766 3986 2967 4044 habuit
3000 4006 3012 4041 :
3047 4000 3157 4056 qua
3188 3986 3363 4041 etiam
3396 3985 3494 4041 de—

1851 4078 2067 4146 functa,
2096 4076 2285 4145 aliam,
2315 4080 2372 4131 ut
2397 4075 2865 4147 praetexavimus,
2890 4074 3075 4132 duxit.
3101 4073 3296 4146 [Galam
3331 4074 3490 4143 Tur.,

1849 4182 1910 4237 η,
1944 4168 2049 4239 18].
2088 4167 2344 4235 Cumque
2399 4164 2678 4221 Crotildis
2728 4165 2881 4221 filios
2914 4162 3273 4221 Clodomeris
3316 4162 3487 4219 unico

1848 4255 2060 4312 affectu
2084 4255 2375 4327 diligeret,
2403 4253 2617 4312 invidia
2642 4255 2855 4311 ductus
2877 4251 3285 4311 Childebertus
3307 4250 3491 4308 Clota-

1849 4344 1998 4401 rium
2026 4345 2096 4401 ad
2134 4360 2329 4402 necem
2363 4358 2676 4417 puerorum
2709 4342 2993 4399 incitavit.
3027 4339 3168 4411 (F01.
3201 4338 3493 4412 42.“an-

1848 4434 2001 4505 δια]
2037 4434 2292 4505 Cumque
2326 4433 2581 4490 Parisius
2634 4430 3045 4489 convenissent
3077 4427 3243 4501 quasi
3273 4441 3492 4500 pueros

84 4517 200 4587 regi
234 4517 556 4587 dixissent,
589 4519 961 4590 respondisse
986 4521 1171 4578 fertur
1201 4536 1305 4578 rex
1325 4501 1348 4583 ξ
1377 4522 1592 4579 Merito
1616 4524 1737 4581 tate
1762 4501 1820 4566 Ῑ)
1848 4519 1905 4577 in
1940 4501 2117 4593 regno
2147 4501 2333 4595 patris
2362 4520 2753 4590 sublimaturi,
2780 4518 3113 4577 Clotbarius
3141 4515 3340 4573 dolose
3363 4530 3492 4573 sus-

87 4616 299 4662 aurum
318 4605 571 4676 accipit,
602 4608 712 4677 qui
732 4608 1034 4666 dominum
1045 4624 1221 4667 suum
1232 4611 1567 4669 admei-tem
1600 4627 1735 4684 pro-

77 4694 215 4763 pria
233 4693 547 4751 voluntate
551 4694 849 4767 perducit.
868 4697 1095 4754 Tertius
1118 4698 1297 4768 igitur
1311 4700 1729 4771 fratereorum,

89 4783 444 4855 propinquus
485 4788 544 4840 et
577 4783 704 4856 ipse
729 4784 1023 4855 Clodovei,
1057 4786 1210 4858 apud
1253 4787 1730 4858 Cynomannicam

87 4870 375 4929 civitatem
401 4870 578 4942 jussu
599 4871 786 4945 ipsius
809 4872 1156 4931 interfectus
1185 4879 1297 4931 est.
1331 4874 1552 4941 Quibus
1584 4891 1733 4933 mor-

86 4961 198 5018 tuis
222 4976 391 5021 omne
425 4974 668 5031 regnum
702 4973 901 5017 eorum
933 4966 993 5018 et
1022 4963 1336 5021 thesauros
1363 4964 1612 5035 accepit,
1650 4964 1732 5021 in-

87 5051 461 5123 terfectisque
491 5053 556 5106 et
577 5046 709 5104 aliis
731 5048 929 5105 multis
950 5051 1212 5121 regibus,
1248 5056 1309 5107 et
1331 5052 1611 5122 proximis
1636 5067 1732 5125 pa-

89 5140 341 5197 rentibus
372 5139 523 5209 suis,
551 5151 702 5209 quos
734 5144 1039 5209 suspectos
1056 5138 1310 5196 habebat
1331 5144 1390 5195 ut
1414 5140 1465 5197 ei
1488 5154 1729 5210 regnum

92 5228 390 5299 auferrent,
417 5241 668 5300 regnum
691 5240 859 5283 suum
885 5240 984 5297 per
1006 5230 1164 5284 totas
1202 5226 1416 5284 Gallias
1437 5228 1725 5286 dilatavit.

95 5315 231 5375 Obiit
259 5319 415 5393 apud
449 5314 820 5376 Parisiorum
853 5316 1050 5373 urbem
1073 5329 1226 5373 anno
1256 5317 1425 5373 Dom.
1463 5316 1575 5374 inc.
1602 5321 1723 5375 518.

94 5407 230 5478 regni
259 5409 348 5465 sui
378 5422 536 5465 anno
567 5409 661 5473 30,
696 5401 892 5460 aetatis
911 5404 995 5474 45,
1018 5402 1408 5477 sepultusque
1437 5410 1531 5462 est
1552 5405 1606 5461 in
1632 5407 1729 5463 ba-

92 5493 228 5554 silica
258 5504 605 5556 sanctorum
652 5490 1050 5565 apostolorum
1084 5507 1258 5564 quam
1291 5498 1723 5551 construxerat.

92 5581 429 5644 Praesidebat
454 5590 605 5642 tunc
630 5582 908 5638 Romanae
928 5581 1200 5641 ecclesiae
1223 5581 1530 5638 Hormisda
1555 5597 1722 5656 papa,

1845 4610 2037 4680 ceptis
2070 4611 2157 4667 eis
2190 4624 2219 4666 a
2255 4615 2457 4675 matre,
2482 4608 2871 4666 Theodaldum
2899 4611 2959 4663 et
2983 4604 3362 4662 Guntbarium
3394 4617 3492 4658 oc-

1842 4697 2005 4769 cidit,
2041 4699 2256 4756 tertius
2288 4698 2643 4755 Clodoaldus
2676 4697 2730 4752 in
2758 4695 3040 4752 clericum
3072 4690 3347 4749 tondetur
3373 4707 3386 4743 :
3412 4688 3487 4745 ad

1843 4787 2353 4859 cujussepulcrum
2369 4787 2485 4843 virt
2528 4790 2620 4842 tes
2642 4785 2807 4840 fiunt.
2827 4782 3195 4854 [αποπητη
3213 4778 3481 4847 ru,13;m,

1844 4878 1909 4931 16
1935 4894 1949 4943 ;
1982 4891 2064 4946 in,
2098 4875 2206 4947 12.]
2236 4873 2630 4931 Theodericus
2658 4870 2730 4927 ad
2759 4868 3145 4941 direptionem
3178 4863 3484 4922 Arvernici

1841 4963 2125 5022 territorii
2160 4963 2462 5031 festinans,
2514 4958 2868 5031 Sigivaldum
2899 4970 3032 5013 cum
3081 4952 3236 5010 omni
3270 4949 3485 5009 familia

1842 5052 1961 5109 illic
1992 5051 2377 5122 commigrare
2408 5048 2706 5123 prmcepit,
2742 5045 2840 5117 qui
2864 5043 3025 5117 plura
3052 5042 3201 5099 mala
3235 5039 3483 5115 peregit,

1840 5145 1901 5197 et
1930 5141 2057 5213 ipse
2102 5145 2303 5213 postea
2345 5137 2492 5196 male
2543 5137 2735 5211 periit.
2768 5133 2899 5189 Tale
2930 5136 3124 5191 autem
3182 5128 3479 5187 excidium

1841 5228 2061 5300 regioni
2092 5227 2278 5285 eidem
2312 5242 2413 5284 rex
2438 5227 2716 5299 praefatus
2747 5220 2965 5293 intulit,
2998 5225 3063 5278 ut
3090 5232 3279 5292 neque
3303 5217 3484 5275 miuo-

1840 5319 2006 5374 ribus
2035 5320 2174 5374 natu
2204 5328 2392 5388 neque
2422 5315 2741 5386 majoribus
2763 5309 3077 5383 quidquam
3108 5305 3327 5381 proprii
3352 5302 3488 5363 reli-
3590 5377 3609 5389 .

1836 5411 1995 5462 ctum
2014 5404 2110 5471 sit,
2138 5409 2353 5474 praeter
2375 5406 2592 5460 terram
2606 5402 2808 5471 solam,
2831 5414 3000 5470 quam
3026 5394 3482 5455 barbari‘secum

1840 5493 1992 5549 ferre
2020 5505 2133 5548 non
2166 5494 2459 5564 poterant.
2493 5492 2710 5550 Eduam
2742 5501 2978 5560 quoque
3004 5483 3261 5554 obsedit,
3282 5485 3343 5539 et
3363 5492 3485 5537 om-

1840 5581 1994 5639 mino
2028 5579 2402 5653 depraedatus
2431 5583 2543 5635 est.
