3898 6322
363 297 475 362 115

1317 303 1685 369 HUGONIS
1729 299 2080 365 ABBATIS
2124 303 2806 376 FLAVINIACENSIS

3651 308 3778 375 116

431 448 800 521 Beatoigitur
820 446 1100 507 Vitouoin
1123 445 1572 519 gaudioDomini
1597 449 1918 518 assumpto,
1941 449 1999 502 et
2029 431 2087 499 Α
2119 439 2272 498 tione
2296 444 2500 502 mortis
2529 441 2660 503 tiliae
2691 443 2924 502 soronis
2951 442 3248 517 Clodovei,
3281 459 3411 518 quae
3445 444 3642 507 fuerat
3671 465 3775 511 co-

359 558 465 615 pro
490 541 772 597 fidelitate
785 554 1102 611 paucorum
1127 543 1182 594 et
1208 537 1374 594 lucro
1399 552 1574 608 supra
1599 537 1778 592 multa
1803 540 2004 606 etper-

361 636 532 702 petua
555 631 700 684 bona
725 629 1048 684 constituto
1068 626 1200 697 (43),
1231 626 1609 682 Desideratus
1633 625 1921 681 successit
1943 625 1999 679 in

356 717 746 792 episcopalem
767 731 965 772 curam
981 715 1158 771 multa
1181 715 1478 784 vigilantia
1496 718 1760 784 egentem
1787 712 2003 768 sollici-

359 809 620 864 tudinum
638 802 1826 875 angoribuscircumseptam.Theodcricus
1849 802 1996 856 enim

357 900 652 953 cumesset
677 893 1058 965 pertinaciset
1087 893 1217 948 mali
1237 892 1408 947 animi
1432 895 1490 946 et
1513 907 1619 962 pro
1639 890 2000 946 dissensione

359 986 510 1042 inter
543 1000 604 1041 se
645 989 704 1040 et
746 985 983 1040 fratrem
1019 999 1182 1039 suum
1217 983 1450 1050 multas,
1505 988 1568 1038 ut
1604 981 1995 1052 przediximus,

357 1078 536 1134 urbes
558 1074 876 1140 amixisset,
904 1077 963 1127 et
995 1072 1194 1141 [Cum].
1217 1073 1373 1142 Tur.,
1401 1087 1482 1140 Ill,
1511 1071 1596 1142 34]
1625 1070 2002 1127 Desideratus

359 1166 481 1236 ipse
517 1167 647 1235 post
673 1162 852 1220 multa
879 1162 988 1217 sibi
1023 1161 1180 1216 illata
1210 1162 1434 1230 damna,
1463 1161 1656 1229 exilia,
1689 1175 1998 1232 :crumnas,

358 1253 618 1322 injurias,
642 1252 756 1320 jam
775 1251 845 1307 ad
863 1251 1191 1306 libertatem
1211 1251 1709 1319 Dominojubente
1725 1248 1994 1314 redisset,

356 1347 416 1397 et
451 1341 599 1412 apud
633 1340 971 1400 Virdunum,
1010 1343 1070 1394 ut
1105 1339 1376 1404 diximus,
1403 1339 1780 1408 episcopatus
1811 1338 2002 1405 funge-

359 1436 523 1486 retur
550 1429 756 1497 omcio,
819 1429 1004 1484 fuerat
1039 1429 1188 1483 enim
1225 1428 1276 1481 in
1310 1427 1526 1483 saeculo
1574 1425 1996 1494 nobilissimus,

355 1521 576 1575 habens
605 1533 842 1574 uxorem
867 1522 922 1573 et
946 1515 1146 1584 filium,
1174 1516 1400 1571 nomine
1423 1515 1744 1584 Syagrium.
1764 1514 1868 1581 (ιιι,
1887 1517 1998 1585 35.)

359 1609 468 1664 Sed
492 1625 519 1664 a
554 1606 852 1678 Syrivaldo
885 1607 1130 1676 quodam
1164 1604 1312 1676 apud
1349 1605 1652 1674 praefatum
1694 1617 1886 1672 regem
1920 1602 2000 1656 in-

358 1701 619 1766 cusatus,
670 1711 780 1752 non
810 1695 995 1751 solum
1043 1692 1333 1764 Spoliatus
1361 1693 1558 1760 rebus,
1591 1706 1788 1748 verum
1823 1692 1997 1746 etiam

2115 531 2312 600 pnlata
2343 537 2584 606 praefato
2640 535 2991 592 Theoderico
3023 535 3078 592 in
3139 535 3572 595 matrimonium
3600 544 3663 596 et
3697 555 3771 598 eo

2113 623 2388 680 defuncto
2414 630 2617 682 contra
2666 625 2892 682 natales
2922 640 3060 682 suos
3091 639 3262 680 servo
3313 631 3596 698 nupserat
3633 627 3764 697 (fol.

2111 713 2222 783 43),
2257 718 2317 768 et
2345 713 2479 784 quia
2503 718 2688 770 mater
2707 715 3004 783 indignata
3032 717 3189 770 moto
3213 718 3419 770 contra
3443 731 3569 771 eam
3593 732 3770 773 excr-

2111 801 2230 855 ritu
2265 816 2496 858 servum
2529 808 2874 873 peremerat,
2901 802 3194 872 filiamque
3219 801 3288 857 ad
3319 802 3552 860 domum
3589 806 3770 862 redu-

2114 893 2296 956 xerat,
2335 890 2429 946 illa
2463 891 2609 948 irata
2639 904 2922 948 venenum
2958 891 3010 945 in
3035 891 3240 959 calice,
3274 904 3389 960 quo
3419 897 3608 949 mater
3632 899 3770 950 erat

2109 979 2626 1048 communicatura,
2665 979 2859 1050 posuit
2891 1009 2961 1018 -
2989 983 3154 1033 erant
3189 979 3339 1034 enim
3394 981 3638 1037 Arriana
3671 983 3774 1039 de-

2114 1067 2254 1120 tenti
2279 1067 2540 1137 perﬁdia,
2561 1098 2627 1106 —
2653 1081 2767 1136 quo
2793 1067 3000 1123 hausto
3023 1081 3151 1122 mox
3171 1071 3356 1123 mater
3381 1073 3607 1124 mortua
3647 1077 3768 1142 est,

2111 1157 2168 1206 et
2199 1155 2273 1209 ob
2321 1155 2430 1210 hoc
2464 1154 2747 1224 indignati
2799 1155 2948 1224 Itali,
3009 1169 3075 1210 ea
3110 1155 3358 1225 abjecta,
3411 1155 3768 1227 praedictum

2110 1241 2475 1297 Theodadum
2507 1257 2700 1311 regem
2731 1244 3188 1313 constituerunt,
3242 1259 3272 1298 a
3305 1258 3420 1315 quo
3474 1259 3771 1303 succenso

2114 1331 2484 1386 vehementer
2507 1329 2712 1387 balneo
2743 1331 2987 1399 inclusa,
3013 1332 3163 1387 inter
3191 1331 3352 1388 diros
3379 1346 3636 1404 vapores
3673 1349 3776 1406 pa-

2114 1419 2367 1476 vimento
2390 1434 2692 1486 corruens,
2720 1425 2950 1476 mortua
2971 1425 3078 1476 est.
3104 1418 3208 1489 (ιιι,
3230 1423 3340 1492 32).
3367 1421 3773 1488 Quamobrem

2111 1507 2852 1564 ctTheodebertusltaliam
2879 1509 3157 1580 pervasit,
3180 1508 3282 1564 sed
3307 1509 3439 1579 quia
3455 1511 3772 1568 exercitus

2113 1594 2238 1664 ejus
2267 1595 2517 1652 diversis
2543 1596 2802 1652 febribus
2830 1598 3172 1666 vexabatur,
3202 1597 3408 1652 ducem
3433 1613 3566 1654 cum
3589 1605 3773 1671 parte

2113 1684 2410 1740 exercitus
2434 1685 2512 1740 ibi
2537 1685 2775 1754 dimisit,
2794 1685 2890 1756 qui
2911 1699 3136 1741 omnem
3156 1685 3380 1742 Italiam
3401 1685 3608 1743 ditioni
3636 1687 3774 1757 ejus

361 1788 550 1843 fuerat
572 1784 875 1855 suppliciis
896 1783 1159 1849 affectus,
1188 1798 1315 1837 cum
1347 1785 1687 1838 tonsuratus
1711 1785 1912 1850 postea
1938 1783 1994 1834 ct
2025 1788 2082 1851 Β
2115 1772 2374 1829 subdidit
2398 1780 2572 1844 atque
2597 1773 2868 1841 Siciliam,
2894 1779 2953 1828 et
2976 1775 3278 1830 thesauros
3302 1775 3774 1834 innumerabiles

357 1874 644 1930 electione
675 1873 815 1928 cleri
847 1875 905 1926 et
939 1870 1134 1942 populi
1165 1870 1518 1926 Virdunensi
1553 1869 1763 1925 fuisset
1799 1869 2000 1939 praela-

359 1969 454 2019 tus
485 1962 773 2030 ecclesiae,
803 1959 1194 2016 Theodericus
1227 1964 1543 2030 perpetuas
1569 1957 1829 2013 retinens
1861 1972 1996 2026 erga

357 2067 486 2107 eum
523 2050 873 2117 inimicitias,
910 2049 1041 2118 quia
1090 2064 1201 2104 non
1235 2048 1595 2104 consentiret
1643 2046 1842 2118 pravis
1875 2046 2000 2116 ejus

357 2140 653 2211 operibus,
711 2139 1008 2193 civitatem
1041 2152 1168 2192 cum
1217 2135 1650 2192 habitatoribus
1697 2133 2001 2190 vehemen-

360 2235 450 2283 ter
495 2227 745 2284 attrivit.
783 2226 1126 2296 Supervenit
1176 2225 1416 2294 insuper
1454 2221 1894 2291 divinojudicio
1925 2223 2000 2277 fa-

363 2332 482 2372 mes
513 2316 698 2370 valida
734 2314 987 2370 invalido
1014 2313 1272 2368 civitatis
1307 2311 1540 2382 populo,
1577 2325 1686 2381 qua
1711 2312 1998 2367 attenuati

363 2404 418 2457 in
453 2402 760 2458 afﬂictione
811 2401 983 2456 nimia
1017 2404 1183 2455 erant
1216 2399 1411 2468 positi.
1448 2397 1584 2470 (Ῑό.)
1615 2400 1685 2454 Et
1714 2413 1842 2454 cum
1876 2400 1999 2469 ipse

363 2491 435 2545 de
469 2491 642 2546 rebus
672 2490 794 2545 suis
827 2503 928 2560 per
959 2487 1374 2543 Theodericum
1401 2487 1779 2542 remansisset
1810 2492 2002 2542 extra-

365 2592 529 2647 neus,
565 2591 669 2633 nec
701 2578 942 2633 haberet
975 2589 1048 2632 ex
1094 2574 1350 2646 proprio,
1387 2573 1640 2644 qualiter
1673 2573 2001 2643 indigentes

365 2671 424 2721 et
457 2666 776 2721 destitutos
815 2665 974 2721 cives
1028 2677 1164 2720 suos
1199 2659 1625 2733 consolaretur,
1676 2661 1912 2718 dolebat
1943 2671 1998 2717 et

367 2754 737 2809 tristabatur.
792 2754 896 2822 (ιη,
929 2755 1017 2818 23,
1051 2752 1164 2822 25.)
1214 2749 1499 2806 Defuncto
1530 2755 1722 2807 autem
1752 2749 2004 2805 Theode-

368 2842 488 2898 rico
519 2856 666 2898 anno
721 2842 880 2911 regni
941 2841 1026 2897 sui
1077 2843 1164 2908 23,
1201 2841 1271 2895 ab
1331 2837 1730 2896 incarnatione
1778 2837 2001 2893 Domini

366 2933 488 2998 5M,
521 2945 649 2985 cum
695 2930 1129 2986 Theodebertus
1162 2929 1315 2985 illius
1342 2929 1468 2997 ejus
1514 2941 1754 2996 regnum
1811 2941 2005 2983 susce-

368 3019 568 3089 pisset,
605 3023 658 3074 et
693 3022 896 3074 contra
945 3017 1306 3074 voluntatem
1341 3015 1695 3072 Childcberti
1729 3019 1786 3070 et
1819 3013 2006 3070 Clota-

369 3106 436 3161 rii
455 3107 517 3184 in
540 3121 720 3174 regno
743 3121 772 3162 a
791 3107 910 3162 suis
933 3106 1204 3161 leudibus
1228 3103 1700 3160 essetstabilitus
1723 3102 2005 3172 atquellr-

368 3199 575 3262 matus,
593 3199 652 3249 et
674 3193 1042 3265 postmodum
1067 3208 1095 3248 a
1116 3192 1489 3248 Childeberto
1510 3191 1773 3248 maximis
1813 3205 2007 3246 mune-

369 3283 908 3350 ribusmuncratus,
935 3281 990 3336 iu
1016 3279 1194 3336 filium
1209 3283 1365 3336 esset
1384 3279 1716 3350 adoptatus,
1739 3293 2004 3348 magnum

370 3384 434 3424 se
463 3374 520 3425 et
573 3369 926 3440 praecipuum
971 3370 1029 3423 in
1061 3368 1212 3426 omni
1264 3367 1526 3424 bonitate
1556 3367 1833 3422 ostendit.
1871 3368 2003 3422 Erat

368 3457 521 3512 enim
554 3471 793 3524 regnum
824 3471 953 3514 cum
970 3455 1198 3526 justitia
1231 3468 1454 3524 regens,
1481 3455 1816 3511 sacerdotes
1841 3469 2008 3510 vene-

372 3560 528 3613 rans,
571 3544 850 3601 ecclesias
905 3559 1232 3615 munerans,
1290 3557 1578 3614 pauperes
1627 3542 1912 3611 relevans,
1946 3545 2006 3598 et

373 3633 553 3689 multa
585 3633 784 3689 multis
816 3628 1213 3704 beneﬁcia‘pia
1245 3636 1302 3688 et
1335 3631 1669 3688 dulcissima
1703 3630 2004 3686 voluntate

373 3721 837 3790 accommodans,
889 3721 1107 3778 tributa
1140 3721 1337 3790 etiam,
1373 3733 1502 3790 quae
1551 3720 1622 3776 ab
1653 3717 1920 3775 ecclesiis
1951 3719 2004 3775 in

373 3811 632 3865 Arverno
655 3809 782 3865 sitis
801 3809 942 3866 ﬁsco
966 3807 1718 3879 reddebantur,clementer
1741 3805 2002 3866 indulsit.

372 3897 476 3969 (ιη,
509 3900 623 3970 26.)
655 3899 916 3954 Habebat
949 3912 1187 3954 uxorem
1219 3897 1571 3966 Deuteriam,
1596 3901 1657 3953 et
1688 3896 1861 3954 filiam
1889 3896 2004 3965 jam

369 3985 627 4043 adultam
653 4005 668 4054 ;
699 3985 797 4042 sed
828 3987 1098 4042 Deuteria
1129 3985 1356 4054 timens,
1393 3999 1463 4042 ne
1493 4000 1556 4042 se
1580 3984 1805 4054 relicta,
1831 3984 2005 4041 ﬁliam

371 4074 482 4131 sibi
506 4089 610 4130 rex
645 4075 700 4129 in
733 4073 1064 4144 coniugium
1098 4078 1447 4142 assumeret,
1481 4073 1535 4128 in
1571 4075 1846 4130 basterna
1879 4087 2006 4129 eam

371 4160 932 4232 positamindomitis
956 4161 1143 4218 bobus
1157 4161 1489 4228 conjunctis
1513 4161 1661 4231 apud
1689 4161 2006 4218 Virdunum

371 4248 444 4304 de
467 4252 642 4319 ponte
667 4247 1074 4319 praecipitavit,
1103 4262 1230 4318 quae
1255 4247 1308 4302 in
1333 4247 1459 4317 ipso
1485 4249 1716 4306 ﬂumine
1736 4250 2004 4320 spiritum

372 4335 646 4392 reddidit.
688 4334 794 4404 (in,
826 4337 914 4408 34)
947 4335 1322 4392 Desideratus
1353 4334 1548 4406 itaque
1600 4337 1918 4393 bonitatem
1947 4341 2004 4393 et

371 4422 738 4480 clementiam
769 4423 1148 4480 Tbeodeberti
1177 4423 1334 4493 regis
1353 4437 1489 4494 erga
1513 4438 1715 4480 omnes
1736 4439 2004 4494 cernens,

2113 1863 2163 1916 ei
2196 1861 2427 1916 direxit.
2479 1861 2774 1934 (Faenza)
2821 1863 3021 1932 Magna
3053 1862 3204 1918 enim
3237 1861 3487 1920 felicitas
3515 1865 3678 1935 regis
3709 1865 3773 1921 in

2115 1950 2201 2006 hlS
2251 1950 2518 2006 omnibus
2561 1951 2688 2020 fuit,
2735 1951 2868 2021 quia
2894 1950 3085 2006 timuit
3117 1951 3438 2021 Dominum,
3473 1955 3531 2008 et
3567 1965 3770 2008 sacer-

2113 2038 2279 2094 dotes
2310 2045 2365 2093 et
2417 2037 2702 2094 ecclesias
2739 2040 2867 2109 ejus
2909 2039 3314 2094 venerabatur.
3355 2039 3554 2107 (Gneo.
3599 2042 3769 2112 Tur.)

2114 2126 2321 2182 Audita
2341 2127 2521 2196 igitur
2543 2127 2824 2197 petitione
2838 2125 3222 2182 Virdunensis
3239 2126 3521 2200 episcopi,
3543 2141 3651 2184 rex
3671 2143 3774 2185 an-

2113 2215 2256 2278 nuit,
2293 2218 2484 2271 motus
2505 2215 2574 2269 ad
2607 2215 3083 2284 misericordiam,
3102 2219 3162 2269 et
3187 2219 3417 2286 septem
3442 2214 3598 2272 milia
3627 2215 3774 2274 soli-

2112 2303 2316 2360 dorum
2343 2304 2392 2359 ei
2421 2303 2678 2374 tradens,
2705 2303 3100 2360 conditionem
3124 2303 3462 2374 adscripsit,
3490 2307 3552 2360 ut
3577 2317 3648 2361 eo
3685 2310 3775 2362 te-

2114 2407 2250 2448 nore
2284 2392 2604 2464 partiretur
2637 2391 3052 2462 indigentibus,
3080 2395 3368 2461 quatenus
3398 2396 3506 2448 hoc
3538 2392 3768 2450 auxilio

2115 2481 2268 2537 victo
2301 2480 2466 2538 famis
2492 2480 2764 2550 dominio,
2793 2495 2894 2537 sua
2920 2481 3029 2535 sibi
3062 2495 3190 2536 cum
3227 2479 3417 2550 gratia
3451 2481 3773 2538 redderen-

2114 2574 2208 2627 tur
2237 2584 2310 2625 ex
2327 2584 2586 2627 numero.
2613 2569 2716 2640 (ηπ,
2745 2571 2855 2640 34.)
2887 2568 3026 2634 Quae
3051 2567 3312 2639 pontifex
3337 2568 3636 2640 accipiens
3658 2583 3768 2642 per

2113 2659 2270 2714 cives
2285 2673 2425 2714 suos
2444 2657 2727 2728 erogavit,
2748 2656 2898 2713 unde
2916 2661 2971 2712 et
2990 2656 3384 2725 negotiatores
3406 2657 3542 2713 facti
3570 2671 3761 2728 usque

2115 2745 2282 2802 hodie
2321 2746 2462 2802 clari
2496 2746 2798 2802 habentur.
2839 2746 3094 2815 Cumque
3124 2745 3230 2801 hoc
3263 2743 3476 2800 solatio
3509 2745 3672 2802 docti
3709 2747 3764 2801 in

2117 2834 2321 2891 melius
2351 2835 2752 2905 experimento
2783 2833 3028 2905 periculi
3062 2833 3492 2889 medioeritatis
3525 2834 3767 2905 optimae

2115 2923 2361 2980 scientia
2385 2923 2788 2994 profecissent,
2815 2928 2873 2980 et
2891 2921 3098 2994 procul
3118 2921 3418 2992 reSpicere
3434 2923 3767 2993 proximum

2119 3014 2328 3069 bonum
2351 3025 2480 3068 esse
2502 3011 2872 3080 didicissent,
2895 3010 3196 3082 pecuniam
3220 3009 3498 3067 alacriter
3521 3011 3771 3068 recolle-

2115 3105 2346 3170 gerunt,
2381 3104 2439 3154 et
2470 3099 2748 3170 episcopo
2795 3114 3014 3169 magnae
3047 3098 3252 3169 gratia:
3283 3098 3610 3156 mediatore
3640 3101 3765 3171 regi

2116 3203 2244 3246 cum
2266 3188 2812 3257 votivisgratiarum
2834 3187 3140 3259 przeconiis
3166 3187 3532 3244 obtulerunt.
3561 3189 3686 3245 Rex
3703 3196 3771 3246 ut

2116 3277 2371 3333 advertit
2406 3275 2888 3345 sublevationem,
2921 3275 3068 3331 vidit
3101 3275 3250 3332 laetae
3281 3275 3618 3333 devotionis
3651 3291 3768 3334 ma-

2115 3365 2574 3435 gnanimitatem,
2600 3367 2660 3419 et
2675 3363 2959 3434 colligens
2980 3364 3198 3434 regium
3223 3369 3284 3419 et
3301 3365 3562 3435 pecuniae
3586 3365 3770 3422 domi-

2115 3457 2346 3510 nantem
2377 3453 2626 3508 animum
2675 3451 2920 3509 indulsit
2947 3453 3052 3523 eis,
3103 3453 3176 3508 ad
3211 3457 3636 3525 praepotentem
3670 3468 3768 3511 cu-

2117 3541 2331 3598 mulum
2365 3540 2498 3596 boni
2547 3540 2816 3609 nominis,
2859 3545 2918 3597 et
2941 3541 3010 3597 ad
3038 3541 3373 3598 memoriam
3408 3540 3764 3598 laudabilem

2118 3632 2256 3684 tunc
2276 3628 2584 3699 przeseutis
2609 3632 2666 3683 et
2685 3629 2892 3686 futura
2913 3630 3332 3700 generationis.
3363 3629 3468 3698 (Ill,
3497 3631 3612 3700 35.)
3633 3631 3766 3700 Sya-

2116 3715 2280 3786 grius
2303 3721 2514 3786 autem,
2542 3717 2863 3772 Desiderati
2889 3717 3147 3788 episcopi
3173 3717 3346 3786 filius,
3369 3721 3501 3788 post
3518 3729 3764 3774 mortem

2115 3804 2448 3860 Theoderici
2473 3805 2853 3861 reminiscens
2873 3805 3209 3875 injuriarum
3229 3805 3437 3876 patris,
3465 3820 3613 3876 quas
3633 3821 3765 3877 pas-

2117 3907 2218 3950 sus
2247 3896 2339 3948 est
2375 3907 2405 3948 a
2427 3893 2785 3950 'lbeodorico
2817 3893 3129 3963 instigante
3157 3899 3215 3949 et
3256 3897 3577 3950 accusante
3613 3895 3766 3965 Syri-

2117 3979 2596 4052 waldo,sumptis
2611 3981 2926 4038 comitibus
2941 3983 3098 4038 venit
3115 3980 3186 4038 ad
3212 3980 3406 4037 villam
3434 3982 3764 4053 proprieta-

2117 4069 2194 4125 tis
2223 4069 2350 4139 ejus
2374 4069 2428 4124 in
2451 4069 2782 4126 Divionensi
2811 4069 3117 4126 territorio
3139 4069 3336 4139 sitam,
3361 4068 3532 4140 cuius
3555 4085 3761 4128 nomen

2117 4157 2432 4225 Floriacus,
2448 4162 2505 4214 et
2521 4171 2685 4214 mane
2705 4158 2872 4226 facto,
2891 4172 3020 4214 cum
3034 4162 3190 4214 esset
3207 4157 3414 4214 nebula
3441 4157 3761 4231 condensa,

2117 4245 2347 4302 domum
2366 4246 2636 4317 ingressi,
2657 4260 2826 4302 unum
2841 4245 3156 4301 amicorum
3171 4245 3296 4314 ejus
3309 4245 3756 4318 interfecerunt,

2120 4337 2392 4406 putantes
2423 4334 2613 4405 ipsum
2645 4348 2776 4390 esse
2804 4332 3208 4405 Syriwaldum.
3247 4333 3354 4390 Sed
3386 4347 3520 4390 cum
3549 4349 3764 4405 cogno-

2117 4421 2343 4478 vissent
2372 4422 2561 4493 ipsum
2595 4436 2706 4477 non
2766 4421 2965 4491 fuisse,
2999 4421 3212 4478 iterato
3243 4421 3478 4478 domum
3521 4423 3763 4480 circum-

372 4525 503 4569 cum
518 4512 630 4578 iam
657 4511 906 4582 populus
929 4509 1308 4578 dilaberetur,
1335 4505 1396 4568 et
1425 4511 1635 4568 civitas
1658 4511 1815 4582 quasi
1840 4513 1893 4566 in
1918 4527 2008 4568 so-
2035 4498 2092 4562 D
2121 4508 2344 4578 dantes,
2376 4509 2590 4566 eﬂ‘osso
2640 4509 2862 4580 pariete
2913 4509 3335 4566 interfecerunt
3364 4524 3518 4566 eum.
3557 4511 3762 4568 Actum

371 4598 672 4656 litudinem
715 4599 1101 4670 redigeretur,
1136 4599 1206 4656 ad
1237 4613 1430 4671 regem
1460 4613 1521 4655 se
1544 4599 1813 4669 contulit,
1841 4600 2010 4656 mise-

371 4687 514 4744 riam
533 4688 730 4760 populi
746 4687 1175 4760 lacrymabilem
1191 4686 1834 4760 deploravit,petitione
1861 4687 2012 4743 beni-

368 4790 478 4846 gna
493 4775 742 4834 animum
759 4777 982 4846 regium
1006 4775 1248 4845 inﬂexit,
1275 4779 1340 4831 ut
1362 4775 1433 4831 de
1454 4774 1752 4831 thesauris
1774 4774 1895 4831 suis
1911 4775 2011 4830 mi-

370 4877 574 4920 serans
597 4863 916 4921 calamitati
950 4864 1234 4931 obstaret,
1267 4862 1806 4932 famemcohiberet,
1832 4878 2011 4934 popu-

372 4951 499 5008 lum'
512 4955 853 5021 pereuntem
867 4951 1174 5014 retineret,
1197 4953 1253 5006 et
1269 4949 1630 5006 commodata
1647 4963 1750 5021 per
1761 4964 1860 5020 gra
1873 4951 2006 5006 tiam

372 5037 632 5109 periculo
650 5054 713 5094 su
726 5044 927 5109 perato
943 5053 1071 5096 cum
1085 5037 1276 5108 gratia
1291 5037 1388 5092 Dei
1407 5035 1813 5108 hominumque
1827 5039 2009 5095 susci-

374 5129 560 5196 peret,
595 5124 698 5194 (ιιι,
733 5127 847 5197 31.)
878 5127 1198 5197 Acceperat
1229 5125 1380 5181 enim
1415 5139 1444 5180 a
1483 5123 1788 5182 Theodado
1815 5123 2008 5184 Italiae

373 5225 530 5281 rege,
557 5211 898 5268 Theudorici
930 5226 1292 5282 successore,
1319 5226 1449 5270 cum
1479 5215 1690 5284 patruo
1720 5211 1828 5270 suo
1860 5213 2009 5270 Chil-

294 5350 315 5364 ,
373 5299 618 5356 deberto
639 5299 1057 5370 quinquaginta
1083 5313 1392 5356 aureorum
1421 5299 1575 5356 milia
1596 5314 1703 5370 pro
1725 5301 2009 5372 composi-

2119 4601 2208 4652 est
2235 4597 2342 4654 hoc
2371 4601 2500 4668 post
2535 4600 2778 4653 mortem
2809 4596 3133 4654 Desiderati
3163 4597 3445 4670 episcopi.

2192 4685 2363 4754 (Vita
2383 4685 2670 4756 Agerici.)
2693 4686 2902 4742 Verum
2930 4691 2990 4742 ut
3011 4684 3083 4741 ad
3105 4685 3407 4756 superiora
3429 4685 3759 4756 redeamus,

2118 4777 2180 4830 et
2207 4773 2665 4830 misericordiam
2701 4773 2800 4830 Dei
2833 4774 3069 4830 uberem
3098 4787 3240 4842 erga
3267 4786 3428 4830 suam
3453 4772 3762 4846 imaginem

2117 4859 2771 4931 subtiliusindagemus,
2795 4860 3160 4932 providentia
3194 4859 3390 4917 divina
3409 4859 3761 4932 dispositum

2118 4949 2340 5006 habens
2371 4947 2441 5004 de
2473 4949 2628 5005 fonte
2659 4947 3075 5006 misericordiae
3095 4947 3379 5006 aecclesiaa
3414 4947 3762 5007 Virdunensi

2119 5051 2486 5107 succurrere,
2507 5041 2564 5092 et
2597 5037 2958 5108 supradictis
2991 5035 3512 5094 innumerabilibus
3528 5037 3762 5095 calami-

2119 5129 2303 5182 tatum
2329 5123 2664 5180 infortuniis
2684 5123 3040 5197 periclitanti
3065 5138 3295 5182 manum
3329 5123 3534 5182 auxilii
3559 5126 3765 5184 subro-

2115 5227 2276 5284 gare,
2307 5211 2400 5268 die
2423 5215 2479 5268 et
2506 5215 2767 5284 tempore
2797 5227 2911 5283 quo
2939 5212 3146 5282 voluit,
3171 5212 3244 5269 de
3267 5211 3559 5270 altissimo
3585 5228 3650 5271 ac
3675 5229 3765 5272 se-

2120 5298 2429 5356 renissimo
2473 5298 2755 5356 bonitatis
2787 5313 2908 5357 suae
2939 5299 3204 5371 consilio,
3238 5299 3388 5358 hanc
3415 5301 3571 5358 viam
3600 5315 3766 5360 nova:

1953 5411 2177 5470 ΝΟΤιΕ.

446 5518 560 5590 (43)
592 5518 828 5590 Brevem
852 5517 1045 5590 Vitoni
1068 5518 1258 5590 Vitam
1280 5533 1352 5576 ex
1375 5517 1784 5590 antiquissimo
1805 5518 2010 5576 codice

370 5588 726 5660 Trajectensi
787 5589 950 5646 dedit
981 5589 1183 5647 Surius
1238 5591 1364 5647 Act.
1397 5588 1590 5658 SS.,'t.
1621 5589 1738 5659 VII,
1768 5603 1826 5663 p.
1882 5592 2006 5660 820,

2118 5515 2390 5574 Miracula
2425 5521 2664 5576 auctore
2693 5517 2944 5576 Rudolfo
2973 5517 3185 5576 abbate
3215 5521 3270 5578 S.
3295 5519 3494 5580 Vitoni
3525 5526 3766 5581 exstant

2119 5585 2392 5647 Mabillon
2421 5591 2551 5648 Act.
2587 5589 2682 5646 SS.
2717 5589 2858 5648 Sate.
2893 5590 2984 5660 VI,
3008 5603 3065 5663 p.
3100 5594 3223 5649 565.
