3898 6334
145 266 239 333 11³1
1427 269 1684 339 CHROI‘

1427 260 1925 339 CHRONICON.
1959 301 2037 316 -
2064 268 2223 336 LIB.
2273 274 2317 337 Ι.

3460 273 3575 342 118

155 401 353 467 salutis
386 404 653 477 invenit,
684 411 749 467 ut
776 407 1037 480 angelum
1070 416 1333 470 sanctum
1368 408 1629 469 mitteret
1654 406 1723 463 de
1746 419 1818 461 ex
1846 396 1904 465 A
1935 408 2129 464 tentes
2161 404 2230 465 ad
2264 405 2506 466 eandem
2538 420 2667 467 eum
2699 407 3020 468 aecclesiam
3062 408 3480 483 perduxerunt,
3514 418 3576 471 et

160 495 311 552 celso
335 495 632 554 caelorum
670 497 1024 569 habitaculo,
1059 500 1156 571 qui
1190 499 1531 571 parentibus
1564 500 1815 555 futuram

167 600 235 642 ex
267 586 688 643 misericordia
726 587 897 643 unius
926 589 1088 658 pueri
1123 589 1484 645 nativitatem
1519 586 1818 644 denuntia-

170 678 274 743 ret,
299 674 621 731 terminum
647 690 766 745 quo
792 676 847 731 id
873 677 993 733 ﬁeri
1014 678 1257 733 deberet
1278 679 1582 745 indiceret,
1610 691 1815 732 nomen

178 778 283 833 quo
312 769 669 820 censeretur
711 770 959 835 aptaret.
1006 767 1278 823 Nimirum
1312 772 1555 837 prepter
1587 766 1815 821 nimiam

173 851 570 920 dilectionem,
608 868 720 922 qua
754 869 913 910 suam
948 854 1002 909 in
1036 855 1265 911 homine
1311 855 1589 925 diligebat
1624 854 1819 923 imagi-

166 954 317 1007 nem,
351 939 663 996 condoluit
714 942 942 998 miseris
982 942 1326 1000 mortalibus
1353 958 1528 1011 grave
1556 944 1753 1012 jugum
1786 958 1815 997 a

163 1028 354 1098 primo
389 1032 560 1098 patre
604 1030 1001 1099 portantibus,
1034 1037 1093 1086 et
1124 1032 1379 1100 generali
1416 1031 1815 1087 misericordia

161 1116 450 1186 populum
474 1118 649 1185 hunc,
702 1133 871 1187 quem
905 1119 1243 1189 specialiter
1286 1126 1521 1190 peccata
1564 1119 1819 1175 obtrive-

158 1210 318 1272 rant,
355 1206 734 1260 restauravit.
771 1207 981 1275 Tetigit
1017 1208 1197 1278 prius,
1233 1213 1293 1263 et
1326 1208 1715 1269 conturbavit,
1753 1222 1815 1262 ac

158 1298 417 1363 paterno
448 1293 699 1351 verbere
733 1294 973 1351 livorem
1008 1297 1239 1363 inflixit,
1270 1302 1469 1367 postea
1497 1297 1816 1367 reSpiciens

153 1380 416 1436 mirabili
451 1383 715 1438 remedio
745 1385 1101 1455 percuravit.
1139 1385 1303 1441 Venit
1330 1401 1470 1451 ergo
1493 1384 1816 1441 consiliidi-

152 1468 279 1523 vini
309 1468 562 1539 legatus,
601 1472 845 1540 protulit
880 1473 1204 1543 imperium,
1244 1474 1630 1544 promulgavit
1662 1473 1816 1529 edic-

149 1562 308 1625 tum,
327 1561 389 1612 et
406 1558 705 1627 praeelecti
733 1560 895 1629 pueri
924 1570 1195 1630 parentes
1215 1561 1517 1632 alloquens
1541 1562 1817 1616 miseran-

149 1643 249 1699 dis
294 1644 532 1700 civibus
573 1662 756 1702 cornu
793 1647 1002 1703 salutis
1034 1650 1240 1706 erexit.
1282 1651 1430 1707 Post
1464 1651 1805 1709 triennium.

1932 512 2062 553 cum
2095 497 2308 567 gaudio
2330 503 2389 553 et
2410 499 2719 570 praeconiis
2739 500 2946 568 gratia:
2972 498 3111 556 inibi
3135 501 3391 558 ordinari
3427 502 3574 559 fece-

1934 592 2086 641 runt.
2125 587 2337 643 Omnes
2379 589 2571 643 autem
2615 590 2776 657 quasi
2824 603 2895 645 ex
2927 603 3042 644 uno
3074 603 3176 645 ore
3207 591 3523 647 cantabant
3556 611 3568 645 :

1937 674 2223 731 Exaltaci
2237 676 2482 732 electum
2501 676 2570 731 de
2574 676 2743 746 plebe
2754 689 2913 733 mea:
2930 677 3053 733 oleo
3070 677 3273 734 saneto
3282 690 3407 735 meo
3419 680 3575 736 um

1932 776 2062 819 eum
2083 764 2273 825 (Paul.
2306 779 2573 831 Lxxxvm,
2590 769 2704 831 20),
2732 766 2865 835 quia
2885 778 2914 820 a
2931 764 3160 820 Christo
3184 766 3424 822 Domino
3445 772 3571 823 erat

1931 851 2170 917 electus,
2208 858 2269 907 ut
2300 852 2430 907 oleo
2473 853 2796 922 Spiritualis
2838 854 3043 922 gratiae
3073 858 3227 909 esset
3265 853 3566 912 fovendus.

1932 938 2070 1005 (Pol.
2091 942 2200 1009 44.)
2219 940 2472 1009 Contigit
2491 941 2710 996 interea
2728 942 3127 997 Desideratum
3142 940 3371 998 nomine
3384 942 3574 999 cilicio

1928 1044 2055 1083 cum
2080 1029 2194 1083 vita
2217 1029 2472 1095 defungi,
2490 1033 2546 1085 et
2569 1044 2966 1085 successorem
2994 1030 3264 1086 idoneum
3289 1030 3567 1087 cathedra

1927 1117 2192 1172 ecclesiae
2212 1118 2447 1174 viduata
2474 1119 2830 1188 requirebat.
2862 1119 2977 1173 Non
2998 1118 3241 1175 multum
3267 1120 3416 1189 quod
3443 1119 3574 1175 ade-

1932 1212 2019 1259 rat
2052 1206 2337 1274 queritur,
2375 1222 2477 1261 nec
2510 1207 2609 1261 diu
2661 1208 2951 1261 sententia
2988 1206 3193 1263 melior
3224 1206 3569 1277 ignorantiae

1930 1300 2101 1348 nocte
2124 1293 2409 1349 differtur.
2433 1295 2643 1350 Omnes
2660 1295 2712 1349 in
2732 1309 2903 1349 unum
2923 1298 3157 1361 coeunt,
3176 1310 3377 1352 omnes
3402 1295 3571 1353 uniin

1928 1382 2216 1437 electione
2238 1382 2598 1449 incumbunt,
2618 1397 2816 1438 omnes
2834 1384 3090 1439 ordinari
3106 1382 3177 1439 ad
3194 1383 3572 1455 pontiﬁcatus

1933 1470 2145 1525 infulas
2195 1472 2503 1539 Agericum
2548 1473 2890 1543 deposcunt.
2925 1473 3186 1543 Temptat
3220 1487 3370 1530 unus
3402 1474 3571 1530 resis-

1930 1562 2053 1612 tere
2100 1558 2386 1628 plurimis,
2440 1560 2682 1617 multum
2716 1576 2777 1616 se
2809 1560 3145 1617 excusando
3185 1560 3433 1631 laborat,
3466 1563 3568 1619 sed

1930 1647 2244 1701 roborante
2278 1649 2389 1702 Deo
2422 1648 2728 1719 praevaluit
2761 1650 3050 1705 sententia
3071 1650 3215 1705 cieri
3249 1654 3309 1704 et
3338 1648 3561 1721 pepuli.

151 1730 378 1803 inquit,
396 1733 732 1803 empeetatio
746 1734 1516 1807 dilataprobabitur,ﬂliu3
1534 1740 1658 1808 ipse
1671 1740 1816 1806 Age-
1847 1757 1899 1816 Β
1930 1735 2081 1790 Deus
2100 1734 2249 1790 enim
2271 1734 2339 1791 ad
2362 1737 2651 1792 munimen
2676 1737 2838 1793 urbis
2863 1737 3133 1794 invalidae
3157 1738 3565 1810 reparandum,

145 1822 327 1881 rivus
340 1820 676 1877 vocabitur.
694 1823 998 1881 Indicium
1010 1826 1355 1896 estpotioris
1367 1826 1813 1905 aesupereaeet-

150 1908 524 1980 lentiaapud
550 1911 741 1967 Deum
756 1912 1126 1983 priuilegiia
1148 1916 1269 1970 Deo
1296 1916 1539 1971 titulum
1560 1915 1816 1971 nominis

149 1995 671 2069 cuilibetrelpoui
684 2000 1026 2058 eelmutari.
1054 2000 1343 2073 Magnum
1361 2004 1554 2073 igitur
1575 2002 1813 2072 donum,

153 2098 395 2156 magna
421 2085 647 2156 gratia
677 2087 972 2158 dignatio,
1001 2104 1223 2162 magna
1240 2091 1478 2161 ﬁducia
1492 2092 1817 2162 promisso-

153 2187 320 2233 rum.
337 2174 685 2245 Noupotest
703 2176 1037 2245 immutari,
1063 2179 1224 2247 quod
1235 2179 1305 2234 de
1319 2179 1615 2235 tribunali
1635 2180 1815 2248 Regis

155 2262 380 2318 externi
396 2263 622 2320 calcati
636 2265 827 2335 legato
840 2268 1289 2337 euangelizante
1305 2268 1588 2323 dictetur.
1608 2268 1815 2335 Ageri-

152 2361 289 2415 em,
318 2350 534 2421 inquit,
560 2351 887 2410 tacebitur.
916 2356 1232 2410 Abusivum
1259 2371 1485 2423 nomen,
1514 2371 1616 2412 nec
1633 2356 1815 2425 scrip-

156 2440 436 2493 turarum
462 2439 695 2510 paginis
718 2440 966 2509 haerens,
1002 2443 1103 2498 sed
1139 2448 1354 2511 quanto
1388 2444 1638 2513 ignotius
1662 2443 1811 2512 apud

149 2523 622 2593 homines,tanto
635 2527 866 2597 dignius
884 2529 1170 2585 divinitati
1180 2536 1259 2600 ,et
1276 2538 1491 2600 quanto
1513 2532 1813 2601 acceptius

153 2611 299 2680 Deo,
327 2619 497 2670 tanto
513 2616 880 2673 commodius
899 2616 1135 2673 homini.
1164 2618 1314 2675 Nulli
1340 2621 1601 2689 profecto
1624 2624 1811 2689 potest

152 2712 294 2757 esse
314 2701 679 2772 ambiguum,
708 2705 861 2773 quod
888 2720 1037 2761 nunc
1061 2720 1291 2775 quoque
1314 2706 1494 2762 oblita
1512 2707 1596 2764 sui
1613 2709 1814 2763 nonsit

158 2785 363 2857 lingua
390 2789 698 2860 caelorum,
714 2796 772 2848 et
789 2792 941 2862 quod
961 2794 1253 2863 scriptura
1274 2795 1594 2852 caelestisin
1612 2810 1813 2867 perpe-

159 2880 327 2931 tuum
366 2882 591 2948 teneat,
627 2879 783 2949 quod
817 2879 1263 2937 caeluminterra
1296 2882 1624 2955 descripsit.
1661 2886 1810 2953 Ergo

150 2965 319 3020 terra
352 2979 469 3022 non
517 2967 818 3038 reprobet,
855 2968 1007 3038 quod
1039 2968 1243 3025 caelum
1276 2972 1504 3041 prohat.
1540 2972 1810 3029 Nascitur

152 3050 338 3121 igitur
356 3054 549 3110 infans
565 3061 701 3125 post
719 3055 1059 3121 triennium;
1094 3057 1261 3126 longa
1289 3065 1590 3128 parentum
1605 3074 1812 3131 expec-

149 3141 304 3197 tatio
339 3143 671 3214 porrigitur
696 3144 749 3199 in
767 3144 1060 3215 effectum,
1098 3145 1159 3201 ﬁt
1189 3147 1461 3216 gratusin
1477 3149 1720 3215 croceis,
1756 3150 1809 3205 in

156 3228 481 3286 cunabulis
516 3231 729 3287 dulcis.
763 3233 1213 3302 Transgreditur
1234 3234 1610 3292 ebdomadam
1634 3237 1812 3293 infan-

155 3316 260 3373 tia
295 3332 688 3377 succrescens
720 3320 789 3376 ad
827 3321 1071 3377 officium
1105 3321 1346 3391 linguai;
1382 3322 1440 3377 ﬁt
1475 3325 1813 3394 puel‘incre-

153 3408 379 3475 mento,
418 3420 567 3477 puer
610 3407 961 3475 innocentia,
1005 3412 1269 3465 naturam
1312 3411 1584 3467 tenellam
1618 3412 1813 3469 indole

151 3493 482 3562 praelncida
499 3509 750 3566 perorna
762 3497 856 3551 bat
878 3497 1151 3567 ;angelus
1164 3499 1396 3569 quippe,
1416 3499 1659 3570 quicum
1677 3516 1815 3571 prae-

155 3581 578 3652 nunciavcrat,
617 3589 833 3654 praesto
864 3585 916 3641 ei
948 3583 1018 3641 ad
1047 3586 1368 3642 custodiam
1401 3602 1632 3657 semper
1663 3595 1808 3645 erat.

156 3668 350 3725 Datur
363 3669 656 3741 puerulus
687 3672 972 3728 vacationi
1008 3673 1815 3745 sapientiae,jungiturcontu-

160 3756 374 3813 bernio
389 3757 863 3821 scolasticorum,
881 3760 1075 3816 haurit
1092 3761 1281 3817 fontes
1295 3763 1513 3833 scphiae
1534 3763 1816 3821 inundan-

156 3842 239 3899 tia
258 3858 502 3917 semper
518 3846 696 3903 ubera
730 3847 910 3918 sugit,
944 3847 1547 3921 voluptatesinternas
1560 3857 1616 3907 et
1635 3853 1814 3910 karis-

153 3937 317 3988 mata
343 3932 591 3990 meliora
626 3933 870 3992 sedulus
899 3937 1209 3993 emulatur.
1242 3939 1455 3995 Doctor
1484 3940 1635 3996 enim
1668 3941 1815 3998 inte-

152 4019 306 4089 rior,
324 4020 575 4089 quicum
593 4022 1048 4093 imbuerat,cum
1080 4026 1273 4081 aetatis
1305 4040 1585 4085 successu
1602 4028 1811 4086 indicia

152 4106 453 4166 virtutum
469 4109 766 4179 ejusclara
782 4113 1147 4168 monstrabat
1171 4114 1265 4183 qui
1282 4120 1342 4170 et
1357 4116 1665 4185 praescitus
1678 4121 1812 4174 ante

155 4197 425 4265 uterum,
449 4198 926 4256 sanctiﬁcatusin
944 4204 1134 4270 utero,
1160 4201 1595 4260 sanctimoniam
1619 4206 1673 4259 et
1700 4218 1813 4260 ma-

151 4281 563 4352 gniﬁcentiam
584 4286 640 4341 in
664 4287 1128 4343 sanctiﬁcatione
1149 4289 1248 4345 Dei
1274 4292 1542 4360 augebat.
1573 4292 1812 4348 Amaba-

158 4374 266 4427 tur
298 4372 370 4428 ab
406 4374 698 4442 omnibus,
754 4374 1000 4431 invidias
1027 4379 1084 4431 et
1118 4376 1520 4435 detractiones
1559 4379 1809 4436 omnium

1845 3103 1893 3166 C

1931 1822 2002 1877 ad
2024 1838 2204 1879 cornu
2222 1824 2431 1881 salutis
2453 1830 2658 1881 contra
2684 1826 2960 1881 malitiam
2979 1826 3339 1897 erigendum,
3360 1839 3570 1897 coope-

1931 1912 2171 1967 rabatur
2197 1912 2249 1967 in
2276 1915 2507 1984 populo.
2538 1914 2743 1970 Tribus
2765 1914 2915 1969 enim
2950 1920 3082 1985 post
3105 1918 3409 1971 tonsuram
3442 1927 3568 1985 per-

1930 1999 2076 2054 actis
2124 2001 2307 2069 annis,
2343 2015 2374 2055 a
2403 2002 2571 2071 plebe
2620 2002 3070 2058 Virdunensium
3122 2002 3351 2073 rapitur
3401 2007 3460 2057 et
3507 2002 3561 2057 in

1929 2088 2177 2144 ecclesia
2193 2089 2427 2158 majoris
2450 2094 2667 2146 sanctae
2683 2090 2776 2145 Dei
2796 2090 3103 2160 genitricis
3128 2090 3487 2161 perducitur,
3505 2093 3565 2145 et

1930 2174 2001 2230 ab
2022 2176 2317 2247 episcopis
2340 2178 2651 2248 episcopus
2671 2182 3072 2235 consecratur.
3100 2178 3364 2248 Suscepit
3386 2177 3456 2234 ad
3480 2192 3564 2232 re-

1928 2263 2146 2330 gendas
2175 2280 2313 2320 oves
2344 2266 2562 2321 Domini
2600 2266 2950 2336 pastoralem
2984 2266 3224 2335 virgam,
3251 2269 3445 2321 etnon
3478 2269 3562 2337 ty-

1932 2366 2170 2407 rannum
2204 2368 2264 2407 se
2295 2355 2502 2410 ovibus
2542 2354 2827 2422 exhibuit,
2860 2353 2961 2409 sed
2991 2368 3064 2409 ex
3098 2354 3347 2409 veritate
3378 2360 3569 2424 pasto-

1930 2454 2068 2494 rem.
2108 2443 2226 2495 Non
2253 2443 2606 2512 patiebatur,
2635 2448 2698 2498 ut
2726 2447 2878 2497 terra
2905 2458 3005 2498 sua
3040 2445 3244 2497 contra
3274 2457 3335 2497 se
3358 2442 3568 2498 clama-

1933 2533 2039 2593 ret,
2076 2534 2290 2585 etcum
2322 2545 2385 2585 ea
2418 2531 2561 2586 sulci
2593 2530 2719 2598 ejus
2746 2532 3050 2600 deﬂerent,
3077 2529 3180 2586 sed
3206 2530 3454 2601 impiger
3486 2531 3568 2586 in-

1931 2615 2120 2670 stabat
2146 2617 2392 2672 cultum:
2415 2619 2535 2687 Dei,
2560 2622 2621 2673 ut
2643 2632 2819 2688 opere
2844 2618 3137 2688 redderet,
3161 2617 3316 2688 quod
3335 2617 3566 2675 nomine

1931 2704 2240 2760 fatebatur.
2278 2706 2536 2761 llabebat
2570 2705 2796 2761 fidelem
2829 2710 2964 2762 ante
2987 2706 3189 2762 oculos
3217 2704 3561 2763 advocatum

1928 2792 2227 2847 Dominum
2250 2794 2440 2848 Jesum
2463 2793 2757 2849 Christum
2777 2793 3019 2861 justum,
3037 2794 3207 2864 eique
3222 2808 3284 2849 se
3310 2807 3565 2864 suosque

1929 2878 2353 2950 supplicatione
2371 2880 2606 2936 assidua
2630 2881 3052 2936 committebat.
3078 2880 3434 2937 Holocausta
3456 2896 3566 2937 me-

1928 2968 2148 3033 dullata
2172 2968 2451 3023 offerebat
2480 2983 2582 3039 pro
2607 2968 2835 3035 ovibus,
2858 2982 2929 3024 ne
2953 2968 3102 3024 forte
3127 2968 3297 3025 labiis
3314 2969 3563 3025 honora-

1928 3060 2054 3112 rent
2071 3058 2267 3125 Deum,
2284 3063 2341 3113 et
2357 3058 2532 3113 corde
2549 3057 2718 3126 longe
2738 3057 2931 3128 posito
2955 3056 3219 3113 manibus
3233 3057 3395 3112 irrita
3406 3061 3556 3127 rent,

1926 3144 2214 3216 iidemque
2247 3147 2424 3201 verbo
2455 3150 2626 3202 tenus
2657 3145 3002 3217 proﬁtentes
3036 3146 3367 3202 actionibus
3394 3146 3567 3204 abne-

1923 3238 2148 3303 garent.
2187 3235 2660 3305 Circumspectus
2683 3249 2913 3305 semper
2936 3234 3163 3290 leonem
3193 3233 3563 3291 insidiantem

1925 3323 2293 3379 orationibus
2307 3322 2605 3391 allidehat,
2622 3322 3341 3385 ﬂammastemntationum
3354 3321 3569 3380 elemo-

1926 3410 2069 3466 sinis
2084 3411 2425 3479 redimebat,
2445 3411 2725 3467 virtutum
2741 3411 3057 3481 apothecas
3070 3409 3416 3467 humilitatis
3430 3424 3565 3467 arce
3594 3467 3613 3490 ,

1926 3500 2215 3555 servabat.
2238 3501 2512 3555 Terrebat
2529 3501 2729 3555 hostes
2750 3515 2803 3569 ιιι
2820 3498 3287 3569 mdicationibus,
3304 3498 3447 3555 vitia
3468 3513 3564 3556 oc-

1924 3588 2080 3643 culta
2112 3587 2446 3657 proferebat
2470 3586 2753 3656 inlucem,
2779 3591 2837 3642 et
2874 3586 2988 3642 tela
3021 3587 3321 3643 mortifera
3346 3586 3561 3644 inimici

1926 3677 2207 3749 doctrinae
2232 3676 2488 3746 potentis
2502 3675 2764 3731 acumine
2779 3675 3197 3746 perfringebat,
3217 3688 3563 3747 semperque

1924 3779 1983 3820 se
2005 3765 2132 3834 ipso
2155 3764 2454 3819 robustior
2477 3777 2580 3833 per
2599 3766 2793 3818 Jesum
2817 3767 2875 3817 et
2900 3762 3264 3818 sacerdotem
3291 3776 3559 3832 magnum

1927 3852 2180 3922 undique
2202 3851 2618 3921 triumphabat.
2646 3849 2924 3905 Nimirum
2945 3849 3236 3904 vitabatet
3258 3848 3564 3919 perhorre-

1925 3941 2021 3996 bat
2050 3940 2419 4010 aliquatenus
2450 3936 2837 4005 committere,
2876 3934 3029 3991 unde
3061 3934 3397 3991 testimonio
3429 3951 3564 3993 con-

1924 4028 2186 4085 scientiae
2209 4029 2517 4082 accusatus
2541 4025 2651 4081 sub
2675 4024 2875 4080 umbra
2895 4022 3137 4099 etfoliig
3146 4027 3458 4092 cogeretur
3483 4022 3567 4079 ef-

1928 4118 2149 4187 fugere.
2184 4115 2421 4185 Semper
2445 4112 2705 4185 pavidus,
2733 4125 2961 4183 semper
2982 4109 3275 4167 sollicitus
3297 4110 3431 4167 dum
3464 4124 3563 4168 cu-

1924 4219 2043 4261 ram
2095 4202 2350 4258 debitam
2404 4199 2698 4272 susceptis
2737 4198 2946 4256 ovibus
2978 4197 3370 4270 impendebat,
3402 4198 3562 4256 victo

1926 4293 2114 4359 hoste,
2131 4294 2189 4347 et
2204 4289 2353 4346 liber
2367 4288 2527 4344 vitiis
2540 4286 3038 4357 servitiojustitiai
3050 4300 3112 4343 se
3128 4285 3395 4343 hilariter
3409 4300 3564 4343 man-

1924 4380 2178 4450 cipabat.
2205 4378 2574 4448 Loquebatur
2597 4375 2793 4447 sepius
2815 4380 2870 4432 et
2894 4374 3110 4432 litteris
3132 4378 3190 4430 et
3213 4373 3411 4433 verbis
3431 4389 3563 4432 cum

160 4459 376 4528 gratim
408 4461 780 4531 perrorantis
811 4462 1171 4520 sublimitate
1203 4465 1491 4521 vincebat.
1527 4466 1813 4523 Transivit
1842 4453 1897 4517 D
1930 4481 2194 4540 praecone
2210 4480 2317 4522 suo
2332 4464 2538 4534 angelo
2561 4467 2786 4531 sancto,
2812 4462 3377 4535 consilioqueipsius
3397 4467 3561 4533 gesta

159 4546 218 4603 in
252 4548 459 4605 eadem
514 4550 659 4607 urbe
702 4549 1153 4607 Virdunensium
1187 4551 1496 4622 proficiens
1526 4554 1597 4609 ad
1629 4555 1815 4625 perfe-

157 4638 313 4692 ctam
329 4651 522 4707 usque
538 4637 1034 4694 incrementorum
1049 4643 1295 4708 aetatem,
1316 4639 1591 4697 virtutem
1608 4641 1811 4697 virtuti

160 4732 468 4803 adjiciens,
491 4739 553 4791 et
576 4734 855 4804 stigmata
890 4734 1182 4805 passionis
1200 4736 1335 4792 Jesu
1358 4735 1413 4791 in
1437 4751 1682 4808 corpore
1706 4752 1813 4793 suo

163 4836 420 4901 portans,
457 4832 742 4890 currebat
788 4845 887 4901 per
935 4832 1083 4888 viam
1116 4831 1518 4889 mandatorum
1550 4834 1651 4889 Dei
1683 4849 1813 4891 cum

159 4929 372 4998 gaudio
387 4926 800 4986 inenarrabili.
815 4929 935 4983 1am
951 4929 1104 4985 enim
1118 4928 1356 4998 triginta
1372 4942 1554 4984 annos
1569 4930 1809 4999 habens,

165 5024 218 5081 in
241 5026 364 5098 ipsa
388 5026 641 5084 civitate
674 5023 1027 5081 Virdunensi
1060 5024 1273 5082 ductus
1293 5028 1383 5081 est
1410 5023 1479 5080 ad
1503 5024 1811 5081 ecclesiam

165 5124 348 5182 sancti
367 5122 534 5181 Petri
553 5126 617 5179 et
639 5125 811 5177 tonso
826 5121 1018 5192 capite
1038 5120 1270 5177 Christo
1283 5120 1532 5190 dicatus,
1553 5120 1817 5177 florebat-

157 5236 261 5293 que
291 5224 347 5279 in
380 5221 560 5279 atriis
596 5220 811 5275 domus
841 5219 1062 5275 Domini
1098 5222 1159 5275 ut
1193 5218 1405 5290 palma,
1428 5222 1486 5275 et
1514 5222 1574 5273 ut
1598 5218 1814 5276 cedrus

154 5320 203 5379 in
225 5322 436 5380 Libano
464 5321 663 5376 totam
682 5312 911 5372 domum
928 5315 1097 5373 bonis
1111 5314 1391 5374 odoribus
1404 5317 1809 5386 respergebat.

146 5418 504 5478 Provexerat
541 5425 689 5471 eum
721 5424 940 5469 morum
972 5411 1339 5484 speciositas,
1366 5416 1426 5469 et
1451 5411 1504 5467 in
1526 5411 1713 5482 gradu
1736 5411 1814 5468 le-

141 5518 311 5577 vitieo
343 5510 778 5587 famulabatur
806 5509 1077 5579 antistiti,
1104 5523 1231 5566 cum
1249 5523 1388 5567 ecce
1411 5506 1610 5564 clerus
1632 5513 1691 5564 et
1715 5525 1814 5581 po-

134 5615 304 5691 Ρῑιλυε
325 5614 404 5675 ad
429 5611 747 5671 honorem
778 5605 1089 5667 sacerdotii
1121 5619 1466 5677 promovere
1489 5619 1619 5663 eum
1642 5618 1815 5679 expe-

1930 4555 2194 4628 preciosa
2231 4553 2472 4609 Domino
2500 4551 2690 4608 ﬁdelis
2720 4550 2978 4607 athletha
3013 4550 3304 4619 mittebat,
3340 4548 3560 4606 talenta

1927 4644 2039 4699 sibi
2061 4642 2195 4699 data
2219 4640 2436 4712 saepius
2457 4640 2822 4709 numerabat,
2848 4653 2918 4695 ne
2943 4639 3093 4695 forte
3117 4637 3249 4709 plus
3270 4637 3564 4707 accipiens

1926 4732 2113 4787 minus
2144 4730 2199 4784 in
2232 4729 2394 4785 lucro
2428 4727 2696 4784 redderet
2734 4731 2794 4782 et
2817 4740 2948 4781 sero
2976 4725 3241 4795 penitens
3271 4722 3560 4779 obnoxius

1927 4817 2204 4886 tenebris,
2230 4830 2452 4887 pauper
2472 4821 2531 4871 et
2556 4814 2725 4872 nudis
2746 4812 2993 4869 vinculis
3015 4809 3371 4867 traderetur.
3402 4810 3562 4866 Fecit

1924 4907 2097 4961 etiam
2127 4905 2289 4975 signa
2324 4918 2451 4973 quae
2474 4917 2603 4959 cum
2637 4900 2861 4972 possint
2894 4913 3025 4954 cum
3056 4897 3325 4969 reprobis
3355 4898 3560 4954 haberi

1923 4992 2268 5061 communia,
2304 4990 2401 5047 ille
2431 4987 2809 5061 probabiliter
2840 4985 3087 5057 simplici
3138 4984 3332 5053 oculo,
3367 4984 3566 5041 lucido

1924 5094 2175 5151 corpore
2200 5080 2358 5147 fecit,
2379 5078 2570 5135 ovium
2595 5089 2826 5133 suarum
2850 5076 2910 5130 et
2928 5072 3114 5129 totius
3147 5072 3343 5129 mundi
3367 5087 3567 5130 neces-

1926 5168 2102 5223 sitate
2133 5165 2490 5236 compulsus.
2524 5166 2693 5221 Justo
2725 5162 2875 5219 enim
2896 5166 2955 5217 et
2980 5163 3185 5216 sancto
3209 5161 3323 5216 Deo
3352 5158 3568 5232 populo

1922 5254 2293 5326 exasperanti
2328 5253 2500 5319 irato,
2526 5250 2831 5308 elementis
2856 5263 2960 5321 pro
2982 5263 3053 5304 eo
3076 5252 3281 5305 contra
3306 5248 3567 5306 insensa-

1924 5347 2018 5399 tos
2049 5340 2442 5413 pugnantibus
2471 5344 2843 5397 recesserunt
2873 5338 3080 5407 nubes,
3114 5350 3214 5393 aer
3238 5334 3563 5405 incanduit,

1925 5434 2084 5487 terra
2115 5426 2363 5498 exaruit,
2398 5427 2556 5482 viror
2587 5424 2897 5481 herbarum
2931 5423 3237 5493 emarcuit,
3262 5436 3412 5494 aqua
3442 5421 3567 5477 fon-

1927 5518 2067 5574 tium
2100 5528 2277 5572 venas
2305 5512 2640 5584 dereliquit.
2677 5511 2967 5584 (Fol.tt’.)
3002 5512 3209 5583 Sicque
3239 5507 3568 5568 secedenti-

1925 5606 2035 5664 bus
2049 5601 2355 5662 elementis
2376 5600 2626 5661 mundus
2647 5598 2945 5661 desolatus
2966 5598 3245 5669 elanguit.
3261 5595 3568 5654 Vitiositas
