3898 6342
333 281 446 344 119

1301 271 1668 336 HUGONIS
1709 270 2061 334 ABBATIS
2110 272 2780 338 FLAVINIACENSIS

3617 274 3753 338 120

333 413 484 472 enim
515 426 620 470 usu
655 409 897 479 nutrita,
941 407 1053 466 nisi
1096 406 1242 466 duro
1271 407 1570 464 molliatur
1598 405 1866 475 verbere,
1901 403 1970 461 ad
2001 403 2058 466 Α
2089 419 2321 478 cperam
2355 406 2542 476 daret,
2571 407 2886 478 piissimam
2915 407 3328 479 benignitatem
3361 422 3532 480 quam
3563 421 3749 480 gere—

335 501 603 559 notitiam
635 499 725 556 sui
757 497 950 556 redire
1003 495 1282 553 durescit.
1318 495 1478 551 Unde
1527 495 1740 551 factum
1771 499 1858 548 est
1890 499 1970 562 ut,

336 589 528 648 tribus
551 587 716 644 annis
741 587 1045 642 subtracta
1073 583 1474 640 benedictione
1505 583 1850 654 pluviarum,
1885 595 1976 636 ce-

337 676 456 734 lum
481 689 660 747 super
679 687 782 730 eos
804 672 1223 729 extenderetur
1253 675 1310 728 ut
1341 673 1574 726 ferrum.
1603 669 1978 726 l’ertulerunt

340 765 583 836 primum
600 776 808 819 annum
825 763 1223 832 expectantes,
1241 759 1558 816 secundum
1575 758 1976 826 desperantes,

341 852 394 908 in
429 852 604 908 tertio
635 850 996 906 defecerunt.
1035 849 1289 918 Cumque
1315 848 1466 902 inter
1489 861 1550 902 se
1574 845 1792 902 nullum
1828 844 1980 899 inve-

340 941 568 997 nissent
589 937 915 1006 consilium,
939 937 1186 992 tamdem
1213 935 1694 1008 praevaricatores
1709 933 1776 989 ad
1801 932 1977 987 corda

341 1028 764 1099 quodammodo
779 1027 960 1082 oblita
979 1025 1312 1095 redeuntes,
1331 1022 1776 1081 concurruntad
1797 1020 1980 1092 ponti-

343 1115 531 1185 ficem,
583 1120 878 1186 pastorem
929 1114 1264 1181 inclamant,
1310 1117 1370 1169 ut
1407 1112 1751 1184 propitiaret
1801 1111 1978 1165 Dum

342 1205 604 1275 peccatis
634 1203 868 1273 iratum,
904 1207 1232 1258 removeret
1269 1200 1604 1270 vindictam,
1639 1199 1981 1269 impetraret

344 1291 587 1361 veniam,
623 1297 683 1348 et
715 1296 1054 1348 arescentes
1098 1295 1289 1346 terras
1339 1287 1562 1345 colonis
1595 1286 1981 1342 morientibus

345 1381 708 1437 rcl‘ormaret.
745 1380 928 1436 Flexit
951 1383 1212 1435 sanctum
1235 1375 1528 1447 generalis
1551 1375 1891 1443 necessitas,
1922 1377 1982 1427 et

343 1483 646 1526 commune
677 1467 999 1540 periculum
1027 1467 1313 1524 communi
1339 1466 1602 1522 oratione
1624 1463 1750 1518 tolli
1779 1477 1982 1518 consu-

345 1557 472 1613 luit.
495 1559 692 1628 Itaque
709 1555 1334 1626 triduanumjejunium
1357 1553 1584 1621 indixit,
1608 1551 1855 1607 letanias
1883 1565 1982 1621 per

346 1644 632 1702 ecclesias
649 1647 744 1702 Dei
763 1645 908 1715 ﬁeri,
925 1659 1136 1701 cruces
1154 1643 1222 1698 ad
1250 1639 1857 1698 misericordissimam
1883 1638 1980 1694 Dei

2089 495 2187 550 bat
2210 495 2264 550 in
2290 501 2500 566 mente,
2527 495 2786 552 ostendit
2819 497 3083 554 miraculi
3117 496 3534 568 magnitudine.
3559 498 3624 552 In
3652 497 3745 570 ip-

2089 598 2150 639 so
2191 583 2342 639 enim
2383 583 2650 654 ingressu
2709 584 3132 655 mulierculam,
3173 583 3583 641 Theresindem
3629 599 3744 642 no-

2090 671 2260 742 mine,
2312 672 2540 728 obviam
2592 673 2814 741 habuit,
2849 687 2976 744 qum
3025 671 3232 730 baculo
3281 676 3522 742 regente
3565 687 3742 730 caeco

2088 763 2238 816 viam
2273 761 2606 831 queritabat
2640 774 2858 828 errore,
2892 764 2952 817 et
2984 759 3188 816 ducem
3223 761 3586 830 sequebatur
3609 760 3743 817 ani-

2091 863 2240 904 mum
2291 849 2596 904 oculorum
2645 847 3030 906 desolatione.
3083 847 3188 914 Qui
3241 849 3441 905 statim
3475 848 3740 921 simplici

2091 941 2308 993 sanctze
2335 937 2528 993 crucis
2561 936 2935 992 medicamine
2964 937 3238 992 tenebras
3266 935 3596 1008 quindecim
3634 950 3746 993 au-

2091 1039 2294 1080 norum
2331 1025 2625 1094 eﬂ'ugavit,
2657 1030 2714 1080 et
2748 1024 2930 1082 lucem
2971 1025 3068 1080 diu
3101 1025 3402 1080 absentem
3431 1024 3563 1082 luce
3593 1023 3742 1080 fidei

2092 1112 2472 1183 resplendens
2494 1113 2764 1184 protinus
2786 1113 3098 1184 reparavit.
3126 1111 3394 1168 Radiavit
3410 1112 3600 1168 virtus
3624 1125 3741 1184 per

2091 1215 2344 1269 crucem,
2370 1201 2622 1258 radiavit
2643 1205 2698 1256 et
2727 1216 2828 1272 per
2859 1201 3211 1272 pontificem.
3248 1202 3306 1256 In
3339 1201 3619 1272 pontifice
3646 1213 3746 1256 re-

2091 1291 2305 1358 gnabat
2339 1290 2543 1360 pietas,
2580 1290 2633 1344 in
2664 1303 2837 1346 cruce
2885 1293 3160 1360 potestas.
3196 1290 3314 1344 Nec
3342 1287 3532 1360 pietas
3565 1287 3750 1360 quid-

2094 1392 2262 1446 quam
2297 1378 2666 1450 profecisset,
2699 1377 2810 1434 nisi
2844 1377 2898 1432 in
2931 1376 3041 1431 ﬁde
3071 1376 3266 1434 crucis
3301 1377 3735 1448 praevaluisset.

2093 1468 2366 1524 Potestas
2395 1468 2544 1523 enim
2572 1471 2728 1522 tanta
2767 1465 2874 1522 fuit
2903 1465 2956 1520 in
2992 1479 3189 1533 cruce,
3217 1469 3410 1522 utnon
3441 1464 3630 1522 solum
3659 1465 3752 1520 fe-

2094 1556 2260 1612 minae
2292 1556 2514 1612 vu‘tum
2538 1555 2866 1610 illustraret
2899 1553 3166 1609 orbatum
3221 1553 3323 1610 sed
3355 1551 3544 1609 lucem
3574 1553 3748 1612 inde-

2097 1645 2386 1702 ﬁcientem
2415 1658 2514 1715 per
2535 1649 2722 1700 totum
2747 1641 3072 1698 effunderet
3098 1641 3390 1697 mundum.
3419 1643 3744 1713 Postquam

347 1734 682 1790 memoriam
709 1734 865 1798 ΓοιὙίν
895 1738 955 1788 ιιι
978 1733 1073 1802 (illi
1103 1746 1310 1802 Passus
1330 1734 1415 1785 05"
1446 1744 1549 1800 PFO
1575 1727 1984 1799 PeccalOI‘ibUS
2014 1755 2068 1814 Β
2097 1733 2246 1790 enim
2281 1732 2379 1789 lux
2407 1731 2602 1788 mundi
2647 1731 2920 1803 pependit
2951 1730 3004 1785 in
3037 1744 3236 1798 cruce,
3270 1729 3464 1786 mundi
3496 1729 3742 1787 climata

350 1821 615 1879 Christus
639 1823 1064 1894 prepiciaretur
1085 1821 1170 1876 eis
1187 1823 1520 1875 sanctorum
1549 1815 1986 1873 intercessioni-

348 1909 476 1967 bus.
509 1911 718 1967 lndixit
754 1911 861 1966 hoc
893 1914 953 1966 et
976 1909 1174 1977 jussit,
1211 1914 1269 1963 et
1296 1907 1516 1979 primus
1547 1905 1698 1976 quod
1727 1909 1987 1974 iusserat

350 1999 504 2054 fecit.
532 1999 922 2067 Egrediuntur
945 1998 1346 2054 indifferenter
1362 1994 1696 2059 excalciati,
1716 1993 1912 2049 cinere
1927 1996 1986 2048 et

345 2086 538 2144 cilicio
552 2087 963 2154 obvolvuntur,
983 2085 1297 2141 inclamant
1315 2082 1742 2139 miserationem
1760 2087 1989 2137 sancto-

349 2189 494 2241 rum,
517 2175 998 2246 propiciationem
1027 2173 1144 2242 Dei,
1167 2171 1420 2228 tundunt
1442 2175 1698 2240 pectora,
1718 2167 1988 2224 lacrimas

351 2261 618 2322 fundunt.
655 2277 724 2316 ne
754 2263 905 2318 Deus
949 2261 1168 2330 judicia
1221 2259 1436 2314 faciens
1470 2257 1522 2312 in
1558 2256 1835 2327 operibus
1877 2271 1990 2312 ma-

351 2364 524 2404 nuum
558 2363 794 2404 suarum
842 2345 1367 2418 comprehenderet
1410 2349 1775 2415 peccatores.
1811 2344 1990 2413 igitur

353 2437 537 2508 prima
572 2436 916 2492 letaniarum
951 2434 1045 2490 die
1080 2439 1276 2506 pastor
1310 2435 1433 2504 ipse
1471 2447 1599 2488 cum
1629 2432 1834 2488 ovibus
1863 2446 1991 2501 gra-

355 2525 540 2586 diens,
559 2525 616 2579 in
646 2524 954 2596 praesentia
979 2523 1450 2580 concurrentirm
1475 2520 1678 2578 oculos
1699 2520 1992 2576 convertit

353 2613 424 2668 ad
456 2612 684 2681 cretum,
717 2613 772 2668 in
805 2611 978 2668 corde
1009 2627 1112 2668 suo
1145 2610 1542 2682 quiescentem
1573 2609 1886 2666 commovit
1918 2609 1990 2665 ad

352 2701 814 2757 misericordiam
833 2704 1097 2771 Deum,et
1111 2699 1306 2756 subito
1323 2699 1575 2755 nubibus
1589 2698 1786 2755 densis
1799 2699 1911 2754 obu
1923 2712 1993 2752 m-

355 2789 521 2845 brato
542 2803 676 2845 aere
699 2790 1185 2858 ﬂuxeruntaquae.
1206 2789 1416 2858 Sicque
1443 2802 1542 2858 per
1563 2785 1819 2842 triduum
1847 2785 1992 2842 illud

355 2877 749 2935 deﬂuentibus
769 2878 983 2950 pluviis
1008 2881 1166 2934 terra
1185 2879 1461 2947 vigorem,
1489 2876 1684 2932 herba
1717 2874 1990 2944 virorem,

355 2965 543 3022 fontes
569 2966 830 3037 ﬂuorem,
882 2967 1124 3022 arbores
1163 2966 1340 3021 vitam
1373 2969 1433 3020 ct
1465 2964 1714 3020 mundus
1765 2961 1990 3032 plenam

355 3054 580 3126 recepit
609 3055 1042 3112 abundantiam.
1074 3056 1187 3112 Nec
1212 3053 1384 3108 latuit
1409 3050 1692 3120 homines,
1723 3050 1992 3106 viderunt

353 3146 412 3196 et
442 3101 728 3198 ammirati
781 3147 938 3211 sunt,
975 3146 1189 3210 quanta
1222 3141 1293 3195 de
1327 3145 1561 3211 pastore
1603 3143 1806 3194 sancto
1838 3136 1989 3209 apud
2022 3101 2072 3166 Ο

357 3231 528 3287 Deum
563 3245 701 3287 cura
735 3229 954 3286 extitit.
988 3231 1125 3284 Nam
1152 3243 1281 3286 cum
1309 3229 1418 3284 sub
1443 3227 1595 3283 nudo
1627 3241 1761 3284 aere
1791 3225 1994 3297 grade-

356 3322 540 3385 retur,
557 3331 876 3388 omnesque
889 3317 1057 3386 aquis
1072 3316 1564 3373 descendentibus
1584 3315 1996 3386 perfunderen-

325 3411 476 3491 .tur,
511 3407 617 3478 ipsi
651 3408 803 3462 Deus
833 3405 885 3460 in
920 3405 1114 3477 pluvia
1165 3403 1561 3460 umbraculum
1600 3404 1755 3460 fecit.
1794 3404 1908 3458 [lac
1935 3407 1994 3458 et

359 3494 514 3560 illac,
552 3495 646 3550 ubi
697 3499 810 3562 est,
863 3495 1024 3564 jussa
1058 3507 1202 3564 aqua
1237 3492 1472 3560 cecidit,
1525 3492 1710 3562 ipsum
1743 3493 1814 3547 ab
1846 3506 1992 3561 aqua

358 3585 518 3654 tangi
541 3583 863 3655 prohibuit,
890 3583 986 3653 qui
1011 3581 1197 3638 omnia
1233 3595 1595 3652 quascunque
1625 3579 1810 3636 voluit
1837 3581 1989 3636 fecit.

431 3673 567 3728 Cum
600 3686 740 3740 ergo
761 3671 927 3740 juxta
957 3670 1436 3727 consuetudinem
1473 3667 1824 3740 pastoralem
1850 3669 1995 3724 limi-

360 3773 427 3815 na
454 3759 720 3816 ecclesia:
755 3759 1092 3831 principalis
1125 3764 1342 3816 sanctae
1372 3757 1560 3813 Mariae
1589 3761 1836 3822 tereret,
1873 3757 1996 3827 qui-

359 3847 485 3904 dam
507 3848 798 3904 Iohannes
821 3847 1050 3904 nomine
1081 3846 1352 3903 membris
1383 3846 1636 3912 solutus,
1667 3845 1862 3902 nervis
1884 3845 1996 3901 ari-

357 3935 488 4006 dus,
522 3941 786 3992 mortuus
815 3937 1058 4005 viribus,
1113 3935 1302 3991 anima
1351 3934 1734 4002 subsistente,
1785 3933 1994 4003 linguae

358 4029 580 4082 tantum
612 4025 796 4081 ofllcio
821 4023 1166 4096 praevalens,
1190 4022 1450 4092 vocibus,
1474 4037 1616 4092 quas
1646 4023 1878 4078 enervis
1900 4023 1997 4080 ha-

358 4113 552 4176 bebat,
573 4113 908 4184 episcOpum
930 4111 1216 4177 exoravit,
1243 4111 1444 4166 dicens
1469 4129 1482 4166 :
1510 4110 1772 4179 Obsecro,
1795 4113 1998 4169 sancte

357 4203 490 4270 Dei,
518 4201 593 4256 ut
618 4199 840 4256 [labeas
870 4201 937 4256 in
951 4212 1043 4254 me
1068 4197 1564 4254 misericardiam.
1592 4198 1693 4254 Cui
1718 4199 1994 4256 sacerdos

358 4287 545 4344 ﬂexus
583 4285 1005 4357 quodammodo
1033 4290 1251 4342 etcum
1287 4284 1512 4341 inﬁrmo
1554 4285 1880 4343 inﬁrmatus
1911 4303 1997 4345 re-

357 4374 636 4447 spondit:
665 4373 823 4440 Quit
850 4372 960 4430 tibi
987 4373 1371 4444 sis/eciam?
1395 4371 1474 4428 ad
1508 4373 1613 4430 hec
1645 4373 1988 4445 languidus:

2101 1821 2586 1892 resplenduerunt
2627 1835 2738 1875 non
2787 1821 3069 1889 sequente
3119 1821 3310 1872 nocte.
3359 1819 3480 1872 Nox
3513 1817 3742 1874 diaboli

2099 1924 2338 1980 regnum
2373 1909 2648 1981 perdidit,
2673 1908 2797 1965 dies
2817 1906 3010 1964 crucis
3032 1905 3288 1978 optinuit
3319 1905 3738 1978 principatum.

2099 1999 2240 2055 Hinc
2261 2003 2352 2054 est
2375 1999 2528 2068 quod
2555 2003 2791 2054 sanctus
2809 1996 3119 2068 episcopus
3137 1997 3364 2050 tantum
3405 1993 3740 2066 przevaluit,

2099 2088 2230 2158 quia
2256 2087 2442 2142 lucem
2463 2100 2566 2158 per
2592 2085 2760 2142 (idem
2783 2083 2976 2142 crucis
2997 2087 3058 2139 et
3079 2081 3449 2139 dilectionem
3473 2081 3527 2137 in
3555 2082 3744 2140 corde

2100 2175 2366 2231 nutrivit.
2404 2174 2637 2245 Signum
2669 2172 2864 2230 crucis
2891 2185 3067 2242 super
3089 2169 3292 2227 oculos
3320 2170 3544 2227 orbatae
3577 2169 3745 2228 femi-

2100 2279 2186 2320 nae
2219 2263 2437 2335 posuit,
2472 2261 2604 2332 quia
2637 2261 2890 2334 Spiritus
2919 2263 3159 2316 sanctus
3183 2259 3238 2315 in
3270 2258 3456 2329 digito
3489 2273 3594 2329 per
3624 2259 3748 2316 vir-

2101 2356 2286 2408 tutem
2319 2350 2512 2408 erucis
2545 2350 2669 2407 l‘uit.
2705 2349 2853 2415 Quid
2886 2347 3096 2420 plura?
3123 2347 3344 2404 Gaudet
3374 2346 3601 2417 mulier,
3638 2347 3750 2403 mi-

2102 2443 2272 2496 ratur
2302 2437 2504 2508 solem,
2539 2439 2815 2495 tenebras
2846 2439 3176 2504 execratur,
3212 2438 3528 2491 veneratur
3562 2434 3747 2492 medi-

2101 2542 2252 2597 cum,
2280 2527 2482 2584 adorat
2516 2529 2594 2583 De
2638 2541 2690 2582 m
2712 2526 2767 2581 iu
2791 2540 2984 2582 rerum
3015 2523 3360 2582 diversitate
3389 2521 3744 2593 mirabilem,

2103 2631 2230 2686 quae
2251 2617 2646 2672 confusionem
2676 2615 2838 2686 prius
2861 2612 3262 2670 tantummodo
3291 2615 3538 2667 noverat
3559 2616 3620 2666 et
3645 2627 3754 2670 no-

2101 2708 2270 2760 ctem.
2307 2705 2388 2761 Ita
2423 2705 2575 2760 Deus
2624 2717 2726 2774 per
2769 2716 2968 2758 verum
3013 2700 3338 2757 lsraelitam
3390 2698 3749 2756 illuminavit

2101 2792 2250 2849 hanc
2281 2792 2567 2862 feminam,
2602 2789 2994 2863 populumque
3040 2788 3424 2845 admirantem
3455 2787 3750 2847 excitavit

2102 2880 2172 2936 ad
2202 2880 2430 2938 laudem
2463 2885 2519 2936 et
2551 2879 2794 2950 glcriam
2841 2893 3023 2936 suam.

2172 2969 2300 3026 Alio
2329 2975 2590 3040 tempore
2620 2983 2748 3023 cum
2781 2966 3025 3022 vidisset
3047 2963 3467 3022 misericordiae
3489 2969 3742 3036 amator,

2104 3058 2341 3128 pietatis
2386 3056 2599 3125 cultor,
2651 3054 2939 3112 sollicitus
2983 3053 3175 3110 ovium
3215 3057 3418 3124 pastor
3451 3052 3742 3122 quandam

2102 3145 2374 3218 puellam,
2406 3143 2764 3200 Childuidem
2795 3141 3043 3210 nomine,
3071 3156 3098 3197 a
3124 3141 3336 3212 Spiritu
3371 3141 3623 3212 maligno
3653 3157 3745 3198 ra-

2102 3239 2259 3305 ptam
2282 3238 2457 3302 atque
2487 3245 2812 3303 pervasam,
2843 3229 3160 3287 condolens
3192 3229 3464 3298 miseriae,
3497 3243 3746 3288 memor-

2103 3337 2214 3394 que
2236 3321 2426 3391 oﬁlcii,
2463 3319 2725 3376 ascendit
2755 3318 3028 3390 protinus
3059 3331 3127 3374 ex
3158 3316 3427 3386 adverso,
3462 3319 3741 3388 opposuit

2105 3425 2168 3467 se
2201 3423 2424 3466 murum
2477 3407 2689 3465 furenti
2740 3406 2994 3474 inimico,
3028 3410 3088 3461 et
3119 3405 3439 3462 ostendens
3471 3419 3534 3462 se
3569 3421 3744 3463 unum

2104 3499 2175 3555 de
2207 3498 2324 3552 illis
2355 3495 2616 3558 canibus,
2652 3495 2722 3551 de
2746 3495 2959 3565 quibus
2990 3493 3206 3549 dicitur
3230 3511 3242 3546 :
3267 3493 3506 3564 Lingua
3531 3507 3748 3552 canum

2106 3589 2341 3644 tuorum
2362 3599 2436 3641 ea:
2456 3585 2722 3641 inimicis
2749 3582 2822 3640 ab
2851 3583 2980 3654 ipso
3009 3580 3200 3649 (Psal.
3230 3596 3395 3649 van,
3422 3583 3535 3654 24),
3573 3583 3748 3640 mise-

2107 3689 2184 3730 rae
2218 3672 2553 3730 medicalem
2606 3671 2858 3740 linguam
2907 3668 3128 3735 auxilii,
3163 3668 3314 3724 hosti
3347 3672 3404 3725 et
3437 3671 3743 3740 pervasori

2107 3763 2314 3818 dentes
2345 3759 2576 3818 exeruit
2607 3757 2950 3829 imperantis
2977 3755 3107 3827 zeli,
3132 3760 3189 3813 et
3217 3757 3442 3813 latrans
3471 3772 3617 3815 voce
3646 3757 3748 3815 do-

2106 3850 2336 3917 minica,
2371 3863 2498 3918 qum
2533 3847 2688 3904 mitis
2719 3851 2778 3903 et
2808 3845 3044 3918 paciens
3082 3860 3190 3901 non
3223 3845 3518 3914 clamavit,
3554 3859 3745 3918 neque

2105 3937 2307 3996 audita
2323 3941 2418 3993 est
2438 3935 2491 3992 in
2519 3935 2729 4007 platea,
2759 3933 3078 4006 perterruit
3099 3947 3217 3990 sem
3229 3948 3329 4003 per
3348 3933 3630 3990 tumidam
3649 3949 3747 3992 ne-

2107 4025 2369 4097 quitiam,
2395 4029 2452 4082 et
2477 4023 2778 4094 imaginem
2806 4023 2927 4092 Dei,
2956 4037 3083 4089 quae
3105 4021 3498 4078 ancillabatur
3529 4022 3748 4080 violen-

2107 4120 2198 4170 ter
2220 4128 2328 4169 non
2364 4113 2618 4182 Domino,
2654 4110 2905 4168 reddidit
2930 4109 3204 4167 liberam.
3243 4111 3559 4180 Postquam
3591 4111 3745 4168 enim

2107 4202 2252 4260 dixit
2273 4203 2598 4273 :Pmcipio
2623 4199 2750 4269 tibi,
2773 4199 3026 4271 spiritus
3047 4197 3364 4265 immunda,
3391 4199 3652 4258 utczeas
3671 4198 3747 4257 ab

2106 4305 2194 4353 ea.
2217 4290 2552 4362 etamplius
2577 4303 2696 4347 non
2720 4287 2986 4346 introeas
3013 4289 3080 4346 in
3111 4301 3260 4353 eam,
3297 4286 3392 4343 ille
3425 4301 3748 4358 perc-assus

2109 4378 2325 4435 virtute
2346 4377 2802 4448 omnipotentiae,
2828 4375 3129 4448 projectus
3149 4381 3240 4432 est
3263 4375 3319 4430 in
3343 4378 3556 4431 tetram
3582 4377 3750 4448 abys-

358 4463 440 4520 Ut
460 4463 808 4520 miserearis
835 4462 968 4531 mei,
993 4461 1093 4518 a't.
1118 4461 1273 4516 Tunc
1303 4463 1582 4518 sacerJos
1608 4463 1662 4518 in
1687 4464 1803 4519 De)
1827 4463 1994 4521 ditis—
2021 4452 2076 4515 D
2107 4481 2230 4523 sum
2283 4465 2441 4522 sedis
2486 4480 2627 4533 sum,
2663 4465 2716 4520 in
2751 4463 2914 4535 ignea
2949 4477 3151 4534 spuma
3185 4476 3354 4534 quam
3390 4461 3582 4534 puella
3615 4478 3752 4522 evo-

355 4550 538 4608 simus
571 4566 603 4622 p
626 4563 750 4606 ;uca
781 4549 852 4606 de
883 4548 1094 4626 loculis
1133 4548 1394 4620 protulit,
1428 4554 1486 4605 et
1519 4549 1747 4607 infirmo
1780 4550 1850 4606 de
1877 4551 1994 4622 ple-

354 4637 621 4696 nitudine
654 4637 785 4694 boni
813 4637 1008 4694 cordis
1038 4636 1282 4693 exibuit.
1309 4638 1444 4693 Nam
1475 4637 1671 4694 carnis
1701 4644 1994 4696 sustenta-

355 4725 549 4784 culum
571 4727 854 4796 tribuens,
873 4724 1218 4782 deditsimul
1241 4725 1508 4796 corporis
1522 4725 1988 4782 solidamentum.

357 4814 572 4872 Aridus
605 4827 834 4886 quoque
859 4828 990 4870 cum
1037 4813 1150 4869 fide
1195 4812 1406 4869 Christi
1438 4813 1698 4884 suscepit
1727 4813 1877 4870 dona
1907 4827 1996 4870 sa-

356 4901 634 4960 cerdotis.
675 4906 732 4958 et
765 4916 894 4958 cum
934 4900 1138 4958 eodem
1172 4913 1410 4957 munere
1439 4900 1650 4957 meruit
1681 4900 1991 4957 sanitatem

358 4989 640 5061 recipere.
664 4988 766 5046 llis
784 4993 845 5045 et
867 4988 1195 5060 bujusmodi
1226 4987 1456 5044 indiciis
1487 4987 1846 5044 clariﬁcante
1879 4989 1992 5046 Deo

359 5089 591 5132 servum
611 5090 798 5144 suum,
815 5075 971 5146 cepit
987 5075 1349 5132 manifestum
1364 5089 1498 5131 esse
1523 5075 1814 5145 omnibus,
1841 5077 1992 5146 quod

358 5168 597 5220 sanctus
621 5161 904 5230 Agericus
923 5161 1138 5218 Christi
1162 5167 1314 5219 esset
1330 5160 1618 5218 alumnus.
1637 5163 1814 5218 Tanta
1829 5163 1926 5234 qui
1934 5179 1992 5235 p-

358 5263 430 5322 pe
475 5249 758 5305 virtutum
807 5249 974 5320 copia
1014 5249 1086 5305 de
1119 5249 1220 5306 illo
1247 5249 1466 5319 exibat,
1501 5253 1564 5305 ut
1599 5249 1646 5306 si
1677 5249 1809 5322 quis
1839 5249 1995 5308 intir-

359 5350 489 5393 mus
511 5334 774 5406 eulogias
797 5335 868 5392 de
889 5350 1056 5394 manu
1085 5337 1211 5407 ejus
1241 5336 1590 5409 susciperet,
1619 5337 1886 5409 protinus
1906 5353 1995 5396 sa-

358 5423 600 5481 nitatem
625 5423 936 5496 reciperet.
963 5423 1104 5494 (Fol.
1125 5427 1238 5498 se.)
1259 5425 1399 5482 Cum
1415 5438 1556 5495 ergo
1571 5427 1828 5498 praefatae
1848 5426 1996 5482 basi-

360 5510 491 5568 licas
511 5509 770 5567 calcaret
792 5509 1008 5583 limina,
1033 5515 1092 5568 et
1115 5526 1188 5568 ex
1209 5526 1367 5570 more
1389 5511 1605 5570 studiis
1625 5512 1996 5586 spiritalibus

2106 4553 2300 4610 mebat
2327 4551 2664 4622 ostendens,
2689 4567 2804 4623 quo
2835 4552 3083 4621 camino,
3110 4565 3223 4622 quo
3251 4550 3484 4608 clibano
3513 4551 3748 4610 clande-

2105 4641 2261 4698 stino
2277 4640 2543 4697 miseram
2568 4640 2911 4712 possidebat
2928 4638 3201 4696 adurens.
3221 4638 3322 4695 [lla
3344 4641 3745 4698 mansuefacta

2105 4743 2286 4800 seque
2320 4728 2502 4800 ipsam
2531 4727 2912 4799 {cognoscens
2962 4726 3310 4784 lassabunda
3359 4727 3652 4800 subsedit,
3685 4733 3744 4786 et

2104 4815 2332 4888 perdita
2365 4815 2690 4872 crassantis
2716 4814 2964 4872 interius
2991 4813 3207 4870 inimici
3233 4820 3529 4872 armatura
3560 4816 3742 4889 mitis,

2103 4908 2162 4960 et
2183 4903 2452 4960 omnibus
2476 4902 2624 4960 facta
2647 4901 2950 4967 miraculo,
2973 4901 3224 4974 amplius
3245 4916 3309 4960 se
3332 4901 3458 4974 ipsa
3481 4904 3748 4975 pavitan-

2104 4991 2178 5048 do
2213 4991 2476 5047 miratur.
2528 4991 2752 5047 Habere
2783 5003 2846 5046 se
2879 4989 3106 5061 incipit,
3139 5004 3269 5060 quas
3301 4989 3653 5062 habebatur,
3685 4997 3748 5050 et

2101 5077 2400 5151 paulisper
2423 5077 2634 5150 spiritu
2659 5081 2902 5148 purgata
2917 5083 3199 5134 extraneo
3221 5077 3494 5149 spiritum
3517 5085 3748 5138 natura

2103 5165 2414 5236 recolligit.
2447 5165 2716 5222 Remittit
2746 5179 2953 5222 servus
2982 5163 3082 5221 Dei
3115 5165 3186 5222 de
3215 5165 3460 5238 servitio
3493 5166 3747 5240 maligno

2101 5253 2441 5320 liberatam;
2469 5257 2530 5308 et
2558 5251 2818 5322 legitimo
2861 5251 3094 5309 domino
3125 5252 3554 5326 univeasorum,
3587 5255 3746 5327 quod

2104 5355 2311 5400 servus
2358 5339 2604 5398 mendax
2634 5344 2691 5397 et
2725 5340 2796 5397 ab
2824 5338 3002 5397 inicio
3052 5339 3343 5397 homicida
3392 5341 3744 5416 abstulerat,

2105 5427 2328 5486 servire
2355 5428 2654 5500 praecepit.
2682 5427 2726 5484 Ο
2746 5429 2898 5484 Deus
2917 5427 3348 5501 potentissime,
3380 5429 3750 5490 victoriosis-

2081 5515 2272 5610 simo,
2339 5513 2912 5586 misericordissima,
2970 5513 3223 5574 reddant
3278 5515 3387 5573 tibi
3442 5519 3604 5578 servi
3665 5519 3749 5580 tui
