3898 6334
113 294 216 358 121

1372 293 1869 358 CHRONICON.
1905 330 1983 341 —
2011 296 2166 359 LIB.
2212 297 2259 360 Ῑ.

3395 299 3509 364 122

110 432 393 499 potentes.
427 427 584 502 quod
615 430 837 487 habent
881 432 988 487 abs
1017 434 1077 485 te
1102 429 1405 486 victoriosi
1435 432 1494 485 et
1527 428 1754 486 miseri-
1782 429 1839 492 Α
1872 428 2040 486 beato
2072 429 2345 487 Sanctino
2372 435 2718 487 consecrata
2752 431 3177 489 honorabiliter
3205 438 3264 489 et
3293 432 3511 492 sancti-

112 518 333 583 cordes,
362 524 542 588 teque
571 524 637 574 et
668 519 863 575 omnia
894 534 1124 590 semper
1154 520 1467 575 habebunt.

177 606 725 677 Hactenussequuti
752 623 955 664 sumus
983 608 1279 663 Dominum
1306 606 1472 677 quasi
1510 620 1611 677 per
1642 610 1757 660 ter-

113 706 228 747 ram
240 694 635 765 gradientem,
652 697 1079 763 describentes,
1099 703 1269 767 prout
1289 694 1487 750 datum
1511 700 1603 749 est
1619 693 1754 763 (44),

113 784 370 836 sanctum
387 797 563 839 suum
581 785 859 841 famulum
878 786 930 840 in
946 782 1758 856 caductiscorporibuspieta-

113 869 184 925 tis
211 874 266 925 et
290 870 721 930 misericordiae
745 888 924 944 opera
949 878 1316 930 exercentem
1342 892 1353 927 :
1376 871 1496 941 (fol.
1516 870 1757 943 4:5’)jam

111 970 254 1012 nunc
277 972 387 1014 nos
411 960 653 1016 elevare
670 962 832 1030 cogit
854 962 1097 1032 spiritus
1122 962 1421 1017 vivilicans
1444 959 1757 1016 volubilem

109 1050 283 1101 rotam
308 1047 633 1118 scripturae
648 1055 705 1106 et
724 1050 1031 1121 spirituale
1056 1050 1397 1106 miraculum
1424 1063 1607 1119 penna
1632 1063 1759 1102 cor-

109 1146 274 1203 por.-a
316 1140 374 1189 et
430 1136 658 1193 visibili
707 1139 1009 1194 denotare.
1043 1138 1215 1206 (Vita
1257 1138 1434 1209 ampl.
1470 1136 1754 1207 Agerici.)

112 1219 312 1277 Beatus
339 1223 499 1279 enim
537 1225 822 1294 Agericus
846 1224 1095 1297 apostoli
1123 1232 1476 1295 princeptum
1505 1225 1557 1278 in
1580 1222 1757 1279 corde

108 1323 362 1381 servans,
397 1317 462 1368 et
495 1328 679 1383 Opere
711 1315 1030 1384 complens.
1067 1314 1315 1369 dicentis
1350 1334 1362 1368 :
1393 1313 1543 1370 Sine
1578 1313 1758 1368 inter-

106 1397 379 1455 missione
400 1403 597 1467 orate,
616 1403 682 1458 in
703 1403 1220 1474 omnibusgmtias
1233 1403 1414 1473 agite,
1431 1401 1679 1469 contigit
1696 1403 1757 1453 ut

97 1481 309 1550 jaceret
339 1487 391 1541 in
422 1494 722 1559 tempeste
746 1491 1046 1560 cujusdam
1073 1491 1264 1545 noctis
1292 1505 1507 1545 memor
1535 1487 1755 1542 Domini

108 1569 160 1625 in
187 1577 375 1631 stratu
410 1590 546 1643 suo,
575 1584 633 1632 et
658 1592 722 1634 se
747 1584 976 1634 secreto
1000 1579 1161 1634 suavi
1186 1594 1250 1634 ac
1275 1578 1428 1634 dulci
1456 1577 1757 1646 voluptate

109 1660 600 1720 meditationibus
618 1667 798 1722 castis
823 1668 1143 1736 ignescens,
1173 1668 1356 1737 ipsius
1381 1680 1608 1736 quoque
1633 1679 1759 1719 cor-

1868 517 2011 573 sime
2041 519 2114 573 ab
2138 519 2263 589 ipso
2289 520 2411 574 viro
2438 519 2534 575 1)ιὶ
2561 520 2745 589 pridie
2770 521 2961 575 Nonas
2987 521 3345 591 Septembris
3372 526 3509 580 sunt

1867 605 2230 675 ordinata,et
2255 608 2377 662 dies
2399 608 2807 663 translationis
2826 614 2883 663 et
2916 608 3505 667 revelationiseorum

1869 709 1971 765 per
1998 696 2371 751 succedentia
2396 702 2657 766 tempora
2683 696 3049 753 celebritatis
3071 712 3276 754 annum
3298 702 3387 754 est
3413 700 3509 755 ho-

1868 796 2008 837 nore
2040 783 2330 852 insignita.
2359 784 2614 850 Quorum
2648 785 2846 839 merita
2883 786 2950 839 ad
2979 786 3248 856 sepulcra
3276 785 3504 843 illorum

1868 872 2181 925 ostendunt
2211 872 2532 940 frequentia
2557 872 2850 927 miracula.
2870 875 2983 928 Nos
3004 888 3144 941 ergo
3168 888 3238 928 eo
3256 873 3372 941 jam
3398 887 3510 932 me-

1869 957 2013 1013 liore
2042 959 2126 1014 via
2162 964 2455 1029 suscepto,
2484 960 2600 1029 jam
2634 960 2705 1015 ad
2738 960 2979 1031 patriam
3014 962 3315 1018 felicitatis
3339 966 3505 1018 mter-

1867 1061 1955 1102 na:
1982 1047 2282 1117 perducto,
2303 1062 2505 1103 secure
2529 1048 2598 1103 de
2618 1055 2732 1103 tam
2754 1049 3011 1116 gloriosa
3040 1049 3411 1106 miseratione
3436 1050 3506 1107 ad

1867 1133 2094 1189 laudem
2128 1135 2224 1189 1).·1
2257 1140 2314 1190 et
2349 1136 2698 1205 pxzeconium
2732 1136 2883 1192 servi
2916 1137 3004 1192 sui
3040 1137 3227 1193 ﬁdelis
3253 1138 3506 1193 fideliter

1867 1228 1926 1278 et
1956 1222 2161 1278 devota
2205 1223 2533 1279 humilitate
2569 1224 2828 1294 placeret
2860 1224 3281 1292 aliquantulum
3316 1226 3508 1282 decla-

1868 1325 2044 1366 mare.
2080 1313 2336 1381 Denique
2368 1312 2465 1366 ille
2502 1311 2735 1382 placens
2767 1317 2826 1367 ct
2857 1311 3162 1369 adlizerens
3193 1315 3306 1368 Deo
3338 1315 3390 1368 in
3423 1328 3509 1370 re-

1868 1399 2035 1467 gione
2065 1400 2324 1454 vivorum
2357 1401 2521 1454 nobis
2568 1400 2894 1470 exenplum
2932 1401 3192 1469 reliquit,
3225 1402 3504 1458 auxilium

1870 1486 2149 1557 impendit
2184 1487 2235 1541 in
2274 1488 2506 1555 regione
2560 1494 2941 1549 morlun‘um,
2978 1493 3041 1543 ut
3083 1494 3142 1542 et
3174 1504 3275 1543 nos
3309 1495 3507 1545 nostra

1869 1575 1936 1628 ad
1964 1590 2218 1629 normam
2239 1575 2483 1643 juslitim
2519 1576 2893 1631 informamus
2925 1591 3121 1645 opera,
3149 1581 3207 1630 ct
3244 1577 3509 1646 dcjustis

1870 1664 2146 1732 eperlbus
2191 1666 2551 1732 proferamus
2606 1666 2801 1718 verba.
2840 1664 2960 1731 (Pol
2992 1667 3103 1737 46.)
3138 1665 3352 1719 Orabat
3386 1665 3511 1721 sine

109 1760 260 1816 poris
291 1751 528 1821 pondus
563 1754 809 1824 spiritus
843 1754 1082 1810 lenitate
1113 1756 1438 1818 excedens;
1464 1754 1761 1810 subitolu-
1786 1780 1840 1840 Β
1872 1750 2321 1815 intermissione,
2357 1757 2418 1806 ut
2448 1751 2716 1822 impleret
2745 1757 3103 1822 pr.eccptum
3153 1753 3373 1809 Domini
3428 1752 3512 1808 di-

108 1848 246 1903 men,
283 1841 442 1908 quod
478 1846 625 1897 ante
660 1842 846 1913 ipsum
895 1843 1160 1911 ardebat,
1196 1844 1513 1899 extinctum
1549 1848 1662 1907 est,
1697 1849 1754 1897 et

108 1927 379 1982 remansit
414 1930 677 1999 pervigil
711 1945 777 1987 ac
805 1932 1055 2000 sobrius,
1082 1946 1190 1987 non
1218 1932 1363 2001 visu,
1394 1947 1503 1987 non
1529 1932 1752 2000 auditu,

107 2022 209 2065 non
243 2013 364 2071 ullo
396 2032 690 2074 sensuum
716 2020 969 2089 quinque
991 2020 1309 2076 carnalium
1333 2019 1639 2075 obstaculo
1660 2020 1760 2073 im-

109 2100 353 2169 peditus.
392 2108 666 2177 Cumque
696 2114 859 2165 totus
891 2123 1108 2177 secum,
1133 2114 1319 2165 totum
1344 2124 1405 2165 se
1432 2111 1544 2164 Deo
1567 2112 1760 2164 exten-

110 2188 794 2259 deret,etanimasancta
820 2212 1070 2267 corpore
1093 2198 1252 2266 gravi
1282 2211 1482 2269 pressa
1511 2198 1563 2251 in
1584 2199 1757 2252 Deum

109 2292 165 2333 se
194 2282 570 2351 speculando
603 2284 902 2355 dilataret,
939 2286 1290 2342 ascendente
1318 2300 1387 2340 eo
1411 2285 1482 2341 ad
1506 2301 1758 2356 superna

113 2382 176 2423 ex
206 2367 529 2441 desiderio,
569 2372 785 2429 familia
820 2376 889 2430 ad
921 2389 1050 2430 eum
1079 2363 1327 2445 superna
1356 2374 1677 2445 descendit,
1702 2381 1760 2431 et

113 2457 416 2515 multitudo
440 2461 796 2530 angelorum
822 2461 1027 2519 domus
1046 2463 1171 2532 ejus
1192 2463 1641 2519 sanctitudincm
1664 2479 1761 2535 pe-

113 2547 353 2604 netravit
382 2554 446 2605 et
479 2549 893 2621 perlustravit.
920 2552 1267 2620 Refulgebat
1293 2551 1441 2608 cel'a
1468 2553 1761 2607 accubita-

115 2630 178 2690 lis
199 2641 539 2694 sanctorum
573 2637 909 2707 angelorum
934 2640 1370 2709 splendoribus,
1398 2645 1458 2694 et
1486 2645 1627 2709 quot
1661 2640 1761 2694 mi-

113 2721 266 2779 nistri
287 2724 521 2794 gloriae,
561 2730 646 2782 tot
680 2726 895 2782 lumina
927 2727 1246 2795 gloriarum
1274 2746 1289 2794 ;
1319 2730 1605 2784 canebant
1644 2744 1762 2798 ym-

116 2823 206 2866 nos
225 2828 351 2869 cum
365 2814 610 2870 concivi
626 2821 682 2870 et
697 2816 1103 2871 contubernali
1121 2832 1247 2883 suo,
1266 2822 1323 2872 et
1341 2817 1759 2873 inenarrabiles

112 2897 215 2955 Deo
241 2899 484 2959 deorum
514 2902 784 2972 gloriose
822 2904 877 2958 in
918 2904 1139 2960 sanctis
1190 2906 1479 2960 armenias
1525 2919 1762 2962 resona-

118 2986 259 3043 bant.
282 2991 611 3048 Hauriebat
646 2991 746 3047 ille
777 3006 840 3049 ac
877 2992 1224 3061 degustabat
1250 2993 1597 3049 suavitatem
1623 3007 1758 3049 vase

117 3072 322 3146 fragilis
343 3079 631 3151 corporis
654 3080 1016 3151 ampliorem,
1046 3095 1149 3137 nec
1173 3096 1408 3138 munera
1434 3082 1530 3137 Dei
1557 3097 1760 3152 super-

116 3165 377 3224 undantia
401 3183 554 3225 caro
582 3168 804 3225 infirma
830 3170 1322 3240 comprehendere
1341 3169 1432 3226 vel
1458 3171 1724 3227 continer
1751 3210 1755 3215 .

113 3252 347 3311 valebat.
379 3255 767 3313 Laudabatur
786 3258 859 3312 ab
882 3257 1102 3327 ange!is
1124 3258 1343 3315 sanctis
1361 3259 1549 3327 gratia
1574 3259 1671 3313 Dei
1696 3263 1757 3313 et

110 3342 504 3402 misericordia
542 3345 604 3400 in
635 3350 873 3401 sanctos
895 3345 1020 3413 ejus
1046 3351 1105 3402 et
1128 3351 1432 3417 respectus
1454 3346 1508 3401 in
1531 3346 1756 3402 electos

111 3428 275 3487 illius.
295 3434 568 3503 Cumque
591 3436 676 3490 tot
700 3433 908 3503 gaudia
928 3434 981 3488 in
1002 3440 1325 3504 conspectu
1341 3434 1601 3505 episCOpi
1627 3437 1756 3491 cho-

111 3533 196 3574 rea
216 3520 483 3577 celestis
504 3521 804 3589 exiberet,
821 3522 888 3577 ad
907 3523 1231 3593 profectum
1250 3522 1753 3593 supplendumque

109 3608 279 3665 totius
302 3615 528 3667 sancta:
557 3608 826 3666 ecclesiae
851 3610 1207 3681 praesidium,
1235 3616 1467 3667 sanctos
1492 3617 1755 3667 anteces-

110 3709 261 3753 sores
279 3712 420 3755 suos
443 3699 768 3770 episcopos
790 3699 1066 3765 Maurum,
1085 3698 1396 3765 Salvinum,
1424 3701 1749 3770 Aratorem,

111 3781 198 3839 ille
228 3792 575 3844 sanctorum
606 3791 849 3842 senatus
883 3786 1184 3856 revelavit,
1221 3802 1463 3857 quorum
1497 3795 1663 3861 erant
1698 3788 1751 3844 in

113 3884 208 3928 suo
232 3873 482 3945 collegio
516 3874 752 3935 animae.
788 3889 1035 3944 COPPJPa
1069 3890 1207 3931 vero
1241 3882 1411 3932 terrm
1441 3875 1663 3931 credita
1698 3877 1754 3932 in

115 3957 423 4028 ignorantia
457 3962 838 4020 celabantur.
876 3964 1007 4019 llaec
1041 3977 1295 4030 munera,
1325 3964 1444 4019 haec
1476 3969 1589 4019 tam
1627 3980 1754 4035 pre-

114 4046 256 4104 ciosa
290 4051 557 4122 symbola
584 4049 857 4106 caelestes
876 4050 1149 4107 concives
1173 4050 1389 4121 h08piti
1412 4068 1517 4108 suo
1541 4057 1600 4107 et
1621 4068 1756 4108 con-

114 4134 211 4189 civi
235 4137 285 4191 in
305 4138 711 4196 munificentia
731 4137 1114 4208 reliquerunt,
1132 4139 1228 4208 qui
1257 4140 1452 4195 multis
1467 4145 1601 4197 ante
1622 4156 1753 4198 cum

116 4223 267 4279 anni;
302 4227 734 4284 Virdunenscm
764 4226 1085 4283 {ecclesiam
1117 4233 1415 4297 rexeruut,
1437 4233 1492 4284 et
1518 4231 1756 4300 conjun-

116 4312 185 4366 cti
211 4314 318 4370 Deo
341 4315 652 4389 conjuncti
678 4329 908 4384 quoque
934 4315 1089 4371 fuere
1113 4316 1406 4387 sepulcro.
1428 4317 1607 4387 Igitur
1626 4324 1754 4387 post

117 4398 499 4459 visitationem
530 4408 648 4458 tam
672 4402 1016 4472 mirabilem,
1043 4418 1170 4460 cum
1194 4404 1289 4460 lux
1312 4409 1370 4459 et
1392 4405 1578 4475 angeli
1604 4406 1754 4462 cmlo

120 4492 579 4561 serecepissent,
601 4490 683 4545 illi
711 4490 807 4560 qui
833 4492 1104 4549 cubiculo
1127 4492 1295 4548 simul
1324 4492 1570 4559 inerant,
1590 4499 1753 4552 tanto
1783 4482 1836 4542 D

121 4579 336 4634 attoniti
383 4578 680 4636 miraculo
720 4592 869 4649 pene
900 4580 1195 4637 exanimes
1226 4586 1360 4637 sunt
1395 4580 1603 4637 redditi
1634 4587 1755 4639 stu-

124 4677 248 4731 pore
266 4666 480 4725 divino.
510 4667 744 4734 Quibus
766 4672 1005 4723 sanctus
1026 4668 1126 4723 Dei
1151 4669 1467 4726 fortissima
1495 4670 1757 4741 increpa-

121 4751 263 4809 tione
292 4754 623 4825 prohibuit,
661 4769 732 4809 ne
763 4752 865 4809 ulli
899 4754 1192 4811 hominum
1226 4756 1348 4812 haec
1378 4756 1622 4813 dicendo
1654 4773 1757 4828 pu-

126 4838 417 4913 blicarent,
432 4842 722 4913 quamdiu
738 4842 865 4912 ipse
888 4842 942 4897 in
966 4842 1137 4913 hujus
1158 4844 1293 4900 vitae
1314 4844 1609 4901 curriculo
1627 4859 1757 4916 per-

125 4936 385 4988 maneret.
406 4932 626 4987 Levata
653 4935 789 4987 sunt
813 4944 952 5000 ergo
974 4938 1308 4989 sanctorum
1331 4946 1578 5002 corpora
1613 4946 1755 4989 auro

122 5016 306 5074 obrizo
331 5018 725 5090 preciosiora,
746 5016 883 5073 etin
905 5018 1177 5088 ecclesia,
1206 5019 1301 5075 ubi
1324 5018 1520 5075 sedem
1546 5019 1757 5077 habue-

121 5108 239 5160 rant
268 5106 684 5177 requietionis,
716 5105 901 5161 sancti
953 5106 1111 5163 Petri
1161 5104 1414 5179 apostoli
1460 5106 1692 5164 nomine
1722 5122 1752 5164 a

1789 3127 1837 3189 C

1871 1839 2059 1895 Gentis
2092 1859 2104 1893 :
2141 1840 2377 1911 Oportet
2399 1854 2625 1910 semper
2645 1855 2836 1909 orare,
2869 1842 3061 1897 etnon
3082 1842 3327 1909 deficere
3347 1843 3505 1901 (Luc.

1871 1941 2024 1995 XVIII,
2056 1932 2132 1991 4).
2169 1928 2466 1993 Quomodo
2516 1940 2705 1982 autem
2756 1943 2865 1983 non
2919 1929 3198 1985 deficiens
3247 1930 3507 1985 orabat?

1870 2015 2013 2081 Quia
2050 2016 2345 2071 Dominum
2382 2017 2599 2071 sanctis
2634 2017 2906 2086 precibus
2938 2017 3272 2086 sanctisque
3319 2016 3509 2088 operi-

1872 2104 1982 2160 bus
2012 2103 2411 2173 bcncdicebat,
2452 2104 2935 2174 quemadmoJum
2976 2105 3151 2160 David
3184 2105 3255 2160 de
3285 2118 3347 2159 se
3382 2105 3509 2175 ipso

1869 2201 2104 2257 dicebat
2124 2202 2506 2257 :Benedicam
2520 2201 2831 2256 Dominum
2850 2201 2911 2257 in
2925 2202 3082 2258 omni
3097 2202 3513 2271 temperament-

1857 2305 1969 2361 per
2001 2290 2136 2347 laus
2166 2290 2296 2359 ejus
2329 2290 2391 2344 in
2419 2303 2517 2344 ore
2535 2304 2656 2345 meo
2680 2290 3079 2358 (Psalxxxm,
3099 2292 3177 2357 2).
3206 2291 3272 2343 Et
3294 2290 3504 2345 Tobias

1869 2378 1938 2433 ad
1973 2378 2195 2433 ﬁlium:
2249 2377 2436 2443 Omni,
2487 2378 2695 2447 inquit,
2731 2378 2983 2447 tempore
3032 2376 3270 2433 benedic
3321 2378 3511 2433 Deum

1872 2466 2031 2529 (Tob.
2058 2482 2130 2533 ιν,
2161 2468 2271 2533 20),
2298 2471 2353 2520 et
2381 2464 2623 2534 reliqua.
2651 2466 2813 2521 Sicut
2844 2466 2994 2520 enim
3031 2464 3195 2521 malis
3223 2465 3507 2535 operibus

1836 2568 1841 2573 '
1870 2553 2038 2609 ﬁdem
2073 2569 2368 2622 negamus,
2404 2554 2489 2608 sic
2519 2559 2755 2608 econtra
2792 2554 2959 2608 bonis
2983 2554 3263 2623 operibus
3297 2552 3511 2608 astrui-

1869 2658 1994 2697 mus
2020 2659 2032 2701 :
2058 2648 2115 2697 ct
2150 2643 2291 2695 benc
2329 2643 2500 2695 Deum
2534 2646 2680 2707 orat,
2709 2642 2803 2710 qui
2835 2655 3009 2711 prece
3029 2646 3129 2696 aut
3156 2643 3306 2697 bono
3328 2655 3506 2711 opere

1867 2729 2193 2799 proximutn
2224 2729 2477 2783 ediﬁcat.
2511 2727 2651 2792 Quia
2686 2734 2900 2797 autem,
2935 2729 3082 2785 sicut
3118 2728 3200 2783 illi
3243 2735 3511 2799 pastores

1868 2817 2184 2885 evangelici
2219 2831 2391 2886 supra
2422 2831 2655 2885 gregem
2688 2816 3025 2884 vigilabant,
3056 2817 3131 2871 ita
3159 2817 3269 2873 iste
3300 2819 3513 2875 oratio-

1868 2906 2040 2962 nibus
2069 2908 2183 2961 Deo
2212 2906 2473 2975 acceptis
2520 2904 2803 2960 custodia:
2837 2904 3279 2961 commissorum
3333 2905 3511 2962 insta-

1870 2996 1986 3063 bat,
2025 2994 2154 3049 idco
2184 2993 2391 3049 meruit
2441 2994 2513 3048 ab
2564 2992 2786 3060 angelis
2833 2992 3082 3062 visitari,
3136 2996 3193 3048 et
3244 2993 3508 3050 mortalis

1870 3083 2055 3139 adhuc
2088 3081 2215 3137 luce
2254 3081 2556 3137 celestium
2592 3081 2832 3151 perlrui.
2871 3082 2937 3135 Et
2968 3080 3118 3136 sicut
3153 3079 3236 3136 illi
3265 3079 3507 3149 gloriam

1868 3171 1921 3226 in
1952 3170 2202 3227 excelsis
2230 3172 2363 3237 Deo,
2396 3173 2452 3224 et
2488 3183 2681 3239 pacem
2716 3170 2877 3225 bonae
2910 3168 3233 3224 voluntatis
3266 3167 3508 3225 homini-

1867 3262 1975 3316 bus
2006 3258 2456 3323 annunciabant,
2483 3258 2560 3312 ita
2591 3257 2687 3312 isti
2712 3258 2887 3312 Deum
2921 3257 2975 3312 in
3011 3271 3115 3312 suo
3144 3260 3347 3313 saneto
3373 3271 3509 3328 pon-

1867 3348 2022 3403 tifice
2045 3346 2469 3417 gloriﬁcabant.
2499 3344 2721 3411 Quomo
2747 3346 2798 3399 lo
2831 3346 3005 3401 etiam
3042 3345 3122 3399 illi
3156 3345 3225 3401 ad
3257 3344 3506 3401 salutem

1865 3435 2060 3493 mundi
2093 3435 2545 3503 designaverunt
2578 3434 2941 3489 nativitatem
2975 3434 3212 3502 Christi,
3250 3434 3359 3489 ista
3412 3431 3510 3489 isti

1864 3526 1933 3580 ad
1960 3525 2206 3581 salutem
2230 3522 2512 3579 :ecclesiae
2535 3528 2868 3577 sanctorum
2885 3536 3131 3592 corpora
3155 3526 3506 3577 monstrave-

1864 3617 2018 3669 runt.
2055 3613 2236 3682 Igitur
2268 3613 2339 3667 ab
2372 3610 2611 3680 angelis,
2640 3611 2710 3664 ab
2743 3610 2927 3665 anima
2945 3610 3049 3665 bus
3080 3609 3320 3672 sanctis,
3346 3622 3377 3663 a
3413 3622 3510 3664 no-

1866 3702 1956 3757 bis
1979 3702 2153 3757 ctiam
2180 3702 2233 3755 in
2256 3712 2502 3770 corpore
2527 3698 2775 3753 minimis
2800 3698 3147 3753 decantetur
3167 3697 3354 3766 gloria
3382 3696 3506 3765 regi

1864 3788 2194 3846 seculorum
2226 3782 2557 3853 immortali,
2585 3784 2883 3851 invisibili,
2911 3784 3007 3854 qui
3037 3789 3127 3839 est
3163 3784 3506 3839 benedictus

1865 3878 1921 3933 in
1955 3875 2171 3932 secula.
2208 3877 2339 3930 11ωο
2369 3874 2437 3929 ad
2471 3872 2713 3941 gloriam
2748 3871 2846 3925 Dei
2889 3875 2948 3925 et
2995 3871 3503 3926 commonitionem

1865 3964 2224 4023 audientium
2270 3962 2489 4019 dixisse
2545 3960 2811 4029 sufficiat,
2868 3958 3002 4014 hinc
3060 3959 3368 4014 redeamus
3429 3958 3499 4014 ad

1865 4067 2120 4111 causam.

1937 4143 2098 4196 Anno
2130 4142 2229 4195 157
2260 4140 2393 4209 post
2423 4135 2734 4193 transitum
2769 4134 2953 4192 sancti
3005 4132 3233 4190 Martini
3267 4136 3508 4190 sanctus

1866 4227 2176 4285 Eufronius
2208 4225 2490 4281 Eduensis
2516 4225 2831 4295 episcopus
2863 4222 3202 4278 Turonicam
3228 4220 3493 4277 sedem...

1867 4319 2144 4385 regnante
2169 4313 2483 4380 Clotliario,
2502 4314 2594 4382 qui
2622 4313 2897 4369 defuncto
2921 4311 3215 4382 Ariberto,
3234 4312 3290 4365 in
3304 4309 3502 4367 sedem

1866 4405 1993 4476 ejus
2022 4403 2227 4473 Sigebe
2251 4407 2383 4458 tum
2418 4400 2664 4456 induxit.

1939 4492 2137 4563 {Cum}.
2168 4493 2323 4559 Tur.,
2359 4504 2431 4558 iv,
2465 4489 2541 4559 9.]
2569 4488 2969 4545 Theodeberto
3016 4487 3197 4557 igitur
3244 4498 3384 4554 rege
3430 4481 3500 4540 ad

1866 4593 2118 4652 superna
2135 4576 2961 4647 demigrante,Theodebaldus
2976 4576 3129 4632 illius
3141 4575 3267 4643 ejus
3280 4586 3511 4630 succes-

1867 4670 1961 4740 sit,
1996 4667 2165 4724 valde
2198 4666 2433 4737 iniquus
2460 4670 2520 4720 et
2553 4664 2685 4719 mali
2720 4665 2957 4733 ingenii,
2991 4664 3088 4733 qui
3121 4662 3265 4718 obiit
3295 4665 3328 4716 7
3355 4673 3506 4715 anno

1865 4757 2027 4827 regni
2062 4756 2173 4811 sui.
2206 4756 2461 4823 Regnum
2494 4752 2622 4821 ejus
2652 4752 2980 4807 Clotbarius
3008 4748 3253 4818 accepit.
3281 4746 3507 4803 Childe-

1867 4846 2071 4902 bertus
2104 4857 2334 4913 quoque
2360 4840 2620 4896 Parisius
2639 4838 2819 4895 obiit:
2845 4843 2903 4894 et
2923 4838 3006 4893 sic
3030 4834 3361 4893 Clotharius
3387 4848 3508 4889 mo-

1867 4932 2161 4988 narcbiam
2189 4929 2463 5001 optinuit.
2501 4927 2840 4996 (Genealog.
2874 4925 3098 4991 Caret.)
3134 4922 3237 4978 Hic
3284 4921 3510 4978 Clotha-

1864 5020 1991 5077 rius
2018 5032 2278 5076 sororem
2311 5030 2471 5073 suam
2508 5015 2796 5069 Ansberto
2830 5011 2885 5067 in
2919 5010 3347 5067 matrimonium
3374 5008 3505 5079 jun-

1865 5108 1971 5179 xit,
2003 5106 2101 5178 qui
2132 5110 2191 5162 et
2229 5104 2430 5175 genuit
2482 5099 2819 5169 Arnoldum,
2858 5097 3150 5155 Arnoldus
3197 5096 3501 5155 Arnull‘um

1700 5238 1921 5294 NOTAE.

187 5348 289 5422 (μ)
320 5350 631 5422 Duplicem
665 5347 1122 5422 Agerici‘Vitam,
1140 5349 1477 5422 breviorem
1502 5364 1671 5407 unam
1695 5354 1752 5406 et

127 5418 499 5490 antiquiorem
532 5421 722 5484 illam,
749 5418 1078 5490 ampliorem
1103 5420 1345 5477 alteram
1369 5436 1431 5479 se
1466 5425 1599 5477 ante
1620 5436 1756 5477 ocu-

129 5486 497 5563 losh'abuisse
526 5486 1239 5563 testantur‘Bollandistae
1277 5495 1402 5548 Act.
1439 5492 1531 5559 SS.
1571 5493 1754 5563 Sept.,

125 5559 165 5612 t.
196 5559 254 5615 11.
283 5564 405 5617 222.
443 5560 811 5634 Ampliorem
844 5566 1105 5619 secutum
1137 5575 1269 5620 esse
1309 5559 1758 5635 Hugonem,'pa-

1862 5353 1949 5405 tet
1980 5364 2052 5405 ex
2083 5347 2213 5404 loco
2242 5346 2487 5420 quodam
2512 5344 2658 5420 Vitae
2681 5340 3117 5420 brev_ioris,_qui_
3139 5340 3175 5396 l.
3198 5339 3498 5420 1.1egitur.

1866 5422 1944 5475 Ex
1975 5420 2085 5475 hoc
2119 5412 2275 5473 fonte
2308 5416 2551 5472 alteram
2586 5414 2741 5471 illam
2772 5415 2959 5471 Vitam
2982 5412 3223 5470 ﬂuxisse
3245 5412 3503 5479 Hugonis

1868 5489 2203 5546 narratione
2234 5486 2537 5559 probatur.
2571 5486 2632 5539 K.
