3898 6346
362 279 474 349 128

1315 287 1686 358 HUGONIS
1725 288 2079 358 ABBATIS
2120 287 2801 357 FLAVINIACENSIS

3659 281 3796 350 12‘

358 417 696 493 episcopum
754 421 1116 495 Mettensem,
1154 423 1434 484 Arnulfus
1476 427 1779 486 Anchisem
1813 426 1908 499 qui
1941 430 2000 484 et
2029 427 2085 489 A
2112 440 2292 498 gnaro
2324 426 2523 500 coepit,
2549 430 2609 485 et
2633 424 2896 497 regnavit
2919 421 3086 482 annis
3110 419 3592 495 quatuordecim;
3619 419 3796 479 Gun-

361 509 699 580 Ansegisus,
759 513 1074 584 Ansegisus
1119 514 1444 586 Pippinum,
1500 517 1782 589 Pippinus
1834 519 2002 573 Caro-

362 595 498 652 lum.

437 685 631 756 [Gaza
659 690 812 760 Tur.,
840 705 912 758 iv,
939 691 1052 762 20.]
1078 693 1156 748 Eo
1188 696 1449 762 tempore
1471 692 1800 750 Clotharius
1825 693 2002 749 filium

367 788 533 829 suum
567 776 892 833 Cbrannum
923 784 1122 835 contra
1155 795 1216 836 se
1258 779 1661 848 rebellantem,
1693 785 1750 835 et
1786 797 1880 837 res
1907 796 2004 836 no-

365 875 468 916 vas
499 863 852 934 molientem,
877 881 1004 923 cum
1040 867 1199 938 prius
1222 875 1430 938 captus
1455 869 1658 924 fuisset
1683 874 1738 925 et
1765 869 2001 938 ligatus,

359 949 535 1019 jussit
571 952 700 1020 igne
722 955 1001 1010 comburi.
1029 955 1166 1010 Post
1193 957 1298 1012 hec
1323 957 1654 1013 Clotharius
1675 971 1780 1028 pro
1805 971 2006 1027 pecca-

364 1036 444 1093 tis
476 1039 595 1095 suis
628 1041 696 1094 ad
729 1041 923 1098 limina
956 1044 1142 1098 sancti
1188 1045 1412 1099 Martini
1465 1046 1818 1115 properavit,
1856 1045 2005 1100 unde

365 1125 598 1182 rediens
631 1131 981 1200 Compendio
1013 1131 1148 1186 villa
1187 1133 1332 1188 obiit
1384 1147 1534 1189 anno
1582 1135 1651 1189 ab
1697 1134 1806 1189 inc.
1845 1135 2001 1188 Dom.

369 1217 488 1282 569,
521 1217 715 1272 aetatis
759 1233 878 1274 suae
930 1233 1077 1275 anno
1127 1225 1212 1290 95,
1249 1237 1396 1278 anno
1447 1223 1604 1291 regni
1652 1223 1740 1276 sui
1783 1226 2006 1288 51:1‘6-

365 1316 539 1368 gnum
571 1305 698 1374 ejus
729 1312 982 1376 quatuor
1016 1308 1114 1364 filii
1160 1309 1287 1377 ejus
1336 1309 1487 1366 inter
1541 1325 1602 1366 se
1655 1310 2000 1365 diviserunt.

370 1390 539 1451 (Vita
562 1394 772 1464 Prcj.)
799 1395 1159 1466 Chilpericus
1185 1412 1423 1466 regnum
1445 1399 1628 1468 patris
1649 1398 1902 1469 Optinuit
1921 1414 2006 1454 se-

367 1476 494 1532 dem
530 1480 749 1536 habens
778 1483 1142 1551 Suessionis;
1175 1487 1282 1540 sub
1315 1485 1382 1516 ²¹⁷
1407 1502 1519 1556 quo
1549 1487 1660 1557 (45)
1686 1502 1890 1558 passus
1913 1493 2000 1542 est

365 1570 603 1622 sanctus
636 1570 950 1638 Prwjectus
983 1577 1201 1642 martyr
1228 1578 1287 1628 et
1323 1575 1580 1644 pontifex
1614 1579 2001 1631 Arvernorum

366 1651 715 1713 interfectus
746 1673 774 1712 a
810 1660 930 1714 suis
958 1661 1200 1728 civibus,
1239 1676 1387 1716 anno
1421 1664 1490 1717 ab
1539 1663 1646 1718 inc.
1683 1665 1840 1730 Dom,
1877 1668 1999 1732 580,

363 1745 425 1834 et
455 1747 738 1834 successit
774 1753 1012 1804 sanctus
1046 1749 1266 1817 Avitus,
1295 1751 1389 1818 qui
1427 1751 1653 1820 praefuit
1680 1766 1788 1806 non
1817 1751 2002 1822 plenis
2033 1775 2084 1834 Β

365 1833 428 1881 15
455 1833 620 1886 annis
663 1836 796 1903 (46),
849 1843 902 1890 et
943 1837 992 1890 ei
1038 1843 1276 1892 sanctus
1331 1838 1572 1892 Bonitus
1623 1841 1809 1908 primo
1855 1855 2002 1894 anno

361 1916 658 1973 Teoderici
701 1924 1002 1979 successit.
1052 1925 1219 1987 (Vita
1276 1926 1528 1992 Boniti.)
1576 1928 1882 1982 Aribcrtus
1916 1943 2002 1982 re-

359 2017 533 2071 gnum
551 2007 926 2074 Childeberti,
945 2012 1140 2067 sedem
1167 2013 1385 2068 habens
1408 2014 1695 2069 Parisius:
1718 2016 2005 2070 Guntran-

363 2106 471 2147 nus
497 2109 733 2163 regnum
769 2098 1128 2155 Clodomeris
1159 2102 1354 2155 sedem
1387 2101 1607 2156 habens
1639 2102 1998 2158 Aurelianis:

365 2180 702 2247 Sigebertus
737 2199 974 2254 regnum
1003 2187 1364 2255 Theodorici,
1392 2187 1585 2243 sedem
1618 2190 1837 2245 habens
1869 2191 2006 2246 Met-

365 2267 488 2322 tim.
525 2269 817 2343 [Fur-zona]
850 2274 993 2328 Huni
1039 2274 1256 2330 Gallias
1303 2276 1694 2346 expetierunt,
1733 2292 1878 2346 quos
1923 2279 2004 2332 Si-

365 2356 644 2423 gebertus
675 2359 835 2429 vicit,
863 2361 1105 2430 fugavit,
1131 2365 1186 2416 et
1209 2370 1334 2433 post
1362 2377 1490 2418 cum
1515 2365 1600 2419 eis
1625 2379 1822 2434 pacem
1851 2367 2000 2422 iniit.

366 2443 729 2512 Chilpericus
789 2447 1012 2504 interea
1070 2451 1406 2506 Remensem
1470 2452 1670 2507 urbem
1745 2459 1803 2509 et
1861 2455 2005 2511 alias

367 2529 546 2585 urbes
571 2532 641 2586 de
661 2547 840 2602 regno
864 2536 1147 2604 Sigeberti
1174 2538 1405 2606 invasit,
1424 2541 1576 2595 unde
1603 2539 1814 2598 bellum
1831 2542 2004 2598 civile

366 2616 522 2673 inter
551 2632 654 2675 eos
691 2622 818 2678 fuit.
854 2624 1192 2692 Sigebertus
1233 2641 1369 2681 vero
1415 2628 1775 2684 Suessionem
1823 2631 2004 2701 obpu-

365 2711 524 2775 gnat,
559 2708 1018 2768 Theodebertum
1053 2712 1361 2784 Chilperici
1403 2715 1579 2786 filium
1612 2718 1768 2787 capit
1801 2725 1860 2773 et
1886 2720 2004 2774 exi-

367 2791 445 2849 lio
466 2793 696 2865 religat,
725 2797 906 2868 ipsum
933 2805 1190 2872 superat,
1215 2806 1272 2856 et
1298 2803 1474 2858 urbes
1498 2804 1726 2875 recipit.
1747 2807 1885 2861 Post
1908 2821 2004 2862 an-

365 2894 499 2936 num
536 2883 713 2940 filium
741 2886 793 2940 ei
827 2887 1041 2957 reddit,
1067 2893 1124 2943 et
1153 2902 1351 2959 pacem
1386 2891 1594 2947 firmat.
1629 2893 2003 2950 Guntrannus

364 2967 420 3023 in
458 2970 788 3040 Burgundia
820 2989 1070 3044 regnans
1099 2977 1207 3032 fuit
1239 2978 1327 3032 vir
1360 2979 1546 3035 bonus
1576 2984 1635 3034 et
1667 2981 2003 3040 elemosinis

364 3056 619 3116 deditus.
645 3061 985 3130 Sigebertus
1016 3079 1156 3120 vero
1188 3065 1413 3132 videns,
1441 3067 1594 3138 quod
1618 3069 1924 3126 Aribertus
1945 3077 2004 3128 et

367 3144 741 3204 Guntrannus
774 3149 922 3206 viles
953 3165 1160 3207 uxores
1189 3152 1544 3223 acciperent,
1573 3155 1840 3223 Brunam,
1877 3172 2003 3228 quae

365 3235 424 3286 et
442 3233 833 3293 Brunichildis
855 3237 1092 3308 dicitur,
1112 3239 1282 3295 filiam
1309 3241 1676 3310 Athanagildi
1701 3245 1860 3313 regis
1883 3247 2005 3304 His-

367 3321 574 3391 paniae,
606 3337 842 3379 uxorem
875 3327 1121 3398 accepit,
1156 3329 1324 3397 cujus
1357 3329 1604 3386 consilio
1647 3331 1825 3388 multa
1859 3335 2004 3391 mala

367 3412 428 3463 et
476 3411 779 3478 sanguinis
807 3413 1013 3470 effusio
1046 3415 1100 3469 in
1133 3417 1369 3472 Francia
1405 3417 1552 3473 facta
1588 3424 1744 3475 sunt.
1781 3420 2007 3492 Chilpe-

367 3493 529 3552 ricus
555 3511 786 3568 quoque
817 3515 1078 3557 sororem
1109 3503 1236 3572 ejus
1267 3504 1743 3562 Gachilissindam
1769 3523 2005 3566 uxorem

369 3581 557 3652 duxit,
591 3585 931 3658 relinquens
983 3590 1416 3660 Fredegundem
1466 3597 1519 3648 et
1575 3594 1720 3650 alias
1767 3611 2002 3659 uxores.

367 3683 513 3739 quas
533 3671 806 3745 habebat,
832 3690 1001 3746 quam
1031 3685 1235 3748 postea
1269 3680 1454 3736 fracto
1475 3680 1830 3753 juramento,
1850 3685 2004 3754 quod

366 3757 653 3818 habuerat
683 3763 752 3819 ad
790 3764 1026 3835 Gothos,
1050 3781 1120 3822 ne
1157 3781 1281 3824 eam
1322 3768 1393 3823 de
1437 3783 1614 3838 regno
1659 3770 2003 3841 deponeret,

366 3847 646 3917 sugillare
698 3852 854 3923 fecit,
888 3859 947 3910 et
991 3856 1076 3911 sic
1120 3855 1554 3926 Fredegundem
1596 3859 1842 3930 recepit,
1878 3875 2004 3930 quae

365 3938 732 4006 postmodum
766 3942 1232 4000 crudelissimam
1265 3945 1441 4002 vitam
1473 3945 1646 4016 digna
1673 3954 1858 4004 morte
1883 3949 2007 4004 fini-

364 4024 465 4078 vit.
502 4025 699 4098 [Gnnc.
735 4030 891 4099 Tur.,
925 4046 978 4101 v,
1009 4032 1122 4104 29.]
1153 4032 1254 4089 Hic
1310 4033 1535 4090 Nerone
1579 4035 1745 4106 pejor
1791 4040 1852 4092 et
1900 4039 2008 4093 He-

367 4113 509 4170 rode
542 4115 826 4174 ecclesias
853 4118 954 4174 Dei
985 4121 1254 4190 vastavit,
1289 4125 1346 4176 et
1399 4121 1616 4178 multos
1667 4128 2003 4180 sanctorum

367 4201 699 4270 interfecit;
733 4204 1159 4275 descriptiones
1192 4208 1568 4276 gravissimas
1601 4210 1654 4266 in
1689 4216 1809 4266 toto
1827 4226 2006 4282 regno

367 4301 476 4344 suo
507 4289 666 4359 fecit,
694 4305 838 4360 quas
856 4305 984 4348 cum
1010 4293 1188 4350 ferme
1220 4308 1322 4365 per
1355 4309 1522 4352 omne
1545 4311 1783 4367 regnum
1808 4314 2008 4371 perce-

366 4375 577 4448 pisset,
603 4377 698 4448 qui
734 4378 978 4450 ferebat,
1003 4394 1033 4436 a
1060 4382 1439 4439 Lemovicinis
1466 4383 1848 4456 interceptus,
1877 4403 2008 4458 per-

2114 522 2374 572 tramnus
2406 531 2636 586 quoque
2671 513 3078 584 Langobardos
3109 527 3290 583 regno
3323 525 3431 568 suo
3464 511 3792 568 irruentes

2113 607 2272 660 tanta
2304 603 2462 660 caede
2495 603 2842 675 perdomuit,
2866 609 2930 659 ut
2959 617 3030 657 ex
3053 601 3203 657 omni
3229 599 3498 658 exercitu
3525 599 3785 657 illorum

2114 695 2737 764 quadragintatantum
2759 691 2980 747 Italiam
2997 689 3274 746 redirent.
3299 688 3439 756 (Pol.
3459 687 3597 760 ιϐ’.)
3625 689 3788 746 Post

2113 781 2236 837 haec
2267 782 2630 852 Chilpericus
2661 785 2720 835 et
2746 779 3086 848 Sigebertus
3109 778 3416 834 consilium
3445 778 3686 844 ineunt,
3715 783 3785 833 ut

2115 871 2530 926 Guntramnum
2555 868 2930 936 interficiant,
2947 871 3006 921 et
3029 881 3267 936 regnum
3290 867 3418 934 ejus
3442 865 3777 937 accipiant.

2116 959 2221 1013 Sed
2255 959 2473 1014 Domini
2507 957 2810 1012 voluntate
2865 955 3068 1011 mutati
3119 955 3369 1011 consilio
3417 954 3786 1025 Sigebertus

2116 1062 2294 1117 super
2316 1046 2702 1117 Cbilpericum
2731 1045 2924 1113 irruit,
2942 1045 3038 1114 qui
3057 1044 3201 1113 fugit
3222 1045 3653 1113 Tornacum,et
3674 1042 3782 1098 ille

2114 1136 2375 1190 Parisius
2406 1135 2581 1203 venit,
2609 1135 2703 1190 ubi
2735 1137 3047 1203 correptus
3070 1147 3100 1188 a
3119 1137 3323 1188 sancto
3350 1133 3645 1188 Germano
3669 1133 3784 1187 Pa-
3843 1191 3858 1200 η

2115 1223 2756 1290 risiensi,utdesisteret
2776 1222 3009 1276 fratrem
3026 1219 3535 1291 persequi,audire
3548 1219 3777 1276 noluit.

2116 1311 2215 1366 Cui
2240 1311 2550 1381 episcopus
2569 1309 2743 1364 dixit:
2763 1309 3103 1380 Scriptum:
3123 1307 3782 1380 Quiparatfratriwo

2097 1399 2550 1470 foveamprior
2571 1397 2794 1455 incidit
2811 1397 2877 1452 in
2899 1409 3045 1452 eam.
3070 1397 3320 1452 Veniens
3343 1399 3541 1452 autem
3566 1395 3781 1452 Victu-

2115 1487 2290 1554 riaco,
2319 1502 2518 1542 omnes
2549 1485 2918 1541 Neustrasios
2952 1484 3006 1539 in
3041 1483 3394 1540 deditionem
3425 1484 3686 1555 recepit,
3709 1489 3781 1538 et

2115 1575 2191 1629 ibi
2227 1575 2362 1629 dolo
2394 1575 2737 1629 interfectus
2767 1579 2859 1627 est
2891 1588 2919 1627 a
2954 1571 3180 1628 duobus
3213 1572 3434 1643 pueris,
3462 1572 3562 1642 qui
3586 1571 3779 1627 etiam

2115 1663 2461 1732 deprehensi
2482 1661 2773 1718 interfecti
2789 1667 2946 1728 sunt,
2963 1665 3019 1716 et
3037 1661 3118 1716 sic
3135 1659 3500 1730 Chilpericus
3517 1674 3776 1728 regnum

2115 1751 2360 1821 recepit.
2385 1751 2582 1820 [Gneo
2608 1751 2761 1810 Tur.,
2788 1765 2861 1818 IV,
2881 1749 2990 1819 41.]
3016 1747 3173 1803 Obiit
3195 1752 3388 1803 autem
3414 1746 3777 1817 Sigebertus

2115 1853 2264 1894 anno
2295 1839 2454 1903 regni
2480 1837 2565 1892 sui
2591 1842 2672 1905 l3,
2689 1843 2863 1893 astate
2888 1835 3371 1905 quadragenaria,
3393 1838 3454 1890 et
3476 1835 3776 1906 regnabat

2115 1925 2524 1982 Childebertus
2551 1925 2703 1980 filius
2734 1924 2860 1993 ejus
2896 1939 2998 1994 pro
3027 1937 3094 1978 eo
3115 1937 3263 1978 anno
3288 1925 3408 1992 582,
3437 1922 3776 1979 indictione

2113 2017 2195 2067 15.
2217 2013 2510 2084 [Far-zona]
2531 2011 2919 2069 Brunichildis
2943 2011 3204 2067 Parisius
3219 2011 3324 2067 sub
3347 2010 3618 2068 custodia
3634 2026 3772 2068 cum

2115 2100 2230 2156 filio
2249 2101 2625 2158 Childeberto
2647 2101 3018 2156 detinebatur
3033 2116 3047 2163 ;
3065 2099 3164 2154 sed
3183 2113 3326 2170 puer
3343 2099 3396 2154 in
3415 2113 3554 2170 pera
3571 2114 3682 2172 per
3697 2101 3776 2154 fe-

2113 2195 2370 2244 nestram
2395 2189 2746 2258 demittitur,
2761 2193 2818 2244 et
2835 2187 3051 2242 Mettim
3068 2201 3096 2241 a
3113 2187 3513 2244 Gundebaudo
3534 2188 3692 2244 duce
3707 2189 3767 2243 in

2114 2291 2292 2346 regno
2313 2277 2496 2347 patris
2529 2277 2896 2333 sublimatur.
2926 2275 3530 2346 [GusG.Tur.,v,1,2.]
3559 2276 3772 2332 Bruni-

2111 2364 2645 2433 childisverojussu
2667 2350 2979 2434 Chilperici
2999 2363 3380 2430 Rotomagum
3405 2361 3588 2419 exilio
3603 2365 3771 2420 dam-

2115 2457 2208 2506 nat
2221 2468 2285 2508 ur
2300 2468 2448 2508 anno
2463 2452 2648 2523 primo
2665 2451 2824 2521 regni
2843 2450 3221 2506 Childeberti.
3242 2452 3320 2506 Eo
3342 2464 3492 2506 anno
3519 2451 3765 2508 transiit

2114 2546 2352 2597 sanctus
2376 2541 2694 2595 Germanus
2726 2539 3080 2594 Parisiorum
3102 2538 3440 2609 episcopus,
3456 2542 3520 2594 et
3536 2538 3768 2609 Regna-

2115 2629 2364 2686 mundus
2403 2628 2708 2684 successit.
2733 2625 3098 2698 Chilpericus
3140 2627 3339 2696 itaque
3359 2625 3541 2684 lilium
3587 2642 3763 2684 suum

2113 2719 2436 2772 Meroveum
2471 2715 2722 2771 Pictavis
2739 2729 2868 2771 cum
2891 2699 3152 2770 exercitu
3172 2713 3408 2782 direxit,
3427 2715 3523 2786 qui
3553 2715 3766 2772 relicta

2111 2805 2480 2862 ordinatione
2497 2805 2698 2874 patris,
2719 2803 2996 2872 adjuncto
3018 2802 3128 2858 sibi
3155 2804 3514 2860 Guntramno
3530 2803 3766 2860 Bosone

2113 2894 2278 2961 duce,
2303 2893 2684 2960 Rotomagum
2711 2891 2899 2961 petiit,
2920 2895 2981 2946 et
3013 2890 3440 2946 Brunichildem
3465 2890 3522 2946 in
3560 2892 3766 2962 conju-

2112 2981 2268 3050 gium
2283 2980 2526 3050 accepit.
2545 2977 2706 3044 Quod
2721 2978 2962 3034 audiens
2979 2977 3344 3048 Chilpericus
3367 2979 3760 3050 Rotomagum

2115 3068 2271 3124 venit
2285 3072 2343 3123 et
2359 3073 2488 3140 post
2505 3081 2720 3138 paucos
2731 3067 3079 3136 dies,assum
3088 3071 3187 3136 pto
3199 3067 3763 3136 Meroveo,Suessio-

2115 3157 2203 3212 nis
2227 3156 2420 3225 rediit,
2441 3161 2501 3212 et
2524 3169 2633 3212 non
2660 3154 2841 3212 multo
2865 3159 2995 3226 post
3017 3155 3758 3226 propter‘conjunctionem

2117 3243 2507 3301 Brunichildis
2523 3247 2859 3316 suspectum
2889 3242 3108 3298 habens
3140 3242 3453 3313 spoliatum
3485 3244 3761 3302 omnibus

2113 3331 2395 3390 custodiae
2426 3331 2794 3403 mancipavit.
2831 3331 2906 3400 (ν,
2941 3333 3018 3403 3.)
3052 3330 3160 3396 Qui
3191 3331 3325 3386 dum
3378 3330 3431 3386 in
3484 3331 3761 3389 custodia

2115 3421 2444 3478 detineretu
2456 3423 2849 3489 r,tonsoratus
2862 3414 3320 3488 est,1nutataq'ue
3335 3423 3500 3474 veste
3517 3421 3760 3492 presby-

2114 3514 2206 3566 ter
2226 3509 2550 3576 ordinatur,
2567 3512 2623 3562 et
2643 3507 2865 3576 fugiens
2887 3505 3192 3563 ecclesiam
3215 3506 3388 3577 petiit
3411 3509 3599 3563 sancti
3623 3509 3760 3565 Mar-

2117 3597 2218 3651 tini
2254 3596 2403 3667 apud
2435 3597 2636 3652 urbem
2681 3595 3043 3664 Turonicam,
3079 3594 3174 3650 ubi
3226 3595 3346 3650 haec
3397 3599 3563 3665 gesta
3598 3603 3752 3654 sunt.

2116 3684 2536 3757 (v,14.)Latuit
2560 3683 2614 3738 in
2637 3683 2834 3739 eadem
2863 3682 3102 3740 basilica
3132 3697 3238 3754 per
3271 3682 3418 3739 duos
3439 3691 3755 3756 menses,et

2115 3778 2246 3844 post
2279 3773 2398 3829 haec
2441 3772 2510 3828 ad
2545 3771 2974 3828 Brunichildem
3010 3771 3206 3839 rediit,
3237 3774 3294 3826 et
3326 3771 3400 3828 ab
3433 3773 3759 3830 Austrasiis

2116 3866 2388 3932 receptus
2419 3875 2530 3916 non
2561 3865 2674 3916 est.
2711 3860 2846 3916 Cum
2879 3873 3022 3929 ergo
3052 3860 3106 3914 in
3149 3859 3414 3916 Remensi
3448 3861 3757 3932 Campania

2116 3948 2396 4019 latitaret,
2455 3947 2658 4003 dolose
2713 3951 2922 4018 captus
2981 3947 3054 4003 ab
3141 3947 3651 4016 Atrebatensibus,
3699 3954 3754 4004 et

2114 4036 2327 4092 timens
2371 4050 2441 4091 ne
2493 4036 2642 4107 patri
2701 4035 3067 4104 redderetur,
3132 4033 3355 4090 socium
3412 4035 3640 4092 monuit
3696 4041 3757 4093 ut

2116 4123 2368 4180 irrueret
2399 4137 2576 4195 super
2619 4137 2768 4180 eum.
2805 4122 2928 4188 Quo
2985 4123 3138 4178 facto
3191 4121 3539 4178 adveniente
3601 4137 3751 4195 rege,

2116 4215 2382 4267 mortuus
2430 4211 2700 4268 inventus
2747 4216 2859 4267 est.

2187 4299 2262 4368 (ν,
2293 4301 2407 4370 3t.)
2441 4299 2540 4354 His
2570 4298 2776 4355 diebus
2806 4297 2957 4369 apud
3009 4296 3576 4368 Constantinopolim
3627 4314 3751 4356 cum

2116 4387 2363 4442 amentia
2396 4391 2627 4444 mortuo
2655 4385 2906 4455 Iustino,
2922 4385 3188 4442 Tiberius
3220 4384 3541 4456 imperator
3574 4387 3753 4445 factus

369 4468 794 4535 emptusest,et
814 4467 1586 4538 descriptionescombustae.
1608 4472 1777 4536 (Vita
1791 4475 2003 4547 Prwj.)
2035 4485 2087 4546 D
2116 4481 2206 4533 est
2229 4475 2429 4544 largus
2453 4474 2505 4530 in
2531 4473 2934 4545 eleemosynis.
2963 4473 3038 4544 (ν,
3066 4475 3177 4545 38.)
3201 4471 3416 4540 Quinto
3439 4487 3590 4531 anno
3613 4475 3756 4532 Chil-

370 4552 458 4609 Ab
487 4551 596 4610 hoc
623 4554 796 4611 etiam
821 4561 1159 4627 peremptus
1177 4562 1267 4614 est
1293 4559 1505 4614 Hector
1527 4560 1796 4618 Massiliae
1820 4569 1940 4633 pata
1960 4564 2003 4618 i-

364 4639 513 4711 cius,
549 4655 678 4700 cum
711 4643 785 4700 ab
829 4658 899 4700 eo
948 4650 1188 4702 sanctus
1236 4645 1554 4716 Praejectus
1605 4648 1821 4720 injuste
1869 4656 2004 4707 ante

365 4727 555 4800 ipsum
588 4730 823 4790 delatus
850 4736 1031 4802 esset,
1064 4738 1125 4790 et
1153 4748 1384 4791 causam
1428 4734 1604 4792 delati
1640 4738 1906 4809 probare,
1941 4743 2006 4795 ut

364 4816 612 4890 dixerat,
648 4819 1030 4892 nequivisset.

441 4905 733 4980 [Fanum]
769 4912 931 4968 Anno
963 4911 1036 4966 ab
1066 4909 1176 4968 inc.
1205 4911 1364 4967 Dom.
1393 4914 1514 4982 566,
1545 4912 1884 4981 Sigebertus
1915 4914 2020 4970 re-'

2118 4562 2343 4620 deberti
2369 4575 2571 4632 magna
2593 4562 3045 4618 christianorum
3067 4561 3451 4632 persequutio
3477 4561 3534 4617 in
3559 4563 3753 4636 Hispa-

2118 4651 2227 4708 niis
2258 4650 2408 4707 facta
2439 4655 2548 4706 est.
2584 4649 2658 4721 (ν,
2684 4652 2797 4723 35.)
2822 4649 3236 4720 Dysentericus
3259 4664 3495 4721 quoque
3519 4651 3750 4708 morbus

2117 4738 2332 4794 Gallias
2363 4738 2816 4810 praeoccupavit,
2843 4752 2956 4808 quo
2987 4737 3455 4808 ingravescente,
3475 4738 3753 4812 Chilperi-

2115 4841 2220 4884 cus
2234 4826 2465 4883 adultos
2479 4827 2596 4897 jam
2611 4830 2734 4882 tres
2745 4825 2898 4881 filios
2913 4838 3026 4881 uno
3037 4838 3187 4881 anno
3203 4823 3485 4896 perdidit;
3504 4831 3748 4898 quartus

2119 4915 2213 4985 qui
2249 4913 2560 4986 superfuit,
2587 4913 2816 4970 nomine
2839 4912 3182 4982 Clodoveus,
3207 4913 3433 4970 carceri
3470 4915 3753 4988 mancipa-

1728 5035 1962 5091 VARLE
2005 5036 2399 5093 LECTIONES.

435 5121 700 5182 “7snb—
737 5128 1040 5187 Teoderici
1079 5129 1999 5200 successitinmaryineadditur.

1946 5253 2166 5310 ΝΟΤᾸΞ.

437 5341 551 5419 (45)
584 5343 807 5419 Duplex
838 5346 967 5419 Vita
987 5347 1041 5401 S.
1069 5348 1334 5419 Praejecti
1367 5349 1540 5405 testis
1569 5355 1678 5419 est,
1699 5361 1829 5406 eum
1855 5349 2004 5407 Cbil-

367 5412 567 5485 dorico
601 5412 739 5484 rege
769 5415 1140 5474 interfectum
1170 5412 1298 5476 esse
1325 5419 1481 5476 circa
1514 5433 1544 5475 a
1575 5412 1702 5485 676,
1737 5425 1801 5476 ιιι
1829 5420 2000 5476 docet

364 5483 640 5610 glaa)billon
674 5483 818 5543 ’Act.
856 5485 949 5540 SS.
985 5500 1117 5544 saec.
1154 5489 1239 5554 Il;
1272 5492 1399 5546 Act.
1435 5490 1528 5546 SS.
1561 5483 1818 5561 Januar.,
1853 5495 1895 5546 t.
1929 5492 1997 5558 Il,

2185 5350 2298 5418 (ιδ)
2339 5350 2447 5425 rer
2472 5347 2839 5425 ruinis/9:6
2865 5348 3328 5425 αριρζίτιψηφιίδ
3346 5353 3752 5425 mamma.

2111 5420 2242 5544 vitula
2267 5418 2615 5546 1Avitus
2650 5418 2712 5476 in
2733 5419 2863 5478 Vita
2895 5418 3179 5476 SfBoniti
3212 5421 3336 5476 Act.
3363 5420 3462 5476 SS.
3495 5418 3756 5480 Januaré

2141 5529 2153 5543 .
2226 5532 2240 5559 ,
2428 5531 2440 5544 .
