3898 6336
143 309 248 376 125

1419 312 1917 384 CHRONICON.
1951 350 2030 364 --
2055 313 2211 381 LIB.
2257 317 2304 384 Ι.

3441 315 3556 385 126

146 455 262 520 tur,
295 452 354 508 et
389 449 648 511 factione
679 452 892 512 matris
925 451 1116 512 cultro
1153 469 1181 513 a
1240 459 1408 528 patre
1473 453 1797 528 perimitur.
1830 449 1886 513 A
1919 451 2070 526 apud
2105 455 2280 514 Deum
2339 455 2394 515 in
2452 454 2637 529 gloria
2706 462 2922 515 aeterna
2983 454 3252 528 fulgeret.
3308 453 3552 522 Quidam

147 538 565 598 Childebertus
589 557 699 599 rex
713 559 975 602 sororem
999 559 1158 603 suam
1184 543 1618 616 Herminigildo,
1645 545 1805 600 Wisi-

145 629 461 697 gotborum
518 632 684 701 regis
739 632 882 703 filio,
926 633 1188 704 tradidit,
1243 635 1412 706 cujus
1458 634 1692 690 hortatu
1747 637 1805 688 et

147 715 398 772 Leandri
425 719 793 791 Hispalensis
815 721 1073 794 episcopi
1099 722 1514 794 praedicatione
1541 721 1609 777 ad
1637 721 1803 776 fidem

148 804 373 862 Christi
387 821 722 866 conversus
738 814 848 865 est.
868 810 1154 882 [Faunae].
1172 813 1314 868 Post
1342 810 1631 866 Tiberium
1656 810 1806 864 Mau-

144 893 335 950 ricius
370 896 599 966 accepit
627 896 1004 968 imperium,a
1045 913 1158 968 quo
1189 899 1598 954 Cbildebertus
1644 897 1806 967 quin-

143 982 440 1052 quaginta
469 983 627 1040 milia
643 984 867 1042 solidos
881 987 1002 1043 auri
1034 987 1277 1057 accepit,
1307 990 1366 1042 ut
1397 985 1805 1056 Langobardos

139 1070 321 1126 italia
339 1071 878 1142 pelleret.lntravit
895 1089 1034 1144 ergo
1055 1075 1367 1144 ltaliam,ct
1384 1088 1584 1130 omnes
1598 1072 1804 1128 ditioni

141 1160 280 1229 ejus
299 1173 364 1214 se
388 1161 944 1232 subdiderunt,cum
972 1164 1185 1234 quibus
1208 1169 1263 1218 et
1281 1162 1590 1218 amicitiam
1619 1162 1806 1216 firma-

137 1248 254 1318 vit,
271 1248 764 1319 etglorioseinde
780 1265 1050 1309 reversus
1063 1252 1204 1322 est.(
1225 1253 1644 1324 VitaAgerici).
1666 1251 1804 1306 Cum

137 1351 298 1406 ergo
319 1337 607 1408 placitum
637 1344 698 1394 et
723 1345 1072 1397 conventum
1107 1341 1419 1398 multorum
1443 1340 1682 1396 Virduni
1711 1339 1806 1394 ha-

138 1425 295 1481 bere
333 1425 665 1496 debuisset,
699 1431 756 1483 et
792 1428 1021 1484 beatum
1049 1429 1199 1486 hunc
1233 1430 1559 1498 Agericum,
1596 1429 1666 1484 de
1691 1441 1803 1497 quo

139 1513 241 1582 agi
255 1518 380 1582 tur,
409 1513 746 1572 dilectionis
763 1520 820 1570 et
845 1518 1236 1573 venerationis
1251 1517 1614 1589 amplexibus
1631 1517 1806 1570 hono-

145 1615 212 1655 ra
223 1605 346 1670 ret,
366 1616 498 1658 eum
516 1604 782 1674 opsoniis
804 1605 1150 1660 necessariis
1167 1606 1396 1674 gravari
1419 1620 1528 1660 non
1554 1605 1800 1674 patiens,

135 1689 1453 1764 removitservitiinecessitatem,ctplacitum
1499 1691 1804 1749 transtulit

1915 544 2089 600 etiam
2120 547 2288 602 valde
2320 547 2552 610 nobilis,
2589 561 2718 604 cum
2745 561 2848 618 pro
2875 545 2999 601 suis
3025 543 3348 601 sceleribus
3368 557 3397 599 a
3415 557 3551 613 rege

1915 632 2032 689 vita
2069 635 2282 705 privari
2315 635 2638 703 debuisset,
2669 640 2728 690 et
2770 635 3046 706 precibus
3081 633 3234 689 beati
3269 631 3554 688 antistitis

1915 721 2177 777 salvatus
2211 728 2304 779 est
2339 724 2520 779 :unde
2546 724 2705 781 dedit
2741 723 2836 779 ille
2879 721 3227 778 Virdunensi
3281 719 3552 776 ecclesiae

1918 808 2169 866 alodium
2205 827 2370 869 suum
2405 818 2460 868 et
2494 813 2718 883 scripto
2748 811 3067 866 roboravit.

1989 899 2113 966 (Fol
2139 898 2266 963 46’.)
2295 901 2688 957 Guntramuus
2715 898 2784 932 ²¹⁸
2817 902 2964 955 Boso
2997 899 3112 954 dux
3155 912 3284 952 cum
3333 910 3551 952 exosus

1917 987 2132 1055 regina:
2151 988 2487 1058 haberetur,
2525 990 2702 1060 coepit
2738 1003 2838 1060 per
2853 987 3158 1058 episcopos
3193 989 3249 1040 et
3279 998 3554 1056 proceres

1916 1073 2330 1144 discurrere,ct
2364 1077 2586 1132 veniam
2605 1077 2926 1147 deprecari.
2961 1076 3324 1147 [Gnsc.Tun.,
3365 1090 3442 1129 ix.
3474 1073 3554 1144 8.]

1915 1162 2053 1216 Nam
2087 1178 2213 1218 cum
2249 1169 2406 1220 esset
2430 1165 2837 1220 Childebertus
2863 1163 3113 1233 juvenis,
3137 1162 3394 1232 reginam
3419 1176 3554 1217 con-

1916 1249 2156 1307 viciiset
2176 1252 2545 1324 improperiis
2565 1252 3075 1320 lacessebat,unde
3089 1257 3145 1306 et
3162 1266 3190 1306 a
3210 1249 3552 1318 regcjussus

1915 1341 2007 1392 est
2049 1341 2320 1409 persequi
2347 1360 2360 1406 ;
2383 1341 2620 1410 quicum
2644 1356 2703 1397 sc
2724 1346 2993 1396 cerneret
3017 1340 3070 1393 in
3102 1337 3438 1394 discrimine
3456 1351 3554 1407 po-

1916 1425 2113 1494 situm,
2151 1428 2470 1485 Virdunum
2510 1430 2696 1499 petiit,
2735 1434 2944 1500 putans
2980 1440 3079 1498 per
3104 1427 3334 1482 beatum
3361 1423 3554 1494 Ageri-

1915 1528 2065 1584 cum,
2086 1515 2182 1586 qui
2204 1521 2366 1586 pater
2389 1517 2506 1585 regi
2533 1522 2658 1572 erat
2683 1533 2751 1572 ex
2770 1516 3019 1584 lavacro,
3037 1531 3097 1571 sc
3124 1529 3293 1586 posse
3311 1513 3546 1582 salvari,

1919 1616 2022 1671 pro
2041 1617 2154 1672 quo
2171 1605 2596 1674 episcopusinti
2623 1619 2932 1661 rccssurus
2947 1605 3015 1659 ad
3035 1617 3229 1672 regem
3245 1604 3545 1672 properat.

1919 1688 2082 1753 Quod
2107 1705 2234 1745 cum
2273 1707 2372 1746 rex
2389 1707 2600 1760 negare
2625 1694 2912 1763 nequiret,
2940 1693 3017 1747 ait
3045 1711 3058 1747 :
3089 1689 3554 1758 Veniat,etdatis

133 1776 214 1832 ad
253 1777 578 1834 Metensem
608 1779 928 1836 civitatem.
957 1783 1210 1851 Cumque
1243 1781 1624 1852 consequenti
1666 1786 1802 1834 tcm-
1833 1800 1888 1861 Β
1905 1775 2371 1848 ﬁdejussoribus
2391 1782 2456 1836 in
2463 1783 2793 1851 prasentia
2801 1782 3018 1852 patrui
3057 1781 3173 1836 mei
3211 1777 3550 1848 exequatwr

135 1879 296 1936 pore
327 1879 435 1937 per
458 1867 662 1924 urbem
698 1869 1405 1939 fecissettransitum,eta
1437 1875 1640 1926 sancto
1666 1882 1803 1940 pon-

135 1954 314 2010 titice
336 1955 589 2024 benigna
607 1961 768 2013 esset
785 1961 1091 2028 susceptus
1107 1957 1436 2026 dulcedine,
1471 1957 1802 2015 humanitas

137 2057 398 2114 quoque
434 2043 746 2115 hospitalis
771 2046 824 2101 ei
855 2046 1192 2103 exiberetur
1215 2062 1344 2104 cum
1369 2049 1523 2104 omni
1574 2061 1712 2103 cura
1745 2050 1800 2101 et

133 2131 586 2202 sollieitudine,
615 2133 668 2187 in
697 2133 823 2204 ipso
849 2135 1074 2190 fervore
1100 2136 1274 2204 regiae
1307 2135 1613 2192 servitutis
1644 2149 1805 2191 acce-

133 2220 300 2276 dens
335 2219 412 2275 ad
437 2233 565 2276 eum
591 2234 910 2278 econcmus
944 2237 1134 2280 rerum
1159 2239 1391 2281 suarum
1421 2222 1802 2288 universalis;

135 2310 232 2364 Et
249 2309 315 2366 si
337 2309 495 2377 alia,
525 2309 730 2379 inquit,
749 2310 996 2366 Domine
1001 2313 1374 2382 providendo
1405 2312 1801 2381 abundamus,

131 2397 362 2453 vinum
383 2397 782 2468 utmajestati
801 2399 983 2468 regite
1009 2399 1185 2467 decet,
1244 2401 1480 2458 enitere
1509 2414 1624 2456 non
1671 2413 1808 2472 p08-

135 2497 388 2553 smmts,
413 2487 568 2555 quia
585 2487 810 2555 prata
837 2488 1231 2558 easmedium,
1257 2490 1416 2560 quod
1459 2490 1641 2547 tonna
1679 2488 1808 2544 eul-

135 2573 402 2642 gariter
426 2572 675 2640 dicitur,
702 2574 895 2632 nichil
913 2575 1376 2634 habemus.Tunc
1405 2577 1493 2632 vir
1535 2575 1633 2634 Dei
1665 2577 1719 2631 in
1747 2590 1807 2631 re

144 2674 451 2732 corporea
484 2662 875 2733 augustiatus,
902 2663 998 2720 sed
1022 2665 1200 2721 corde
1225 2665 1278 2720 in
1322 2666 1560 2723 Domino
1609 2665 1810 2721 dilata-

141 2753 272 2804 tus.
308 2749 475 2820 Noli,
504 2749 606 2820 ait,
632 2749 1040 2822 desperatione
1055 2755 1432 2824 languescere
1475 2753 1582 2811 sed
1642 2754 1810 2827 affer

141 2837 312 2894 mihi
343 2835 418 2893 de
438 2837 637 2894 eodem
660 2839 893 2909 liquore
910 2844 1151 2911 :potens
1172 2843 1263 2900 est
1277 2845 1438 2900 Deus
1491 2843 1812 2901 tristitiam

146 2925 491 2997 parvitatis
509 2926 734 2984 nostra
753 2928 817 2984 in
827 2929 1123 2998 gaudium
1143 2930 1529 2988 abundantiae
1563 2943 1816 2988 commu-

151 3015 312 3071 tare.
336 3012 811 3085 (Fol.47.)Dixit,
837 3021 893 3072 et
921 3017 1097 3074 allato
1140 3019 1250 3075 sibi
1341 3019 1474 3076 vino
1514 3017 1809 3090 paululum

154 3103 420 3173 sorbuit,
453 3107 513 3158 et
541 3103 614 3159 ad
645 3103 808 3160 celos
839 3105 1042 3162 oculos
1072 3106 1700 3178 sublevanszpomine,
1732 3107 1812 3163 in-

157 3191 316 3261 quit,
336 3205 442 3248 oro
463 3192 534 3248 ut
539 3193 671 3264 ﬁat
709 3193 892 3250 istius
915 3194 1045 3251 cini
1094 3196 1506 3268 ampliﬁcatio.
1556 3199 1811 3266 Cumque

155 3279 356 3352 ipsius
383 3285 686 3352 precepto
701 3279 1015 3338 refudisset
1035 3281 1176 3339 illud
1218 3283 1272 3338 in
1289 3297 1428 3340 vase
1449 3284 1808 3356 supradicto,

153 3369 324 3441 cepit
343 3369 800 3441 vinumcopiose
816 3369 1156 3442 ministrari,
1190 3372 1348 3444 cepit
1377 3372 1814 3444 ecpioseafllue-

155 3469 243 3519 re,
272 3461 332 3512 et
360 3462 583 3526 quanto
603 3456 854 3529 amplius
868 3459 1226 3515 vacuabatur
1257 3460 1327 3516 ad
1352 3459 1578 3517 libitum
1618 3460 1815 3516 biben-

165 3544 313 3600 tium
332 3543 835 3614 efl‘erendo,tanto
854 3546 1034 3616 magis
1047 3549 1372 3618 augebatur
1392 3548 1815 3617 Creatorisjus—

169 3644 238 3688 su
254 3635 318 3688 et
337 3631 562 3688 virtute
585 3633 684 3689 red
695 3633 984 3690 undando.
1004 3635 1242 3690 Poterat
1259 3650 1504 3706 namque
1517 3636 1672 3693 istud
1687 3637 1816 3691 Om-

161 3719 571 3792 nipotens,qui
588 3720 659 3776 de
673 3735 822 3791 aqua
839 3721 1029 3778 vinum
1048 3723 1263 3780 fecerat
1284 3725 1339 3779 in
1355 3725 1543 3780 Chana
1559 3724 1812 3795 Galileae,

162 3811 404 3878 poterat
421 3811 480 3864 et
506 3808 580 3864 de
598 3807 732 3864 vino
756 3809 850 3864 vin
862 3824 952 3864 um
983 3811 1170 3866 facere
1192 3811 1420 3868 sincera
1432 3812 1594 3870 verbi
1617 3818 1816 3884 peten-

160 3897 238 3952 tis
259 3900 319 3951 et
342 3895 586 3952 indubia
612 3895 904 3964 fide.Quid
926 3897 1089 3969 plura
1106 3899 1130 3953 ?
1147 3900 1426 3956 Biberunt
1449 3905 1510 3958 ut
1536 3901 1815 3970 Galli,nec

161 3989 290 4040 erat
319 3997 598 4041 mensura
626 3985 682 4040 in
715 3986 1032 4056 eroganda.
1059 3987 1254 4045 Multis
1299 3989 1507 4046 diebus
1531 4004 1630 4046 vas
1670 3989 1814 4047 illud

163 4074 458 4130 vinarium
488 4074 684 4130 conati
709 4080 1130 4145 suntvacuare,
1155 4081 1211 4132 et
1238 4076 1661 4147 quodammodo
1686 4079 1815 4134 vina

173 4161 488 4218 infundere
519 4161 894 4232 videbantur,
920 4162 1050 4219 dum
1065 4163 1335 4221 eﬂ‘usioni
1360 4164 1816 4224 instarent.Cre—

163 4253 365 4308 scebat
397 4249 621 4306 modica
654 4250 988 4308 benedictio
1011 4251 1208 4309 multis
1231 4254 1592 4324 vorantibus,
1627 4256 1816 4313 etDeo

166 4341 500 4412 imperante
529 4336 762 4394 modum
794 4342 1016 4396 naturae
1045 4342 1381 4412 superabat.
1420 4341 1502 4397 Ad
1545 4341 1812 4400 ultimum

167 4428 332 4506 finito
362 4425 631 4496 servitio,
659 4425 1086 4486 necimminuto
1100 4427 1252 4498 vino,
1281 4443 1381 4485 rex
1395 4429 1672 4486 miraculo
1696 4435 1816 4488 stu-

1905 1866 2230 1936 judicium.
2252 1869 2700 1937 Adductuscrgo
2714 1875 2768 1925 et
2803 1871 2978 1926 armis
3001 1869 3254 1925 nudatus
3273 1870 3339 1920 et
3357 1878 3552 1920 coram

1917 1969 2052 2023 rege
2078 1961 2410 2026 prostratus
2430 1971 2458 2011 a
2478 1962 2633 2012 terra
2651 1958 2849 2026 jussus
2865 1963 2954 2014 est
2976 1971 3236 2027 surgere,
3257 1959 3314 2010 et
3351 1958 3554 2010 sancto

1915 2043 2208 2098 sacerdoti
2237 2045 2501 2114 usquead
2526 2046 2890 2116 praesentiam
2914 2045 3250 2101 Guntramni
3274 2047 3365 2101 est
3397 2057 3554 2098 com-

1916 2131 2145 2188 missus.
2184 2132 2281 2202 (ιχ,
2317 2135 2394 2204 9.)
2427 2135 2560 2189 Post
2599 2135 2721 2190 haec
2755 2133 3303 2190 Childebertuscum
3341 2136 3548 2199 matre,

1915 2233 2119 2275 sorore
2151 2225 2208 2275 et
2223 2221 2466 2290 conjuge
2492 2221 2545 2275 in
2564 2237 2872 2278 occursum
2899 2221 3088 2293 patrui
3113 2221 3366 2277 festinat.
3408 2217 3540 2285 Qui-

1919 2307 2025 2362 bus
2055 2309 2383 2378 conjunctis
2414 2315 2806 2380 przcscntatur
2835 2316 2893 2366 et
2954 2311 3346 2366 Guntramnus
3397 2309 3542 2362 Boso

1917 2397 2137 2467 absque
2163 2399 2338 2457 ullius
2366 2401 2720 2468 defensione,
2749 2401 2883 2470 quia
2917 2399 2995 2455 sic
3026 2400 3376 2454 convenerat
3392 2410 3556 2451 sanc-

1916 2487 2014 2540 tus
2029 2487 2359 2559 episcopus:
2381 2491 2695 2560 episcopus
2711 2503 2846 2544 vero
2863 2486 3158 2543 remansit.
3178 2484 3287 2540 Sed
3308 2498 3437 2540 cum
3458 2482 3556 2539 ille

1917 2589 2024 2644 pro
2057 2575 2308 2632 diversis
2340 2577 2720 2634 facilitatibus
2746 2574 3458 2648 culpabilisjudicaretur,
3478 2572 3550 2627 ad

1920 2663 2272 2719 mansionem
2301 2665 2560 2736 episcopi
2583 2665 2861 2732 confugit.
2888 2665 3012 2731 Quo
3035 2678 3164 2720 cum
3207 2677 3337 2718 cum
3374 2661 3550 2717 inter-

1921 2748 2176 2807 fectores
2193 2752 2654 2822 insequerentur,
2681 2757 2737 2808 et
2755 2753 2852 2808 ille
2876 2769 2906 2808 a
2921 2753 3045 2808 viro
3067 2755 3270 2808 sancto
3291 2748 3464 2806 avelli
3491 2760 3554 2804 se

1919 2853 2030 2893 non
2067 2843 2386 2908 pateretur,
2423 2840 2614 2896 nuncii
2639 2839 2898 2896 etiamad
2930 2853 3123 2907 regem
3154 2837 3312 2893 missi
3338 2837 3410 2892 ab
3435 2836 3556 2905 epi-

1920 2927 2538 2998 scopointercessores
2556 2928 2870 2984 abbateset
2891 2925 3089 2982 clerici
3129 2939 3242 2980 non
3287 2923 3557 2980 audiren-

1922 3018 2038 3084 tur,
2059 3015 2226 3084 jussu
2247 3016 2583 3072 Guntramni
2609 3016 2962 3086 injectusest
2982 3013 3132 3084 ignis
3156 3011 3349 3068 domui
3379 3001 3554 3080 illi,ut

1921 3104 1967 3158 si
1997 3104 2525 3176 episcopusrgrcdi
2583 3103 2784 3173 nollet,
2811 3102 3026 3174 pariter
3075 3101 3554 3157 concremaretur

1923 3192 2046 3262 (F01
2069 3195 2153 3250 47.
2177 3195 2194 3255 )
2225 3193 2389 3258 Quod
2413 3192 2718 3248 audientes
2740 3191 3022 3259 clerici,et
3042 3189 3284 3246 effracto
3297 3186 3452 3244 ostio
3473 3199 3568 3242 sa-

1922 3281 2217 3338 cerdotem
2241 3281 2502 3350 ejiciunt.
2529 3279 2910 3336 Miserautcm
2935 3277 3052 3346 ille,
3085 3290 3294 3334 cumse
3327 3274 3555 3331 videret

1926 3368 2168 3425 ﬂammis
2207 3369 2421 3439 urgeri,
2457 3367 2799 3438 demumquc
2817 3365 3016 3435 egredi
3040 3367 3323 3434 tentaret,
3361 3376 3560 3420 susce-

1924 3462 2062 3528 ptus
2091 3459 2162 3514 ab
2185 3457 2448 3514 hostibus
2471 3456 2816 3511 interfectus
2837 3458 2948 3516 est;
2984 3453 3138 3524 quod
3182 3451 3426 3508 multum
3471 3465 3563 3507 sa-

1926 3547 2138 3604 cerdos
2159 3545 2365 3602 doluit.
2393 3545 2490 3616 (rx,
2520 3545 2630 3614 12.)
2655 3545 2792 3600 Cum
2815 3549 3006 3598 autem
3023 3541 3256 3612 quidam
3279 3539 3350 3596 de
3392 3538 3554 3610 regni

1925 3635 2284 3707 primoribus
2305 3632 2375 3688 de
2401 3636 2586 3688 morte
2602 3646 2820 3701 regum,
2847 3630 3041 3702 patrui
3057 3628 3282 3686 scilicet
3303 3633 3363 3682 et
3385 3641 3560 3698 nepo-

1925 3721 2405 3792 tis,tractassent,
2430 3725 2488 3775 et
2511 3719 2856 3790 deprehensi
2911 3717 3408 3785 interficerentur,
3443 3715 3568 3786 qui-

1927 3812 2056 3868 dam
2079 3825 2279 3866 eorum
2307 3806 2680 3864 Bertefredus
2694 3805 2924 3862 nomine
2947 3805 3018 3861 ad
3034 3805 3238 3861 urbem
3251 3801 3570 3859 Virdunen-

1929 3900 2078 3956 sium
2117 3895 2398 3965 confugit.
2430 3894 2554 3960 Quo
2607 3892 3052 3962 insequentibus
3095 3889 3560 3947 adversariist-

1927 4001 2079 4043 mnm
2111 3983 2461 4051 ecclesiaa,in
2487 3995 2595 4052 qua
2611 3979 3082 4051 eratepiscopus,
3107 3981 3166 4034 et
3191 3990 3360 4047 quam
3383 3980 3443 4032 et
3465 3975 3566 4034 ille

1927 4073 2286 4142 confugerat,
2313 4069 2578 4126 exercitu
2599 4067 2836 4137 vallant,
2871 4070 2928 4121 et
2971 4065 3360 4122 asdendentes
3379 4077 3556 4136 super

1929 4158 2394 4230 tectum,tegulis
2417 4164 2478 4214 et
2493 4156 2754 4213 materiis
2777 4155 2919 4212 tecti
2943 4153 3242 4211 illidentes
3258 4152 3566 4210 interfece-

1928 4255 2062 4307 runt
2083 4248 2242 4304 illum
2271 4261 2401 4304 cum
2433 4246 2624 4303 tribus
2651 4244 2864 4318 pueris.
2890 4243 3131 4320 Multum
3149 4257 3222 4299 ex
3244 4243 3351 4298 hoc
3373 4240 3563 4298 doluit

1927 4340 2170 4395 sanctus
2192 4336 2524 4408 episcopus,
2551 4333 2705 4404 quod
2729 4348 2842 4390 non
2883 4333 3068 4390 solum
3101 4345 3230 4388 eum
3254 4329 3565 4387 defensare

1926 4439 2037 4482 non
2068 4423 2258 4497 potuit
2290 4438 2488 4480 verum
2503 4422 2679 4478 etiam
2702 4421 2894 4478 locum
2918 4435 3032 4492 quo
3055 4433 3226 4477 orare
3249 4431 3566 4476 consueve-

167 4496 751 4590 pefactus,episcopo
779 4514 1135 4582 humiliatus,
1153 4496 1326 4572 Deum
1350 4517 1403 4572 in
1429 4517 1558 4589 ipso
1579 4533 1816 4576 venera-
1844 4496 1896 4558 Ῑ)
1928 4496 2144 4580 rat,ubi
2165 4516 2226 4568 et
2249 4511 2485 4584 pignera
2507 4514 2842 4566 sanctorum
2877 4509 3058 4564 multa
3109 4507 3554 4577 aggregaverat,

165 4604 511 4675 tus,regiam
528 4602 794 4660 ostendit
817 4601 1236 4674 largitatem,et
1249 4604 1345 4674 qui
1361 4605 1598 4662 virtutis
1619 4606 1814 4664 vinum

169 4693 415 4762 biberat,
443 4691 716 4749 vineaset
765 4691 1176 4762 possessiones
1195 4707 1267 4748 ex
1289 4707 1487 4750 amore
1536 4701 1592 4749 et
1645 4693 1816 4752 devo-

171 4782 322 4838 tione
343 4780 610 4853 episcopi
637 4777 909 4836 ecclesiae
925 4779 1160 4851 cptulit,
1189 4794 1334 4851 quas
1355 4786 1408 4836 et
1436 4795 1620 4852 usque
1642 4781 1812 4839 hodie

167 4868 472 4941 privilegio
495 4871 553 4924 et
592 4867 876 4938 deinceps
905 4868 1260 4924 auctoritate
1287 4868 1486 4925 stabili
1529 4870 1808 4941 possedit.

171 4957 310 5014 Sane
333 4956 578 5014 virtutis
601 4955 805 5012 vinum
843 4967 944 5024 per
965 4955 1278 5026 praesulem
1339 4960 1605 5013 sanctum
1624 4972 1654 5014 a
1701 4959 1816 5016 Deo

168 5045 439 5102 virtutum
456 5043 582 5116 regi
605 5047 666 5100 et
683 5041 1002 5099 comitibus
1014 5044 1390 5116 propinatum
1403 5043 1579 5101 corda
1605 5045 1812 5104 devota

169 5133 354 5208 populi
379 5133 528 5191 adeo
553 5137 706 5190 tunc
725 5130 1011 5200 temporis
1031 5131 1378 5202 lastiilcavit,
1401 5137 1464 5188 ut
1480 5132 1678 5190 inloco
1701 5148 1814 5204 quo

170 5224 322 5295 copia
354 5239 428 5280 ex
461 5216 892 5278 benedictione
905 5220 1286 5291 produxerat,
1308 5218 1493 5276 altare
1515 5225 1816 5278 construe-

169 5317 302 5385 rent,
356 5310 648 5388 quatinus
706 5305 1035 5376 hujusmodi
1085 5309 1258 5378 signo
1302 5307 1516 5365 saecula
1567 5312 1812 5366 ventura

155 5404 480 5472 noscerent,
501 5398 690 5469 cujus
705 5392 904 5450 meriti
925 5395 1272 5454 excellentia
1301 5395 1508 5452 beatus
1531 5397 1814 5466 Agericus

1926 4603 2172 4659 humano
2193 4600 2473 4669 sanguine
2497 4596 2856 4670 polluividit.
2873 4596 3046 4653 Multa
3073 4609 3209 4652 vero
3233 4593 3568 4650 Childeber-

1925 4694 2021 4747 tus
2043 4703 2280 4745 munera
2305 4686 2480 4756 misit,
2505 4691 2570 4742 ut
2597 4700 2628 4742 a
2661 4697 2908 4740 maerore
2931 4685 3253 4750 revocaret,
3287 4679 3391 4736 sed
3423 4692 3558 4736 con-

1925 4779 2104 4836 solari
2125 4791 2232 4834 non
2266 4775 2476 4846 potuit.
2504 4775 2602 4844 (IX,
2625 4775 2741 4844 23.)
2771 4773 2981 4828 Verum
3016 4771 3308 4827 diuturnae
3357 4765 3562 4823 amari-

1922 4867 2147 4924 tudinis
2179 4877 2426 4920 mocrore
2448 4861 2708 4932 graviter
2739 4863 3026 4928 aegrotare
3065 4855 3262 4926 coapit,
3308 4866 3560 4926 praeser-

1925 4955 2026 5012 tim
2059 4958 2250 5011 autem
2280 4947 2618 5007 Guntramni
2651 4946 3006 5003 flliossecum
3057 4943 3316 5001 retinens
3375 4944 3567 5014 quoti-

1925 5043 2017 5100 die
2040 5042 2184 5098 flens
2208 5040 2342 5098 illos
2362 5037 2469 5094 sibi
2504 5036 2610 5093 soli
2646 5033 2890 5090 relictos
2917 5033 3228 5106 orphanos.

1995 5130 2166 5200 (Vita
2193 5121 2802 5199 Agerici.)Trausibat
2831 5119 3147 5193 aliquando
3177 5118 3271 5176 hic
3321 5125 3564 5179 sanctus

1924 5233 2028 5292 per
2042 5217 2344 5274 civitatem
2364 5211 2912 5280 Laudunensium,et
2925 5224 3063 5268 ecce
3079 5207 3308 5266 obviam
3323 5209 3435 5266 sibi
3456 5209 3567 5266 fuit

1925 5306 2159 5380 quidam
2185 5301 2424 5358 manicis
2448 5301 2696 5380 strictus
2717 5301 2778 5355 et
2799 5299 3201 5372 compedibus,
3217 5295 3312 5352 cui
3335 5300 3563 5354 tortore

1927 5379 2432 5468 praeeuntcarcere
2446 5379 3562 5458 aperiebaturobscurus.(Fol.47’.)lbat

1525 5492 1761 5549 VARIAE
1801 5489 2199 5550 LECTIONES.

201 5600 266 5636 ’³⁸
296 5599 730 5657 Guntramnus
759 5617 836 5628 —
865 5589 1156 5662 orphanos
1183 5589 1254 5650 in
1272 5587 1673 5660 margine/ot.
1709 5592 1778 5648 46
1804 5592 1860 5648 σι
1891 5589 1978 5646 47.
