3898 6330
125 361 221 426 129

1359 357 1857 427 CHRONICON.
1891 396 1969 411 -~
1999 364 2132 427 LIB
2161 365 2206 428 Ι.

3359 379 3472 440 130

119 491 280 552 sancti
306 491 551 564 Hartini,
580 492 652 551 de
673 489 838 551 Italia
860 490 1020 551 venit
1043 491 1100 550 in
1126 491 1386 562 Galliam,
1404 497 1464 550 et
1487 492 1722 550 fuititer
1749 495 1808 556 A
1836 495 2121 566 Dogmate
2167 497 2370 556 divino
2386 499 2618 571 praeui
2625 499 2902 572 facunde
2937 500 3327 575 triumphans,

119 581 256 640 illius
280 597 376 654 per
404 582 743 640 Virdunum.
775 581 954 649 Quem
974 581 1310 653 epiSCOpus,
1328 582 1421 638 cui
1450 581 1538 638 lex
1555 595 1724 638 cano-

119 671 227 728 nica
250 671 408 740 jubet
437 685 640 727 omnes
670 669 984 742 suscipere,
1021 670 1266 740 benigne
1307 671 1590 740 suscepit,
1625 671 1727 726 hu-

121 770 263 814 mane
289 757 544 826 servivit,
579 762 640 813 et
667 758 894 814 viscera
927 771 1104 829 super
1131 772 1261 814 eum
1293 757 1482 813 totius
1513 756 1728 813 sancti-

118 845 238 901 tatis
249 850 304 901 et
319 844 559 916 pietatis
572 859 682 916 pro
693 845 1118 902 consuetudine
1131 859 1236 900 sua
1253 846 1399 901 bona
1427 843 1722 916 patefecit.

117 936 177 988 At
203 933 290 989 ille
319 932 844 989 remunerationem
868 932 1132 1002 cogitans
1161 948 1264 1003 pro
1291 933 1579 990 servitute
1601 945 1728 988 sus.

115 1025 279 1092 cepta,
294 1035 420 1076 cum
435 1024 576 1077 voto
595 1019 1082 1092 expleto.(Bnnr.)
1101 1021 1378 1076 Pictavim
1403 1017 1728 1076 rediensibi

116 1108 393 1178 habitaret,
427 1113 818 1166 consecratus
869 1108 922 1164 in
970 1109 1386 1179 presbiter-um,
1421 1113 1482 1163 et
1510 1111 1646 1178 post
1674 1105 1728 1162 in

115 1195 344 1266 ejusdem
393 1196 560 1252 urbis
607 1195 972 1267 episcopum,
1027 1200 1087 1250 et
1135 1198 1291 1251 esset
1342 1195 1552 1252 doctus
1605 1199 1731 1251 arte

112 1283 481 1353 grammatica,
513 1283 845 1355 composuit
878 1283 957 1339 ibi
988 1297 1221 1340 carmen
1255 1283 1308 1339 in
1342 1283 1512 1340 laude
1546 1282 1732 1353 ipsius

113 1369 438 1427 hexametris
497 1377 803 1442 comptum
863 1375 920 1427 et
983 1371 1365 1442 pentametris
1437 1370 1726 1438 versibus,

112 1473 238 1528 quos
264 1459 350 1515 hic
381 1459 742 1530 subjungcre
772 1474 964 1530 operm
1008 1458 1269 1530 precium
1320 1458 1612 1515 duximus.
1647 1458 1729 1513 Ita

108 1559 228 1616 ergo
255 1560 477 1604 carmen
515 1547 573 1602 id
609 1546 828 1604 dicitur
859 1565 874 1602 :

172 1647 310 1706 Urbs
339 1649 634 1718 Virduna,
653 1647 844 1706 brevis
856 1647 1134 1719 quamvis
1155 1647 1470 1704 claudaris
1491 1647 1557 1704 in
1576 1645 1729 1714 orbe,

168 1735 468 1808 Pontiﬁcis
497 1736 738 1794 meritis
767 1735 1142 1808 ampliﬁcata
1155 1734 1381 1806 places.

109 1821 288 1896 Major
313 1824 378 1882 in
405 1825 668 1896 angusto
683 1823 1022 1898 praefulget
1037 1823 1248 1894 gratia
1269 1837 1442 1894 gyro,

166 1914 418 1983 Agerice,
451 1913 614 1983 tuus,
650 1927 832 1986 quam
859 1913 1057 1982 magis
1087 1912 1271 1968 ausit
1291 1912 1492 1968 honor.

113 1998 366 2058 Plurima
390 2014 762 2072 magnarum
775 1999 1014 2074 fudisti
1043 1999 1273 2057 semina
1307 1998 1571 2068 laudum,

171 2087 297 2152 Quae
320 2090 567 2146 matura
597 2102 773 2160 apere
785 2087 1126 2162 fertilitate
1150 2089 1348 2146 metes.

116 2176 359 2248 Tempore
375 2178 680 2250 praesenti
705 2177 929 2234 victum
947 2177 1200 2247 largiris
1227 2177 1448 2247 egenis.

169 2263 318 2320 Unde
329 2265 566 2336 futura
599 2265 731 2322 dies
771 2262 1204 2334 centuplicabit
1227 2276 1381 2334 apes.

109 2351 390 2421 Dogmatis
415 2353 683 2410 archani
704 2365 938 2410 reseras
957 2351 1305 2424 penetralia
1329 2351 1546 2425 pastor
1573 2370 1594 2407 .-

167 2440 286 2498 Non
307 2442 500 2499 solum
529 2439 813 2513 dapibus,
834 2439 1043 2512 pascis
1069 2439 1128 2496 et
1167 2453 1267 2496 ore
1289 2453 1518 2510 greges.

119 2527 325 2600 Templa
349 2529 585 2588 vetusta
610 2541 819 2598 novas,
845 2527 1176 2598 preciosius
1204 2529 1260 2584 et
1309 2541 1462 2584 nooa
1509 2525 1734 2598 condis,

173 2615 396 2674 Dulcior
424 2618 521 2676 est
543 2617 796 2674 Domini
827 2617 880 2672 te
894 2615 1247 2687 famulante
1275 2614 1499 2673 domus.

118 2702 376 2776 Egregios
387 2706 605 2778 fontes
632 2705 798 2762 sacri
829 2703 1210 2776 baptismatis
1241 2704 1460 2775 exples,

181 2793 308 2850 Tam
321 2795 438 2866 pia
469 2793 682 2850 divino
696 2793 876 2865 fonte
900 2791 1162 2863 repletus
1191 2793 1350 2862 agis.

123 2876 371 2938 Candida
397 2881 638 2939 sincero
665 2879 881 2938 radiat
901 2879 1002 2937 hec
1046 2879 1196 2936 aula
1243 2893 1448 2936 sereno
1476 2897 1495 2934 .-

170 2967 316 3024 Etsi
342 2969 432 3026 sol
435 2967 693 3042 fugiat,
721 2967 822 3025 hic
844 2967 1051 3024 manet
1066 2967 1207 3024 arta
1229 2967 1374 3024 dies.

114 3051 194 3109 Ad
210 3067 348 3113 nova
378 3057 604 3128 templa
633 3055 813 3113 aeide
839 3055 1205 3113 concurrunt
1225 3055 1494 3126 undique
1511 3053 1734 3127 plebes,

169 3142 246 3198 Et
267 3142 483 3202 tribuis
502 3143 763 3216 populis
779 3144 926 3215 plus
957 3143 1024 3199 in
1047 3156 1243 3199 amore
1282 3145 1484 3198 Deum.

115 3228 181 3284 Te
198 3230 454 3288 solamen
472 3232 658 3302 inops
683 3231 920 3302 meruit,
948 3230 1003 3287 te
1027 3231 1225 3288 nudus
1256 3218 1556 3288 amictum.

167 3317 243 3374 Et
266 3318 425 3378 solus
453 3318 702 3377 cunctis
721 3319 902 3390 potus
947 3319 1008 3374 et
1043 3331 1177 3376 esca
1204 3308 1427 3374 manes.

114 3403 284 3475 Feliz,
307 3407 415 3478 qui
438 3407 692 3465 meritis
737 3406 967 3464 uternis
1014 3407 1166 3464 lucis
1202 3407 1455 3476 amator,

173 3493 434 3566 Tempora
451 3497 604 3568 jam
627 3493 857 3551 modico
891 3507 1009 3552 non
1050 3494 1348 3551 mortura
1381 3507 1595 3565 paras.

109 3577 319 3640 Phebus
347 3584 417 3640 ut
434 3582 672 3640 elatum
689 3581 1006 3653 suspendit
1025 3582 1093 3638 in
1113 3582 1318 3638 ethera
1339 3595 1598 3652 cursum,

167 3667 354 3728 Purus
380 3672 441 3727 et
460 3670 814 3743 igni/erum
853 3669 1096 3740 spargit
1120 3669 1344 3740 ubique
1360 3669 1553 3738 jubar
1581 3689 1600 3726 .-

109 3753 317 3827 Efusis
359 3759 574 3816 radiis
608 3758 793 3814 totum
822 3757 942 3815 sibi
969 3757 1256 3814 oen‘dicat
1280 3757 1492 3826 orbem,

173 3842 411 3918 (Pol.48’)
425 3845 686 3912 Montes,
691 3846 890 3916 plana
907 3845 1165 3916 replens,
1179 3847 1304 3902 ima
1317 3845 1550 3902 oelalta
1572 3845 1743 3903 tenet.

112 3929 210 3988 Sic
222 3935 444 4002 praeut
469 3932 796 4007 splendore
832 3933 1026 3990 animi
1061 3943 1193 3989 cum
1233 3933 1354 3990 sole
1407 3933 1744 4003 choruscas,

175 4019 280 4076 [lie
304 4021 431 4079 suis
458 4019 675 4079 radiis
689 4020 920 4092 fulget,
951 4021 1007 4076 et
1051 4021 1180 4090 ipse
1211 4019 1351 4090 tuis,

115 4106 338 4175 Agerice
360 4122 564 4180 sacer,
605 4109 783 4180 cujus
809 4121 1072 4165 sermone
1099 4107 1322 4164 colente

174 4194 442 4255 Ecclesiae
468 4196 704 4268 segetes
715 4195 1056 4268 fertilitate
1087 4195 1354 4268 placent,

121 4280 369 4343 Terrenis
395 4283 638 4343 sterilis
661 4282 861 4353 rebus,
876 4283 1138 4356 fecunde
1165 4282 1462 4355 supernis,

179 4369 394 4430 Cuncta
419 4372 664 4430 caduca
688 4385 936 4443 negans,
963 4371 1130 4429 dices
1172 4371 1333 4428 iture
1357 4371 1532 4442 polis.

117 4453 403 4519 Illeeebris
426 4460 717 4530 mundus,
749 4459 962 4517 mundi
993 4457 1226 4517 lasciva
1267 4460 1577 4530 repellens,

178 4545 282 4604 Nil
303 4549 402 4606 cui
428 4547 972 4620 subripuitcarnis
1001 4561 1249 4605 amarus
1277 4561 1460 4604 amor.

117 4631 348 4694 Lubrica
359 4638 556 4710 leuata
564 4634 752 4707 perit,
769 4647 958 4708 neque
971 4649 1130 4693 mors
1153 4635 1223 4692 de
1241 4636 1493 4694 crimine
1502 4635 1746 4708 gaudet,

180 4720 318 4780 Cum
341 4726 450 4783 tua
480 4724 724 4782 delictis
755 4722 946 4781 libera
986 4722 1233 4781 menbra
1276 4724 1460 4783 rides.

119 4805 186 4864 In
209 4810 434 4885 teniplis
454 4811 797 4870 habitando
819 4811 948 4882 piis
975 4813 1066 4870 sic
1080 4825 1278 4884 purus
1307 4811 1569 4883 haberis,

135 4926 140 4932 -
185 4897 256 4954 Ut
278 4901 382 4959 tua
407 4899 616 4971 corda,
637 4901 838 4972 pater,
869 4899 997 4958 sint
1014 4901 1126 4970 piu
1157 4901 1376 4972 templa
1405 4903 1535 4958 Dei.

118 4985 304 5058 Eligit
328 4989 397 5046 in
428 4990 551 5048 tali
579 5002 643 5046 se
674 4987 956 5046 Christus
995 5001 1138 5046 case
1161 4989 1436 5057 recondi,-

184 5077 366 5142 Quam
389 5077 517 5136 sibi
533 5076 850 5150 purgavit,
868 5075 1141 5149 possidet
1186 5077 1313 5147 ipse
1353 5077 1602 5135 domum.

123 5161 243 5221 Non
268 5165 438 5226 dolus
464 5167 538 5224 in
567 5162 693 5222 labi
721 5177 772 5233 s,
799 5177 918 5221 non
943 5165 1087 5223 sunt
1098 5165 1250 5238 fera
1277 5165 1490 5224 nubila
1513 5169 1754 5239 mentis,

181 5252 450 5314 Sinceris
469 5253 701 5312 animis
729 5253 946 5310 cernat
964 5253 1032 5310 in
1057 5266 1160 5310 ore
1186 5252 1330 5310 dies.

125 5337 530 5416 Doctiloquum
543 5341 782 5416 ﬁumen
808 5341 1056 5399 salienti
1066 5341 1246 5414 fonte
1279 5341 1584 5416 refundis,

187 5428 265 5486 Bt
283 5443 496 5490 sensus
516 5429 760 5490 steriles
785 5439 918 5489 tace
942 5429 1188 5502 rigante
1200 5429 1397 5502 fooes.

129 5515 318 5575 Ardua
345 5520 630 5578 calorum
647 5517 876 5590 pandis
925 5517 1203 5577 misteria
1245 5517 1443 5591 terris,

194 5602 302 5664 Per
327 5621 504 5680 quem
509 5605 665 5680 plus
687 5605 1004 5667 Dominum
1019 5606 1155 5678 scit,
1181 5606 1370 5679 timet,
1391 5610 1545 5681 orat,
1571 5611 1756 5672 amat.

1771 3191 1820 3254 C

1905 586 2032 643 Das
2049 587 2261 658 pastor
2297 587 2544 645 monitis
2569 603 2642 646 ne
2677 590 2920 660 premat
2957 604 3120 646 error
3176 606 3322 650 ores.

1833 672 2086 730 Deliciis
2103 675 2324 746 reﬁcis,
2349 690 2502 747 quas
2523 677 2730 745 celum,
2755 692 2928 748 arca,
2953 679 3115 734 unda
3135 681 3468 750 ministrat,

1905 761 1990 816 Et
2008 761 2472 834 saciatpopur'os
2503 763 2644 822 hinc
2671 764 2857 834 cibus,
2889 766 3028 822 inde
3054 767 3230 838 ﬁdes.

1832 848 2044 904 Sumit
2052 865 2289 921 pauper
2314 865 2492 922 opem,
2521 853 2719 910 tristis
2743 867 2921 924 spem,
2948 855 3146 912 nudus
3167 857 3470 922 amictum.

1909 936 2121 993 Omnia
2149 939 2453 1010 quidquid
2479 939 2662 998 habes
2687 941 2958 998 omnibus
2997 957 3121 1000 esse
3132 944 3324 1016 fucis.

1837 1025 1958 1080 Hic
1989 1023 2098 1079 tbi
2136 1025 2316 1096 longa
2359 1029 2530 1084 salus
2564 1029 2826 1098 maneat,
2861 1030 3005 1086 licet
3035 1032 3178 1088 inde
3203 1033 3470 1104 futura:

1909 1113 2102 1184 Atque
2131 1112 2237 1170 diu
2251 1117 2464 1186 pastor
2477 1131 2594 1187 pro
2616 1129 2798 1187 grege
2825 1119 2962 1175 eota
2973 1121 3208 1191 ferens.

1913 1291 2050 1346 Cum
2084 1291 2262 1360 igitur
2295 1293 2708 1363 prolongatum
2757 1296 2894 1352 vitae
2941 1296 3114 1366 hujus
3162 1297 3478 1356 incolatum

1843 1383 2087 1433 mortem
2119 1379 2551 1437 delectabiliter
2578 1388 2894 1452 expectans
2928 1383 3023 1440 diu
3057 1386 3482 1456 patientissime

1842 1465 2206 1536 pertulisset,
2224 1472 2279 1522 et
2307 1468 2534 1538 pondus
2566 1470 2899 1540 impositum
2929 1473 3041 1528 diei
3073 1480 3133 1528 et
3164 1481 3346 1530 aestus
3380 1490 3481 1547 spe

1843 1554 3030 1630 salutariinfatigabiliterdeportasset,et
3056 1561 3327 1620 lacrimas
3345 1579 3484 1634 quo-

1845 1656 1954 1712 que
1985 1643 2310 1698 crescentis
2331 1645 2547 1701 cotidie
2571 1647 2844 1702 desiderii
2869 1664 3049 1719 panes
3074 1651 3237 1707 bona),
3262 1666 3326 1707 ac
3351 1651 3482 1708 Ietae

1843 1731 2268 1786 consolationis
2292 1732 2612 1804 habuisset,
2631 1736 2834 1790 videns
2859 1737 3126 1793 inimicos
3148 1755 3285 1796 suos
3306 1741 3486 1796 victo-

1762 1845 1818 1906 B
1849 1818 1930 1874 ria
1967 1820 2238 1875 vitiorum
2273 1821 2594 1876 scabellum
2617 1823 2852 1901 ‘pedum
2905 1839 3160 1891 suorum,
3192 1828 3486 1896 gaudebat

1845 1907 2033 1963 anima
2065 1909 2192 1978 ejus
2225 1907 2278 1962 in
2312 1909 2571 1978 Domino,
2597 1916 2651 1964 et
2677 1911 2978 1966 exultabat
3011 1914 3257 1983 spiritus
3281 1915 3407 1984 ejus
3429 1915 3485 1971 in

1845 1997 1962 2051 Deo
1993 1995 2238 2052 salutari
2269 2011 2395 2052 suo.
2430 1997 2666 2054 Vincula
2719 2004 2966 2056 terrenae
3009 2001 3178 2056 molis
3227 2001 3488 2066 graviter

1847 2083 2235 2154 tolerabat,et
2255 2089 2472 2154 quanto
2492 2085 2714 2142 viribus
2737 2089 3003 2158 corporis
3026 2089 3482 2161 destituebatur,

1844 2175 2010 2228 tanto
2041 2172 2222 2242 magis
2249 2173 2580 2228 libertatem
2606 2175 2950 2244 promissam
2973 2177 3221 2248 amplius
3243 2177 3486 2233 sitiebat

1845 2273 1974 2316 cum
2004 2260 2272 2330 apostolo
2301 2260 2502 2317 dicens
2537 2281 2548 2315 :
2586 2263 2773 2332 U-upio
2803 2263 3068 2334 dissolvi,
3103 2266 3164 2321 et
3196 2279 3320 2323 esse
3356 2279 3490 2323 cum

1848 2347 2087 2404 Christo
2126 2348 2310 2404 multo
2339 2351 2536 2420 magis
2561 2351 2776 2408 melius
2807 2353 3152 2424 (Philippi,
3181 2359 3294 2422 23).
3323 2353 3487 2420 Quod

1845 2449 1952 2506 per
1978 2436 2276 2506 speculum
2308 2435 2361 2491 in
2395 2438 2683 2507 enigmate
2718 2440 2834 2510 jam
2884 2456 3058 2496 senex
3091 2455 3158 2497 ac
3187 2441 3486 2499 lassabun-

1847 2523 1956 2579 dus
1976 2525 2236 2594 tenebat,
2255 2525 2362 2580 hoc
2386 2526 2584 2581 videre
2608 2527 2850 2582 ardebat
2875 2543 2978 2599 per
3001 2531 3276 2599 speciem.
3298 2531 3492 2586 Bonus

1845 2617 2039 2668 autem
2063 2611 2337 2668 Dominus
2361 2614 2566 2669 messis
2587 2613 2894 2670 diﬂ‘erebat
2919 2617 3329 2686 succisionem,
3353 2617 3489 2688 quia

1847 2705 2234 2770 opportunam
2271 2707 2580 2756 noveratet
2599 2701 2944 2773 disponebat
2960 2705 3377 2761 maturitatem.
3400 2705 3490 2759 Vi-

1846 2786 2155 2843 derateum
2179 2787 2565 2860 ettadjnVcrat
2588 2789 2642 2844 in
2670 2791 2775 2845 hac
2799 2791 2984 2844 hieme
3009 2805 3216 2861 aspera
3244 2792 3492 2862 pernici-

1846 2879 1936 2930 ter
1948 2874 2499 2944 desudasse,ventos
2516 2878 2981 2948 temptationum,
2996 2879 3233 2948 pruinas
3247 2880 3488 2935 tribula-

1845 2963 2088 3032 tionum,
2115 2963 2828 3035 adustioncsvoluptatum
2854 2978 3188 3035 superasse,
3209 2973 3268 3020 et
3291 2966 3485 3036 provi-

1847 3049 1958 3105 dus
1989 3057 2322 3107 sanctarum
2355 3051 2637 3124 virtutum
2659 3053 2915 3122 agricola
2943 3055 3188 3108 fructum
3215 3053 3494 3124 multipli-

1849 3153 1972 3196 cem
1998 3145 2172 3196 terrm
2199 3141 2362 3195 bonae
2387 3140 2694 3196 differebat
2727 3141 3052 3209 succidere,
3073 3141 3492 3211 plenitudinem

1851 3227 2365 3298 ejusaccumulans
2392 3229 2446 3282 in
2469 3229 2770 3299 patientia.
2797 3228 3497 3300 Appropinquavitigitur

1851 3330 2097 3386 vespera
2131 3317 2354 3386 mortis,
2378 3323 2438 3372 et
2469 3319 2754 3388 gaudens,
2797 3333 2864 3373 ac
2900 3318 3334 3388 praeteritorum
3359 3332 3498 3388 quo-

1854 3403 2494 3474 dammodoimmemor,
2515 3406 2565 3460 in
2591 3406 2883 3464 anteriora
2901 3421 2962 3460 se
2977 3405 3330 3460 extendebat
3355 3420 3501 3476 prm-

1857 3502 2075 3563 parata:
2092 3492 2454 3562 pausationis
2478 3494 2776 3549 denarium
2799 3508 2830 3548 a
2871 3500 3034 3565 patre
3061 3493 3308 3548 familias
3328 3509 3496 3564 repo-

1857 3593 2026 3635 scens
2051 3584 2236 3649 pactae
2259 3595 2326 3636 ac
2350 3581 2448 3636 diu
2469 3588 2796 3652 expectata;
2821 3582 3126 3637 mercedis.
3149 3584 3268 3637 Non
3295 3581 3498 3637 fefellit

1855 3681 1986 3722 eum
2012 3666 2130 3736 (fol.
2160 3671 2272 3741 49.)
2301 3669 2423 3739 spei
2455 3682 2667 3726 ancora
2694 3671 2965 3727 omnibus
2999 3671 3162 3725 firma
3195 3670 3494 3741 periculis,

1857 3758 1914 3809 et
1947 3756 2164 3812 veritas
2195 3755 2264 3812 de
2295 3758 2698 3826 promissionis
2733 3759 3072 3814 umbraculo
3123 3758 3414 3830 processit
3443 3758 3500 3814 in

1859 3840 2066 3899 lucem.
2102 3845 2312 3899 Tactus
2343 3845 2493 3898 enim
2542 3845 2904 3914 digladiabili
2956 3851 3115 3900 sorte
3165 3851 3408 3913 natura,
3444 3849 3506 3900 et

1861 3934 2056 3987 sciens
2087 3931 2196 3986 sibi
2229 3933 2534 3986 discidium
2565 3933 2834 4002 corporis
2855 3938 2914 3987 et
2937 3934 3144 3988 animae
3166 3932 3503 4003 superveni-

1861 4033 1944 4088 re,
1971 4018 2271 4075 conlidens
2295 4019 2348 4073 in
2370 4021 2504 4089 Deo,
2523 4020 2618 4090 qui
2645 4025 2838 4091 potest
2858 4026 2918 4076 et
2937 4023 3183 4076 animam
3206 4028 3264 4077 et
3285 4034 3504 4091 corpus

1859 4107 2106 4178 perdere
2131 4111 2188 4161 et
2209 4107 2458 4177 salvare,
2485 4110 2792 4165 convocari
2813 4109 2990 4180 jussit
3015 4124 3216 4165 omnes
3239 4107 3505 4165 ecclesiae

1861 4209 1982 4250 suae
2021 4195 2168 4250 filios
2196 4201 2256 4251 et
2275 4197 2330 4250 in
2353 4197 2634 4254 mcclesim
2657 4198 2946 4270 meliores,
2973 4205 3030 4254 et
3052 4204 3332 4254 consueta
3354 4195 3507 4254 salu-

1861 4282 1940 4338 tis
1953 4282 2300 4339 documenta
2319 4285 2626 4356 replicans,
2647 4301 2825 4357 seque
2849 4288 2962 4343 illis
2977 4287 3411 4355 commendans,
3429 4285 3503 4343 ad

1861 4369 2127 4427 ultimum
2153 4370 2229 4426 ait
2264 4373 2458 4429 futura
2491 4377 2878 4444 pronuntians
2903 4395 2914 4430 :
2944 4377 3210 4434 Sabbato
3239 4375 3510 4446 venturo,

1862 4459 1982 4525 filii
1995 4460 2617 4534 harissimi,magnam
2627 4465 2833 4521 scitote
2828 4463 3512 4536 futuramserenitatem

1777 4540 1832 4603 D
1861 4549 2451 4608 cali..$'erenissimus
2463 4555 2619 4609 enim
2630 4553 2866 4610 sabbati
2879 4556 3168 4611 Dominus
3181 4553 3332 4608 mihi
3345 4563 3514 4606 seruo

1861 4651 1968 4696 suo
1975 4637 2154 4709 ﬁdeli
2179 4638 2543 4696 dabitsabbu
2554 4642 2676 4697 tum
2693 4643 3107 4714 requietionis,
3133 4642 3193 4696 et
3211 4639 3516 4710 pertesum

1865 4724 2065 4782 labore
2082 4740 2190 4784 seu
2207 4727 2439 4784 dierum
2459 4729 2644 4800 hujus
2662 4729 2869 4799 seculi,
2897 4729 2962 4786 in
2980 4729 3233 4801 septima
3263 4725 3395 4782 sine
3419 4737 3516 4780 oe-

1862 4827 2038 4886 spera
2060 4816 2220 4872 Omni
2243 4815 2441 4872 labore
2457 4817 2709 4873 liberum
2727 4815 3175 4888 transportabit.
3193 4815 3384 4870 Terra
3398 4813 3516 4883 igi-

1867 4903 1968 4959 ιτα
1997 4902 2200 4973 matri,
2231 4905 2391 4975 quod
2407 4919 2582 4962 suum
2604 4905 2694 4961 est
2709 4903 2817 4960 red
2834 4906 2972 4971 lite;
2991 4917 3132 4959 nam
3160 4903 3338 4972 Deus,
3385 4903 3519 4962 vita

1863 4993 2184 5063 mea,recip
2213 4993 2454 5064 et,quod
2466 4993 3300 5066 inspiravitinfaeiemmeam
3321 4983 3518 5063 spira:

1867 5082 2230 5138 culumoita.
2255 5083 2358 5138 Vos
2369 5081 2548 5138 etiam
2561 5081 3302 5154 obsecrojrutresmtnunc
3299 5093 3414 5153 pro
3424 5093 3524 5136 oo-

1869 5167 1959 5226 bis
1972 5167 2296 5239 sollicitus,
2315 5169 2386 5226 ut
2403 5183 2786 5242 numquama
2811 5171 3096 5226 memoria
3131 5171 3337 5228 oestra
3368 5183 3524 5226 rece-

1870 5255 2344 5329 dat,quisemper
2357 5257 2644 5329 etubique
2655 5258 2952 5316 vobiscum
2972 5261 3078 5328 est,
3102 5259 3411 5316 Dominus.
3432 5258 3525 5316 Di-

1869 5345 2040 5402 cebat
2066 5346 2188 5403 haec
2207 5347 2438 5418 aliaque
2463 5346 2772 5417 similia,et
2795 5346 2960 5418 quasi
2985 5347 3054 5404 ad
3080 5350 3295 5420 pascha
3323 5361 3525 5419 super-

1869 5439 2181 5491 venturum
2207 5449 2270 5491 se
2286 5451 2646 5508 praeparans,
2663 5436 2870 5493 sordes
2892 5442 2952 5493 et
2974 5436 3244 5507 contagia
3263 5435 3525 5493 circuns-

1869 5523 2653 5596 tantiumatquelugentium
2678 5539 2845 5583 sacra
2869 5531 2930 5584 et
2951 5525 3289 5583 multimoda
3313 5537 3528 5580 ammo-

1876 5610 2104 5671 nitione
2125 5611 2562 5684 uiuebatmunc
2581 5613 2656 5672 de
2675 5613 2770 5672 his
2792 5629 2924 5688 qua
2946 5611 3336 5688 relinquebat,
3351 5614 3530 5670 cast:-
