3898 6322
379 330 488 396 131

1327 332 1696 399 HUGONIS
1737 333 2090 398 ABBATIS
2130 333 2808 403 FLAVINIACENSIS

3661 339 3786 408 132

371 470 562 544 gando
593 469 900 530 retrahens
918 487 1068 530 nunc
1091 472 1160 530 ad
1187 488 1254 530 ea
1285 471 1356 529 ad
1381 488 1509 544 qum
1537 473 2014 544 transmigrabat,
2046 470 2101 532 A
2131 473 2294 530 solus
2325 474 2648 534 derelictus
2677 482 2786 534 est.
2809 478 2969 535 Hunc
3001 477 3342 538 Madelulfus
3373 481 3788 540 Silvanecten-

377 559 712 630 instigando
730 560 1056 631 impellens.
1077 561 1248 616 Venit
1271 563 1424 632 quod
1447 563 1797 632 praedixerat
1815 563 2018 619 sabba-

376 653 518 717 tum,
543 651 602 704 et
631 662 767 704 ecce
800 653 1040 718 repente
1073 649 1129 703 in
1161 649 1309 705 cella
1338 650 1432 706 ubi
1460 665 1598 720 eger
1623 651 2016 720 recumbebat,

377 735 616 792 auditur
656 735 1002 806 frequentia,
1037 736 1354 794 audiuntur
1399 753 1589 807 voces,
1627 754 1770 808 quas
1823 737 2018 806 lingua

377 821 608 880 edicere
639 837 744 880 nec
774 838 884 880 vox
916 827 1113 893 potest
1145 839 1417 880 resonare
1446 825 1792 881 mortalium.
1819 827 2020 881 Cesse-

379 916 514 967 runt
546 911 820 980 lacrimae,
855 914 1064 981 stupor
1095 915 1154 966 et
1181 913 1400 968 extasis
1428 927 1628 968 omnes
1659 912 1892 982 invasit,
1921 913 2018 968 mi-

378 998 578 1056 raculo
603 1003 660 1054 et
693 1003 918 1054 terrore
956 1013 1156 1058 omnes
1184 1003 1426 1055 tenuere
1458 1000 1773 1056 silentium.
1809 1000 2018 1056 Audie-

378 1087 592 1144 bantur
617 1087 871 1143 carmina
895 1102 1131 1143 sexuum
1157 1087 1500 1144 diversitate
1522 1089 1774 1152 diversa,
1790 1104 1896 1144 nec
1919 1089 2016 1159 qui

377 1179 574 1232 essent
602 1180 896 1242 cantores,
929 1174 1296 1245 corpulentia
1343 1177 1653 1232 tenebrosa
1701 1181 1761 1231 et
1795 1177 2016 1246 fragilis

376 1263 576 1320 videre
605 1262 976 1334 praevalebat.
1007 1265 1121 1318 Hoc
1144 1263 1422 1334 tripudio,
1448 1265 1553 1320 hac
1577 1264 1899 1335 simphonia
1922 1263 2017 1320 lae-

379 1350 524 1408 titiae
555 1351 710 1406 inter
741 1365 1126 1422 supernorum
1156 1351 1827 1420 civium‘exultationes,
1864 1352 2017 1406 inter

379 1453 581 1495 manus
609 1443 941 1494 sanctorum
973 1438 1310 1508 angelorum
1365 1439 1686 1494 dulcissimi
1723 1439 2016 1509 pontificis

377 1526 562 1584 anima
592 1527 663 1582 de
687 1526 1056 1598 corruptibili
1081 1541 1316 1583 carcere
1337 1531 1625 1597 exempta,
1648 1527 1827 1582 veluti
1849 1527 2015 1582 nivea

377 1615 645 1671 columba
677 1616 906 1671 cunctis
936 1613 1270 1671 videntibus
1290 1615 1564 1682 evolavit,
1595 1629 1838 1684 quorum
1862 1616 2014 1671 Deus

377 1702 598 1772 oculos,
633 1707 693 1759 ut
724 1702 918 1759 videre
967 1706 1352 1771 mererentur,
1387 1703 1637 1772 aperuit.
1671 1702 1752 1757 lbi
1784 1701 1922 1758 felix
1953 1708 2010 1760 et

2130 561 2213 618 sis
2243 562 2554 634 episcopus
2584 570 2759 622 noctu
2793 567 3085 638 sepelivit.
3109 569 3263 625 Obiit
3289 585 3340 626 a.
3365 574 3490 640 588,
3524 587 3780 628 anno....

2129 649 2486 706 Childeberti
2528 653 2630 708 ﬁlii
2672 653 2979 722 Sigeberti.

2205 738 2493 810 [Fanni-16.]
2527 743 2690 797 Anno
2723 741 2904 811 igitur
2924 743 2996 799 ab
3020 744 3130 801 inc.
3158 745 3296 801 Dom
3341 751 3464 816 593,
3491 755 3784 818 regnante

2129 826 2505 897 Guntramno,
2539 842 2688 884 anno
2723 830 2883 899 regni
2919 830 3005 887 sui
3046 835 3136 898 25,
3169 833 3293 903 ipse
3335 833 3584 891 domnus
3627 835 3786 892 Gun-

2127 916 2392 970 tramnus
2423 930 2521 972 rex
2553 916 2863 973 ecclesiam
2905 919 2962 974 in
2995 920 3277 976 suburbio
3311 921 3688 979 Cabiloncnsi
3724 924 3782 978 in

2129 1000 2344 1058 honore
2372 1005 2558 1059 sancti
2589 1004 2844 1062 Marcelli
2877 1006 3207 1078 aediﬁcavit,
3227 1023 3395 1078 quam
3435 1011 3618 1068 rebus
3653 1010 3786 1083 plu-

2129 1088 2292 1145 rimis
2325 1089 2554 1161 ditavit,
2585 1096 2642 1147 et
2671 1107 3034 1164 congregans
3067 1095 3346 1166 synodum
3380 1099 3781 1168 quadraginta

2127 1176 2552 1249 episcoporum,
2607 1181 2916 1238 monachos
2952 1182 3092 1238 inibi
3125 1197 3258 1240 esse
3292 1183 3560 1242 decrevit
3591 1185 3666 1242 ad
3698 1188 3783 1242 in-

2127 1269 2250 1320 star
2278 1268 2615 1323 monasterii
2652 1271 3032 1338 Agaunensis.
3070 1272 3324 1342 Cumque
3373 1274 3427 1328 ei
3481 1273 3781 1345 perlatum

2129 1351 2354 1423 fuisset,
2391 1356 2542 1424 quod
2579 1357 2760 1412 frater
2790 1372 2932 1414 suus
2989 1359 3392 1430 Chilperichus
3426 1362 3784 1420 interfectus

2129 1440 2356 1512 fuisset,
2377 1443 2520 1498 abiit
2542 1445 2823 1516 Parisius,
2847 1447 3203 1518 baptizatum
3229 1447 3408 1506 filium
3435 1449 3780 1522 Chilperici,

2127 1528 2355 1585 nomine
2388 1531 2764 1603 Clotharium,
2801 1534 2926 1606 ipse
2977 1534 3048 1591 de
3096 1536 3254 1592 fonte
3303 1539 3590 1610 suscepit,
3626 1545 3688 1595 et
3719 1541 3780 1596 in

2127 1633 2303 1687 regna
2336 1621 2521 1691 patris
2560 1623 2891 1679 constituit.

2198 1710 2360 1762 Anno
2390 1711 2458 1762 26
2490 1710 2653 1779 regni
2707 1711 2854 1780 ejus,
2892 1710 3046 1768 illius
3095 1714 3353 1772 nascitur
3391 1713 3782 1775 Childeberto

378 1793 546 1846 beata
579 1791 764 1846 anima
794 1789 934 1846 illud
963 1805 1135 1846 unum
1161 1790 1313 1859 quod
1336 1793 1388 1844 in
1413 1777 1716 1859 evangelio
1746 1789 2013 1846 Salvator
2042 1813 2096 1872 Β
2125 1777 2582 1867 Theodebertus,
2613 1803 2669 1854 et
2699 1777 2849 1856 anno
2880 1802 3146 1872 sequenti
3181 1803 3590 1862 Theodericus.
3625 1806 3782 1863 Gun-

374 1878 543 1935 docet
567 1878 979 1947 necessarium,
1006 1879 1078 1932 ab
1101 1877 1302 1932 eodem
1325 1878 1562 1934 Domino
1591 1879 1925 1948 perenniter
1953 1883 2012 1934 et

376 1966 626 2022 feliciter
657 1966 882 2036 recipit.
921 1965 1118 2033 (Gneo.
1155 1967 1308 2035 Tur.,
1342 1981 1418 2034 ix,
1453 1969 1567 2037 23.)
1621 1965 1774 2022 Obiit
1823 1970 2014 2023 autem

371 2069 480 2124 pro
503 2053 639 2123 illis,
658 2058 721 2109 ut
743 2065 920 2123 supra
945 2052 1216 2122 diximus,
1233 2053 1430 2109 causis
1451 2053 1856 2110 amaritudinis
1881 2055 2015 2110 felle

371 2141 997 2212 adgravatus,maxime
1013 2140 1202 2195 inedia
1217 2155 1454 2196 consum
1467 2142 1903 2210 ptus.Curatum
1922 2147 2013 2197 est

371 2243 510 2286 sane
525 2227 877 2299 corpusejus
897 2227 1353 2283 sacratissimum
1377 2227 1466 2297 pia
1496 2225 1746 2282 ﬁliorum
1771 2228 2014 2296 diligen-

372 2316 718 2386 tia,etjuxta
737 2315 923 2385 patris
945 2314 1147 2369 ultima
1164 2320 1454 2384 praecepta
1480 2319 1656 2370 terra:
1682 2315 2011 2372 mandatum

374 2403 432 2459 in
466 2401 728 2459 :ecclesia
757 2401 946 2457 sancti
979 2401 1224 2456 Andreae
1252 2404 1309 2456 et
1343 2401 1496 2456 beati
1529 2403 1753 2456 Martini
1785 2404 2012 2461 nomine

373 2495 738 2548 consecrata.
765 2489 872 2546 Ubi
896 2487 1122 2544 meritis
1145 2487 1271 2556 ejus
1300 2494 1358 2544 et
1389 2489 1666 2558 precibus
1689 2492 2012 2546 exuberant

374 2578 567 2634 divina
601 2577 900 2646 beneﬁcia,
930 2581 1288 2646 cunctosque
1343 2577 1441 2632 Dei
1488 2577 1754 2633 medetur
1800 2579 2006 2649 pietas.

371 2665 681 2736 Requievit
715 2669 906 2721 autem
940 2678 1135 2720 mense
1162 2665 1526 2735 Decembrio,
1553 2665 1646 2721 die
1679 2667 1888 2737 primo,
1915 2668 2012 2737 qui

371 2759 500 2811 erat
530 2752 655 2809 dies
685 2752 929 2810 sabbati.
966 2751 1365 2809 Annunciatus
1393 2758 1486 2808 est
1518 2755 1590 2809 ab
1622 2754 1828 2824 angelo
1861 2769 2010 2812 anno

371 2843 444 2899 ab
473 2843 584 2898 inc.
620 2843 775 2896 Dom.
811 2844 932 2909 518,
969 2843 1138 2895 natus
1169 2844 1302 2911 post
1333 2841 1644 2897 triennium
1685 2857 1734 2898 a.
1769 2847 1891 2912 521,
1923 2858 2012 2899 or-

370 2930 606 2986 dinatus
639 2930 694 2984 in
724 2928 1055 3000 pontificem
1109 2942 1255 2983 anno
1286 2929 1481 2984 aetatis
1514 2945 1634 2985 suae
1667 2935 1753 2986 33.
1791 2933 1862 2986 ab
1894 2931 2006 2987 inc.

367 3019 526 3074 Dom.
562 3020 682 3084 553,
719 3016 1038 3072 indictione
1088 3021 1141 3084 3,
1191 3016 1353 3084 regni
1405 3017 1788 3073 Theodeberti
1839 3033 1868 3074 a
1926 3024 2005 3089 13,

2124 1887 2390 1940 tramnus
2441 1883 2878 1943 Childebertum
2923 1888 3224 1960 adeptavit
3273 1890 3328 1945 in
3381 1890 3585 1962 filium,
3637 1895 3778 1965 quia

2126 1971 2276 2026 filios
2308 1985 2420 2028 non
2453 1973 2722 2030 habebat.
2759 1976 2889 2046 Ipso
2919 1991 3069 2033 anno
3100 1993 3244 2047 gens
3297 1980 3606 2037 Persarum
3650 1997 3780 2040 cre-

2125 2059 2270 2114 didit
2305 2061 2556 2131 Christo,
2593 2067 2652 2116 et
2685 2053 3018 2135 baptizatus
3057 2071 3149 2122 est
3197 2067 3516 2138 imperator
3564 2069 3780 2128 Persa-

2127 2161 2250 2202 rum
2285 2162 2313 2202 a
2357 2155 2560 2205 sancto
2615 2151 2872 2208 Iohanne
2931 2152 3582 2227 Constantinopolitano
3638 2173 3774 2216 cum

2123 2239 2192 2292 60
2223 2235 2460 2292 milibus
2489 2250 2708 2294 eorum.

2195 2324 2358 2379 Anno
2391 2328 2460 2380 30
2487 2325 2649 2394 regni
2683 2325 2826 2396 ejus,
2859 2329 2956 2398 qui
3003 2334 3133 2385 erat
3175 2331 3248 2386 ab
3301 2331 3412 2387 inc.
3446 2331 3606 2388 Dom.
3645 2337 3775 2406 598,

2124 2411 2354 2467 inventa
2386 2416 2476 2467 est
2501 2413 2696 2470 tunica
2722 2414 2946 2472 Domini
2970 2419 3156 2474 nostri
3173 2419 3310 2476 Iesu
3337 2419 3551 2477 Christi
3572 2420 3780 2480 incon-

2123 2498 2339 2570 sutilis,
2360 2505 2416 2557 et
2437 2514 2466 2555 a
2491 2501 2769 2570 Gregorio
2794 2504 3176 2571 Antiocheno,
3197 2506 3402 2564 Thema
3437 2509 3780 2582 Hierosoly-

2123 2586 2630 2658 mitano,Johanne
2653 2591 3321 2666 Constantinopolitano,
3338 2595 3543 2653 etaliis
3567 2599 3777 2657 multis

2122 2673 2193 2730 de
2222 2675 2407 2732 Zafati
2435 2677 2676 2734 civitate
2708 2693 2836 2735 cum
2879 2695 3010 2737 arca
3060 2697 3375 2740 marmorea
3427 2683 3644 2758 levata,
3677 2703 3778 2744 or-

2122 2761 2254 2818 dine
2285 2763 2542 2834 pedestri
2575 2765 3026 2838 Hierosolymam
3060 2771 3282 2841 perlata
3317 2775 3430 2844 est,
3453 2779 3514 2830 et
3547 2773 3604 2830 in
3639 2774 3774 2834 loco

2123 2850 2218 2906 ubi
2251 2865 2396 2905 crux
2429 2850 2726 2923 adoratur,
2759 2870 2888 2911 cum
2935 2857 3229 2929 triumpho
3261 2861 3474 2931 posita.

2193 2937 2608 3022 Guntramnus,
2633 2947 2934 3012 postquam
2957 2947 3024 3000 33
3046 2945 3212 3003 annis
3238 2961 3480 3019 regnum
3505 2949 3775 3022 Burgun—

2121 3024 2231 3081 ὀίω
2265 3014 2471 3096 tenuit,
2508 3029 2753 3086 moritur
2798 3035 2830 3088 5
2879 3031 2999 3089 Kal.
3053 3034 3270 3106 Aprilis
3291 3014 3332 3103 ς*
3355 3014 3656 3110 sepultus.
3677 3047 3774 3097 est

368 3109 505 3177 post
535 3105 796 3176 quintam
828 3102 1109 3172 synodum
1143 3103 1842 3218 Constantiiiopolitana‘m
1875 3120 1926 3218 aI.
1954 3110 2008 3175 2,
2041 3159 2088 3218 Ο
2122 3113 2684 3184 Cabilone.Regnum
2699 3117 2824 3187 ejus
2839 3102 3770 3198 Childebertusassumpsit,quod

368 3191 768 3218 ..Α-ιοζηηιιιι.ννι
797 3195 1002 3218 ηηι-ιηοη
1028 3191 1295 3218 οηενυιηηη
1319 3205 1416 3218 Λιὶη
1447 3191 1582 3218 ηοζηη
1609 3207 1749 3218 nn-..
1830 3194 1900 3218 τηε
1935 3195 1982 3218 :..
2123 3213 2181 3218 -,-
2215 3217 2256 3218 ,,
2282 3216 2299 3218 ξ
2347 3217 2354 3218 ,
2429 3208 2466 3218 ,.
2622 3208 2633 3218 ι
2766 3205 2796 3218 ο.
2895 3211 2903 3218 .
3076 3213 3084 3218 .
3310 3217 3314 3218 ,
3349 3211 3361 3218 .
3485 3213 3498 3218 -
3547 3215 3559 3218 _

367 3191 771 3266 pontificatum
795 3195 1002 3259 agente
1027 3191 1295 3245 Romanae
1317 3190 1583 3246 ecclesize
1608 3207 1752 3262 papa
1778 3193 2004 3263 Vigilio,

369 3279 695 3351 imperante
721 3277 1048 3334 Iustiniano
1099 3277 1322 3334 minore
1353 3291 1402 3333 a.
1435 3283 1522 3343 28,
1555 3280 1862 3336 Iustiniani
1897 3297 2010 3338 ma-

363 3367 513 3439 joris
545 3371 778 3436 nepote.
811 3364 966 3420 Vixit
999 3365 1053 3420 in
1085 3365 1426 3436 episcopatu
1460 3382 1510 3430 a.
1544 3370 1629 3434 47,
1657 3369 1913 3424 decessit
1943 3385 2012 3427 ae-

368 3454 513 3510 tatis
543 3468 664 3510 suae
695 3468 745 3508 a.
781 3455 869 3522 81,
905 3454 975 3508 ab
1005 3453 1115 3508 inc.
1151 3455 1311 3508 Dom.
1347 3457 1469 3524 602,
1493 3454 1808 3512 indictione
1832 3462 1882 3528 5,
1909 3459 2008 3529 qui

367 3546 494 3614 erat
525 3555 709 3597 annus
741 3540 1080 3596 Guntramni
1109 3545 1196 3610 33,
1230 3549 1477 3612 papatus
1507 3543 1698 3598 domui
1741 3545 2006 3614 Gregorii

365 3643 532 3702 papae
565 3644 614 3685 a.
651 3631 734 3685 12.
772 3627 961 3697 (Bsnr.
996 3630 1116 3700 vn.)
1149 3629 1526 3686 Butiovaldus
1563 3631 1795 3700 quidam
1825 3634 2007 3690 abbas

365 3717 768 3789 episcopatum
799 3715 1076 3786 ambiens,
1114 3717 1247 3786 quia
1279 3724 1436 3773 esset
1477 3718 1790 3790 superbus,
1826 3721 2005 3777 nichil

365 3805 637 3877 optinuit.
666 3805 1032 3860 Caramerum
1067 3804 1523 3861 referendarium
1556 3821 1686 3862 cum
1717 3822 2005 3867 consensu

361 3893 572 3950 civium
601 3891 816 3962 regalis
846 3893 1098 3948 assensit
1123 3893 1445 3950 auctoritas
1466 3893 1591 3949 ﬁeri
1613 3897 2000 3955 sacerdotem.

360 3983 498 4038 Post
529 3995 659 4037 eum
689 3979 1073 4036 extitit........
1124 3980 1194 4013 ²²⁰
1239 3980 1382 4050 (Fol.
1443 3982 1548 4054 1.9")
1581 3984 2003 4054 Ermenfridus,

361 4068 432 4124 de
466 4069 679 4139 quibus
710 4067 927 4123 nullam
961 4067 1132 4123 aliam
1175 4069 1454 4125 habemus
1503 4071 1856 4144 memoriam,
1889 4074 2002 4131 nisi

361 4156 518 4226 quod
546 4156 601 4210 in
635 4154 839 4211 ordine
870 4156 1279 4226 episcoporum
1302 4157 1561 4227 episcopi
1591 4164 1729 4214 sunt
1759 4163 1997 4232 reperti.

358 4243 573 4299 Verum
604 4241 676 4298 de
707 4242 798 4296 his
825 4255 976 4298 nunc
1007 4242 1114 4298 ista
1159 4243 1464 4298 sufficiant.

433 4329 630 4400 [Gai-se.
663 4331 818 4399 Tur.,
852 4343 926 4400 ιν,
961 4330 1071 4400 46.]
1115 4329 1476 4401 Chilpericus
1527 4333 1740 4405 itaque,
1775 4336 2000 4394 Nerone

361 4416 528 4490 pejor
554 4422 614 4474 et
643 4415 890 4486 Herode,
927 4422 1062 4488 post
1090 4417 1270 4474 multa
1313 4419 1480 4489 mala,
1515 4421 1685 4492 bella,
1720 4424 1910 4480 caades
1941 4430 2000 4480 et

2119 3213 2302 3257 annos
2335 3208 2590 3272 quatuor
2619 3205 2827 3277 tenuit,
2853 3211 2912 3263 et
2944 3213 3210 3266 mortuus
3233 3217 3324 3268 est
3347 3211 3403 3268 in
3428 3213 3774 3272 adolescen-

2116 3289 2220 3359 tia,
2256 3305 2405 3346 anno
2440 3294 2600 3361 regni
2632 3293 2720 3350 sui
2754 3299 2840 3363 17,
2875 3297 3070 3352 sitatis
3101 3301 3186 3368 25,
3215 3300 3288 3355 ab
3319 3301 3431 3358 ine.
3456 3303 3616 3357 Dom.
3639 3305 3770 3360 605.

2119 3377 2245 3432 Filii
2281 3379 2409 3448 ejus
2442 3395 2678 3450 regnum
2729 3391 3119 3456 susceperunt
3149 3387 3590 3447 Theodebertus
3623 3393 3772 3448 Aus-

2118 3467 2458 3538 trasiorum,
2517 3471 2712 3526 sedem
2773 3471 2993 3530 habens
3050 3474 3312 3542 Mettim;
3373 3478 3770 3538 Theodericus

2119 3569 2358 3624 regnum
2404 3556 2741 3614 Guntramni
2792 3559 2849 3615 in
2903 3561 3251 3632 Burgundia,
3287 3565 3486 3622 sedem
3542 3569 3768 3628 habens

2119 3641 2466 3698 Aurelianis.
2503 3644 2568 3698 Hi
2601 3644 2716 3701 duo
2749 3661 2917 3716 reges
2958 3656 3164 3706 contra
3217 3651 3578 3712 Clotharium
3612 3658 3769 3715 Chil-

2117 3730 2296 3801 perici
2332 3729 2511 3787 ﬁlium
2544 3746 2701 3788 arma
2734 3740 2984 3806 movent,
3018 3738 3121 3794 ubi
3154 3738 3446 3798 Clotarius
3487 3745 3766 3816 opprimi-

2113 3823 2230 3886 tur,
2264 3822 2324 3873 et
2355 3833 2465 3889 qua
2501 3824 2694 3890 potest
2725 3823 3061 3880 conditione
3094 3841 3290 3897 pacem
3347 3829 3507 3888 facit.

2187 3905 2325 3977 (Fol.
2359 3910 2470 3980 50.)
2505 3911 2664 3964 Anno
2697 3911 2950 3980 regni....
2984 3913 3342 3988 Theoderici,
3380 3921 3478 3990 qui
3522 3928 3657 3980 erat
3689 3924 3763 3980 ab

2113 3993 2225 4050 inc.
2261 3995 2420 4050 Dom.
2454 3999 2578 4066 602,
2616 3997 2840 4056 Phocas
2873 3999 2990 4056 dux
3012 4007 3072 4057 et
3095 4003 3380 4074 patricius
3403 4007 3487 4064 rei
3511 4008 3762 4080 publica;

2111 4083 2446 4139 Mauricium
2469 4085 2876 4156 imperatorem
2904 4089 3202 4148 interfecit
3231 4097 3292 4149 et
3324 4093 3638 4166 imperium
3677 4112 3764 4156 as-

2113 4171 2379 4242 sumpsit.
2411 4172 2768 4231 Theoderico
2801 4183 3126 4236 nascuntur
3173 4179 3275 4236 lilii
3325 4182 3676 4254 Sigebertus
3704 4192 3764 4244 et

2113 4257 2543 4347 Cbildebertus.
2607 4261 3000 4323 Brunichildis
3056 4273 3117 4323 et
3173 4269 3530 4330 Prothadius
3585 4275 3763 4347 major

2113 4345 2318 4404 domus
2343 4349 2756 4408 Theodericum
2781 4351 3064 4412 adversus
3090 4356 3326 4414 fratrem
3350 4345 3718 4420 commovent
3743 4383 3759 4428 ;

2113 4437 2488 4524 quamobrem
2519 4439 2833 4498 Protadius
2867 4443 2940 4499 ab
2962 4445 3226 4502 exercitu
3248 4447 3592 4508 Theoderici
3619 4454 3765 4524 peri-

361 4505 794 4579 descriptiones
825 4521 1004 4563 novas
1033 4511 1092 4563 et
1130 4506 1524 4580 gravissimas,
1562 4525 1706 4600 quas
1748 4513 1804 4568 in
1845 4513 1998 4572 omni
2028 4513 2082 4575 D
2113 4522 2308 4592 mitur,
2342 4528 2399 4580 et
2445 4525 2659 4584 fratres
2709 4535 3012 4600 pacantur.
3064 4533 3464 4594 Theodericus
3515 4505 3761 4599 conrsilio

359 4609 538 4666 regno
569 4610 675 4653 suo
709 4595 866 4665 fecit,
891 4595 1025 4652 dum
1049 4596 1120 4652 de
1153 4597 1455 4653 venatione
1485 4599 1640 4670 apud
1669 4600 1864 4656 villam
1899 4604 2000 4660 Ca-

357 4683 750 4754 lensemjuxta
764 4683 1045 4741 Parisium
1054 4683 1171 4754 jam
1187 4686 1481 4742 subobscu
1491 4701 1551 4742 ra
1569 4692 1737 4744 nocte
1753 4689 1993 4762 rediret,

355 4773 489 4832 dum
519 4773 589 4830 de
617 4788 768 4845 equo
799 4772 1221 4845 susciperetur,
1255 4779 1316 4828 et
1351 4789 1517 4830 unam
1550 4791 1778 4832 manum
1818 4791 1994 4849 super

353 4862 520 4936 pueri
551 4861 850 4934 scapulam
869 4865 1118 4931 teneret,
1146 4859 1460 4919 adveniens
1486 4863 1740 4934 quidam,
1767 4865 1995 4922 nomine

353 4950 545 5020 Falco,
573 4950 784 5007 missus
807 4964 836 5004 a
863 4948 1253 5019 Brunichilde,
1279 4949 1472 5006 cultro
1497 4966 1627 5008 eum
1651 4953 1756 5009 sub
1781 4953 1995 5010 ascella

351 5036 667 5110 percussit,
728 5041 788 5092 et
835 5037 1047 5094 iterato
1131 5037 1250 5094 ictu
1307 5039 1576 5110 spiritum
1634 5040 1760 5110 ejus
1819 5041 1988 5100 fudit.

354 5123 649 5197 [Fanniae]
685 5124 788 5182 Hic
833 5125 1048 5182 multas
1086 5125 1354 5196 regiones
1383 5127 1732 5199 devastavit,
1767 5130 1995 5201 episco-

352 5227 460 5286 pos
511 5213 920 5283 execrabatur,
968 5218 1320 5270 testamenta
1373 5201 1751 5274 ecclesiarum
1811 5219 1992 5277 multa

277 5338 286 5346 μ
356 5298 870 5372 disrupit,nullum
899 5315 1151 5372 unquam
1180 5302 1403 5374 dilexit,
1423 5318 1454 5359 a
1483 5304 1710 5361 nemine
1741 5305 1994 5366 dilectus

355 5391 465 5448 est.
503 5387 699 5460 [ϐιαία.
733 5388 888 5460 Tur.,
912 5403 986 5461 iv,
1021 5389 1131 5461 46.]
1165 5390 1302 5448 Cum
1331 5391 1601 5464 spiritum
1634 5393 1988 5470 exhalasset,

2111 4609 2504 4670 Brunichildis
2537 4615 2682 4672 avia;
2714 4631 2836 4674 suae
2869 4625 3137 4677 sanctum
3187 4622 3557 4684 Desiderium
3607 4630 3766 4686 Vien-

2110 4711 2347 4754 nensem
2379 4701 2883 4776 archiepiscopum
2917 4707 3096 4764 exilio
3148 4709 3464 4784 damnavit,
3501 4719 3558 4771 et
3596 4718 3766 4776 redu-

2108 4787 2264 4872 ctum
2299 4783 2368 4840 de
2398 4786 2576 4844 exilio
2607 4789 2870 4862 lapidare
2903 4792 3061 4850 fecit.
3090 4796 3365 4854 Sanctum
3395 4813 3636 4872 quoque
3669 4805 3763 4862 Co-

2108 4871 2442 4930 lumbanum
2468 4877 2538 4934 de
2561 4892 2740 4948 regno
2765 4895 2871 4938 suo
2895 4885 3254 4958 exturbavit,
3273 4900 3442 4958 quem
3464 4871 3760 4952 Clotarius

2108 4959 2420 5054 Chilperici
2437 4963 2593 5054 illius
2612 4971 3051 5041 suscepit.Erat
3086 4973 3238 5031 enim
3271 4981 3499 5034 amator
3531 4981 3764 5054 sapien-

2108 5047 2446 5108 tiaalterum
2461 5051 2534 5110 lis
2548 5053 2702 5112 inter
2718 5057 2932 5117 fratres
2947 5061 3338 5123 Brunichildis
3357 5066 3448 5136 agi
3458 5047 3766 5130 taturcon-

2105 5136 2340 5233 si_lio,_et
2357 5140 2606 5233 collecto
2629 5147 2896 5204 exercitu
2919 5149 3174 5208 Tullensi
3191 5153 3519 5224 conﬂigunt
3533 5172 3764 5233 campa-

2106 5225 2218 5316 nia.
2247 5227 2448 5316 Victor
2478 5231 2872 5292 Theodericus
2901 5237 3368 5298 Theodebertum
3392 5259 3584 5316 usque
3599 5225 3766 5306 Colo-

2105 5313 2257 5404 niam
2274 5314 2624 5392 insequitur,
2669 5323 2766 5380 ubi
2791 5313 3656 5404 Theodebertusredintegrato
3669 5352 3766 5396 ex-

2103 5401 2292 5460 ercitu
2307 5404 2523 5466 bellum
2536 5414 2726 5468 movet
2737 5413 2935 5472 .Tanta
2951 5413 3032 5474 ibi
3045 5421 3280 5492 strages
3303 5418 3453 5478 facta
3469 5401 3660 5498 est,ut
3675 5440 3768 5486 ca-

1711 5500 1946 5559 VARLE
1986 5504 2384 5569 LECTIONES.

423 5589 495 5628 ²²⁰
523 5590 686 5652 Mm
713 5603 924 5655 cram:
949 5591 1010 5654 at
1032 5604 1257 5655 vacum
1285 5594 1357 5656 in
1385 5607 1432 5655 ο.
1467 5596 1654 5660 tertia
1675 5610 1826 5672 pars
1859 5599 2046 5663 una.
