3898 6326
92 374 191 445 183
1332 372 1721 442 CHRONIC(

1908 415 1937 426 —
1966 378 2125 442 LIB.
2173 378 2217 444 Ι.

3360 388 3469 453 134

87 518 278 573 davera
307 519 682 572 mortuorum
713 529 821 572 non
858 513 1139 571 haberent
1173 529 1287 585 quo
1310 516 1565 579 ruerent,
1589 528 1708 585 prae
1739 514 1793 574 A
1824 529 1963 572 usus
1980 514 2223 572 consilio
2250 521 2473 589 partem
2499 517 2656 588 regni
2676 520 2837 574 fratri
2859 522 3149 578 concessit
3182 523 3465 595 Tolosam,

89 604 444 661 multitudine
478 604 844 660 occisorum.
906 602 1246 659 ATulbiaco
1305 618 1490 672 usque
1548 602 1711 658 Colo-

88 693 220 747 niam
252 696 594 762 prostratus
612 692 911 747 exercitus
936 696 1151 746 terram
1175 690 1425 761 operuit.
1460 690 1713 745 Theode-

90 780 230 837 ricus
255 779 447 845 victor
470 780 716 834 fratrem
750 779 1143 849 persequitur,
1170 785 1229 833 et
1260 793 1490 834 suorum
1524 778 1715 849 prodi-

89 868 227 923 tione
244 871 478 938 captum
508 868 663 923 aviae
685 866 1040 923 Brunichildi
1066 866 1263 935 dirigit
1292 883 1306 931 ;
1332 881 1499 936 quem
1535 865 1628 921 illa
1659 866 1713 920 in

88 954 340 1011 clericum
374 955 641 1011 totondit
671 959 724 1010 et
763 959 895 1025 post
930 954 1226 1025 paululum
1288 954 1602 1008 interfecit.

149 1042 167 1109 (
181 1043 306 1100 Vita
328 1042 553 1100 ϐεεν-ἰσί
574 1044 782 1113 ampl.)
808 1042 1041 1111 Regnan
1052 1048 1106 1096 te
1126 1041 1352 1097 Theode
1363 1044 1529 1097 berto
1582 1056 1716 1109 rege

89 1134 306 1185 sanctus
335 1130 743 1197 Gcericus,rex
763 1130 1088 1199 Aquitaniae
1113 1129 1370 1196 ultimus,
1392 1129 1566 1197 justis
1601 1130 1719 1199 pol-

88 1219 198 1273 lens
219 1217 494 1286 moribus,
524 1232 556 1273 a
584 1219 822 1273 Domino
843 1218 1109 1273 caecitate
1137 1231 1470 1287 percussus,
1505 1216 1720 1272 revela-

89 1305 228 1359 tione
255 1305 517 1373 angelica
568 1306 787 1361 Mettim
836 1304 1116 1371 venit,cui
1177 1310 1422 1374 praeerat
1482 1308 1719 1360 sanctus

89 1391 338 1449 Amulfus
360 1393 738 1463 propinquus
765 1393 891 1461 ejus
918 1410 931 1457 ;
955 1397 1013 1447 et
1036 1391 1399 1447 illuminatus
1442 1408 1470 1446 a
1516 1396 1719 1446 sancto

86 1480 1421 1550 StephanodomumsanctiPetriconstruxit,et
1462 1483 1720 1549 tempore

88 1568 395 1637 Dagoberti,
420 1574 636 1624 sancto
660 1567 899 1624 Arnulfo
916 1582 1170 1623 eremum
1188 1572 1441 1637 petente,
1507 1568 1717 1621 ibidem

87 1655 329 1723 pontifex
361 1657 819 1723 subrogatusIS
856 1657 1023 1710 annis
1077 1656 1332 1726 praefuit,
1361 1654 1615 1710 decessit
1656 1658 1719 1708 13

86 1741 349 1798 Kalendas
364 1743 670 1805 Octobris,
693 1743 959 1813 sepultus
983 1744 1036 1797 in
1053 1744 1318 1799 coenobio
1342 1742 1527 1798 sancti
1567 1743 1721 1811 Sym-

86 1828 331 1898 phoriani
390 1831 569 1897 (Vita
596 1830 746 1901 Lupi
764 1832 929 1901 Sen).
965 1833 1243 1901 Tempore
1280 1830 1617 1887 Theoderici
1660 1833 1718 1884 et

90 1916 458 1973 Brunichildis
480 1925 727 1974 sanctus
748 1919 938 1988 Lupus
953 1919 1298 1974 Senonensis
1319 1917 1524 1987 viguit,
1543 1931 1722 1987 nepos

92 2006 325 2060 Austerii
360 2005 809 2062 Aurelianensis
833 2011 892 2060 et
925 2006 1163 2061 Aunarii
1190 2004 1722 2061 Autissiodoreusis

91 2091 503 2163 episcoporum.

152 2180 433 2253 [Faenza]
471 2184 643 2237 Anno
677 2181 873 2252 itaque
910 2186 975 2237 t6
1007 2181 1167 2251 regni
1194 2181 1304 2251 sui,
1342 2181 1438 2251 qui
1491 2184 1618 2235 erat
1649 2180 1720 2235 ab

94 2268 188 2322 inc.
222 2271 370 2324 Dom.
389 2269 1146 2339 615,1‘heodericusvolens
1162 2284 1339 2340 super
1364 2268 1719 2324 Clotharium

97 2357 315 2421 irruere,
341 2357 540 2413 Mettis
566 2357 855 2429 proﬂuvio
873 2358 1354 2413 ventrisinteriit.
1401 2355 1723 2412 Brunichil-

95 2443 171 2498 dis
191 2444 552 2514 Sigebertum
590 2444 775 2501 ﬁlium
804 2444 932 2513 ejus
951 2445 1005 2500 in
1024 2444 1152 2502 Icco
1176 2446 1361 2516 patris
1390 2443 1715 2501 substituit.

97 2530 397 2589 Clotharius
425 2547 573 2589 vero
608 2532 755 2588 flues
786 2533 948 2602 regni
979 2533 1076 2603 qui
1123 2548 1240 2589 sua:
1274 2532 1480 2587 ditioni
1551 2532 1722 2587 debe-

98 2619 282 2676 bantur
309 2625 564 2677 conatur
598 2621 888 2691 recipere,
920 2620 1014 2677 cui
1046 2621 1387 2690 Sigebertus
1437 2620 1718 2689 occurrit,

99 2708 587 2774 quemClotharius
603 2723 841 2764 suorum
857 2708 1188 2780 proditione
1201 2712 1432 2778 captum
1451 2708 1718 2778 peremit,

98 2798 146 2846 et
174 2795 412 2866 quinque
437 2797 664 2851 fratres
685 2795 813 2864 ejus
833 2811 963 2852 cum
989 2796 1361 2851 Brunichilde
1386 2795 1561 2866 cepit.
1577 2796 1724 2851 Pue-

101 2895 183 2935 ros
206 2884 511 2954 separatim
558 2884 823 2954 peremit,
858 2883 1286 2939 Brunichildem
1308 2882 1720 2938 indomitorum

100 2982 347 3037 equorum
378 2971 594 3027 caudis
627 2970 915 3026 irretitam
944 2971 1259 3026 miserabili
1285 2975 1472 3026 morte
1495 2971 1723 3026 damna-

102 3056 172 3110 vit
198 3070 335 3115 anno
366 3061 439 3114 ab
473 3061 593 3115 inc.
656 3060 816 3127 Dom,
873 3062 997 3126 623,
1051 3074 1177 3128 quae
1233 3064 1293 3113 et
1350 3058 1578 3131 sepulta
1634 3063 1720 3113 est

105 3143 271 3203 Edam.

163 3233 434 3291 Clotarius
447 3236 633 3291 trium
649 3249 961 3304 regnorum
977 3234 1636 3290 monarchiamobtinuit
1670 3248 1720 3288 a.
1756 3209 1803 3270 Ο

104 3324 160 3374 28
187 3322 333 3392 regni
366 3324 474 3393 sui,
492 3323 655 3379 sicut
676 3328 735 3377 et
756 3323 963 3378 beatus
997 3322 1387 3379 Columbanus
1440 3323 1723 3392 praedixe-

104 3414 197 3477 rat,
227 3416 345 3466 eta.
369 3416 436 3467 38
459 3410 737 3481 regnisui
761 3412 1152 3479 Dagobertum
1179 3410 1357 3466 illium
1392 3416 1724 3466 consortem

104 3497 242 3566 regni
273 3499 423 3555 facit.
452 3506 626 3556 Anno
656 3513 798 3554 vero
822 3501 890 3555 42
912 3499 1070 3567 regni
1104 3498 1232 3567 ejus
1282 3498 1434 3554 inter
1498 3498 1726 3553 Clotha-

105 3584 230 3640 rium
246 3592 298 3642 et
323 3586 505 3644 ﬁlium
531 3602 701 3643 suum
732 3586 927 3656 gravis
956 3591 1085 3642 orta
1130 3590 1215 3642 est
1275 3586 1594 3653 contentio,
1655 3600 1724 3640 eo

105 3674 236 3740 quod
258 3674 595 3732 Clotharius
622 3679 836 3730 cuncta
866 3688 995 3744 quae
1028 3673 1096 3729 ad
1122 3682 1356 3742 regnum
1397 3672 1726 3729 Austrasio-

106 3773 210 3815 rum
248 3764 642 3832 pertinebant,
705 3762 815 3817 sibi
879 3760 1108 3817 volebat
1172 3763 1447 3816 rc'luere.
1521 3760 1727 3825 Quam-

105 3848 277 3905 obrem
305 3851 479 3908 electi
513 3855 648 3907 sunt
684 3850 991 3905 duodecim
1011 3850 1240 3918 judiccs
1261 3864 1332 3903 cx
1371 3849 1726 3918 Francis,in-

109 3940 185 3989 ter
210 3952 345 4007 quos
377 3941 485 3997 fuit
524 3942 771 3994 sanctus
804 3938 1082 3993 Arnulfus
1107 3937 1471 3992 Mettensium
1504 3938 1727 4007 episco-

108 4038 451 4095 pus,quorum
485 4026 744 4083 consilio
768 4032 932 4097 pater
952 4025 1436 4096 paciﬁcaturcum
1455 4024 1593 4081 filio.
1628 4028 1728 4081 Su-

113 4113 298 4180 periori
326 4132 466 4173 vero
501 4130 674 4185 anno,
710 4129 840 4171 cum
864 4115 979 4184 jam
1004 4114 1368 4183 Dagobertus
1400 4114 1728 4169 Austrasio-

114 4213 217 4257 rum
241 4217 468 4274 regnum
495 4210 741 4261 strenue
785 4208 1037 4272 regeret,
1063 4202 1293 4271 quidam
1324 4201 1432 4270 vir,
1500 4203 1727 4257 nomine

114 4288 403 4349 Haroaldus
429 4293 713 4364 (47),ejus
725 4291 1004 4347 offensam
1023 4291 1288 4359 incurrit,
1306 4305 1414 4361 pro
1429 4290 1730 4360 quointer-

115 4390 349 4436 cessores
378 4380 524 4438 facti
558 4385 695 4436 sunt
725 4379 994 4435 dominus
1018 4378 1296 4434 Arnulfns
1326 4383 1384 4433 et
1449 4378 1728 4448 Pippinus

119 4465 272 4535 major
301 4469 529 4540 domus,
566 4467 669 4524 sed
702 4482 815 4523 non
850 4467 1033 4524 multo
1052 4470 1188 4537 post
1236 4466 1502 4522 Treveris
1553 4467 1729 4522 inter-

116 4550 274 4611 fectus
301 4565 403 4614 est.

173 4645 313 4701 Anno
341 4651 455 4703 630
486 4644 781 4701 Clotarius
813 4645 1080 4715 moritur,
1114 4648 1173 4700 et
1200 4645 1564 4715 Dagobertus
1614 4658 1732 4699 mo-

117 4732 372 4791 narcbiam
395 4734 663 4791 obtinuit
695 4748 745 4788 a.
778 4734 991 4789 15.Hic
1043 4738 1207 4806 patre
1266 4733 1526 4801 orbatus,
1591 4735 1732 4787 Aus-

116 4819 282 4877 trasiis
298 4838 448 4894 quos
471 4823 735 4893 regebat,
763 4821 930 4891 jubet
966 4822 1287 4878 exercitum
1364 4834 1727 4893 promovere,

118 4907 300 4967 missos
322 4911 587 4981 dirigens
612 4912 667 4966 in
705 4910 1130 4980 Burgundia,et
1152 4911 1384 4966 caeteris
1409 4909 1569 4978 regni
1606 4924 1733 4979 par-

118 4992 271 5068 tibus,
303 5005 361 5056 ut
389 5003 449 5056 in
467 5015 637 5056 suum
663 5014 903 5070 regnum
924 5000 1229 5069 eligerent.
1255 5001 1511 5068 Cumque
1539 4998 1733 5053 Remis

120 5085 585 5159 venisset,omnes
607 5103 669 5144 se
691 5088 744 5143 ei
778 5088 1167 5144 tradiderunt.
1216 5088 1527 5144 Aribcrtus
1553 5086 1734 5141 frater

119 5168 223 5237 ejus
248 5176 537 5234 nitebatur
565 5192 629 5233 se
664 5190 840 5248 posse
865 5191 1104 5246 regnum
1135 5190 1449 5232 assumere:
1487 5174 1591 5231 sed
1606 5174 1733 5245 ejus

122 5258 356 5321 voluntas
370 5282 475 5337 pro
489 5264 873 5337 simplicitate
888 5279 1091 5335 parum
1109 5264 1317 5320 sortita
1334 5269 1423 5319 est
1438 5264 1728 5321 eﬂ'ectum.

124 5346 448 5419 Dagobertus
482 5369 620 5411 vero
656 5352 1436 5425 cumobtinuissetregnum,
1480 5350 1734 5424 sapienti

1825 604 2212 672 Caturcinam,
2243 609 2621 677 Agenensem,
2655 608 3091 676 Petragoricum
3134 614 3189 665 et
3233 611 3471 667 Sancto-

1824 691 2035 757 nicum,
2071 697 2128 747 et
2162 696 2313 761 quod
2344 694 2416 747 ab
2449 693 2537 749 his
2564 708 2767 750 versus
2801 695 3095 765 Pyreneos
3120 702 3346 753 montes
3376 711 3472 752 ex-

1825 778 2083 835 cluditur
2115 797 2128 843 ;
2161 781 2521 847 etregnabat
2571 781 2880 839 Aribcrtus
2944 784 3000 838 in
3052 785 3354 840 Prdvincia
3414 792 3471 840 ct

1828 866 2134 935 Aquitania
2159 873 2218 922 et
2248 873 2379 938 post
2412 873 2533 923 tres
2567 884 2750 925 annos
2784 875 2965 927 totam
3001 872 3342 929 Vasconiam
3374 887 3469 931 su-

1828 968 2040 1023 perans
2070 954 2181 1009 sibi
2209 956 2492 1011 subdidit.

1900 1041 2193 1113 [BERTAlL]
2230 1045 2387 1098 Anno
2412 1045 2632 1099 Domini
2667 1050 2769 1100 58')
2799 1046 2943 1101 obiit
2968 1052 3208 1104 sanctus
3240 1050 3470 1104 Germa-

1829 1143 1938 1183 nus
1960 1129 2307 1186 Parisiensis
2332 1137 2390 1185 et
2421 1146 2469 1186 a.
2517 1136 2621 1187 630
2651 1132 2757 1188 sub
2789 1134 3114 1203 Dagoberto
3139 1136 3321 1205 viguit
3342 1150 3470 1191 san-

1829 1220 1960 1272 ctus
1993 1217 2205 1273 Paulus
2237 1219 2616 1275 Virdunensis
2657 1221 2837 1276 frater
2865 1222 3007 1290 ejus.
3042 1223 3205 1288 Quod
3278 1224 3351 1294 si,
3404 1230 3468 1281 ut

1830 1305 2127 1373 scribitur,
2163 1306 2240 1360 ita
2270 1314 2379 1373 est,
2404 1308 2708 1377 sexaginta
2773 1314 2829 1363 et
2872 1325 2941 1364 eo
2992 1311 3243 1381 amplius
3302 1312 3470 1367 annis

1833 1393 1971 1446 vixit
2004 1398 2136 1463 post
2169 1408 2320 1450 eum.
2352 1396 2479 1449 Nati
2513 1401 2648 1451 sunt
2682 1397 2735 1451 in
2797 1411 2945 1467 pago
2994 1398 3267 1467 Eduensi,
3342 1399 3471 1455 vico

1833 1480 2057 1548 Lausia,
2091 1481 2219 1535 etin
2244 1497 2438 1538 manso
2465 1484 2789 1540 nativitatis
2812 1499 3012 1541 eorum
3042 1490 3469 1558 noncanis,non

1833 1567 1954 1621 avis
1985 1569 2238 1637 praedam
2270 1584 2474 1640 rapere
2510 1572 2941 1643 praevalet,quae
2974 1588 3088 1629 non
3144 1575 3341 1630 statim
3383 1576 3470 1630 in-

1831 1658 2020 1710 tereat
2054 1674 2068 1721 ;
2100 1657 2249 1725 quod
2280 1659 2681 1728 experimento
2711 1662 3017 1730 probatum
3047 1667 3159 1717 est.
3185 1662 3474 1728 Quilocus

1836 1757 2018 1812 usque
2043 1743 2211 1798 hodie
2241 1744 2606 1800 ecclesiolam
2624 1748 2842 1802 retinet
2869 1750 3338 1806 sanctiGermani
3377 1765 3474 1806 no-

1834 1829 1983 1885 mine
2016 1836 2072 1885 et
2106 1832 2381 1887 virtutem
2415 1832 2719 1902 insignem.

1906 1917 2195 1988 [Bruma]
2224 1919 2402 1987 Hujus
2436 1922 2744 1989 Dagoberti
2777 1929 3041 1993 tempore
3069 1929 3201 1995 post
3241 1927 3475 1980 Ermen-

1834 2005 2041 2061 fridum
2071 2007 2408 2077 episcopum
2424 2007 2844 2064 Virdunensem
2866 2015 3092 2066 tractus
3124 2017 3214 2067 est
3253 2013 3323 2068 de
3357 2026 3474 2068 mo-

1831 2094 2087 2149 nasterio
2116 2093 2423 2163 Theolegio
2457 2102 2698 2151 sanctus
2724 2097 2958 2164 Paulus,
2990 2098 3085 2167 qui
3120 2099 3229 2153 fuit
3291 2099 3471 2155 frater

1830 2182 2018 2237 sancti
2052 2182 2315 2236 Germani
2347 2183 2689 2239 Parisiensis
2720 2184 2987 2241 ecclesiae
3009 2186 3291 2258 episcopi,
3329 2187 3469 2241 etin

1831 2268 2178 2324 Virdunensi
2206 2269 2457 2325 ecclesia
2485 2271 2800 2342 episcopus
2845 2277 3267 2340 consecratus;
3300 2274 3465 2343 cujus

1831 2357 2107 2411 memoria
2135 2362 2350 2413 aeterna
2381 2359 2610 2414 est.Hic
2643 2361 3020 2416 monasticam
3041 2361 3217 2417 vitam
3242 2360 3463 2417 ducens

1828 2458 1957 2499 cum
1992 2444 2047 2499 in
2080 2446 2330 2515 pistrino
2359 2446 2601 2502 fratrum
2634 2448 2933 2503 habuisset
2972 2448 3471 2514 obedientiam,et

1829 2530 2064 2587 timeret
2096 2547 2165 2588 ne
2197 2534 2334 2589 hora
2359 2538 2581 2589 statuta
2613 2535 2824 2591 fratres
2855 2551 3062 2606 panem
3121 2537 3337 2593 habere
3372 2553 3470 2608 po-

1831 2618 2105 2688 tuissent,
2132 2622 2320 2690 ejecto
2344 2621 2471 2689 igne
2491 2622 2561 2677 de
2579 2622 2811 2679 clibano
2829 2624 2954 2694 ipse
2969 2624 3124 2681 intus
3141 2625 3459 2696 ingressus,

1832 2720 1961 2761 cum
1990 2707 2218 2762 cuculla
2254 2723 2351 2763 sua
2384 2709 2675 2764 clibanum
2708 2712 2996 2781 purgavit,
3029 2718 3088 2767 et
3121 2727 3324 2782 panem
3350 2711 3470 2768 illic

1832 2794 1903 2848 ad
1932 2794 2295 2863 coquendum
2324 2795 2635 2863 ordinavnt,
2668 2811 2962 2866 sanusque
2993 2800 3150 2853 foras
3194 2813 3471 2867 egressus

1834 2895 2035 2953 panem
2061 2886 2321 2937 sanctum
2351 2882 2632 2938 fratribus
2656 2884 2711 2938 in
2732 2885 3322 2957 refectoriotempore
3359 2892 3476 2941 sta-

1832 2973 1963 3025 tuto
1994 2969 2317 3025 distribuit.
2353 2970 2490 3025 Cum
2521 2984 2659 3040 ergo
2687 2977 2844 3026 esset
2890 2972 3205 3043 episcopus
3237 2973 3468 3028 ordina-

1833 3061 2138 3128 tus,ncpos
2175 3059 2481 3128 Dagoberti
2514 3059 2666 3127 regis
2698 3059 2889 3114 Grimo
2912 3060 3208 3127 diaconus,
3247 3060 3341 3130 qui
3410 3065 3471 3115 et

1835 3144 2144 3213 Adelgisus
2172 3143 2367 3202 dictus
2398 3150 2645 3214 est,cum
2669 3146 2872 3203 fuisset
2907 3163 2936 3202 a
2961 3153 3165 3204 sancto
3184 3148 3363 3203 Paulo
3396 3148 3470 3203 ab

1835 3232 2074 3287 infantia
2108 3239 2445 3289 reverenter
2476 3235 2892 3306 educatus,pro
2911 3250 3104 3291 amore
3140 3236 3326 3306 ipsius
3370 3250 3470 3291 an-

1837 3320 2048 3376 tistitis
2072 3335 2229 3376 suam
2262 3323 2702 3392 proprietatem,
2738 3322 2792 3377 id
2816 3328 2906 3379 est
2949 3323 3319 3393 Theolegium
3362 3338 3477 3379 mo-

1835 3408 2175 3477 nasterium,
2214 3416 2431 3466 sanctas
2454 3411 2644 3467 Mariae
2674 3411 2728 3465 in
2778 3411 3033 3467 Virduno
3086 3426 3193 3468 suo
3246 3411 3468 3483 scripto

1835 3501 1891 3552 et
1912 3496 2222 3552 multorum
2241 3497 2494 3554 fidelium
2537 3498 3028 3569 scriptistradidit
3107 3501 3474 3569 roboranter,

1835 3590 1895 3639 et
1929 3589 1989 3639 ut
2033 3585 2410 3642 Virdunensis
2437 3586 2682 3642 ecclesia
2713 3588 2901 3657 ipsum
2946 3588 3359 3644 monasterium
3422 3589 3480 3642 in

1837 3674 2255 3743 sempiternum
2277 3674 2537 3739 haberet,
2587 3676 2739 3730 omni
2789 3677 3143 3731 auctoritate
3202 3675 3474 3731 firmavit.

1836 3761 2027 3816 Victui
2055 3777 2189 3817 vero
2224 3763 2464 3818 fratrum
2491 3763 2684 3818 Grimo
2729 3763 3069 3818 Frasindum
3122 3763 3318 3819 villam
3368 3778 3477 3833 pro

1837 3864 1934 3904 sua
1961 3850 2179 3919 pietate
2202 3849 2953 3917 delegavit.Sanctusctiam
2972 3850 3185 3905 Paulus
3228 3850 3470 3906 Basonis

1834 3936 2042 3991 villare
2075 3938 2143 3992 de
2172 3938 2295 3992 suis
2328 3936 2655 3990 rcdditibus
2678 3938 3056 4006 comparavit.
3095 3936 3476 4004 Privilegium

1837 4027 2176 4079 canonicum
2210 4024 2394 4094 ipsius
2425 4016 2689 4079 ecclesiae
2720 4023 2788 4078 de
2830 4023 3258 4094 antiquioribus
3319 4022 3478 4079 villis

1840 4113 2078 4181 fecit,et
2103 4126 2203 4167 sua
2240 4111 2597 4181 aliorumque
2645 4112 3050 4183 episcoporum
3118 4112 3475 4168 auctoritate

1840 4202 2027 4272 ipsum
2060 4200 2382 4256 subdivina
2448 4200 2828 4256 attestatione
2876 4200 3195 4257 roboravit.
3260 4201 3361 4257 Hic
3423 4200 3480 4257 in

1839 4289 2175 4360 episcopatu
2211 4288 2453 4358 positus,
2476 4287 2656 4343 multa
2683 4289 2959 4345 miracula
2975 4295 3254 4361 operatus
3270 4293 3381 4358 est,
3416 4294 3476 4344 et

1840 4382 1975 4448 post
2003 4391 2168 4432 suum
2199 4390 2502 4431 excessum
2536 4378 2763 4447 positus
2786 4376 2841 4433 in
2875 4378 3115 4434 basilica
3152 4378 3340 4434 sancti
3374 4378 3471 4433 Sa-

1838 4466 2358 4534 turnini,omnibus
2386 4480 2515 4520 cum
2541 4465 2651 4521 fide
2668 4466 3045 4536 poscentibus
3062 4467 3238 4523 multa
3265 4466 3481 4523 sanita-

1758 4556 1811 4615 D
1840 4557 1960 4609 tum
1998 4553 2271 4609 beneficia
2307 4552 2552 4622 largitus
2581 4556 2899 4610 est.C:ecos
2920 4569 3164 4625 namque
3189 4553 3479 4609 illumina-

1840 4643 2148 4710 vit,surdis
2177 4643 2437 4698 auditum
2464 4642 2867 4711 dedit,clausis
2897 4657 3164 4712 gressum
3199 4642 3476 4712 praebuit,

1840 4739 2094 4801 aegrotos
2118 4745 2147 4785 a
2181 4730 2357 4786 variis
2390 4730 2831 4786 infirmitatibus
2894 4730 3185 4785 liberavit.
3222 4729 3287 4783 Et
3341 4728 3481 4797 quid

1844 4819 2008 4891 plura
2032 4820 2054 4873 ?
2076 4818 2394 4875 Ecclesiam
2420 4819 2530 4873 sibi
2560 4820 2922 4874 commissam
2947 4820 3123 4874 rebus
3145 4815 3483 4887 temporali-

1842 4908 1951 4965 bus
1976 4907 2263 4977 dilatavit,
2298 4908 2578 4963 bonorum
2603 4920 2841 4977 operum
2868 4906 3111 4962 ﬂoribus
3151 4903 3478 4976 adornavit,

1841 5003 1899 5051 et
1916 4997 2190 5052 Dominus
2213 4995 2583 5066 omnipotens
2604 4994 2849 5050 animam
2872 4995 2999 5065 ejus
3022 5008 3152 5051 cum
3187 4992 3483 5049 sanctisin

1842 5089 2060 5140 aeterna
2085 5084 2267 5155 gloria
2293 5084 2550 5155 gaudere
2572 5082 2728 5138 facit.
2755 5083 3270 5153 Requievitautcm
3288 5094 3484 5137 mense

1843 5174 2179 5244 Februario,
2244 5173 2335 5229 die
2386 5177 2436 5229 9.
2499 5172 2635 5226 Post
2683 5170 2834 5228 hunc
2876 5172 3070 5229 extitit
3153 5168 3487 5227 Gisloaldus

1844 5262 2170 5333 episcopus,
2206 5261 2561 5318 Gerebertus
2591 5258 2682 5315 ²²¹.

1920 5349 2213 5421 [Ἐπιεικεαά
2246 5351 2613 5421 Dagobertus
2673 5348 2856 5420 igitur
2903 5364 3053 5407 anno
3115 5347 3276 5417 regni
3333 5344 3420 5402 sui
3452 5347 3486 5403 6

1440 5449 1680 5510 VARLE
1719 5447 2012 5505 LECTION
2020 5449 2118 5504 ES.

1674 5588 1896 5649 NOTE.

181 5515 237 5551 ’“
267 5519 393 5586 Quae
414 5522 819 5599 arguebantur
846 5522 1072 5582 abrasa
1101 5520 1257 5581 sunt.

188 5660 283 5735 (4⁷)
310 5664 445 5740 Lege
477 5664 921 5731 C’ﬁrodoaldm.
952 5663 1124 5725 Fred°
1152 5678 1205 5739 c,
1226 5665 1310 5721 52.
