3898 6330
73 396 171 461 137

1305 398 1805 467 CHRONICON.
1844 438 1916 450 —
1948 400 2098 466 LIB.
2135 405 2181 468 Ι.

3324 410 3440 475 138

70 537 160 593 size
190 536 536 594 Glennonem
563 554 691 595 cum
716 539 1091 610 appendiciis.
1122 540 1224 597 Hic
1248 540 1302 595 in
1319 540 1688 611 expeditione
1717 539 1774 599 A
1802 540 1981 609 vim.)
2015 542 2073 595 In
2109 542 2316 599 d'ebns
2349 541 2468 596 illis
2498 540 2698 596 Franci
2734 545 2931 598 mutua
2973 556 3038 597 se
3087 545 3247 600 caede
3295 552 3441 602 ster-

74 625 420 697 imperatoris
442 627 592 682 obiit
620 628 804 698 pridie
828 628 1016 684 Nonas
1036 629 1189 684 Julii.
1217 630 1493 698 Tempore
1515 629 1688 684 etiam

71 714 182 782 ejus
223 715 373 770 dedit
423 717 564 786 Bajo
608 720 809 773 sancto
842 717 1110 784 Prejecto
1143 717 1526 774 Pulliniacum
1562 731 1690 773 cum

77 801 332 869 ecclesia,
384 804 767 872 Magniacum,
821 804 1212 875 Pruiniacum,
1261 809 1322 860 et
1372 820 1516 860 uxor
1564 804 1691 874 ejus

74 890 336 959 Puteolos,
364 891 850 962 Opieinariacum,
880 892 1204 948 Cleriacum
1227 907 1377 948 anno
1409 898 1441 948 7
1474 892 1695 948 Childe-

78 976 167 1032 rici
213 978 338 1047 (49).

139 1066 226 1121 His
249 1064 449 1122 diebus
471 1067 796 1122 Eduensem
819 1066 1127 1123 ecclesiam
1149 1068 1431 1138 praefatus
1457 1069 1697 1135 regebat

81 1153 461 1223 Leodegarius,
499 1154 922 1210 Virdunensem
956 1156 1334 1223 Gerebertus,
1356 1155 1427 1211 de
1449 1154 1695 1224 quojam

81 1241 382 1296 memoriam
418 1242 688 1312 fecimus,
706 1242 1133 1311 Trajectrnsem
1160 1243 1697 1299 sanctusTheodar-

79 1326 188 1384 dus.
220 1328 381 1398 (Vita
412 1329 645 1401 Lamb.)
675 1332 735 1385 In
767 1330 895 1385 aula
931 1331 1088 1400 regis
1122 1330 1432 1386 Childerici
1456 1333 1695 1386 sanctus

79 1421 188 1471 erat
218 1416 823 1486 Lambertus,juvcnis
843 1419 1004 1474 bonae
1030 1418 1262 1486 indolis,
1292 1418 1386 1488 qui
1416 1422 1548 1489 post
1570 1433 1697 1473 san-

80 1509 215 1559 ctum
272 1505 676 1561 Theodardum
746 1520 1028 1562 consensu
1086 1511 1414 1574 magnatum
1462 1511 1519 1560 et
1568 1521 1697 1576 pro-

78 1606 250 1648 cerum
289 1593 721 1662 Trajectensem
777 1594 1037 1662 suscepit
1083 1595 1504 1663 episcopatum.
1555 1595 1695 1648 Dum

85 1679 244 1748 igitur
273 1685 512 1737 strenue
532 1686 593 1736 et
618 1681 910 1750 sagaciter
934 1682 1298 1737 Childericus
1320 1682 1478 1750 regni
1505 1681 1698 1753 dispo-

84 1772 229 1822 neret
253 1768 667 1839 moderamina,
685 1774 989 1825 crescente
1004 1769 1156 1825 inter
1173 1769 1465 1839 principes
1480 1769 1699 1824 discor-

82 1853 162 1910 dia
188 1855 392 1911 diaboli
445 1856 686 1926 maligni
737 1855 1020 1912 suadente
1061 1856 1299 1922 invidia,
1348 1856 1699 1912 interficitur

85 1942 329 2014 princeps
357 1944 469 1999 iste
504 1943 784 2013 inclytus,
820 1958 969 1999 anno
999 1946 1070 2000 ab
1105 1944 1213 1999 inc.
1249 1946 1409 1999 Dom.
1449 1948 1573 2010 670,
1621 1944 1703 1998 in-

86 2031 313 2087 dictione
346 2037 431 2101 13,
454 2032 687 2087 exactis
716 2032 769 2087 in
793 2033 955 2100 regni
985 2031 1495 2087 administratione
1517 2036 1585 2087 2'2
1609 2047 1705 2087 an-

92 2119 182 2187 nis,
213 2125 266 2174 et
293 2134 609 2189 germanus
640 2120 769 2189 ejus
799 2120 1189 2176 Theodericus
1222 2120 1504 2175 succedit.
1538 2121 1706 2191 (Vita

93 2207 264 2277 Leod.)
294 2209 352 2263 In
386 2208 459 2263 di.
486 2210 598 2264 bus
631 2209 750 2264 illis
781 2214 937 2264 tanta
970 2209 1072 2264 fuit
1108 2207 1413 2263 tribulatio
1446 2209 1500 2262 in
1523 2208 1708 2263 cccle-

91 2295 179 2363 sia,
209 2296 432 2352 Ebroini
468 2297 728 2352 faciente
762 2296 1039 2365 nequitia,
1078 2301 1139 2351 ut
1166 2296 1433 2351 videatur
1456 2311 1557 2351 cru
1584 2297 1707 2351 leli-

91 2387 194 2439 tate
219 2385 440 2441 vincere
473 2384 810 2440 Neroniana
839 2390 898 2439 et
930 2384 1174 2439 Deciana
1199 2389 1480 2454 tempora.
1514 2384 1701 2455 [Ano.]

90 2472 222 2527 Tunc
240 2473 581 2529 interfectus
605 2477 702 2528 est
724 2476 964 2528 sanctus
988 2472 1374 2539 Leodegarius
1396 2487 1527 2527 cum
1553 2472 1708 2528 Ceri-

96 2573 154 2615 no
181 2560 342 2617 fratre
372 2563 444 2617 ab
472 2562 603 2632 ipso
638 2561 889 2616 Ebroino
932 2561 1217 2631 principe,
1261 2566 1501 2616 sanctus
1552 2561 1709 2616 Lam-

97 2648 271 2704 bertns
298 2665 326 2705 a
357 2649 594 2705 Dodone
619 2649 853 2704 comite.
880 2648 1168 2704 Ebroinus
1185 2648 1535 2711 crudelitate
1561 2650 1711 2704 fren-

98 2733 235 2806 dens,
265 2739 331 2793 ab
358 2736 732 2793 Ermenfrido
765 2738 977 2792 Franco
1008 2736 1354 2791 interfectus
1392 2741 1502 2799 est.
1558 2737 1698 2791 Erat

103 2829 219 2880 tunc
236 2827 507 2896 temporis
529 2825 624 2881 vir
649 2826 721 2880 ab
744 2824 870 2894 ipso
891 2824 1143 2880 Ebroino
1162 2824 1349 2879 oculis
1366 2825 1633 2894 privatus
1656 2825 1711 2879 in

102 2912 260 2968 insula
289 2929 410 2984 qua:
438 2915 703 2969 Barbara
729 2913 963 2983 dicitur,
990 2928 1121 2969 cum
1146 2917 1429 2968 nocturno
1454 2918 1714 2982 tempore

105 3001 163 3054 ad
188 3002 349 3072 ripam
382 3002 586 3058 Araris
616 3001 823 3056 orandi
853 3002 1041 3069 gratia
1077 3000 1331 3069 sederet,
1368 3000 1591 3056 audivit
1621 3015 1716 3055 na-

106 3087 384 3157 vigantium
409 3091 719 3162 impetum.
747 3089 852 3155 Qui
878 3089 1267 3158 interrogans,
1294 3103 1407 3158 quo
1425 3087 1714 3156 navigium

1802 639 1966 703 nunt,
2000 638 2055 689 et
2080 628 2470 686 Theobaldum
2496 624 2808 682 Grimoaldi
2835 626 3012 682 lilium
3040 633 3467 700 persequendo.

1806 721 2024 789 fugant,
2058 719 2248 775 electo
2284 714 2594 772 Rainfredo
2631 714 2684 768 in
2720 714 3046 785 principatu
3081 717 3315 785 majoris
3347 720 3442 775 do-

1805 824 1953 877 mus,
1987 809 2057 863 de
2087 807 2254 876 cujus
2284 819 2452 859 manu
2489 817 2590 873 per
2624 801 2801 857 multa
2836 802 2984 858 bella
3018 805 3265 861 Karolus
3306 822 3443 863 eun-

1805 896 1933 952 dem
1970 895 2359 967 principatum
2393 889 2657 957 sustulit,
2691 894 2746 944 et
2783 896 3047 947 mortuus
3082 894 3446 951 estRainfre-

1806 984 1915 1039 dus
1947 998 1998 1038 a.
2030 988 2152 1038 731.
2191 979 2394 1051 (Gesta
2425 978 2668 1046 Franc.)
2700 980 2862 1032 Anno
2898 994 3128 1048 quoque
3160 985 3262 1035 717
3295 982 3441 1036 obiit

1807 1072 1862 1126 in
1898 1071 2193 1125 Attiniaco
2222 1068 2357 1124 villa
2390 1064 2611 1132 Daniel,
2645 1064 2741 1133 qui
2766 1070 2825 1119 et
2849 1065 3231 1135 Chilpericus,
3255 1073 3310 1123 et
3340 1071 3445 1123 No-

1807 1158 1998 1213 viomo
2031 1156 2319 1229 sepultus,
2353 1160 2412 1210 et
2443 1152 2710 1209 succedit
2740 1153 2789 1207 ei
2825 1153 3217 1210 Theodericus
3269 1158 3445 1225 Dago-

1808 1246 1957 1300 berti
1988 1244 2241 1314 jnnioris
2275 1243 2444 1298 ﬁlius.
2482 1240 2646 1311 (0hr.
2673 1240 2939 1309 Dieion.)
2974 1242 3096 1305 Quo
3129 1248 3358 1299 mortuo
3391 1259 3441 1299 a.

1805 1337 1906 1389 7'25
1940 1337 2226 1388 successu
2262 1331 2614 1395 Clotbarius,
2666 1332 2723 1383 et
2767 1330 3061 1385 Clothario
3114 1331 3449 1386 Childeber-

1803 1425 1927 1488 tus,
1951 1426 2006 1475 et
2034 1420 2410 1475 Childeberto
2446 1420 2842 1483 Childericus;
2884 1420 2939 1474 in
2977 1433 3090 1488 quo
3109 1418 3320 1474 defecit
3350 1434 3448 1488 ge-

1806 1508 2033 1563 neratio
2059 1508 2213 1577 regis
2244 1508 2537 1577 Clodovei,
2576 1524 2703 1579 quae
2730 1524 2911 1579 usque
2938 1516 3075 1564 tunc
3102 1514 3445 1575 regnaverat

1806 1596 1924 1666 (fol.
1961 1598 2069 1666 52).

1884 1739 2166 1811 [Damam]
2205 1739 2446 1795 Karolus
2479 1741 2549 1795 ab
2573 1739 2873 1809 ergastulo
2898 1755 3011 1809 quo
3036 1741 3344 1797 tenebatur
3367 1741 3452 1797 di-

1811 1828 1941 1883 vina
1979 1827 2351 1883 miseratione
2382 1833 2643 1898 ereptus,
2678 1832 2745 1882 27
2775 1829 2958 1885 annis.
2997 1829 3208 1898 quibus
3242 1830 3450 1900 princi-

1817 1919 2011 1986 patum
2044 1915 2299 1970 obtinuit
2330 1916 2438 1970 sub
2472 1915 2733 1985 prtefatis
2763 1916 3021 1985 regibus,
3058 1916 3267 1971 bellum
3318 1933 3448 1973 cum

1816 2004 2018 2075 paucis
2045 2002 2132 2058 bis
2160 2008 2361 2072 terque
2386 2017 2738 2071 congressus
2765 2004 2947 2073 primo
2964 2004 3126 2071 abiit,
3144 2005 3375 2059 tandem
3393 2006 3448 2060 in

1814 2091 2085 2146 Vinciaco
2119 2096 2183 2145 13
2216 2090 2333 2145 Kal.
2374 2091 2586 2161 Aprilis
2618 2095 2824 2146 contra
2859 2090 3230 2146 Rainfredum
3284 2094 3451 2147 Fran-

1815 2194 2015 2235 corum
2048 2178 2363 2249 principem
2398 2192 2447 2233 a.
2483 2184 2606 2248 717,
2645 2180 2822 2234 tertio
2854 2179 2942 2235 sui
2975 2179 3339 2249 principatus
3363 2196 3453 2236 an-

1816 2282 1921 2331 no;
1958 2267 2108 2322 unde
2140 2266 2330 2321 victor
2363 2267 2569 2335 factus,
2593 2281 2701 2322 una
2729 2272 2973 2335 tantum,
3001 2267 3053 2322 id
3075 2272 3168 2321 est
3194 2268 3453 2337 Andega-

1814 2355 1904 2409 vis
1934 2354 2171 2409 civitate
2203 2353 2253 2407 ei
2287 2368 2562 2409 concessa
2585 2354 2655 2409 ad
2678 2354 3076 2424 habitandum,
3102 2356 3453 2413 Francorum

1821 2446 1995 2497 totam
2037 2447 2267 2511 gentem
2321 2458 2549 2512 regens,
2602 2443 2853 2497 vastavit
2900 2444 3225 2514 Saxoniam,
3280 2447 3455 2502 Bava-

1819 2530 1981 2593 riam,
2014 2530 2254 2584 intravit
2287 2530 2340 2584 in
2374 2530 2731 2585 Provinciam
2760 2546 2940 2600 usque
2966 2532 3295 2601 Massiliam,
3324 2534 3454 2591 inva

1818 2618 1891 2673 sit
1926 2619 2313 2687 Wasconiam,
2337 2619 2590 2673 vastavit
2614 2619 2875 2687 Frisiam,
2901 2620 3178 2675 contrivit
3201 2622 3457 2678 Aleman-

1819 2706 1988 2761 niam.
2023 2706 2189 2777 (Chr.
2224 2705 2601 2775 Ditim.)Qui
2629 2712 2935 2776 prepterea
2959 2709 3181 2764 Tuditis
3205 2711 3456 2779 appella-

1821 2799 1917 2849 tus
1945 2799 2037 2848 est
2066 2793 2220 2863 quod
2253 2799 2345 2849 est
2374 2792 2617 2847 malleus
2652 2792 2817 2860 fabri,
2865 2794 2997 2862 quia
3046 2795 3197 2851 sicut
3250 2799 3456 2857 malleo

1823 2882 2089 2938 universa
2122 2880 2447 2937 tunduntur
2483 2881 2852 2950 ferramenta,
2888 2881 2965 2935 ita
3006 2881 3129 2951 ipse
3176 2888 3456 2943 contrivit

1823 2970 2011 3026 omnia
2044 2984 2217 3038 regna
2253 2968 2363 3024 sibi
2395 2968 2602 3023 vicina.
2640 2969 2919 3038 Pugnavit
2944 2970 3115 3025 etiam
3141 2987 3269 3027 cum
3295 2976 3459 3031 Sara-

1824 3058 1986 3113 cenis
2018 3072 2127 3112 non
2160 3056 2330 3126 longe
2360 3072 2388 3112 a
2424 3058 2710 3124 Narbona,
2745 3061 2802 3111 et
2839 3057 3079 3113 maxima
3127 3061 3284 3117 caede
3330 3078 3460 3134 pro-

106 3144 222 3231 “le
263 3144 554 3249 “*ndélﬁ,‘
578 3144 823 3234 'z‘ludi;it
859 3196 871 3230 ε
922 3144 1219 3234 Εῡτθῶαε
1256 3144 1371 3245 ’ἀεὶ
1421 3144 1594 3247 qua":
1638 3174 1720 3232 ad
1750 3228 1793 3249 Α
1827 3146 2057 3249 stravit.
2095 3145 2316 3249 Quibus
2346 3144 3455 3249 iterumProvinciam.irrumpentibus,

117 3262 429 3323 Vulcanium
466 3268 661 3324 ollam
692 3266 1036 3337 deferimus,
1088 3265 1176 3323 ibi
1220 3267 1379 3322 enim
1408 3264 1576 3337 facti
1618 3264 1717 3320 sai

107 3366 276 3420 penus
303 3353 437 3411 laet.

164 3440 307 3509 (0hr.
339 3444 607 3513 Divina.)
637 3443 763 3497 Jam
800 3446 933 3498 tunc
966 3441 1376 3498 deficientibus
1402 3456 1432 3496 a
1468 3441 1715 3512 pristino

108 3526 275 3597 vigore
297 3532 547 3601 regibus,
575 3529 747 3599 regni
769 3544 908 3585 cura
933 3529 1455 3585 administrabatur
1482 3545 1583 3601 per
1607 3544 1719 3584 ma-

106 3616 239 3683 jores
264 3618 476 3675 domus.
513 3619 749 3673 Mortuo
778 3631 918 3686 ergo
946 3617 1300 3673 Theoderico
1324 3618 1396 3672 ab
1418 3618 1527 3673 inc.
1556 3619 1713 3673 Dom.

111 3703 211 3773 692,
241 3705 541 3763 indictione
574 3706 805 3776 quinta,
843 3705 1169 3762 Clodovcus
1199 3706 1353 3762 filius
1377 3706 1503 3776 ejus
1524 3721 1719 3762 succe~

113 3788 230 3847 deus
256 3802 517 3864 regnata.
549 3801 601 3851 1.
634 3794 795 3849 Inter
819 3793 1001 3849 duces
1023 3799 1080 3848 et
1106 3795 1385 3864 primates
1408 3794 1569 3863 regni
1594 3796 1722 3865 Pip-

115 3877 259 3945 pinus
280 3883 716 3952 praeminebat,
749 3886 804 3937 et
841 3881 1083 3937 maxima
1120 3896 1254 3951 pars
1280 3881 1441 3951 regni
1469 3883 1521 3936 in
1554 3898 1721 3939 manu

117 3966 222 4034 ejus
247 3977 379 4026 erat.
414 3972 714 4028 Clodoveo
746 3984 978 4040 quoque
1012 3970 1286 4025 defuncto
1316 3969 1726 4028 Childebertus

118 4058 398 4115 succedens
426 4059 701 4130 regnavit
723 4072 773 4114 a.
797 4063 880 4114 13.
912 4058 1117 4127 (Gesta
1140 4058 1382 4129 Fraus.)
1404 4058 1726 4115 Virdunen-

122 4156 219 4199 sem
246 4148 531 4205 ecclesiam
568 4146 1003 4204 Bertbalamius
1046 4147 1357 4218 episcopus
1406 4147 1576 4215 rexit,
1629 4163 1724 4218 qui

120 4232 280 4290 studio
309 4250 406 4292 suo
434 4242 492 4292 et
520 4234 820 4292 industria
851 4233 1119 4290 ecclesize
1148 4234 1259 4290 sibi
1283 4235 1607 4291 commissa;
1632 4235 1729 4290 ad-

125 4320 327 4388 quisivit
357 4325 584 4395 praedia
614 4322 1061 4394 quamplurima.
1120 4322 1411 4395 [BERTAIL]
1461 4322 1585 4389 Quo
1635 4324 1730 4379 de-

126 4404 288 4466 functo
316 4413 585 4470 succedit.
615 4412 779 4466 Abbo
807 4411 1139 4481 episcopus.

183 4496 522 4559 Childeberto
554 4514 800 4571 quoque
831 4514 988 4569 rege,
1024 4499 1121 4570 qui
1152 4499 1595 4570 cognominatus
1643 4505 1732 4556 est

129 4582 315 4653 Justus,
344 4589 411 4645 de
445 4588 649 4647 medio
684 4590 836 4644 facto
864 4601 1014 4644 anno
1044 4592 1166 4656 711,
1194 4588 1560 4658 Dagobertus
1582 4586 1735 4644 illius

132 4668 234 4739 eius
258 4678 501 4735 succedit
533 4676 736 4735 adhuc
770 4691 914 4748 puer
934 4691 1084 4733 anno
1109 4676 1220 4732 inc.
1250 4677 1407 4731 Dom.
1431 4681 1553 4745 712,
1574 4682 1632 4731 et
1656 4690 1739 4732 re.

135 4762 293 4826 gnavit
317 4766 472 4822 annis
496 4773 548 4834 δ,
582 4771 640 4821 et
667 4768 934 4821 mortuus
955 4768 1049 4820 est
1072 4779 1122 4819 a.
1139 4768 1261 4833 715,
1280 4762 1483 4833 (Gesta
1502 4764 1738 4835 Fraus.)

137 4846 211 4902 cui
235 4856 499 4911 successit
528 4852 740 4911 Daniel
785 4852 1059 4921 clericus,
1112 4850 1209 4922 qui
1252 4856 1311 4908 et
1360 4851 1737 4924 Chilpericus,

139 4941 472 5012 τθεηενίιαυθ
502 4957 694 4999 annos
718 4940 855 5013 plus
885 4941 1162 5012 quinque.

200 5024 457 5104 [Renum]
492 5034 664 5087 Anno
697 5031 768 5085 ab
802 5030 911 5085 inc.
947 5031 1108 5085 Dom.
1150 5034 1276 5099 711,
1329 5032 1502 5085 natus
1549 5033 1641 5085 est
1687 5031 1743 5087 in

145 5106 443 5174 Virdunensi
491 5120 642 5177 urbe
696 5118 945 5175 domnus
1004 5116 1483 5189 Madeleveuspx
1531 5117 1747 5173 familia

150 5199 390 5261 ecclesiae.

205 5288 455 5362 Pippinus
482 5301 756 5353 mortuus
784 5300 875 5351 est
924 5310 1074 5352 anno
1126 5296 1198 5353 ab
1247 5296 1357 5352 inc.
1407 5295 1567 5351 Dom.
1621 5298 1744 5366 714,

154 5386 317 5436 mense
345 5386 695 5457 Decembrio,
730 5390 789 5442 et
823 5386 1190 5444 Grimoaldus
1224 5386 1380 5443 illius
1424 5386 1553 5455 ejus
1603 5400 1750 5443 mor-

152 5465 282 5537 iuus,
308 5477 362 5528 et
386 5476 625 5543 Karolus
653 5475 939 5547 successit
975 5477 1025 5531 in
1058 5475 1188 5532 loco
1222 5474 1621 5548 patris.,(C'Itr.
1648 5476 1753 5533 Di-

1748 3228 1795 3289 C
1824 3250 1953 3291 cum
1980 3233 2274 3290 Arelatum
2295 3234 2610 3305 cepissent,
2635 3234 2876 3290 Carolus
2896 3236 3293 3308 sibiadjuncto
3313 3242 3461 3296 Luit-

1833 3324 2055 3395 prando
2080 3323 2589 3391 Longobardorum
2619 3337 2772 3391 rege,
2799 3324 2867 3378 de
2888 3323 3117 3381 illiseos
3131 3327 3465 3395 regionibus

1827 3411 2123 3479 ellugavit.
2158 3410 2252 3481 [PA
2266 3426 2332 3465 UL
2352 3409 2532 3482 01.10.]
2562 3411 2925 3482 Eotempore
2951 3412 3145 3467 floruit
3172 3416 3285 3470 vita
3302 3424 3465 3474 etac-

1829 3482 1989 3538 tibus
2010 3484 2221 3536 Petrus
2236 3481 2893 3552 TicinensiSepiscopus,
2911 3482 3464 3556 virginitatisgloria

1830 3570 2163 3639 decoratus,
2189 3569 2282 3639 qui
2310 3570 2381 3624 ab
2405 3569 2678 3640 Ariperto
2704 3571 2989 3639 quondam
3013 3586 3147 3640 rege
3162 3576 3313 3644 apud
3329 3577 3467 3647 Spo-

1832 3659 2008 3715 letum
2045 3659 2233 3713 fuerat
2266 3657 2580 3727 relegatus.
2617 3658 2767 3714 Misit
2800 3663 2988 3713 autem
3012 3661 3254 3717 Carolus
3280 3664 3469 3736 Pippi-

1830 3762 1965 3803 num
2000 3746 2178 3801 filium
2209 3761 2374 3801 suum
2412 3744 2763 3816 Luitprando
2797 3748 3036 3816 praefato
3071 3750 3209 3818 regi,
3249 3758 3311 3805 ut
3343 3753 3469 3820 ejus

1831 3834 2105 3906 capillum
2140 3833 2442 3889 incideret.
2484 3832 2590 3897 Qui
2622 3833 2840 3888 crinem
2870 3834 2997 3902 ejus
3028 3836 3286 3893 incidens
3308 3846 3474 3909 pater

1833 3925 1885 3981 ei
1912 3924 2101 3980 factus
2123 3926 2212 3978 est
2237 3919 2583 3989 :multisque
2608 3919 2853 3975 ditatum
2872 3923 3471 3993 muneribusgenitori

1837 4012 2081 4068 remisit.
2110 4011 2297 4065 Leone
2314 4008 2635 4078 imperante
2658 4007 3017 4079 temporibus
3032 4010 3292 4083 Gregorii
3312 4029 3474 4087 papas

1835 4099 2021 4167 tertii,
2056 4100 2288 4153 hortatu
2322 4096 2448 4166 ejus
2488 4097 2808 4152 Petronace
2860 4097 3006 4153 duce
3058 4105 3474 4162 monasterium

1841 4186 2022 4245 sancti
2049 4185 2344 4241 Benedicti
2365 4184 2420 4239 in
2446 4184 2686 4240 Cassino
2712 4190 3105 4243 restauratum
3130 4193 3216 4244 est
3239 4191 3479 4262 ,elapsis

1835 4278 1951 4348 jam
1986 4278 2105 4331 fere
2140 4276 2240 4329 110
2272 4273 2438 4329 annis
2472 4287 2501 4329 a
2530 4272 2932 4329 destructione
2963 4275 3109 4345 ejus,
3160 4280 3252 4336 cui
3302 4282 3479 4341 etiam

1840 4364 2149 4423 Zacharias
2178 4376 2322 4434 papa
2356 4362 2521 4434 plura
2553 4361 2826 4433 contulit,
2862 4364 3014 4421 inter
3046 4380 3173 4437 qua:
3198 4370 3478 4443 regulam,

1845 4468 2013 4525 quam
2043 4458 2282 4509 sanctus
2313 4450 2660 4509 Benedictus
2690 4466 2859 4508 manu
2895 4468 2999 4510 sua
3047 4456 3304 4527 scripsit,
3354 4474 3486 4516 con-

1769 4568 1818 4628 D
1842 4542 2039 4599 cessit.

1920 4683 2209 4755 [BERTAR.]
2280 4683 2435 4738 Tunc
2496 4687 2750 4753 praeerat
2812 4682 3162 4740 Virdunensi
3218 4684 3486 4744 ecclesias

1847 4773 2044 4843 Peppo
2063 4770 2395 4841 episcopus,
2421 4776 2480 4826 et
2506 4770 2560 4825 in
2584 4770 2681 4825 illa
2706 4770 3015 4839 seditione,
3044 4786 3210 4841 quam
3236 4771 3489 4831 diximus

1851 4860 2028 4915 fuisse
2062 4859 2213 4914 inter
2244 4858 2635 4914 Raimfredum
2670 4859 3018 4913 Francorum
3062 4859 3379 4929 principem
3429 4866 3487 4918 et

1851 4946 2121 5003 Karolum
2150 4944 2570 5016 Tuditem,ipse
2605 4945 2740 4999 favit
2779 4945 3045 5015 partibus
3081 4944 3292 5014 Caroli,
3325 4952 3385 5002 et
3415 4950 3490 5005 ob

1852 5035 1910 5091 id
1941 5034 2191 5106 optinuit
2226 5032 2416 5103 pretio
2447 5047 2574 5089 cum
2607 5031 2813 5087 Carolo
2834 5037 2893 5087 et
2915 5031 3163 5101 quodam
3198 5033 3492 5092 nobiliva-

1855 5121 2002 5180 sallo
2034 5121 2161 5191 ejus
2193 5122 2550 5177 Calmontem
2578 5119 2773 5175 villam
2807 5133 2936 5174 cum
2969 5121 3237 5177 omnibus
3281 5137 3493 5194 appen-

1855 5209 2046 5266 diciis.
2082 5210 2395 5278 Postquam
2429 5221 2568 5262 vero
2601 5207 2751 5262 Deus
2782 5205 2989 5262 Karolo
3019 5206 3294 5264 solidavit
3324 5211 3495 5266 Fran-

1854 5312 2054 5355 corum
2089 5310 2348 5365 regnum.
2382 5293 2605 5351 addidit
2635 5299 2694 5349 et
2719 5292 2827 5349 alia
2852 5293 3296 5366 quamplurima,
3322 5304 3383 5353 ut
3403 5312 3498 5355 os-

1856 5387 2049 5444 tendit
2079 5385 2412 5443 cbartarum
2438 5383 2666 5439 notitia.
2694 5383 2763 5438 Et
2782 5383 2889 5441 hoc
2911 5398 3052 5456 ergo
3074 5383 3347 5442 defuncto
3367 5386 3499 5443 Vol-

1857 5476 2061 5532 chisus
2093 5473 2410 5546 episcopus
2441 5472 2632 5529 factus
2661 5477 2775 5543 est,
2808 5478 2866 5529 et
2904 5480 3034 5545 post
3054 5488 3185 5531 eum
3209 5474 3498 5544 Agroinus

1689 5588 1910 5646 ΝΟΤιΕ.

220 5683 315 5763 (49)
344 5692 439 5752 Die
464 5696 763 5755 Dominico
794 5698 928 5753 ante
961 5694 1110 5753 med.
1146 5708 1403 5754 mensem
1431 5693 1592 5765 Maii;
1625 5694 1765 5753 ibid.

425 5792 681 5860 Panos.
716 5793 931 5860 CLIV.
