3898 6324
404 401 520 470 139

1343 391 1710 461 HUGONIS
1749 390 2100 458 ABBATIS
2143 383 2830 458 FLAVINIACENSIS

3667 376 3766 456 140

399 537 734 610 episcopus,
769 533 865 609 qui
887 534 1197 610 perpaucis
1221 531 1510 606 annisipsi
1537 530 1826 606 prafuere
1849 527 2036 587 eccle-
2065 526 2122 587 A
2152 525 2442 584 sumdedit
2475 540 2783 598 regnorum
2816 526 2967 597 jura.
3018 526 3258 584 lnllatur
3306 540 3454 584 unus
3504 525 3765 582 adversus

402 641 522 684 81$.

474 715 640 785 (0hr.
669 713 933 784 Divina.)
965 715 1126 770 Anno
1159 711 1237 768 ab
1263 710 1372 767 inc.
1413 713 1570 766 Dom.
1619 711 1742 778 741,
1795 705 2039 763 Karolus

404 808 672 861 mortuus
701 806 811 872 est,
843 806 901 858 et
934 801 1035 856 filii
1064 799 1191 870 ejus
1221 797 1640 855 Karlomannus
1671 800 1728 853 et
1757 795 2039 867 Pippinns

405 894 788 962 susceperunt
822 889 983 959 regni
1017 885 1433 959 gubernacula,
1468 885 1568 942 sed
1619 883 2041 941 Karlomannus

404 981 655 1050 septimo
688 981 817 1051 post
851 977 1035 1050 patris
1064 977 1289 1033 obitum
1321 990 1470 1031 anno
1499 975 1570 1030 ab
1594 972 1704 1030 inc.
1731 973 1889 1028 Dom.
1911 974 2038 1040 747,

407 1067 610 1124 relicta
637 1081 777 1124 cura
807 1065 968 1135 regni
1000 1064 1246 1137 Pippino
1282 1061 1470 1132 fratri,
1513 1063 1730 1117 Roman
1782 1059 2044 1131 perrexit

404 1159 461 1212 et
497 1155 552 1211 in
584 1157 778 1211 monte
808 1152 1035 1224 Serapti
1067 1151 1386 1207 monachus
1419 1148 1836 1206 habitationem
1881 1145 2046 1202 insti-

408 1243 538 1300 tuit.
574 1244 787 1298 Postea
815 1256 926 1297 non
951 1241 1143 1296 ferens
1166 1238 1463 1294 molestias
1483 1237 1694 1293 crebro
1716 1249 1779 1292 se
1804 1233 2045 1290 visitan-

405 1331 572 1400 tium,
625 1330 695 1385 ad
745 1332 1006 1385 sanctum
1055 1327 1432 1382 Benedictum
1478 1325 1533 1380 in
1584 1327 1776 1380 monte
1823 1321 2040 1378 Cassini

408 1417 830 1486 commigravit.
868 1415 1070 1486 (Gesta
1081 1430 1147 1486 Ρ.
1176 1415 1272 1484 R.)
1295 1415 1447 1469 Tunc
1473 1412 1712 1482 regebat
1732 1411 2045 1465 Romanam

409 1504 716 1562 ecclesiam
728 1503 1033 1560 Zacharias
1051 1517 1215 1574 papa,
1232 1501 1329 1572 qui
1349 1499 1637 1557 successit
1656 1497 1932 1568 Gregorio
1947 1497 2040 1566 Ill,

411 1605 462 1650 a.
495 1595 618 1662 742,
651 1595 709 1648 et
742 1591 896 1648 rexit
925 1591 1110 1662 ipsam
1141 1589 1452 1646 ecclesiam
1486 1603 1536 1644 a.
1573 1591 1658 1657 10,
1694 1601 1766 1640 m.
1794 1589 1845 1655 3,
1871 1583 1928 1639 d.
1957 1585 2043 1640 14.

411 1678 694 1751 [REGINOJ
729 1679 832 1736 Hic
865 1682 1103 1750 accepta
1136 1677 1426 1746 legatione
1457 1691 1486 1732 a
1517 1674 1762 1747 Pippino
1787 1687 1888 1746 per
1909 1673 2048 1727 Bur-

409 1771 652 1838 gardum
685 1767 1206 1836 Vitzoburgensem
1239 1765 1599 1836 episcopum,
1631 1767 1691 1818 et
1737 1761 2048 1818 Fulradum

2151 615 2348 686 alium,
2369 616 2589 673 invadit
2614 616 2859 686 quisque
2872 630 3078 672 nomen
3093 616 3336 686 regium.
3354 616 3470 670 Hac
3484 619 3764 671 crescente

2152 703 2444 761 discordia
2477 707 2652 762 urbes
2683 703 3131 777 depopulantur,
3167 703 3430 762 ecclesia
3475 701 3762 759 incendun-

2151 793 2596 863 tur,ministeria
2621 793 2812 850 divina
2837 793 3246 863 detrahuntur,
3271 790 3618 848 monasteria
3639 790 3766 845 viro-

2153 897 2280 938 rum
2313 881 2686 952 dejiciuntur,
2721 881 3048 953 puellarum
3083 879 3460 950 deluduntur,
3499 884 3555 936 et
3581 884 3764 936 cuncta

2153 975 2498 1036 vastantur;
2533 970 2760 1040 fuitque
2789 984 2858 1026 eo
2883 973 3143 1041 tempore
3167 983 3280 1024 non
3307 968 3494 1024 minor
3517 967 3572 1022 in
3591 965 3766 1022 acele-

2155 1060 2260 1116 siis
2287 1059 2560 1129 gemitus,
2594 1073 2764 1130 quam
2797 1057 3098 1114 Decianeis
3129 1055 3620 1126 Diocletianisque
3647 1059 3766 1110 tem-

2157 1147 2414 1220 poribus.
2455 1145 2643 1217 [Βειιτ.
2680 1145 2768 1218 12]
2803 1145 2927 1211 Quo
2957 1145 3192 1202 turbine
3234 1142 3614 1201 Virdunensis
3653 1141 3768 1198 civi-

2155 1240 2247 1292 tas
2297 1235 2591 1304 exagitata
2642 1234 2920 1290 defuncto
2969 1233 3219 1303 Agroino
3267 1231 3542 1304 episcopo
3586 1229 3765 1286 diebus

2157 1322 2357 1380 multis
2389 1323 2600 1379 mansit
2632 1337 2834 1392 vacua,
2870 1325 3105 1392 pastore
3133 1321 3390 1377 viduata.

2228 1411 2328 1467 His
2360 1409 2567 1468 diebus
2601 1409 2931 1466 ablactatus
2963 1409 3148 1464 almus
3173 1422 3316 1480 puer
3338 1405 3678 1475 Maldeveus,
3699 1418 3770 1460 re-

2160 1499 2381 1570 ligiosis
2394 1498 2534 1555 viris
2551 1498 2807 1554 traditus
2820 1501 2910 1553 est
2927 1497 3147 1552 litteris
3165 1494 3532 1561 imbuendus,
3550 1507 3763 1564 quarum

2158 1587 2465 1646 elementis
2484 1586 2645 1643 brevi
2675 1585 2830 1642 datis
2850 1584 3164 1654 memoria,
3192 1582 3352 1640 dedit
3375 1597 3608 1654 operam
3627 1579 3768 1636 intel-

2163 1677 2342 1746 ligere
2377 1678 2666 1747 pracepta
2698 1673 2844 1730 artis
2871 1673 3284 1743 grammatica,
3335 1685 3438 1744 per
3485 1685 3608 1742 qua
3651 1682 3765 1728 vera

2162 1769 2526 1836 agnosceret,
2563 1763 2707 1820 vicia
2738 1763 2929 1834 quiret
2959 1762 3164 1818 vitare.
3200 1763 3336 1817 Post
3369 1760 3496 1816 hac
3543 1755 3768 1815 tribunal

413 1855 596 1927 ipsius
617 1855 846 1926 Pippini
865 1853 1251 1924 capellanum,
1281 1853 1351 1908 de
1378 1851 1723 1906 incivilitate
1747 1863 1946 1918 regum
1977 1861 2050 1902 ex
2079 1873 2134 1933 Β
2165 1854 2426 1912 ascendit
2445 1853 2774 1910 rethorica.
2801 1851 2909 1908 Sed
2926 1851 3058 1922 quia
3084 1850 3284 1906 rethor
3305 1853 3396 1905 est
3413 1844 3770 1904 traditorelo-

412 1943 650 2014 antiqua
673 1941 1134 2010 Merovingorum
1157 1941 1346 2011 stirpe
1361 1938 1860 2006 descendentium,
1880 1940 1938 1992 ut
1957 1951 2053 1993 su-

414 2031 610 2103 perius
632 2029 1089 2100 pralibavimus,
1113 2028 1348 2084 mandat
1364 2026 1579 2099 populo
1593 2027 1970 2090 Francorum,
1987 2029 2049 2080 ut

412 2119 710 2190 Pippinus,
737 2116 834 2187 qui
858 2121 1152 2188 potestate
1169 2115 1328 2184 regia
1344 2115 1640 2184 utebatur,
1659 2113 1905 2170 nominis
1921 2127 2055 2183 quo-

413 2220 524 2276 que
555 2205 842 2274 dignitate
875 2205 1188 2260 frueretur.
1225 2204 1398 2273 (Ann.
1431 2202 1634 2271 Fuld.)
1664 2203 1747 2256 Ita
1774 2200 2056 2256 Childeri-

411 2305 518 2347 cus
549 2304 651 2345 rex
681 2290 923 2346 ultimus
955 2290 1026 2345 de
1058 2289 1182 2360 ipsa
1207 2288 1392 2360 stirpe
1423 2287 1749 2359 depositus,
1775 2291 1832 2342 et
1858 2287 1910 2342 in
1939 2301 2054 2342 mo-

414 2377 732 2434 nasterium
765 2382 986 2446 trusus,
1021 2380 1078 2431 et
1114 2375 1394 2446 Pippinus
1427 2376 1482 2430 in
1508 2390 1701 2444 regem
1725 2375 1969 2444 electus,
1994 2379 2054 2430 et

412 2469 798 2522 consecratus
831 2469 917 2520 est
973 2479 1002 2519 a
1055 2463 1350 2519 Bonifacio
1395 2463 1702 2534 Moguntia
1751 2463 2050 2534 epiSCOpo,

415 2552 740 2610 Suessionis
771 2553 826 2608 in
857 2550 1016 2608 villa.
1053 2565 1083 2606 a
1115 2555 1238 2606 7:52.
1265 2551 1490 2621 (Gesta.
1503 2565 1568 2622 p.
1596 2551 1693 2620 Β.)
1719 2551 1829 2606 Sed
1852 2555 1909 2606 et
1935 2553 2056 2606 Ste-

415 2641 662 2712 phanus,
697 2639 792 2708 qui
819 2638 1110 2695 Zacharia
1143 2640 1534 2707 successerat,
1556 2640 1800 2708 promer
1823 2637 2057 2692 infesta-

414 2726 632 2781 tionem
656 2723 885 2780 Aistulfi
911 2724 1066 2793 regis
1083 2723 1604 2793 Langobardorum
1632 2727 1700 2778 14
1723 2723 1814 2778 die
1838 2723 2056 2779 mensis

414 2811 688 2869 Octobris
717 2813 894 2868 Roma
926 2826 1216 2882 egressus,
1253 2811 1574 2868 indictione
1607 2817 1658 2882 7,
1696 2817 1944 2884 papatus
1967 2811 2057 2867 sui

413 2917 464 2959 a.
499 2905 551 2972 2,
577 2902 649 2957 ab
672 2901 781 2958 inc.
809 2903 970 2957 Dom.
995 2903 1116 2956 754.
1144 2900 1216 2956 ad
1238 2900 1503 2972 Pipinum
1530 2901 1686 2957 venit
1713 2901 1770 2955 in
1793 2899 2052 2969 Francia,

410 2995 468 3047 et
498 2989 801 3046 constituit
837 3004 968 3046 eum
999 2990 1270 3044 Romana
1303 2988 1570 3044 ecclesia
1603 2988 1970 3044 defensorem
2001 2992 2056 3042 et

414 3078 757 3151 principem,
782 3082 840 3134 et
864 3077 1231 3133 confirmavit
1259 3076 1536 3132 unctione
1559 3091 1664 3132 sua
1691 3075 1746 3130 in
1771 3079 2058 3145 regem,et

415 3167 576 3224 unxit
607 3167 756 3223 duos
789 3165 940 3221 filios
988 3163 1114 3233 ejus
1159 3163 1608 3220 Carlomannum
1659 3168 1720 3218 et
1771 3162 2057 3219 Carolum.

413 3255 588 3326 (Ann.
619 3253 823 3322 Fald.)
847 3253 1073 3308 Extunc
1104 3249 1298 3306 ablata
1322 3256 1416 3306 est
1438 3252 1616 3306 Roma
1641 3265 1670 3306 a
1697 3251 2064 3320 subjectione

420 3341 647 3412 imperii
701 3339 1056 3395 Gracorum.
1111 3339 1272 3394 Anno
1300 3337 1368 3370 ³³⁸
1399 3343 1504 3394 755
1555 3342 1684 3410 post
1738 3339 2062 3410 Gayronum

421 3429 761 3500 episcopum
781 3426 1233 3484 Flaviniacensis
1253 3425 1536 3482 acclesia
1560 3427 1830 3482 abbatem
1854 3428 2068 3482 Manas-

423 3531 518 3573 ses
549 3515 857 3572 ordinatur
884 3514 1066 3570 abbas
1095 3517 1360 3586 tempore
1384 3514 1612 3586 Pippini
1637 3514 1927 3585 quondam
1954 3529 2069 3570 ma-

417 3604 567 3675 joris
597 3603 821 3673 domus,
859 3611 996 3660 tunc
1031 3607 1224 3660 autem
1259 3603 1412 3672 regis
1442 3605 1815 3660 Francorum.

497 3695 661 3748 Anno
693 3691 873 3762 igitur
903 3691 976 3747 ab
1003 3691 1401 3748 incarnatione
1424 3691 1722 3748 humanati
1749 3691 2068 3763 Verbi753,

427 3779 670 3852 suscipit
704 3778 1083 3852 prasulatum
1115 3779 1498 3836 Virdunensis
1529 3779 1796 3837 ecclesia
1827 3780 2074 3837 domnus

425 3867 775 3926 Maldeveus.
811 3869 911 3924 Hic
943 3868 997 3923 in
1017 3868 1218 3924 eadem
1242 3869 1388 3924 urbe
1410 3868 1752 3924 Christianis
1770 3873 1828 3924 et
1852 3867 2070 3926 inclitis

427 3957 770 4030 parentibus
789 3961 876 4014 est
901 3957 1119 4013 editus.
1141 3956 1248 4023 Qui
1273 3957 1472 4012 statim
1485 3963 1728 4015 renatus
1749 3971 1818 4014 ex
1841 3971 1988 4028 aqua
2011 3962 2070 4013 et

429 4045 642 4118 spiritu
663 4045 721 4101 in
744 4051 965 4116 septem
981 4044 1350 4116 baptismatis
1361 4045 1660 4117 gradibus,
1679 4050 1900 4118 septem
1920 4061 2074 4102 com-

432 4133 744 4205 prehendit
774 4133 920 4188 dona
953 4131 1222 4202 paracliti
1253 4131 1526 4203 Spiritus,
1571 4135 1811 4205 Accepit
1863 4133 2072 4190 deinde

433 4233 639 4276 carnes
667 4219 798 4288 agni
829 4218 1183 4274 immaculati
1215 4233 1347 4274 cum
1381 4219 1682 4290 sanguine,
1717 4221 2070 4278 candidatus

435 4306 790 4376 virginitatis
837 4310 1022 4376 veste,
1061 4304 1374 4362 decoratus
1425 4306 1884 4365 immortalitatis
1935 4308 2074 4366 lam-

434 4395 603 4467 pade.
631 4392 771 4463 (Fol.
794 4393 924 4464 52’.)
940 4393 1266 4450 Ardebatea
1282 4398 1629 4466 tempestate
1642 4396 1826 4454 omnis
1843 4395 2073 4467 Belgica

435 4481 730 4539 cotidiana
763 4480 1052 4538 bellorum
1074 4482 1373 4538 instantia.
1404 4483 1586 4555 [Eum
1632 4484 1769 4542 Vita
1798 4485 1902 4556 Κ]
1935 4487 2074 4542 Nam

437 4568 652 4642 regalis
673 4569 950 4641 dignitas,
977 4583 1149 4641 quaa
1173 4569 1436 4626 Meroveo
1459 4585 1594 4642 rege
1619 4579 1946 4644 sumpserat
1972 4573 2076 4628 ini-
2105 4561 2161 4624 D

435 4659 540 4730 tia,
563 4659 620 4714 in
643 4657 996 4714 Hildericum
1021 4671 1216 4727 regem
1241 4657 1337 4728 qui
1355 4657 1525 4727 jussu
1541 4660 1817 4732 Stephani
1832 4661 2072 4717 Romani

437 4746 734 4819 pontificis
747 4747 1095 4803 detonsuset
1112 4745 1166 4800 in
1183 4747 1599 4803 monasterium
1622 4751 1825 4805 trusus
1837 4752 2086 4820 est,por-

439 4840 622 4906 recta,
647 4835 748 4890 illo
769 4835 827 4892 in
852 4839 1115 4906 tempore
1137 4833 1358 4891 nullius
1380 4835 1600 4904 vigoris
1623 4840 1772 4906 erat,
1798 4850 1906 4892 nec
1920 4835 2082 4906 quic-

441 4937 610 4994 quam
625 4923 682 4978 in
695 4938 756 4979 se
771 4925 986 4994 prater
998 4922 1166 4979 inane
1179 4921 1336 4993 regis
1351 4921 1696 4980 vocabulum
1712 4924 2086 4994 praferebat-

442 5011 594 5082 Opes
607 5010 820 5082 quippe
833 5010 1205 5068 etredituum
1219 5010 2085 5081 atlluentia,regniadministra-

441 5096 526 5153 tio
541 5110 644 5152 seu
655 5096 868 5168 omnia,
884 5113 1013 5168 qua
1030 5097 1124 5156 vel
1138 5097 1292 5154 domi
1313 5096 1406 5154 vel
1424 5097 1564 5154 foris
1575 5097 1795 5168 agenda
1812 5112 1879 5156 ac
1893 5099 2086 5174 dispo-

439 5182 627 5240 nenda
656 5191 844 5254 erant,
877 5199 1055 5256 penes
1085 5186 1394 5258 prafectos
1427 5184 1652 5257 palatii,
1689 5187 1787 5257 qui
1831 5187 2085 5258 majores

441 5271 648 5328 domus
674 5271 1038 5343 dicebantur,
1071 5274 1401 5330 manebant.
1437 5271 1558 5339 Qua
1579 5274 1994 5344 prafectorum
2019 5275 2086 5332 li-

438 5359 632 5416 centia
660 5359 844 5416 crevit
878 5373 1100 5416 morum
1129 5360 1464 5431 insolentia,
1512 5359 1769 5420 adolevit
1825 5363 2088 5424 domino-
2129 5404 2138 5414 .

443 5461 572 5506 rum
598 5445 855 5504 crudelis
887 5447 1169 5520 potentia,
1199 5462 1307 5506 nec
1337 5447 1523 5506 defuit
1543 5448 1780 5524 invidia,
1803 5465 1934 5524 qua
1958 5470 2084 5528 pes-

2164 1942 2437 2015 quentia,
2484 1941 2814 2012 eloquentia
2865 1954 3004 1996 vero
3056 1939 3183 1996 sine
3233 1937 3518 2009 sapientia
3565 1933 3768 1990 nimium

2165 2033 2338 2088 obest
2365 2029 2726 2102 plerumque,
2758 2028 2999 2100 prodest
3031 2039 3364 2096 numquam,
3398 2023 3610 2080 omissa
3629 2034 3769 2076 exer-

2164 2119 2444 2175 citatione
2463 2116 2714 2187 dicendi,
2742 2116 2798 2171 in
2823 2113 3166 2172 rectissimis
3181 2117 3354 2183 atque
3377 2106 3771 2167 honestissimis

2166 2207 2380 2264 studiis
2415 2205 2659 2262 rationis
2687 2218 2913 2260 omnem
2942 2216 3102 2259 suam
3134 2199 3495 2271 consumpsit
3543 2211 3770 2269 operam.

2167 2295 2421 2352 studium
2458 2297 2633 2350 recta
2662 2291 2909 2349 rationis
2940 2291 3010 2347 ad
3043 2289 3261 2360 divina,
3293 2287 3552 2345 studium
3576 2281 3771 2341 honesti

2168 2383 2338 2440 officii
2372 2383 2632 2440 referens
2663 2380 2732 2437 ad
2765 2381 3030 2436 humana.
3067 2378 3208 2434 Hinc
3233 2392 3328 2433 res
3353 2390 3570 2445 omnes,
3595 2371 3772 2444 quain

2167 2471 2342 2528 dictis
2362 2477 2422 2528 et
2445 2471 2616 2527 factis
2635 2473 2692 2526 et
2718 2469 2774 2525 in
2798 2472 2926 2524 toto
2939 2467 3152 2523 mundo
3167 2469 3440 2536 aguntur,
3457 2465 3650 2520 decem
3665 2472 3772 2517 esse

2169 2559 2520 2630 intelligens,
2549 2573 2676 2629 qua
2709 2557 3157 2629 pradicamenta
3182 2555 3482 2623 dicuntur,
3508 2562 3774 2622 argumen-

2170 2655 2358 2706 torum
2391 2649 2556 2705 fucos
2587 2651 2642 2702 et
2677 2645 3130 2716 sillogismorum
3165 2641 3574 2715 perplexiones
3608 2634 3770 2707 sagaci

2169 2736 2360 2792 animo
2392 2734 2694 2805 discrevit,
2727 2739 2786 2790 et
2819 2733 2872 2788 in
2906 2732 2994 2788 eis
3025 2731 3206 2788 aciem
3233 2731 3324 2788 sui
3357 2729 3569 2786 docilis
3597 2737 3774 2783 sensus

2171 2825 2241 2881 ad
2276 2839 2525 2894 unguem
2555 2821 2808 2880 exacuit.
2842 2823 3028 2876 Intrat
3057 2833 3130 2876 ex
3146 2819 3256 2875 hoc
3275 2816 3673 2890 quadruvium,
3695 2808 3772 2869 ubi

2171 2914 2356 2971 cubos
2385 2911 2788 2980 arithmetica,
2820 2923 2994 2966 sonos
3035 2907 3286 2977 musica,
3338 2905 3544 2964 modos
3584 2913 3774 2974 geome-

2173 3002 2321 3070 tria,
2347 2999 2546 3056 radios
2567 2997 2936 3056 astronomia
2961 2994 3284 3068 perspicaci
3304 2993 3632 3067 percipiens
3653 3001 3774 3046 men-

2175 3096 2254 3160 te,
2288 3089 2358 3144 ad
2393 3087 2804 3160 perfectionem
2837 3083 3090 3158 duplicis
3120 3084 3328 3154 thesis,
3361 3082 3422 3138 id
3452 3087 3546 3139 est
3595 3075 3776 3135 theori-

2175 3193 2258 3236 ca
2292 3177 2554 3250 pervenit
2583 3179 2642 3233 et
2675 3175 2970 3248 practica.

2245 3264 2574 3323 Puerilibus
2605 3264 2784 3335 igitur
2803 3263 2990 3330 annis,
3015 3266 3080 3319 ut
3101 3259 3438 3334 patriarcha
3455 3258 3654 3327 Jacob,
3673 3254 3779 3311 sim-

2179 3353 2410 3427 pliciter
2424 3353 2578 3410 domi
2593 3351 2928 3420 transactis,
2948 3349 3216 3423 pulsabat
3231 3345 3642 3405 adolescentia
3657 3343 3778 3400 fores

2180 3442 2513 3516 proficiens,
2531 3445 2588 3497 et
2604 3440 2844 3512 placens
2861 3445 2976 3495 tam
2991 3439 3104 3494 Deo
3118 3451 3289 3510 quam
3300 3435 3650 3492 hominibus.
3665 3431 3779 3516 Sane

2180 3513 2310 3603 post
2333 3530 2508 3588 ﬂores
2531 3528 2864 3586 rethoricos
2888 3542 2955 3584 ac
2977 3541 3198 3598 angues
3222 3524 3656 3595 sillogismicos,
3675 3513 3782 3576 serio

2181 3625 2369 3692 ptura
2401 3619 2610 3676 divina
2641 3615 2970 3688 ingreditur
3000 3629 3254 3686 campos,
3307 3613 3406 3670 ubi
3455 3611 3687 3670 audiens
3729 3603 3782 3661 ab

2184 3706 2468 3779 Apostolo
2492 3725 2505 3763 :
2532 3707 2734 3764 Omnis
2755 3706 2865 3777 qui
2875 3703 3036 3762 caste
3046 3702 3217 3773 vivit,
3235 3700 3517 3773 templum
3527 3692 3782 3768 estSpiri—

2183 3797 2276 3854 tua
2289 3796 2485 3853 sancti
2499 3794 2712 3862 (1001'.
2729 3809 2803 3864 v1,
2821 3798 2912 3859 19)
2923 3790 3079 3864 ,‘(fol.
3099 3791 3187 3861 53)
3202 3789 3341 3847 item
3365 3789 3424 3845 in
3451 3780 3778 3860 Apocalipsi:

2187 3885 2302 3952 Qui
2311 3881 2806 3942 cammulilm'bus
2816 3876 3806 3950 nonsuntcoiugumatmiiugwa'

2185 3974 2282 4031 tur
2309 3987 2533 4044 agam
2561 3984 2906 4044 guoczmqac
2932 3969 3078 4027 ierit
3105 3969 3300 4041 (Apoc.
3337 3981 3452 4037 xxv,
3487 3967 3566 4034 4),
3618 3957 3780 4017 statim

2187 4062 2501 4134 primevam
2523 4075 2689 4118 suam
2713 4059 2993 4116 etatulam
3013 4057 3245 4114 Christo
3263 4055 3505 4112 Domino
3519 4059 3782 4134 consecrat

2121 4187 2130 4194 ο
2185 4129 2305 4216 vit;
2339 4148 2425 4204 illi
2457 4153 2582 4204 toto
2613 4147 2800 4202 animo
2831 4145 3064 4217 placere
3087 4159 3155 4201 ac
3177 4143 3398 4200 servire
3419 4140 3692 4214 gestiens,
3711 4129 3782 4202 qui

2186 4242 2276 4296 est
2311 4251 2447 4310 pars
2474 4241 2532 4292 et
2559 4235 2859 4292 hereditas
2887 4233 3036 4304 ejus,
3067 4233 3455 4303 cogitansque
3495 4229 3616 4287 vias
3658 4233 3782 4287 suas,

2187 4325 2481 4384 convertit
2512 4325 2692 4398 pedes
2723 4338 2864 4380 suos
2894 4322 2950 4378 in
2989 4320 3328 4378 testimonia
3375 4321 3532 4390 Jesu,
3578 4319 3788 4387 querens

2187 4414 2386 4472 videre
2421 4415 2570 4470 bona
2599 4411 2822 4468 Domini
2868 4411 2926 4466 in
2973 4416 3131 4467 terra
3177 4407 3515 4466 viventium.
3568 4400 3788 4470 Adeptus

2193 4501 2424 4558 tandem
2453 4501 2770 4558 clericatus
2800 4499 3100 4570 honorem,
3135 4495 3360 4569 accepit
3393 4509 3425 4551 a
3472 4491 3696 4550 Domino
3721 4485 3791 4540 be-

2191 4589 2604 4661 nedictionem,
2637 4595 2696 4646 et
2743 4587 3202 4646 misericordiam
3251 4601 3282 4642 a
3333 4586 3453 4641 Deo
3491 4581 3821 4661 salutarem»

2195 4678 2496 4736 Cotidiano
2527 4659 2816 4750 siquidem
2849 4681 3128 4750 provectu
3158 4675 3282 4732 ibat
3305 4673 3376 4730 de
3397 4673 3616 4729 virtute
3638 4667 3690 4722 in
3703 4659 3792 4719 vir-

2193 4772 2401 4838 tutem,
2433 4766 2608 4824 latam
2640 4771 2700 4823 et
2727 4767 3048 4839 spatiosam
3079 4763 3230 4822 viam
3253 4775 3382 4835 qua
3405 4758 3568 4818 ducit
3591 4754 3659 4814 ad
3679 4760 3792 4808 mor-

2195 4863 2312 4915 tem
2345 4856 2614 4926 horrens,
2648 4859 2834 4912 artam
2866 4860 2926 4912 et
2953 4857 3260 4926 angustam
3293 4863 3407 4922 qua
3438 4848 3557 4906 itur
3577 4844 3646 4903 ad
3665 4841 3789 4926 ast}?

2195 4903 2338 5000 £2611
2343 4903 2477 5000 66;;
2490 4903 2737 4985 EBB’niii
2745 4903 2984 4984 wtimore
2992 4903 3106 4982 ’δ’θῖ
3112 4903 3369 4980 ‘éai-‘he‘s’
3378 4903 3550 4988 suas,
3595 4927 3706 4972 mor
3711 4903 3792 5000 tili-

2195 4995 2336 5076 cans
2369 4995 2624 5074 membra
2671 5030 2775 5074 sua
2823 5029 2955 5072 cum
2999 5012 3170 5072 viciis
3211 5015 3271 5068 et
3317 4995 3791 5082 concupiscentiis,

2199 5105 2416 5180 spiritu
2447 5103 2766 5174 ambulans,
2801 5102 3094 5160 desideria
3127 5099 3321 5159 carnis
3349 5113 3462 5156 non
3505 5089 3791 5180 perﬁcielﬁg

2200 5177 2618 5252 misericordia
2647 5192 2928 5266 operibus
2956 5190 3226 5261 studens,
3257 5187 3473 5259 vigiliis
3510 5189 3570 5242 et
3603 5177 3795 5270 jejuni“

2200 5297 2418 5355 corpus
2445 5262 2724 5352 afﬂigens,
2759 5279 3010 5337 orationi
3042 5277 3341 5348 insistens,
3373 5262 3796 5355 meditationi

2202 5347 2490 5442 serviens,
2521 5347 2696 5427 aures
2714 5347 2798 5424 ab
2815 5367 3118 5425 auditione
3141 5364 3291 5422 mala
3314 5374 3614 5430 coercens,
3637 5347 3798 5442 oculo!l

2203 5474 2235 5517 a
2265 5437 2527 5517 vanitate
2554 5445 2844 5525 avertens,
2877 5454 3025 5513 odor
3055 5455 3240 5514 bonus
3269 5453 3390 5510 Deo
3415 5451 3473 5506 in
3521 5443 3666 5504 omni
3704 5437 3799 5496 loco

1796 5573 2032 5634 VARLE
2071 5581 2472 5638 LECTIONES.

519 5663 590 5701 ³³⁸
615 5667 685 5726 in
708 5666 988 5738 margine
