3898 6338
150 393 241 460 lii

1420 423 1916 497 CHRONICON.
1950 471 2029 486 --
2056 435 2213 506 LIB.
2252 443 2296 505 Ι.

3446 472 3559 536 142

155 546 264 589 esse
289 540 599 614 satagens,
635 557 707 601 os
730 562 897 605 suum
918 564 945 605 a
967 551 1334 625 multiloquio
1354 558 1443 613 vel
1475 562 1802 634 vaniloquio
1831 568 1888 630 Α
1920 569 2052 626 licet
2088 573 2315 632 diversa
2349 578 2465 637 sint
2493 583 2743 655 nomina,
2765 586 2909 658 legis
2933 590 3141 651 divina:
3165 598 3295 667 poni
3319 607 3380 656 et
3426 618 3558 660 esse

158 627 483 667 ριιςιηιῖῐηης
538 647 751 667 manna
778 638 846 667 ah
871 640 1019 667 nm“:
1048 656 1280 667 mum...”
1306 648 1495 667 Au---”
1520 665 1593 667 ,
1920 657 1929 666 .

158 627 507 698 custodiens,
538 647 753 690 manus
776 638 846 690 ab
870 640 1019 693 omni
1046 656 1283 698 munere
1301 648 1626 720 excutiens,
1668 669 1803 708 con-

158 712 337 768 silium
368 731 649 790 epusque
684 739 849 779 suum
885 727 954 781 ad
982 729 1152 784 Deum
1180 745 1406 803 semper
1429 743 1795 810 convertens,

154 799 205 853 in
231 803 384 857 omni
417 811 556 862 actu
620 824 731 865 suo
796 814 915 883 Dei,
977 830 1090 871 non
1148 833 1309 874 suam
1367 823 1607 890 gloriam
1662 844 1798 898 que-

213 958 465 1016 Vivebat
496 966 715 1022 studiis
748 969 1091 1028 adolescens
1118 974 1316 1043 justus
1349 978 1403 1033 in
1430 979 1576 1051 istis,

211 1045 538 1107 Ordinibus
569 1055 758 1111 sacris
789 1060 1149 1128 respondens
1182 1065 1440 1123 moribus
1473 1070 1646 1139 aptis.

206 1134 355 1189 Post
386 1137 496 1193 hec
530 1142 601 1196 ad
634 1143 853 1212 majora
875 1151 1300 1217 conscendens,
1323 1157 1660 1223 presbiterii
1694 1160 1791 1215 ho-

132 1234 342 1277 norem
367 1224 599 1284 electus
621 1233 871 1303 accepit,
890 1234 1249 1302 justiﬁeatus
1269 1244 1543 1311 optinuit.
1567 1249 1789 1303 Consti-

130 1308 328 1364 tuitur
364 1311 564 1383 itaque
595 1319 854 1373 unanimi
887 1336 1153 1389 assensu,
1185 1328 1476 1384 electione
1508 1333 1787 1389 omnium-

122 1399 339 1452 rector
371 1404 432 1454 et
460 1403 609 1458 abba
633 1404 902 1463 ecclesiae
926 1412 1110 1465 sancti
1139 1413 1351 1484 Vitoni,
1372 1431 1541 1487 quam
1574 1424 1629 1474 et
1665 1428 1785 1478 stu-

118 1481 226 1537 dio
244 1485 861 1553 spiritualisexercitii
877 1500 936 1549 et
952 1498 1126 1552 rebus
1144 1481 1565 1571 temporalibus
1587 1508 1783 1564 melio-

115 1574 342 1641 ratam,
380 1577 647 1647 exemplo
678 1583 735 1633 et
778 1581 1045 1638 doctrina
1098 1587 1168 1641 ad
1228 1588 1405 1644 divini
1470 1593 1781 1651 famulatus

111 1671 392 1716 amorem
424 1666 709 1720 accendit.
746 1668 871 1724 Fuit
900 1672 1047 1726 enim
1068 1674 1396 1733 humilitate
1427 1682 1773 1755 praecipuus,

107 1747 387 1804 caritate
419 1751 687 1824 diffusus,
733 1758 1039 1825 prudentia
1096 1763 1399 1833 mirabilis,
1430 1747 1776 1827 sobrietate

108 1831 715 1907 laudabilis,justitia
740 1843 1003 1915 insignis,
1033 1831 1771 1925 fortitudine-Spectabilis;

103 1925 166 1975 et
211 1921 368 1979 licet
400 1932 648 1984 cunctos
676 1910 959 2000 dignitate
988 1910 1379 2010 praicellcret,
1415 1910 1540 1997 erat
1582 1910 1773 2002 tamen
1806 1910 1857 1968 B

103 2009 471 2070 obedientia
517 2018 747 2073 cunctis
793 2022 1083 2093 subditus,
1139 2009 1415 2095 patientia
1466 2034 1769 2104 probatus,

103 2098 312 2154 forma
352 2102 549 2158 factus
576 2106 738 2174 gregi
790 2122 861 2161 ex
904 2110 1115 2181 animo,
1170 2120 1235 2168 ut
1278 2115 1337 2169 in
1381 2098 1772 2177 eo‘subditus

102 2186 378 2257 quisque
438 2198 807 2263 agnosceret,
864 2211 1031 2266 quam
1075 2200 1187 2254 sibi
1234 2203 1464 2259 vivendi
1514 2221 1770 2265 normam

101 2282 480 2332 assumeret.
522 2280 653 2336 Haec
684 2282 756 2336 de
808 2298 875 2338 eo
925 2285 1070 2340 fama
1120 2289 1332 2359 ubique
1380 2294 1625 2364 ferebat,
1680 2298 1770 2353 hic

102 2376 325 2417 rumor
386 2366 641 2423 omnium
690 2369 746 2423 in
798 2386 898 2426 ore
946 2375 1259 2431 continuus
1289 2384 1457 2446 erat;
1492 2381 1766 2439 Madelvei

100 2450 315 2517 pietas
345 2451 594 2523 ejusque
625 2458 887 2526 probitas
916 2459 1204 2517 lustrabat
1236 2467 1475 2537 patrias,
1495 2470 1763 2539 replebat

104 2536 374 2608 plateas,
393 2541 533 2596 edes
546 2544 817 2612 pulsabat
839 2547 1250 2617 palatinaleis
1265 2536 1764 2623 praecurrentibus

102 2626 332 2681 muniis
360 2633 713 2685 cunctorum
747 2632 900 2687 votis
926 2634 979 2689 in
1003 2637 1349 2705 pontificatu
1371 2640 1610 2709 eligitur
1644 2646 1764 2701 Vir-

101 2711 400 2768 dunensis
433 2716 619 2770 urbis.
657 2718 820 2783 Quod
855 2720 988 2775 licet
1018 2722 1227 2778 timore
1254 2726 1350 2780 Dei
1388 2727 1592 2798 plenus
1610 2735 1762 2788 omni

99 2801 418 2856 conanime
434 2802 730 2874 rejecerit,
754 2810 993 2876 totoque
1010 2810 1211 2867 adnisu
1230 2819 1764 2888 recusaverit,mul-

101 2890 306 2942 torum
330 2891 527 2944 tamen
555 2893 846 2947 sententia
872 2896 967 2949 Dei
989 2899 1175 2965 gratia
1208 2903 1577 2969 praecedente
1619 2923 1763 2977 pra:-

99 2972 393 3043 valuit,ac
412 2991 522 3031 una
538 2978 681 3033 cleri
698 2981 1011 3051 populique
1026 2988 1335 3042 concordia
1351 2990 1758 3062 episcoporum

97 3061 332 3128 judicio
364 3063 580 3133 dignus
628 3068 686 3122 in
714 3069 1031 3126 chathedra
1089 3076 1410 3143 pontiﬁcali
1443 3061 1758 3154 exaltatur,

101 3149 523 3208 benedictione
538 3154 1103 3226 firmatur,unctione
1119 3166 1619 3235 sacratur.(Gesta
1631 3149 1753 3241 e121).

100 3235 300 3309 Heli.)
336 3241 602 3308 Regebat
634 3249 773 3299 tunc
801 3247 1113 3303 Romanam
1145 3252 1469 3308 zecclesiam
1522 3235 1758 3328 Steplia-
1790 3248 1837 3309 C

101 3339 211 3381 nus
234 3330 562 3396 secundus,
586 3332 824 3387 Francis
848 3350 985 3391 vero
1002 3337 1447 3409 principabatur
1477 3344 1756 3415 Pippinus

100 3414 297 3470 Caroli
330 3417 559 3472 Tuditis
591 3418 764 3489 filius,
799 3435 871 3475 ex
900 3423 1114 3493 majore
1146 3426 1349 3483 domus
1380 3434 1439 3483 et
1479 3434 1754 3501 praefecto

94 3501 303 3569 palatii
340 3518 446 3557 rex
474 3507 861 3577 constitutus,
895 3524 923 3564 a
959 3526 1071 3580 quo
1104 3513 1560 3584 Chrodegandus
1582 3521 1748 3593 abba,

94 3591 180 3643 vir
212 3591 499 3659 egregius
524 3597 583 3647 et
614 3595 884 3651 omnibus
934 3600 1263 3657 eil‘erendus
1308 3608 1638 3677 praeconiis,
1694 3610 1750 3664 in

93 3677 320 3746 palatio
354 3681 585 3749 praefati
618 3683 808 3738 Caroli
843 3686 1123 3754 nutritus,
1156 3689 1399 3761 ejusque
1419 3696 1750 3752 referenda-

93 3765 240 3836 rius,
276 3767 352 3821 ab
386 3768 515 3837 ipso
544 3773 602 3823 et
645 3771 884 3827 Francis
932 3776 1199 3832 omnibus
1240 3779 1466 3837 electus
1512 3784 1745 3840 Romam

89 3852 309 3909 missus
339 3861 454 3924 est,
490 3860 549 3910 ut
585 3857 952 3925 praelibatum
1010 3862 1362 3933 Stephanum
1412 3884 1618 3939 papam
1676 3874 1743 3927 ad

88 3940 335 4011 Gallias,
375 3947 439 3997 ut
467 3948 815 4001 cunctorum
866 3952 1001 4004 vota
1048 3951 1418 4025 anhelabant,
1472 3967 1739 4015 evocaret

86 4028 183 4097 (fol
223 4028 337 4099 53’)
365 4047 382 4095 ;
414 4031 569 4101 quod
598 4036 657 4087 et
691 4033 826 4089 fecit
858 4054 870 4087 :
905 4050 934 4091 a
969 4052 1082 4107 quo
1112 4041 1286 4096 etiam
1320 4043 1375 4097 in
1409 4047 1739 4114 pontificem

83 4116 400 4174 Hettensis
426 4118 732 4191 zecclesize,
769 4126 1000 4179 astante
1028 4140 1162 4195 rege
1193 4133 1250 4183 et
1276 4132 1515 4203 populo,
1541 4150 1740 4192 consc-

82 4205 563 4276 cratus,pallium
587 4211 915 4278 promeruit
935 4228 1064 4268 eum
1095 4218 1325 4273 nomine
1354 4220 1739 4293 archiepisco-

80 4294 345 4364 pi.Quod
360 4295 534 4351 etiam
549 4297 898 4366 quibusdam
913 4301 1213 4360 Mettensis
1225 4306 1505 4365 aacclesize
1521 4326 1738 4380 prazsu-

79 4379 241 4438 libus
255 4381 573 4452 aliquoties
586 4399 929 4443 concessum
956 4390 1131 4447 fuisse
1156 4394 1391 4467 legitur,
1418 4379 1530 4468 pro,
1548 4402 1738 4457 multi-

79 4470 260 4526 moda
290 4471 624 4529 vastatione
654 4475 1016 4534 Trevircnsis
1044 4483 1248 4538 matris
1269 4484 1572 4560 mcclesiae,
1610 4506 1737 4560 qua:

80 4557 226 4615 licet
261 4559 579 4629 primatum
610 4563 900 4633 petitione
930 4567 1161 4625 Helena:
1207 4574 1422 4642 reginae
1469 4592 1499 4633 a
1551 4557 1736 4635 beatae
1767 4595 1822 4656 Ῑ)

78 4646 390 4702 memoriae
422 4662 566 4718 papa
600 4650 887 4707 Silvestre
919 4669 1021 4724 per
1067 4673 1284 4730 corpus
1328 4663 1552 4721 Mathize
1603 4680 1739 4738 apo-

74 4733 214 4789 stoli
249 4739 313 4790 et
350 4748 453 4805 per
485 4736 755 4794 baculum
788 4740 942 4795 beati
966 4744 1122 4799 Petri
1147 4751 1460 4822 acceperit,
1490 4733 1657 4822 quod
1678 4760 1735 4810 et

72 4825 139 4879 ab
190 4822 447 4893 antiquo
494 4827 854 4898 possidebat,
906 4832 1039 4900 quia
1085 4835 1182 4889 ubi
1230 4843 1365 4892 ante
1422 4840 1735 4899 adventum

70 4911 303 4967 Domini
367 4912 422 4967 in
481 4916 673 4986 capite
733 4919 1167 4987 provinciarum
1223 4926 1505 4995 primates
1567 4937 1735 4986 erant

70 4998 271 5072 legum
291 5001 670 5075 secularium,
689 5004 763 5061 ad
780 5020 923 5075 quos
937 5010 1350 5081 confugiebant
1366 5031 1471 5086 pro
1495 5033 1736 5089 oppres-

70 5090 346 5146 sionibus
377 5091 466 5146 vel
495 5093 807 5162 injustitiis
831 5096 925 5165 qui
956 5097 1027 5152 ad
1078 5101 1267 5157 aulam
1314 5103 1732 5175 imperatorum

69 5178 395 5246 confugere
416 5192 528 5233 non
558 5185 839 5250 poterant
870 5183 961 5238 vel
995 5186 1207 5254 quibus
1239 5190 1587 5259 permissum
1619 5208 1731 5249 non

68 5270 222 5335 erat,
250 5265 477 5337 ipsisin
496 5266 642 5324 locis
664 5269 921 5339 apostoli
945 5275 1231 5332 etbeatus
1264 5293 1412 5349 papa
1445 5280 1726 5351 Clemens,

68 5360 126 5410 ut
159 5354 353 5411 refert
393 5354 607 5413 beatus
663 5370 973 5415 successor
1020 5362 1147 5432 ejus
1192 5379 1343 5436 papa
1390 5368 1729 5439 Anacletus,

67 5445 443 5515 patriarchas
474 5446 569 5504 vel
600 5445 905 5519 primates,
942 5453 1037 5521 qui
1058 5469 1232 5511 unam
1258 5456 1501 5513 formam
1527 5463 1729 5517 tenent

1909 657 2214 725 jusserunt
2240 670 2461 731 ;tamen
2485 671 2563 727 ita
2582 657 2881 734 multoties
2899 684 3154 748 peccatis
3186 688 3557 756 exigentibus

1912 748 2113 802 attrita
2146 750 2273 821 fuit,
2310 758 2370 809 ut
2420 771 2484 811 ea
2535 768 2777 817 vacante
2825 766 3193 825 Mcttensium
3272 748 3554 844 praesules

1910 837 2346 907 metropolitani
2378 844 2758 912 fungerentur
2778 853 2965 908 cilicio
2980 859 3035 909 et
3066 837 3371 927 dignitate.
3428 863 3554 919 Tul-

1910 918 2168 979 lensibus
2193 942 2420 998 quoque
2454 942 2700 1001 prmerat
2735 940 2891 995 Godo
2923 946 3290 1003 venerandus
3329 950 3554 1020 episco-

1908 1023 2033 1077 pus,
2072 1013 2167 1081 qui
2203 1015 2624 1076 innuunitatcm
2658 1024 2915 1082 civitatis
2948 1035 3001 1083 et
3047 1037 3549 1106 recuperationem

1906 1097 2239 1156 chartarum
2305 1104 2435 1173 igne
2495 1117 2965 1183 consumptarum
3023 1121 3175 1188 apud
3242 1126 3548 1192 praefatum

1906 1197 2105 1250 regem
2141 1188 2447 1258 Pippinum
2480 1210 2597 1250 suae
2621 1197 2935 1268 adquisivit
2958 1188 3260 1263 zecclesiae.

1974 1272 2136 1326 Inter
2166 1275 2273 1331 hos
2314 1278 2519 1336 beatus
2569 1284 2898 1343 Madelveus
2948 1291 3229 1349 virtutum
3280 1296 3545 1354 radiabat

1906 1356 2137 1427 decore,
2157 1368 2212 1415 et
2230 1364 2575 1432 dignitatem
2593 1374 2983 1440 pontificalem
3002 1379 3282 1438 bonorum
3305 1399 3545 1454 operum

1901 1444 2227 1503 adornabat
2274 1453 2483 1509 nitore.
2538 1457 2697 1521 Quod
2749 1462 3016 1529 cilicium,
3071 1470 3332 1536 quamvis
3379 1473 3542 1529 rudis

1898 1536 2190 1602 acceperit
2220 1543 2499 1611 tempore,
2527 1551 2697 1613 aptus
2721 1552 2967 1606 accessit
2996 1564 3226 1611 assueta
3263 1558 3541 1616 bonitatis

1896 1610 2456 1673 ubertate.lnstabat
2475 1610 3287 1699 praedicationibus,firmabat

1893 1694 2423 1773 benedictionibus,
2449 1707 2731 1767 incitabat
2754 1716 2820 1769 ad
2847 1718 3081 1773 meliora
3100 1723 3279 1777 sacris
3308 1729 3542 1780 exorta-

1891 1785 2345 1855 tionibus.Quod
2365 1796 2611 1852 docebat
2630 1804 2839 1872 verbis,
2852 1811 3208 1864 monstrabat
3230 1813 3533 1882 exemplis.

1890 1874 2024 1927 Erat
2051 1879 2190 1931 tunc
2214 1880 2420 1936 civitas
2446 1883 2568 1953 ipsa
2598 1887 2985 1947 insectatione
3018 1896 3321 1953 barbarica
3366 1899 3534 1957 bellis

1889 1962 2113 2031 attrita,
2135 1965 2542 2025 obsidionibus
2560 1974 2816 2045 fatigata,
2835 1978 3266 2039 calamitatibus
3283 1986 3524 2056 repleta.

1887 2048 2115 2119 Templa
2144 2054 2241 2107 Dei
2278 2054 2327 2108 in
2362 2072 2424 2111 ea
2458 2059 2698 2131 polluta,
2735 2068 3064 2122 sanetuaria
3098 2079 3323 2141 exusta,
3367 2075 3529 2129 mini-

1886 2138 2067 2192 steria
2093 2140 2327 2211 violata,
2355 2146 2536 2201 cilicia
2564 2148 2768 2206 diurna
2792 2153 2881 2207 vel
2916 2159 3194 2212 nocturna
3236 2160 3521 2228 neglecta.

1888 2221 2092 2278 Clerici
2127 2226 2222 2281 alii
2259 2230 2458 2301 fugati,
2486 2236 2719 2303 quidam
2744 2241 2955 2309 necati,
2992 2244 3085 2312 qui
3130 2256 3525 2305 remanserant

1882 2311 2060 2366 multa
2089 2324 2436 2384 paupertate
2460 2322 2696 2393 addicti,
2718 2326 2847 2396 plus
2864 2311 3115 2399 propriis
3139 2347 3241 2388 seu
3276 2338 3526 2395 terrenis

1881 2410 2049 2465 quam
2084 2401 2405 2459 celestinus
2439 2409 2751 2465 studebant
2785 2417 3051 2483 negotiis.
3090 2420 3203 2475 [Ioc
3246 2429 3521 2492 respectu

1876 2483 1966 2537 vir
1994 2485 2217 2541 Domini
2252 2504 2446 2547 amaro
2475 2509 2604 2551 cum
2637 2506 2797 2553 esset
2846 2503 3053 2573 animo,
3111 2508 3300 2576 posuit
3360 2525 3520 2581 spem

1876 2584 2036 2627 suam
2073 2574 2125 2627 in
2178 2578 2415 2634 Domino
2466 2582 2723 2640 clamans
2772 2587 2854 2641 illi
2906 2574 3124 2660 spiritu
3167 2595 3517 2672 humiliato:

1878 2660 2088 2715 Omnia
2118 2676 2251 2731 quae
2264 2667 2477 2735 fecisii
2507 2670 2694 2739 nobis,
2730 2675 2994 2743 Domine,
3030 2680 3095 2734 in
3129 2696 3264 2737 tero
3280 2660 3522 2751 judicio

1859 2743 2077 2814 fecisti
2096 2768 2122 2816 ,-
2143 2754 2289 2818 quia
2300 2759 2678 2822 peccavimus
2701 2760 2809 2816 (ibi
2831 2764 2888 2817 ei
2912 2767 3218 2824 manciolis
3249 2772 3369 2826 iiiis
3405 2786 3521 2829 non

1873 2831 2236 2893 obedirimas
2260 2842 2435 2908 (Dan.
2465 2858 2546 2912 ιιι,
2574 2846 2682 2913 3t).
2712 2848 2811 2901 Cui
2829 2864 2960 2905 mox
2974 2853 3275 2909 Dominus:
3301 2859 3521 2916 Invoea

1871 2934 1978 2989 me,
2014 2921 2199 2991 inquit
2233 2927 2297 2981 in
2328 2929 2423 2984 die
2447 2931 2880 3006 tribulationis,
2906 2952 3110 2994 eruam
3133 2941 3187 2996 te
3205 2943 3263 2997 et
3285 2945 3517 3001 [Lonori-

1859 3009 2081 3077 ﬁcabis
2110 3026 2201 3067 me
2234 3013 2423 3084 (Psal.
2460 3033 2606 3087 xux,
2642 3025 2750 3092 lii).
2789 3026 2856 3077 At
2893 3025 2990 3080 ille
3041 3028 3240 3083 humili
3291 3047 3463 3101 prece
3496 3055 3515 3090 :

1871 3096 2030 3151 Dens
2046 3114 2223 3167 meas,
2242 3104 2656 3163 misericordia
2668 3125 2819 3178 mea,
2840 3113 2903 3168 tn
2921 3128 2979 3170 es
3000 3116 3304 3187 refugium
3323 3134 3516 3177 meum

1869 3195 1907 3237 a
1929 3183 2316 3243 tribulatione
2335 3205 2464 3259 qua
2475 3194 2867 3254 circamdedii
2893 3215 3001 3270 me,
3038 3183 3329 3261 exaii‘aiio
3359 3221 3509 3278 mea,

1869 3276 2676 3338 eruemeacirca‘m‘dantibas
2703 3298 2793 3338 me
2820 3290 3063 3357 angusti
3071 3293 3123 3346 is
3153 3294 3212 3347 ei
3236 3295 3513 3363 filiorum

1865 3361 2317 3420 necessitatibus
2341 3368 2512 3436 (Psal.
2541 3384 2691 3439 χχχι,
2719 3374 2790 3440 7).
2816 3375 2929 3429 Nec
2956 3390 3134 3447 mora,
3186 3361 3510 3440 consolatio

1868 3459 1938 3499 ex
1969 3460 2069 3502 ore
2104 3451 2378 3507 Veritatis
2410 3455 2572 3511 ail‘uit
2600 3477 2609 3510 :
2637 3459 2932 3531 Primam,
2960 3464 3246 3535 inquiens,
3271 3474 3506 3540 querite

1863 3546 2109 3603 regnum
2131 3539 2240 3595 Dei
2259 3540 2625 3610 ebjasliiiam
2642 3548 2793 3616 ejus,
2820 3550 2877 3603 ei
2902 3554 3103 3608 omnia
3143 3539 3512 3624 adﬁcientur

1861 3620 2023 3677 cobis
2039 3622 2460 3699 (iilait/i.v1,33)
2477 3630 2599 3700 (fol.
2621 3636 2892 3701 iii).Tunc
2909 3636 3004 3691 ille
3017 3620 3503 3708 gratulabundus.

1860 3708 1907 3762 Α
1919 3709 2113 3766 ndiini
2127 3727 2270 3778 meo,
2288 3715 3131 3792 aitDomine,dabisgaaa’imn
3153 3730 3210 3783 et
3224 3732 3503 3805 ieliliam,

1861 3803 1913 3851 ei
1945 3800 2303 3855 exultabant
2327 3817 2462 3859 ossa
2489 3806 2817 3862 Izanziliata
2861 3810 3097 3879 (.L,Psal
3132 3817 3240 3885 10).
3286 3800 3503 3878 Gressu

1860 3898 2001 3953 ergo
2029 3886 2203 3941 celeri
2231 3888 2553 3945 zecelesiam
2580 3892 2838 3962 intravit,
2864 3896 3082 3953 clerum
3110 3903 3501 3975 populumque

1856 3973 2183 4041 advocavit,
2199 3975 2417 4043 judicia
2434 3978 2531 4032 Dei
2548 3994 2682 4035 vera
2700 3980 2973 4053 innotuit,
2992 3987 3233 4044 crimina
3249 3991 3337 4047 vel
3372 4009 3501 4063 pec-

1854 4064 1984 4116 cata
2036 4062 2384 4118 alterutrum
2437 4066 2705 4121 confiteri
2757 4071 3233 4141 monuit,fructus
3295 4062 3502 4149 dignos

1852 4148 2186 4219 penitentize
2204 4150 2393 4205 facere
2408 4153 2612 4223 suasit,
2632 4155 2950 4213 {ecclesiam
2969 4161 3090 4231 freq
3104 4148 3480 4238 ucntare,ora

1848 4236 2108 4291 tionibus
2139 4252 2267 4291 cum
2302 4237 2558 4296 lacrimis
2592 4242 2949 4317 incumbere,
2983 4248 3187 4306 laudes
3219 4254 3318 4310 Dei
3345 4236 3499 4316 tcum

1851 4323 2084 4379 silentio
2113 4329 2169 4379 et
2204 4328 2530 4383 reverentia
2561 4330 2784 4401 audire,
2815 4332 3164 4394 elcmosinas
3188 4356 3290 4411 pro
3322 4359 3498 4415 posse

1851 4411 2101 4467 libenter
2140 4413 2298 4483 dare,
2342 4415 2800 4487 hospitalitatem
2850 4424 2972 4479 sine
3038 4411 3495 4493 murmuratione

1854 4515 2111 4571 servare,
2139 4502 2548 4561 discordantes
2573 4510 2706 4563 ante
2729 4509 2871 4565 solis
2895 4527 3161 4571 occasum
3184 4519 3253 4572 ad
3289 4535 3492 4589 pacem

1854 4588 2067 4657 redire,
2100 4605 2295 4661 pacem
2330 4592 2528 4649 falsam
2562 4611 2672 4651 non
2702 4598 2860 4664 dare,
2894 4601 3214 4668 gehennam
3264 4608 3486 4680 timere,

1851 4677 2027 4731 vitam
2051 4682 2326 4734 aeternam
2351 4695 2588 4750 sperare
2612 4686 2888 4756 praecepit
2912 4693 2967 4741 et
2992 4690 3205 4746 docuit.
3235 4693 3492 4753 Clericos

1850 4763 2059 4819 deinde
2084 4766 2435 4834 regulariter
2457 4770 2673 4841 vivere,
2701 4773 2988 4842 septiesin
3006 4775 3347 4835 dieslaudcs
3371 4783 3487 4839 Deo

1850 4851 2065 4921 dicere,
2098 4857 2153 4908 ct
2189 4856 2364 4910 noctu
2398 4857 2468 4911 ad
2488 4860 2880 4914 confitendum
2906 4860 2987 4915 illi
3013 4878 3254 4932 surgere
3286 4868 3489 4925 accele-

1850 4939 2087 4995 siastica
2121 4943 2421 4997 sanctione
2454 4945 3068 5017 instituit,victumquc
3100 4951 3216 5007 illis
3244 4954 3487 5012 cotidia-

1848 5041 1980 5082 num
2015 5028 2085 5082 de
2118 5030 2390 5101 prepriis,
2424 5038 2600 5101 prout
2630 5033 2841 5103 potuit,
2877 5034 3185 5093 ordinavit.

1848 5113 2030 5185 [Ειιιιι.
2090 5117 2222 5174 Vita
2260 5118 2363 5187 ΛΖ]
2414 5121 2643 5175 Curiam
2703 5121 2923 5177 interea
2988 5124 3150 5194 adiit,
3212 5128 3479 5205 Pippino,

1847 5203 1943 5272 qui
1959 5218 2028 5257 ex
2043 5205 2267 5259 auctori
2281 5208 2396 5260 tate
2411 5207 2683 5277 Stephani
2701 5224 2863 5279 papae
2877 5226 2946 5266 cx
2978 5214 3256 5282 praefecto
3278 5203 3481 5287 palatii

1846 5298 1951 5345 rex
1981 5290 2050 5323 ²²⁶
2077 5294 2439 5349 constitutus
2470 5296 2678 5367 fuerat,
2704 5298 3044 5356 vastitatem
3063 5302 3227 5357 urbis
3249 5306 3485 5364 calami-

1847 5382 2143 5449 tatemque
2158 5380 2347 5451 plebis
2363 5394 2533 5451 quam
2548 5385 2859 5453 regendam
2874 5395 3214 5460 susceperat
3230 5391 3484 5456 innotuit

1848 5466 2245 5541 auxiliumque
2278 5468 2349 5526 ab
2377 5482 2447 5526 eo
2476 5484 2547 5529 ex
2565 5472 2746 5543 regali
2770 5473 3085 5546 largitione
3114 5476 3181 5511 ²²⁷
3211 5483 3484 5552 ᾳυωείνὶι

1434 5559 1669 5617 νΑΡιιιΕ
1708 5560 2106 5624 LECTIONES.

128 5636 199 5672 ³⁸
230 5648 303 5693 ex
333 5650 391 5709 p.
425 5650 535 5697 rex
566 5652 626 5709 p.
662 5650 712 5694 e.
793 5642 855 5679 ιη
888 5640 1207 5700 traditione
1235 5657 1531 5716 superscr.
1565 5648 1660 5706 vel
1686 5648 1998 5721 largitione
2028 5667 2074 5712 ο.
