3898 6338
380 394 493 463 148

1331 388 1698 457 HUGONIS
1739 389 2091 454 ABBATIS
2136 382 2816 451 FLAVINIACENSIS

3652 366 3769 441 444

377 537 436 589 et
481 527 753 602 optinuit.
805 526 1023 599 (Βειιτ.)
1066 525 1388 603 collatione
1430 525 1716 597 siquidem
1760 524 2014 580 fidelium
2050 523 2101 581 A
2133 523 2430 576 Postremo
2452 532 2562 574 non
2586 522 2677 573 est
2703 515 2995 572 reveritus
3017 515 3180 603 ipsos
3203 512 3579 603 episcOpatus
3602 511 3778 603 laicis

380 620 642 690 quaedam
691 616 909 687 praedia
954 614 1236 685 suscepit.
1284 616 1592 670 Wasnaum
1645 613 1871 670 scilicet
1916 625 2016 666 seu

378 704 689 763 Warnunci
737 709 1000 769 curtem,
1054 702 1477 757 Ramisbatium
1540 703 1738 770 etiam,
1792 700 2019 769 aliaque

384 791 827 864 quamplurima,
863 804 990 859 quae
1035 788 1216 843 cartis
1260 803 1427 843 manu
1473 789 1710 859 pr0pria
1750 785 2016 853 inseruit,

384 894 529 952 quas
559 880 715 948 regis
745 876 954 932 anulus
983 875 1282 931 roboravit
1310 882 1367 930 et
1400 876 1662 931 aacclesia
1701 876 2024 929 Virdunen-

385 970 465 1023 sis
492 971 706 1023 extunc
744 980 855 1019 non
894 963 1107 1019 amisit.
1141 963 1281 1035 (Fol.
1317 965 1431 1033 57.)
1465 964 1699 1019 Civibus
1742 968 2022 1033 praeterea

388 1055 540 1124 regis
574 1052 965 1107 munificentia
1014 1065 1124 1106 non
1175 1052 1380 1122 defuit,
1422 1050 1643 1107 clerum
1682 1050 2019 1116 laetificavit,

385 1141 692 1197 ecclesiam
741 1139 992 1208 ornavit,
1039 1146 1471 1194 remuneratum
1520 1138 1850 1209 pontificem
1890 1151 2027 1205 gau-

387 1228 546 1284 denti
578 1227 779 1298 populi
810 1225 880 1258 ²²⁸
911 1226 1463 1296 reprtescntavitf”,
1490 1225 1710 1297 (BERT.)
1734 1224 1909 1281 Multa
1931 1238 2027 1278 au-

391 1323 501 1370 tem
536 1320 724 1381 erant,
756 1328 884 1384 quae
911 1328 1038 1368 eum
1064 1328 1198 1382 erga
1232 1314 1413 1383 ipsam
1432 1313 1754 1369 aecclesiam
1787 1312 2027 1379 diligen-

389 1403 517 1459 dam
541 1400 996 1474 promovendam
1022 1407 1081 1455 et
1105 1401 1489 1471 ampliandam
1513 1400 1833 1456 accendere
1856 1400 2028 1453 debe-

392 1492 549 1560 bant,
581 1489 857 1545 videlicet
887 1489 1177 1558 Pepponis
1200 1488 1461 1559 episcOpi
1490 1489 1543 1543 in
1570 1488 1838 1543 Karolum
1862 1486 2028 1541 Tudi-

388 1586 505 1633 tem
537 1582 764 1648 patrem
794 1590 960 1631 suum
985 1591 1145 1631 amor
1170 1578 1465 1646 profusus,
1491 1575 1747 1645 gratuita
1774 1574 2026 1629 fidelitas

389 1673 447 1720 et
480 1666 535 1720 in
569 1671 828 1735 tempore
860 1663 1168 1718 seditionis
1197 1667 1399 1718 contra
1434 1661 1826 1717 Raimfredum
1859 1663 2027 1716 Fran-

389 1767 586 1808 corum
618 1750 957 1821 principem,
991 1749 1177 1820 ipsius
1219 1750 1409 1804 Karoli
1452 1749 1743 1817 amulum,
1781 1747 2025 1803 indivisa

393 1838 609 1894 laboris
631 1844 687 1894 et
712 1838 951 1909 periculi
976 1837 1260 1892 subeundi
1281 1837 1555 1905 dualitas,
1583 1852 1685 1906 pro
1710 1851 1824 1906 quo
1851 1835 2024 1891 etiam
2056 1860 2107 1920 Β

393 1927 542 1981 idem
570 1928 766 1995 Peppo
790 1924 967 1980 multa
992 1939 1305 1994 perpessus
1327 1928 1413 1978 est
1439 1925 1702 1979 adversa.
1728 1924 1836 1978 Sed
1863 1923 2027 1992 quid-

391 2014 517 2068 dam
543 2026 671 2067 eum
701 2011 1017 2082 Specialius
1048 2010 1118 2065 ad
1158 2011 1552 2080 dilectionem,
1581 2011 2028 2079 redintegratio-

390 2114 516 2155 nem
548 2105 606 2154 et
637 2112 993 2154 communem
1026 2099 1330 2154 tuitionem
1361 2098 1613 2152 omnium
1643 2097 2025 2152 ecclesiarum

391 2186 642 2257 impulit,
677 2185 830 2255 quod
873 2200 983 2241 non
1022 2187 1094 2240 ab
1140 2200 1200 2239 re
1240 2186 1471 2239 videtur
1505 2186 1559 2239 in
1597 2184 1823 2239 laudem
1856 2185 2028 2254 hujus

394 2274 577 2343 patris
608 2272 795 2327 nostri
827 2272 957 2327 huic
988 2271 1274 2342 opusculo
1318 2272 1634 2339 innectere,
1671 2272 1742 2326 ad
1784 2271 2029 2342 compri-

394 2359 661 2415 mendum
696 2365 978 2413 tumorem
1023 2373 1221 2427 regum
1267 2364 1326 2413 et
1366 2358 1691 2428 principum
1742 2363 1937 2427 terrae,
1970 2364 2031 2414 et

395 2451 459 2501 ut
488 2446 819 2501 evidentius
850 2450 1222 2513 agnoscatur,
1256 2460 1383 2513 quae
1414 2445 1589 2500 fuerit
1610 2460 1787 2500 causa
1808 2444 2030 2501 desola-

396 2533 573 2588 tionis
600 2532 962 2588 Trevirensis
988 2538 1043 2586 et
1075 2532 1459 2587 Virdunensis
1490 2532 1777 2588 ecclesiae.

463 2619 629 2689 (Chr.
662 2620 925 2687 Divion.)
958 2619 1063 2684 Qui
1108 2619 1283 2687 igitur
1328 2620 1622 2689 hystorias
1669 2619 1933 2687 legerunt
1970 2626 2029 2675 et

394 2712 655 2764 veterum
679 2707 898 2776 scripta
931 2707 1232 2776 rimantur,
1258 2707 1428 2776 hujus
1461 2708 1654 2762 Karoli
1685 2708 1909 2763 Tuditis
1938 2723 2029 2762 ac-

395 2800 489 2850 tus
518 2800 574 2849 et
609 2793 804 2864 praelia
829 2798 1135 2862 noverunt,
1163 2796 1257 2863 qui
1290 2794 1418 2850 ideo
1437 2796 1674 2850 Tudites
1697 2795 2028 2866 appellatus

391 2887 504 2950 est,
533 2881 684 2950 quod
713 2885 803 2936 est
836 2879 1078 2936 malleus
1114 2882 1281 2950 fabri,
1318 2882 1454 2951 quia
1481 2883 1637 2938 sicut
1668 2882 1874 2937 malleo
1908 2884 2030 2938 uni-

390 2983 559 3025 versa
596 2968 920 3024 tunduntur
953 2969 1419 3039 ferramenta,ita
1452 2970 1573 3039 ipse
1604 2970 1884 3025 contrivit
1911 2984 2029 3025 om-

389 3058 480 3113 nia
507 3071 683 3127 regna
707 3055 818 3111 sibi
845 3056 1415 3111 vicina.Pcr27enim
1439 3070 1621 3112 annos
1646 3057 1857 3126 quibus
1874 3059 2029 3127 prin-

387 3146 644 3216 cipatum
683 3143 935 3214 optinuit
985 3144 1094 3198 sub
1134 3143 1370 3211 regibus
1408 3145 1736 3212 Dagoberto
1772 3144 2024 3213 juniore,

392 3230 1125 3301 Chilperico,’l‘heoderico,
1143 3229 1416 3299 Clotario,
1436 3229 1810 3286 Childeberto
1834 3237 1893 3285 et
1917 3233 2030 3287 Hil-

392 3318 589 3374 derico
630 3316 765 3387 (50),
794 3321 1100 3387 postquam
1135 3316 1206 3371 de
1249 3332 1416 3373 manu
1452 3318 1763 3373 Raimfredi
1796 3318 2032 3388 majoris

392 3405 599 3460 domus
622 3404 679 3457 in
703 3417 881 3470 regno
908 3404 1257 3459 Francorum
1280 3418 1381 3473 per
1405 3403 1583 3459 multa
1611 3404 1757 3459 bella
1783 3406 2030 3461 eundem

392 3490 780 3561 principatum
810 3488 1073 3557 sustulit,
1100 3494 1262 3545 tanta
1293 3490 1459 3547 clade
1488 3492 1675 3546 omnia
1712 3507 1884 3561 regna
1920 3493 2032 3548 sibi

394 3576 601 3645 vicina,
651 3576 705 3629 id
759 3581 847 3630 est
901 3576 1224 3645 Saxoniam,
1281 3578 1621 3647 Bawariam,
1678 3580 2032 3635 Provintiam

396 3678 575 3733 usque
604 3662 932 3732 Massiliam,
965 3665 1326 3720 Wasconiam
1364 3665 1724 3736 Frigiamque
1755 3667 2036 3722 contrivit

391 3756 448 3806 et
479 3750 893 3819 Alemanniam,
916 3757 980 3806 ut
1007 3751 1204 3807 multae
1227 3752 1492 3808 ecclesia:
1520 3768 1701 3823 usque
1725 3755 1780 3809 in
1804 3754 2036 3810 hodier-

392 3852 527 3894 num
559 3839 709 3895 diem
740 3838 1162 3899 desolationem
1189 3840 1278 3895 sui
1306 3841 1516 3896 factam
1543 3842 1652 3896 sub
1674 3856 1744 3897 eo
1774 3840 2030 3912 lugeant,

390 3926 868 3982 ettribulationis
894 3927 1078 3997 ipsius
1108 3928 1500 3983 calamitatem
1534 3928 1854 3984 obliterare
1882 3930 1937 3984 in
1970 3944 2034 3986 se

390 4014 546 4070 nulla
580 4018 873 4069 vetustate
919 4015 1295 4085 praevaleant.
1333 4015 1476 4086 (Fol.
1513 4015 1645 4087 57’.)
1676 4018 1851 4073 Tanta
1882 4018 2033 4073 enim

392 4101 725 4173 profusione
757 4102 1097 4157 thesaurum
1134 4104 1316 4158 totius
1350 4103 1525 4158 erarii
1571 4104 1789 4173 publici
1829 4105 2035 4177 dilapi-

393 4189 564 4245 datus
586 4195 679 4243 est
726 4192 882 4243 tanta
909 4189 1069 4242 dedit
1092 4188 1396 4257 militibus,
1429 4205 1575 4259 quos
1599 4191 1889 4248 soldarios
1917 4194 2032 4264 (51)

392 4275 591 4332 vocari
630 4289 755 4329 mos
785 4274 1061 4344 optinuit,
1096 4276 1192 4344 qui
1222 4290 1293 4331 ex
1324 4277 1592 4333 omnibus
1627 4279 1823 4334 mundi
1856 4281 2034 4350 parti-

397 4362 506 4418 bus
537 4375 708 4417 causa
739 4366 981 4430 questus
1024 4362 1091 4416 ad
1124 4377 1255 4417 eum
1299 4366 1749 4435 concurrebant,
1788 4381 2032 4436 quorum

394 4463 578 4519 genus
606 4449 880 4504 infestum
903 4453 962 4503 et
984 4448 1310 4520 improbum
1337 4456 1595 4523 tempore
1622 4454 1750 4522 ejus
1783 4456 2035 4525 sumpsit

2131 607 2289 675 dare,
2309 605 2636 661 fautoribus
2650 603 2920 659 videlicet
2936 600 3060 658 suis
3075 607 3135 657 et
3154 600 3590 671 consentaneis,
3629 598 3777 655 adeo

2131 699 2190 750 ut
2215 693 2754 764 archiepiscopatus
2773 691 3171 746 Trevir-ensem
3193 694 3249 744 et
3275 689 3620 744 Remensem
3643 686 3777 742 Milo

2132 782 2363 851 quidam
2398 787 2631 837 tonsura
2665 780 2937 841 clericus,
2970 778 3254 846 moribus,
3289 776 3491 833 habitu
3526 782 3586 832 et
3640 781 3777 831 actu

2132 870 2503 938 inreligiosus
2532 869 2751 937 laycus,
2786 868 2967 923 multo
2993 872 3251 936 tempore
3278 865 3655 935 pessundans
3678 866 3780 920 ob-

2132 957 2395 1026 tinuerit,
2430 956 2811 1011 Viennensem
2843 969 3074 1024 quoque
3106 957 3168 1007 et
3200 951 3417 1008 multos
3454 950 3602 1007 alios
3659 953 3781 1022 epi-

2136 1050 2416 1113 scopatus
2449 1058 2548 1114 per
2578 1048 2771 1097 terras
2791 1042 3074 1109 diversas,
3098 1043 3161 1094 ut
3184 1039 3462 1109 hystoriaa
3485 1039 3778 1107 referunt,

2138 1131 2506 1200 possiderent
2538 1129 2689 1198 laici,
2720 1134 2776 1184 et
2801 1142 2902 1199 per
2927 1141 3155 1182 manum
3183 1126 3389 1181 taicam
3408 1126 3702 1181 iuvestiti.
3726 1128 3779 1179 Si

2137 1218 2233 1288 qui
2263 1221 2431 1273 erant
2459 1217 2742 1288 episcopi,
2775 1220 2875 1271 aut
2907 1215 2959 1271 ei
2981 1216 3215 1271 omnino
3245 1215 3534 1282 favebant,
3561 1217 3662 1269 aut
3689 1227 3784 1269 res

2137 1305 2574 1362 aecclesiastica).
2597 1304 3044 1375 diripiebantur,
3071 1309 3168 1359 aut
3202 1306 3363 1358 certe
3386 1301 3504 1356 illis
3519 1302 3784 1357 obeunti-

2140 1394 2248 1448 bus
2282 1394 2335 1446 in
2371 1392 2562 1449 locum
2596 1392 2825 1447 illorum
2856 1390 3179 1461 neophytus
3208 1390 3477 1460 quilibet,
3504 1387 3601 1443 vel
3636 1403 3785 1459 quos

2138 1481 2431 1535 canonicae
2446 1480 2778 1536 sanctiones
2792 1493 2899 1533 non
2920 1477 3778 1547 recipiunt,suhstituehantur.

2139 1569 2226 1624 Ab
2260 1569 2363 1623 hac
2399 1573 2589 1623 autem
2641 1566 2966 1637 direptione
3013 1565 3222 1620 civitas
3272 1562 3369 1618 illa
3419 1562 3788 1633 quantulum-

2139 1670 2387 1725 cumque
2419 1655 2691 1711 immunis
2718 1660 2865 1723 erat,
2900 1668 3028 1722 quae
3060 1652 3113 1707 ei
3148 1652 3376 1707 favebat
3404 1651 3500 1707 vel
3547 1666 3684 1722 qua;
3733 1652 3783 1705 ei

2140 1743 2492 1812 adjutorium
2526 1743 2866 1813 praebebat;
2900 1740 2992 1796 cui
3024 1740 3175 1795 enim
3209 1740 3595 1805 innitebatur,
3627 1739 3784 1794 illam

2142 1845 2245 1901 per
2277 1845 2340 1886 se
2372 1844 2622 1900 suosque
2653 1845 2681 1884 a
2724 1845 2786 1884 se
2834 1829 3075 1898 suisque
3123 1829 3420 1883 tuebatur.
3471 1827 3621 1882 Hinc
3672 1833 3783 1895 est,

2142 1916 2293 1985 quod
2314 1917 2466 1971 inter
2486 1917 2821 1972 innumeras
2844 1929 2989 1984 quas
3006 1914 3335 1980 attriverat,
3361 1912 3784 1968 Virdunensem

2142 2008 2402 2072 tempore
2470 2002 2759 2074 Pepponis
2818 2001 3077 2071 episcopi
3127 1999 3364 2070 praediis
3412 1999 3598 2068 auxit,
3654 1999 3785 2069 quia

2138 2090 2333 2161 Peppo
2361 2089 2565 2159 isdem,
2599 2094 2662 2144 ut
2694 2089 2966 2159 superius
2998 2087 3269 2152 relatum,
3301 2092 3391 2142 est
3421 2086 3479 2140 in
3520 2092 3788 2157 tempore

2139 2176 2524 2233 dissensionis
2555 2184 2614 2232 et
2641 2177 2908 2247 partbus
2930 2176 3057 2244 ejus
3082 2175 3219 2230 favit
3244 2179 3300 2230 et
3328 2174 3681 2230 familiarius
3705 2174 3787 2228 illi

2139 2266 2401 2324 servivit.
2429 2266 2836 2320 Verumtamen
2860 2264 2959 2319 illo
2983 2263 3277 2330 defuncto,
3303 2262 3440 2332 quid
3460 2262 3591 2318 alias
3607 2263 3792 2333 patie-

2144 2357 2372 2421 bantur,
2398 2352 2598 2407 eadem
2623 2367 2854 2422 quoque
2876 2357 3120 2421 experta
3133 2355 3244 2406 est.
3262 2352 3323 2405 In
3352 2354 3577 2406 tantum
3594 2355 3790 2407 autem

2140 2441 2417 2497 vastitate
2434 2441 2673 2510 praefata
2690 2439 3054 2494 Trevirensis
3070 2437 3410 2509 metrOpolis
3428 2437 3648 2493 afﬂicta
3666 2439 3790 2506 fuit,

2144 2534 2205 2585 ut
2238 2543 2342 2598 pro
2375 2526 2710 2582 multimoda
2743 2527 2871 2597 ejus
2898 2525 3231 2582 calamitate
3253 2530 3311 2581 et
3335 2526 3791 2582 conculcatione

2140 2619 2381 2671 vacante
2395 2630 2461 2669 ea
2479 2614 2927 2669 Mediomatrieze
2949 2613 3211 2669 civitatis
3230 2612 3793 2684 praesulespostmo—

2141 2703 2274 2757 dum
2297 2703 2678 2771 fungerentur
2701 2700 3126 2772 archiepiscopi
3149 2701 3434 2770 dignitate
3458 2707 3521 2756 et
3535 2702 3786 2757 nomine.

2142 2789 2308 2861 [Ano]
2344 2791 2581 2846 Vastata
2615 2804 2844 2860 quoque
2875 2795 2935 2845 et
2977 2789 3262 2860 dissipata
3311 2788 3689 2858 Lugdunensi
3739 2796 3789 2845 et

2141 2878 2451 2933 Viennensi
2487 2877 2805 2947 provincia,
2841 2876 3062 2946 aliquot
3107 2877 3274 2933 annis
3319 2876 3443 2933 sine
3491 2878 3790 2949 episcopis

2142 2972 2391 3035 utraque
2421 2966 2532 3020 fuit
2561 2965 2841 3021 aecclesia.
2881 2964 3179 3021 Wiliarius
3217 2966 3369 3020 enim
3415 2965 3785 3035 Viennensis,

2142 3053 2239 3122 qui
2273 3053 2658 3107 Austroberto
2706 3056 3091 3121 successerat,
3144 3051 3350 3107 videns
3396 3052 3788 3110 Viennensem

2141 3140 2463 3196 accclesiam
2492 3139 2829 3195 indecenter
2860 3139 3151 3195 humiliari
3184 3141 3258 3195 ob
3286 3140 3512 3195 cladem
3548 3142 3790 3197 Sarace-

2063 3200 2111 3259 C
2142 3244 2346 3285 norum
2394 3228 2761 3297 Septimaniaa
2810 3232 2866 3283 et
2927 3229 3234 3284 Viennensi
3291 3234 3346 3283 et
3410 3228 3787 3298 Lugdunensi

2147 3316 2454 3388 provintiis
2477 3316 2916 3384 imminentium,
2940 3314 3122 3385 laycis
3145 3316 3431 3386 sacrilege
3454 3324 3516 3373 et
3542 3318 3791 3374 barbare

2145 3420 2240 3461 res
2265 3419 2466 3460 sacras
2480 3404 2901 3473 obtinentibus,
2922 3404 3127 3459 relicto
3142 3405 3484 3475 episcopatu
3503 3412 3791 3463 monaste-

2147 3492 2293 3549 rium
2318 3494 2665 3561 Agaunense
2693 3491 2961 3562 expetiit,
2991 3492 3086 3547 ubi
3109 3497 3166 3548 et
3190 3493 3368 3547 vitam
3400 3494 3795 3550 venerabilem

2147 3580 2332 3649 duxit,
2365 3586 2426 3634 et
2459 3581 2564 3635 hoc
2589 3579 2643 3633 in
2664 3583 2929 3648 tempore
2951 3580 3228 3649 Stephani
3261 3594 3426 3651 papae
3459 3581 3558 3650 qui
3586 3582 3794 3638 Zacha-

2147 3668 2248 3724 riae
2264 3672 2651 3723 successerat.
2670 3666 3046 3722 Rexitautem
3078 3671 3215 3737 post
3245 3682 3375 3723 eum
3407 3667 3792 3726 Viennensem

2146 3755 2457 3812 ecclesiam
2493 3754 2847 3823 Bertericus,
2871 3755 2964 3810 cui
2997 3753 3283 3811 successit
3309 3756 3545 3812 Paulus.

2218 3843 2501 3897 Defuncto
2535 3841 2733 3911 itaque
2764 3856 2833 3896 eo
2861 3847 2920 3896 et
2950 3842 3192 3898 Parisiis
3214 3843 3466 3913 sepulto,
3492 3847 3555 3899 et
3587 3845 3797 3911 princi-

2150 3935 2346 4001 patum
2383 3928 2701 3997 majoratus
2726 3929 2938 3984 domus
2964 3929 3228 3999 Pippino,
3252 3931 3433 3984 fratre
3461 3930 3797 4000 spiritualia

2149 4016 2402 4072 terrenis
2425 4017 2771 4087 praeferente
2787 4015 2939 4083 ,solo
2959 4016 3191 4087 adepto,
3215 4018 3587 4088 postmodum
3618 4020 3793 4076 etiam

2149 4104 2349 4161 studio
2374 4118 2482 4159 suo
2499 4104 2823 4158 etftomani
2847 4103 3143 4174 pontificis
3175 4118 3441 4175 assensu,
3477 4110 3538 4162 ut
3576 4106 3797 4164 dictum

2148 4197 2258 4260 est,
2295 4192 2351 4245 in
2379 4204 2575 4259 regem
2607 4189 2858 4260 elevato,
2889 4191 3043 4247 Deus
3072 4191 3203 4261 pius
3254 4192 3453 4248 multis
3498 4207 3637 4249 eum
3694 4195 3799 4251 sibi

2149 4278 2471 4348 obligatum
2507 4278 2808 4333 beneficiis
2841 4278 3041 4334 volens
3073 4283 3130 4333 et
3164 4279 3334 4335 minis
3368 4285 3620 4351 terrere,
3646 4282 3802 4340 utdi-

2148 4373 2346 4423 sceret
2375 4380 2613 4437 sperare
2645 4366 2701 4420 in
2735 4368 2867 4435 Deo,
2916 4382 3029 4423 non
3074 4381 3428 4438 praesumere
3479 4368 3550 4424 de
3601 4384 3699 4440 se,
3748 4376 3800 4426 et

2151 4459 2213 4511 ut
2261 4452 2715 4510 succedentibus
2761 4453 3063 4524 prosperis
3113 4455 3529 4512 recordaretur
3572 4457 3799 4514 Domini

399 4537 654 4607 inicium,
691 4541 755 4593 ut
784 4550 894 4592 non
932 4536 985 4592 ei
1026 4537 1320 4593 suffecerit
1354 4540 1670 4595 thesaurus
1700 4542 1885 4612 regni,
1922 4557 2032 4599 non
2063 4539 2122 4599 D
2154 4542 2250 4598 Dei
2298 4541 2410 4612 sui,
2460 4555 2567 4596 nec
2612 4539 2791 4596 vcllet
2850 4540 3065 4596 imitari
3130 4546 3377 4612 patrem,
3450 4558 3621 4614 quem
3699 4559 3800 4603 con

396 4624 757 4696 deprmdatio
806 4625 1057 4695 urbium,
1108 4640 1218 4681 non
1269 4626 1626 4683 multimoda;
1672 4630 2033 4687 vastationes

396 4726 705 4783 regnorum
737 4718 1091 4783 exterorum,
1124 4728 1237 4768 non
1273 4714 1594 4784 expoliatio
1637 4714 2033 4774 ecclesiarum

396 4806 455 4857 et
486 4801 993 4870 monasteriorum,
1010 4815 1122 4855 non
1139 4800 1358 4856 tributa
1380 4802 1826 4870 provinciarum.
1848 4807 2036 4861 Ausus

394 4892 486 4944 est
524 4890 695 4943 etiam
738 4888 835 4943 ubi
881 4889 989 4943 hec
1018 4887 1379 4957 defecerunt,
1413 4897 1602 4945 terras
1639 4890 2033 4948 ecclesiarum

397 4974 681 5045 diripere,
732 4979 792 5030 et
845 4988 947 5031 eas
1001 4973 1435 5031 comilitonibus
1494 4974 1612 5033 illis
1662 4980 2028 5036 contradere.

2152 4629 2349 4687 stabat
2397 4627 2798 4685 aecclesiarum
2851 4628 3048 4685 sitisse
3107 4630 3532 4701 confusionem,
3606 4634 3800 4703 posito

2150 4734 2221 4774 eo
2265 4717 2418 4789 apud
2468 4716 2913 4774 Aurelianorum
2962 4717 3186 4787 urbem,
3235 4717 3374 4787 quid
3428 4733 3569 4789 erga
3628 4722 3806 4779 Karo-

2152 4806 2269 4863 lum
2298 4810 2592 4875 ageretur,
2627 4819 2754 4875 quae
2807 4805 2857 4861 ei
2909 4819 3135 4862 merces
3184 4808 3483 4863 tantorum
3535 4806 3798 4866 laborum

2153 4897 2717 4965 recompensaretur,
2734 4892 3014 4963 ostendit,
3031 4907 3145 4949 non
3160 4893 3227 4949 ad
3246 4893 3528 4959 defuncti,
3555 4900 3620 4951 ut
3642 4910 3800 4953 vere-

2152 4996 2300 5052 mur,
2329 4980 2719 5051 refrigerium,
2745 4980 2847 5037 sed
2879 4980 2948 5037 ad
2982 4980 3431 5038 aedificationem
3453 4982 3790 5041 viventium.

1749 5127 1986 5184 VARIE
2026 5128 2435 5188 LECTIONES.

466 5251 536 5287 ²²⁸
563 5253 655 5311 ita
681 5265 728 5308 σ.
758 5251 828 5287 ’⁸³
854 5252 1029 5309 Verte
1059 5254 1133 5309 III
1162 5253 1297 5310 folia
1329 5258 1387 5311 et
1424 5253 1581 5326 quod
1611 5256 1706 5313 hic
1736 5256 1904 5314 deest
1935 5259 2173 5330 require
2209 5261 2320 5317 sub
2348 5261 2456 5318 hoc
2490 5261 2659 5331 signo
2690 5277 2737 5320 ο.

1983 5407 2207 5464 NOTAE.

467 5531 582 5659 ﬁt?)
612 5531 807 5603 Neque
839 5502 1267 5604 Childebertus,
1301 5548 1488 5606 neque
1531 5535 1898 5595 Childericus
1935 5539 2037 5594 Ca~

566 5615 804 5659 emnore
835 5602 1188 5659 Francorum
1221 5617 1391 5659 reges
1420 5606 1673 5659 fuerunt.

396 5602 507 5659 ι·οΗ
540 5602 804 5673 tempOre
835 5602 1188 5659 Francorum
1221 5602 1673 5672 reges'fuerunt.

2218 5541 2337 5605 (tu)
2368 5544 2412 5597 Α
2445 5542 2787 5600 Germanico
2819 5545 2969 5616 sold,
2994 5546 3374 5618 stipendium.-
