3898 6316
135 304 228 364 145

1356 291 1853 357 CHRONICON.
1890 327 1962 339 «-
1995 294 2152 357 LIB.
2195 295 2235 355 l.

3374 293 3486 357 146

123 437 244 493 Erat
271 432 324 489 in
348 431 548 489 eadem
599 429 739 487 urbe
783 430 1099 502 episcopus
1130 426 1447 486 Eucherius
1479 427 1615 501 (52),
1648 425 1743 484 vi-.
1760 425 1813 485 A
1843 443 2011 488 mum
2024 431 2174 501 ejus,
2195 428 2505 487 intueatur
2526 442 2661 487 ossa
2674 430 2896 501 patris,
2919 431 3135 487 etezeo
3152 429 3312 505 quod
3329 430 3486 489 ince-

125 529 189 580 ιω
210 523 500 578 honestate
524 517 851 587 laudabilis,
881 532 1104 574 morum
1128 518 1423 588 probitate
1444 515 1733 588 spectabi-

124 610 205 678 lis,
235 609 318 666 cui
344 605 663 664 celebranti
711 605 1015 661 missarum
1070 605 1411 676 sollempnia
1459 604 1587 676 ipso
1640 605 1733 660 die

120 699 329 771 paschaa
356 696 487 752 dum
518 693 750 752 sederet
790 693 846 748 in
877 693 1093 749 throno
1132 692 1473 763 pontificali,
1508 699 1566 749 et
1601 694 1736 749 sub-

123 785 374 856 repsisset
399 782 449 838 ei
475 781 776 852 cogitatio,
806 784 1054 850 quantos
1084 781 1319 837 labores
1353 797 1456 851 pro
1484 781 1735 837 tuitione

120 880 170 930 et
196 871 552 943 ampliatione
585 868 743 939 regni
788 868 1034 925 Karolus
1078 868 1482 937 sustinuisset,
1518 874 1734 938 quanta

123 960 298 1034 pmlia
314 957 607 1031 praeliatus
620 962 795 1025 esset,
824 955 1113 1026 quomodo
1139 960 1265 1028 post
1291 961 1451 1011 tanta
1476 956 1732 1027 pericula

125 1062 247 1121 paco
273 1047 485 1118 potitus
516 1050 695 1113 esset,
722 1050 783 1101 et
813 1045 867 1099 in
901 1058 1044 1116 pace
1076 1044 1252 1099 vitam
1286 1044 1530 1114 finisset,
1562 1043 1733 1109 cujus

122 1149 255 1192 nunc
283 1134 433 1191 ﬁlius
463 1133 627 1204 regni
656 1134 872 1189 honore
896 1133 1147 1189 donatus
1174 1139 1350 1202 esset,
1386 1132 1520 1188 dum
1556 1132 1731 1187 tacita

120 1223 446 1291 cogitatione
472 1221 698 1278 felicem
733 1220 955 1276 diceret
980 1229 1091 1276 tam
1120 1220 1416 1290 prosperis
1450 1220 1735 1276 successi-

121 1309 216 1365 bus
257 1309 460 1378 virum,
513 1308 623 1364 hac
653 1307 705 1364 ei
734 1307 1092 1377 cogitatione
1140 1307 1446 1363 ﬂuctuanti
1497 1322 1736 1363 somnus

119 1397 389 1467 paulisper
416 1396 639 1463 allusit,
666 1398 721 1450 et
742 1400 949 1465 raptus
974 1396 1029 1450 in
1054 1410 1300 1451 excessu
1334 1394 1543 1450 mentis
1567 1408 1737 1462 ange-

120 1482 327 1554 licoque
358 1484 534 1540 ductu
569 1484 641 1539 ad
675 1483 934 1539 tribunal
973 1483 1195 1538 Iudicis
1223 1483 1437 1538 ductus
1466 1482 1584 1550 (fol.
1621 1486 1731 1551 58),

118 1570 167 1626 in
195 1575 469 1628 conventu
492 1571 596 1626 illo
618 1571 837 1627 caelesti
863 1570 1228 1627 dulcedinem
1273 1570 1537 1626 “ICIOdiiB
1570 1570 1737 1641 spiri-

117 1658 275 1714 tualis
304 1658 545 1729 audivit,
570 1665 630 1714 et
653 1658 724 1713 ad
756 1662 975 1713 tantam
1008 1657 1250 1714 visionis
1282 1657 1733 1726 magnitudinem

1843 518 2199 586 neritﬂdrm
2207 516 2412 589 faciet
2428 515 2623 573 verbis
2646 516 2784 572 tuis.
2808 516 3041 573 Dixerat
3061 517 3188 587 hec,
3212 524 3270 575 et
3297 533 3484 576 sacer-

1846 607 1954 663 dos
1987 605 2167 662 ductu
2198 605 2464 674 angelico
2495 605 2552 660 in
2584 618 2648 660 se
2679 618 2950 661 reversus
2980 607 3307 676 obstupuit.
3348 609 3486 665 Lau—

1845 693 2108 764 dansque
2157 695 2330 749 Deum
2359 698 2419 747 et
2452 690 2826 760 magnificans
2860 692 3083 763 judicia
3116 694 3241 763 ejus
3274 694 3488 752 incom-

1848 780 2260 853 prehensibilia
2290 785 2344 836 et
2381 779 2821 847 investigabilcs
2850 780 2972 835 vias
2999 781 3144 849 ejus,
3176 782 3484 838 missarum

1847 870 2169 940 solempnia
2192 868 2468 938 explevit,
2494 867 2701 923 dehinc
2720 867 2837 936 regi
2854 873 2910 922 et
2932 867 3335 939 optimatibus,
3358 884 3485 940 qua

1846 959 2076 1014 vidi-rat
2098 962 2155 1012 et
2182 956 2466 1025 audierat,
2495 954 2784 1026 quomodo
2806 954 3015 1011 adhasc
3039 955 3283 1012 videnda
3308 963 3368 1014 et
3389 973 3486 1014 au-

1847 1046 2053 1102 dienda
2085 1044 2546 1114 cogitationibus
2583 1042 2708 1099 suis
2732 1041 3020 1099 adductus
3044 1044 3139 1114 sit,
3166 1045 3480 1100 enarravit.

1846 1135 1958 1189 Pro
1980 1147 2049 1189 eo
2080 1147 2309 1203 quoque
2333 1133 2455 1187 haec
2481 1131 2601 1186 visa
2631 1130 2907 1199 asseruit,
2936 1136 2995 1185 ut
3022 1131 3071 1186 ei
3103 1133 3382 1202 prodesse
3405 1132 3486 1188 in-

1845 1222 2069 1291 ciperet
2092 1235 2236 1291 pena
2260 1220 2467 1291 patris,
2484 1224 2539 1274 et
2568 1219 2822 1274 disceret
2842 1233 2951 1274 non
2972 1218 3372 1290 blasphemare
3391 1218 3481 1291 ”",

1847 1325 1951 1364 nec
1976 1308 2208 1378 rapinas
2231 1306 2668 1377 concupiscere,
2695 1306 2869 1361 necin
2891 1306 3197 1376 iniquitate
3223 1321 3481 1378 sperare,

1845 1399 1902 1453 et
1936 1396 2071 1452 licet
2114 1395 2417 1450 aﬂluerent
2449 1393 2499 1449 ei
2532 1392 2774 1463 divitiae,
2818 1408 2928 1450 non
2959 1394 3045 1449 eis
3086 1394 3353 1451 studeret
3383 1409 3485 1452 cor

1846 1498 2159 1556 apponere,
2194 1482 2329 1553 quia
2361 1488 2627 1554 potestas
2660 1482 2756 1537 Dei
2791 1486 2881 1537 est
2913 1487 2967 1537 et
3001 1483 3240 1539 Domino
3265 1483 3486 1540 miseri-

1846 1572 2066 1641 cordia,
2094 1577 2153 1627 ut
2179 1570 2389 1626 reddat
2419 1568 2912 1639 unicuiquejuxta
2936 1584 3112 1639 Opera
3145 1586 3267 1627 sua.
3295 1570 3487 1643 Pippi-

1847 1675 1956 1715 nus
1983 1659 2179 1728 itaque
2226 1658 2313 1714 his
2344 1656 2563 1713 auditis
2606 1658 2719 1711 Deo
2768 1657 2949 1726 magis
2982 1672 3046 1713 ac
3080 1658 3263 1727 magis
3306 1658 3487 1731 coepit

117 1744 334 1802 herebat
360 1751 635 1817 stupens.
668 1745 974 1812 Cogitabat
992 1751 1185 1801 autem
1210 1750 1267 1801 et
1293 1745 1391 1807 ibi,
1422 1746 1468 1801 si
1494 1745 1647 1800 inter
1672 1744 1738 1799 il-
1765 1769 1817 1828 Β
1848 1746 2095 1803 devotus
2118 1746 2376 1801 existere
2402 1744 2742 1800 sacerdotes
2764 1745 3047 1813 venerari,
3067 1745 3366 1803 aacclesias
3387 1745 3486 1803 ho-

120 1832 198 1889 los
226 1833 524 1891 distinctos
557 1835 861 1889 beatorum
912 1833 1180 1903 spiritum
1229 1838 1396 1889 cetus
1442 1833 1731 1889 dominum

117 1920 281 1977 totius
305 1921 554 1977 Francia:
575 1927 637 1976 et
654 1926 873 1990 patrem
898 1920 1058 1990 regni
1091 1920 1359 1975 Karolum
1384 1919 1583 1975 videre
1608 1934 1739 1992 pos-

118 2012 211 2077 set,
233 2023 355 2063 cum
380 2008 584 2064 tacitis
606 2009 733 2078 ejus
755 2008 1213 2077 cogitationibus
1246 2008 1609 2079 respondens
1637 2007 1735 2077 qui

120 2095 465 2168 praesidebat,
489 2096 561 2152 ad
592 2096 782 2151 locum
806 2096 903 2152 ubi
931 2095 1176 2151 Karolus
1209 2097 1572 2165 servabatur,
1605 2094 1737 2150 duci

119 2197 232 2239 eum
262 2184 552 2254 praecepit.
592 2185 814 2239 Ductus
858 2183 1052 2253 itaque
1083 2187 1173 2239 est
1210 2183 1261 2238 in
1297 2183 1603 2250 infernum,
1639 2181 1736 2238 ubi

121 2269 238 2326 dum
259 2271 603 2327 miserorum
627 2270 846 2326 animas
869 2273 1211 2327 continuato
1231 2276 1289 2326 et
1313 2270 1633 2327 inedicibili
1659 2271 1740 2324 in-

122 2357 263 2413 ﬁnito
284 2374 507 2429 quoque
527 2358 802 2414 cruciatu
828 2358 1081 2427 tabidas,
1108 2359 1466 2428 squalentes,
1487 2362 1544 2412 et
1567 2357 1740 2414 nimio

121 2443 338 2501 horrore
366 2446 683 2502 sordentes
705 2444 1034 2515 miraretur,
1060 2446 1194 2501 dum
1226 2460 1504 2517 penarum
1525 2459 1738 2514 genera

121 2537 355 2603 paveret,
376 2533 508 2589 dum
535 2532 614 2588 ad
636 2532 922 2588 terrificos
942 2533 1170 2589 sonitus
1194 2533 1366 2589 fletus
1387 2537 1445 2589 et
1468 2532 1741 2589 stridoris

125 2618 353 2676 dentium
378 2636 544 2677 suum
573 2620 693 2689 jam
715 2620 878 2689 quasi
902 2620 1123 2676 oblitus
1145 2626 1299 2677 esset
1333 2620 1624 2690 Karolum,
1663 2621 1744 2675 vi-

124 2706 198 2762 dit
220 2721 337 2765 eum
369 2708 419 2763 in
454 2708 773 2766 tormentis
802 2706 1049 2777 positum
1082 2708 1247 2777 quasi
1277 2707 1334 2763 in
1371 2709 1560 2764 medio
1595 2707 1743 2778 ignis

125 2796 300 2864 rotari,
332 2801 390 2852 et
418 2811 577 2853 nunc
611 2793 841 2865 quidem
872 2795 1001 2864 igne
1031 2796 1276 2865 torreri,
1308 2811 1461 2851 nunc
1493 2796 1743 2853 stridere

124 2880 312 2953 frigore
340 2883 598 2954 glaciali,
635 2897 786 2939 nunc
833 2882 903 2938 de
938 2883 1066 2953 igne
1096 2884 1508 2939 ascendentem
1543 2884 1598 2939 in
1625 2883 1746 2953 gla-

123 2969 198 3025 cie
224 2973 452 3042 versari,
484 2986 647 3027 nunc
674 2986 811 3027 vero
834 2972 905 3027 ab
929 2971 1096 3041 aquis
1128 2976 1356 3027 erutum
1391 2970 1609 3040 ignitos
1643 2984 1736 3026 va-

126 3070 277 3128 pores
307 3063 595 3129 repetere.
633 3058 978 3114 Miserabilis
1009 3073 1203 3114 rerum
1258 3059 1438 3114 facies
1466 3060 1478 3113 !
1513 3057 1616 3114 llle
1647 3058 1743 3128 qui

126 3144 276 3214 paulo
297 3151 426 3203 ante
449 3145 786 3217 imperabat
804 3145 1079 3214 Francia),
1107 3146 1203 3215 qui
1224 3145 1494 3202 dominus
1518 3145 1748 3203 diceba-

126 3234 211 3286 tur
234 3236 422 3304 terrae,
455 3234 558 3303 qui
596 3232 791 3288 victor
839 3232 1088 3301 urbium,
1119 3236 1435 3304 superator
1462 3234 1744 3303 gentium,

128 3321 466 3390 conquisitor
495 3333 844 3390 regnorum,
867 3324 929 3376 ut
956 3335 1115 3377 suam
1150 3318 1458 3391 ampliaret
1490 3324 1759 3390 potesta-‘

128 3406 224 3461 tem
250 3411 429 3464 totum
461 3407 862 3464 tribulaverat
894 3408 1113 3476 orbem,

126 3535 380 3607 Urituren
399 3537 675 3605 ﬂammis,
693 3542 838 3607 quas
851 3537 1143 3605 stringere
1158 3553 1267 3594 non
1288 3537 1440 3593 valet
1458 3536 1658 3605 amnis,

128 3603 419 3678 Stringitur
434 3603 727 3680 etglaeie,
747 3603 1039 3678 nequeunt
1060 3622 1226 3679 quam
1245 3607 1473 3665 solvere
1490 3603 1747 3662 ﬂammae.

129 3728 248 3785 Cum
269 3730 384 3787 haec
405 3746 550 3802 ergo
578 3744 777 3787 secum
802 3729 1021 3787 tacitus
1055 3730 1387 3801 miraretur,
1412 3733 1472 3787 et
1494 3728 1634 3800 quid
1666 3743 1754 3786 re-

131 3829 239 3870 rum
267 3823 415 3875 esset
447 3818 671 3875 anxius
699 3832 894 3874 secum
921 3817 1205 3888 volveret,
1240 3816 1448 3874 ductor
1480 3817 1579 3872 ille
1609 3831 1752 3873 suus

131 3900 401 3962 herentem
426 3922 564 3963 eum
595 3904 800 3962 videns
825 3924 837 3959 :
861 3907 1031 3975 Ecce,
1062 3905 1270 3976 inquit,
1296 3904 1592 3975 cogitatus
1625 3905 1713 3962 tui
1734 3926 1755 3962 .-

132 4002 239 4047 ecce
256 3992 321 4049 de
339 4008 452 4064 quo
472 3992 846 4052 anziabaris
872 3994 940 4051 in
963 3993 1126 4050 domo
1147 3993 1407 4051 Domini.
1449 3994 1589 4050 Vide
1605 3993 1759 4063 quid

129 4078 308 4136 caleat
331 4083 516 4140 seculi
548 4080 924 4153 potentatus,
964 4081 1165 4153 aspice
1191 4081 1347 4150 quid
1369 4080 1576 4151 possit,
1606 4079 1759 4152 quid

120 4167 433 4239 portendat,
448 4170 534 4226 ad
545 4168 707 4241 quid
727 4168 936 4225 tendat
950 4167 1163 4225 mundi
1175 4168 1580 4240 principatus.
1608 4170 1758 4225 Ecce

129 4250 373 4314 Karalus
396 4258 706 4329 princeps,

133 4381 373 4472 Francia
390 4403 505 4472 guo
534 4386 783 4472 tumuit,
807 4388 1149 4472 .cu‘isemper
1169 4386 1412 4471 subdita
1437 4388 1682 4472 mansit,

292 4457 580 4525 Quinem
599 4458 756 4527 jura
780 4457 961 4527 dedit,
986 4457 1093 4529 qui
1113 4472 1225 4515 sua
1249 4459 1463 4528 cuique
1486 4458 1646 4525 tulit,

140 4524 705 4602 Tmeturﬂammis,
729 4524 1054 4585 aternus'ei
1072 4530 1277 4585 manet
1288 4524 1472 4598 ignis,

136 4646 267 4717 quia
280 4650 626 4725 postposuit
640 4650 979 4719 Dominum,
1003 4665 1107 4709 nec
1127 4650 1445 4707 abhorruit
1462 4650 1759 4724 confusio-

134 4746 249 4791 nem
291 4740 719 4797 acclesiarum.
771 4738 1010 4796 Nuncia
1039 4739 1161 4796 hac
1182 4739 1437 4810 Pippino
1456 4738 1590 4808 regi
1620 4739 1759 4808 ﬁlio

137 4822 269 4895 ejus,
292 4826 360 4882 ut
377 4826 581 4885 discat
598 4840 718 4883 non
739 4825 1061 4898 superbire,
1082 4840 1187 4884 nec
1204 4840 1447 4898 sperare
1460 4825 1760 4883 inincerto

138 4907 953 4986 dicieiarum,sedinDomiu0
964 4913 1761 4988 Deo.quipotestetanimam

135 4997 190 5053 et
199 5011 397 5073 corpus
414 5003 655 5060 mittere
672 5003 738 5059 in
748 5002 1094 5073 gehennam.
1127 5002 1358 5070 Quodsi
1374 5001 1485 5060 tibi
1506 5014 1623 5058 non
1642 5014 1763 5058 cre-

143 5082 363 5158 diderit,
380 5089 595 5149 dieilli
608 5089 1186 5164 utcadatParisius,
1205 5089 1562 5163 aperiatgue
1572 5089 1764 5160 sepul-

1776 3105 1828 3169 Ο

1848 1849 2077 1904 norare,
2106 1838 2163 1889 et
2187 1833 2242 1888 in
2268 1832 2482 1903 quibus
2516 1833 2691 1888 Deum
2718 1846 2746 1887 a
2773 1837 2937 1903 patre
2961 1847 3068 1889 suo
3091 1832 3376 1891 didicerat
3405 1835 3487 1890 of-

1849 1924 2073 1979 fensum
2111 1922 2310 1986 fuisse,
2347 1922 2418 1976 ab
2449 1920 2539 1975 his
2571 1933 2634 1975 se
2667 1919 2943 1976 studebat
2974 1925 3102 1977 toto
3131 1922 3257 1977 nisu
3292 1927 3486 1978 custo-

1848 2010 1990 2067 dire.
2018 2012 2089 2065 Ut
2114 2014 2309 2065 autem
2334 2008 2489 2063 venit
2516 2007 2819 2077 Parisium,
2847 2008 3217 2079 sepulchrum
3242 2010 3389 2080 ejus,
3415 2010 3486 2066 de

1849 2113 1961 2170 quo
1984 2099 2257 2153 manabat
2280 2096 2425 2152 odor
2448 2094 2803 2165 sulphureus
2829 2096 2982 2152 fumo
3005 2097 3243 2164 mixtus,
3271 2096 3484 2169 aperiri

1850 2184 2552 2261 praecepit,praesentibus
2566 2182 2861 2255 episeOpis
2875 2187 2932 2239 et
2947 2184 3327 2255 optimatibus
3341 2184 3481 2241 suis.

1849 2275 1988 2344 (Fel.
2010 2273 2140 2346 58’.)
2168 2272 2331 2339 Quod
2354 2270 2449 2327 ubi
2476 2276 2738 2341 apertum
2758 2275 2870 2340 est,
2891 2271 3087 2326 vident
3113 2272 3300 2341 ignem
3323 2277 3379 2327 et
3408 2273 3489 2328 fu-

1850 2379 2000 2419 mum
2053 2362 2429 2417 tenebrosum
2460 2365 2515 2414 et
2550 2358 2834 2427 fmtidum,
2868 2358 3147 2429 reliquias
3192 2359 3485 2431 absumpti

1848 2450 2138 2521 corporis,
2166 2446 2541 2519 sepulchrum
2564 2459 2792 2516 quoque
2810 2446 2887 2501 ita
2908 2446 3279 2517 fuma‘etigne
3302 2448 3489 2517 nigre-

1850 2540 2085 2607 factum,
2120 2541 2183 2593 ut
2217 2539 2486 2606 patenter
2529 2533 2771 2589 daretur
2805 2533 3053 2604 intelligi
3084 2550 3277 2591 veram
3312 2535 3491 2593 fuisse

1848 2626 2130 2683 visionem
2154 2621 2501 2690 sacerdotis,
2529 2621 2689 2690 gravi
2715 2620 2874 2677 illum
2906 2622 3055 2694 apud
3082 2622 3300 2680 inferos
3326 2637 3493 2693 pcena

1849 2728 1978 2771 esse
2004 2711 2330 2777 multatum,
2366 2710 2533 2779 cujus
2555 2723 2771 2779 corpus
2799 2709 2851 2763 in
2877 2709 3188 2780 sepulchro
3216 2711 3362 2766 tanti
3396 2725 3493 2767 no-

1850 2802 2034 2859 vitate
2067 2797 2327 2854 miraculi
2370 2798 2445 2851 ita
2479 2797 2679 2852 fuisset
2718 2797 2845 2865 igne
2879 2796 3195 2868 sulphureo
3225 2813 3494 2855 consum-

1853 2894 2035 2962 ptum.
2073 2884 2319 2941 Grandis
2358 2884 2494 2939 hinc
2526 2884 2771 2967 obortus
2809 2887 2900 2937 est
2930 2888 3123 2938 terror
3155 2884 3273 2952 regi
3307 2888 3363 2940 et
3400 2900 3495 2956 po-

1854 2974 2012 3048 pulo,
2032 2971 2271 3043 grandis
2294 2969 2548 3025 adolevit
2572 2969 2841 3025 omnibus
2863 2983 2997 3040 erga
3024 2969 3313 3025 Christum
3329 2974 3385 3026 et
3407 2986 3495 3028 sa-

1856 3062 2128 3120 cerdotes
2157 3058 2284 3127 ejus
2318 3057 2576 3123 devotio,
2615 3056 2705 3126 pia
2739 3061 2865 3111 erat
2898 3057 3165 3113 omnibus
3190 3057 3344 3114 circa
3379 3073 3496 3114 mo-

1859 3149 2111 3208 nasteria
2141 3155 2201 3203 et
2233 3145 2530 3203 aecclesias
2564 3144 2980 3201 restaurandas
3006 3146 3323 3202 contentio.
3352 3146 3495 3203 Hinc

1858 3243 1950 3296 est
1983 3236 2213 3309 quodin
2238 3238 2502 3305 tempore
2528 3233 2655 3302 ejus
2683 3237 2768 3289 tot
2792 3233 3166 3289 inveniuntur
3190 3234 3496 3305 pontifices

1860 3339 2055 3384 amore
2087 3321 2304 3380 Christi
2338 3322 2651 3388 ferventes,
2679 3320 2797 3391 qui,
2832 3323 3031 3391 optata
3053 3334 3191 3390 pace
3213 3321 3404 3392 potiti,
3439 3326 3497 3378 et

1862 3414 2016 3484 regis
2039 3410 2351 3469 amicitiam
2386 3408 2603 3478 nancti,
2625 3407 2905 3465 aecclesiis
2936 3408 3335 3465 restaurandis
3357 3408 3498 3465 invi-

1860 3501 2144 3573 gilabant,
2190 3496 2454 3553 fovendis
2502 3494 2896 3566 curandisque
2927 3496 3229 3551 animabus
3260 3510 3496 3569 operam

1864 3590 2098 3650 dabant,
2135 3587 2271 3658 quia
2291 3586 2360 3641 de
2382 3588 2544 3640 tanta
2578 3584 2983 3655 Oppressione,
3015 3598 3126 3654 qua
3155 3586 3499 3655 premeban-

1862 3682 1960 3735 tur
1981 3674 2247 3734 eeclcsiae
2282 3687 2384 3745 per
2413 3671 2662 3740 majores
2686 3671 2916 3735 domus,
2937 3685 3137 3742 pacem
3162 3676 3222 3727 et
3242 3672 3496 3741 quietem

1864 3780 1927 3822 se
1960 3759 2380 3834 aliquantulum
2432 3757 2759 3829 optinuisse
2806 3757 3159 3827 gaudebant.
3213 3758 3498 3829 Diligebat

1864 3853 2015 3911 enim
2039 3850 2251 3906 affectu
2276 3844 2655 3902 devotissimo
2676 3858 2873 3899 omnes
2896 3843 3119 3899 Domini
3146 3845 3499 3915 sacerdotes,

1865 3943 1921 3997 et
1947 3938 2065 3994 illis
2079 3932 2420 4008 promptiori
2445 3930 2809 3988 subdebatur
2826 3928 3172 3985 humilitatis
3195 3931 3500 4001 obsequio,

1868 4040 2015 4099 quos
2044 4023 2289 4079 vidisset
2321 4033 2423 4091 per
2454 4017 2639 4074 officia
2674 4016 2917 4088 pietatis
2949 4016 3334 4088 proximiores
3363 4019 3498 4074 Deo.

1867 4118 2022 4172 Inter
2046 4125 2192 4184 quos
2214 4110 2443 4166 beatum
2464 4105 2821 4162 Madelveum
2845 4109 3009 4161 tanto
3026 4105 3391 4177 propensiori
3411 4122 3507 4163 co-

1868 4203 1978 4261 luit
2001 4196 2333 4256 devotionis
2363 4195 2594 4266 affectu,
2629 4200 2846 4266 quanto
2877 4207 3006 4251 eum
3035 4192 3271 4250 cultiori
3295 4194 3508 4250 mentis

1870 4290 2175 4349 nobilitate
2196 4286 2427 4342 Christo
2458 4287 2572 4342 Deo
2603 4284 2886 4340 adherere
2909 4283 3205 4354 cognovit,
3234 4288 3506 4340 ornatum

1873 4380 2156 4448 moribus,
2179 4378 2392 4433 bonum
2416 4375 2736 4442 doctorem,
2765 4373 2940 4443 pium,
2963 4370 3390 4441 rationabilem,
3413 4372 3513 4427 ha-

1784 4447 1839 4508 D
1875 4470 2105 4525 bentem
2137 4464 2287 4521 filios
2312 4464 2367 4520 in
2392 4462 2545 4519 omni
2578 4460 2839 4516 bonitate
2872 4459 2984 4515 sibi
3019 4459 3310 4529 subditos,
3345 4472 3513 4530 para-

1875 4561 1994 4612 tum
2026 4553 2293 4610 omnibus
2326 4549 2574 4608 reddere
2599 4548 2880 4604 rationem
2907 4546 2978 4602 de
2996 4560 3083 4614 ea,
3111 4561 3239 4616 quae
3262 4546 3316 4600 in
3342 4546 3513 4603 nobis

1871 4649 1979 4714 est,
2006 4655 2131 4714 spe.
2158 4639 2298 4712 (Fol.
2322 4638 2462 4710 58b.)
2483 4637 2642 4693 Licet
2663 4640 2856 4692 autem
2880 4633 2935 4690 in
2958 4626 3387 4689 restauratione
3410 4648 3517 4689 rec-

1870 4731 2181 4789 clesiarum
2207 4729 2314 4784 hac
2339 4727 2409 4783 de
2433 4739 2604 4782 causa
2639 4721 2949 4794 aliquando
2972 4719 3233 4776 studiose
3266 4719 3515 4776 desuda-

1870 4819 2044 4885 verit,
2070 4823 2261 4874 tamen
2287 4817 2447 4871 tanta
2479 4819 2607 4870 erat
2640 4810 2769 4867 mali
2805 4807 3007 4878 moles,
3032 4811 3197 4863 tanta
3222 4807 3516 4878 cupidita-

1875 4909 1950 4965 tis
1976 4905 2188 4976 rabies,
2214 4910 2275 4961 ut
2299 4914 2485 4973 usque
2516 4899 2586 4957 ad
2615 4896 2807 4955 Karoli
2840 4894 3025 4966 Magni
3054 4900 3320 4967 tempora
3354 4894 3519 4953 mali-

1874 4997 1982 5056 ciei
2001 4994 2173 5066 hujus
2194 4990 2497 5051 duraverit
2522 4987 2810 5062 pernicies
2829 4988 3162 5056 veternosa,
3199 4983 3333 5041 dum
3360 4988 3515 5056 quod

1876 5085 2024 5143 male
2064 5081 2311 5154 quisque
2341 5083 2401 5137 et
2430 5076 2689 5135 indebite
2734 5078 3142 5145 usurpaverat,
3178 5073 3342 5144 pejus
3379 5075 3522 5129 reti-

1477 5212 1715 5269 VARUE
1753 5206 2153 5268 LECTIONES.

200 5294 263 5331 ”°
291 5299 699 5375 blasphemare
727 5314 774 5358 c.

204 5480 322 5565 (82).
353 5450 855 5565 Deaequentibus
881 5490 953 5546 cf.
985 5491 1297 5565 epistolam
1350 5394 1996 5558 episcoporuﬁiogtﬁll,
2049 5481 2171 5534 117.
2228 5473 2583 5534 Ludovicum
2637 5484 2830 5541 regem
2882 5486 3013 5529 ann.
3059 5472 3180 5528 888.
3236 5469 3520 5527 Sirmond.

150 5550 347 5612 Cencil.
369 5554 512 5613 Gall.
