3898 6318
413 264 522 330 147

1341 257 1709 321 HUGONIS
1751 253 2107 318 ABBATIS
2153 253 2858 318 FLAVINIACENSES
3683 264 3778 328 148

410 409 549 456 nere
573 395 894 468 satagebat.
920 393 1224 453 Undecum
1244 391 1528 452 clamores
1551 391 1946 450 {ecclesiarum
1971 390 2042 448 ad
2073 390 2127 450 A
2158 389 2276 446 ries
2311 395 2498 448 tamen
2531 392 2800 450 veritatis
2843 391 3091 466 quodam
3145 395 3488 468 compendio
3517 411 3776 472 expressa

413 487 607 545 sedem
631 487 992 543 referrentur
1011 482 1484 556 apostolicam,et
1501 484 1572 538 ab
1586 497 1651 538 ea
1678 481 2042 551 requirerent

407 575 714 646 justitiam,
740 573 1028 630 Adrianus
1053 571 1310 642 pontifex
1337 570 1606 625 Karolum
1629 571 1888 636 Magnum
1915 573 2046 624 ante

413 677 629 734 corpus
663 662 815 718 beati
865 660 1023 716 Petri
1055 659 1424 726 conveniens,
1462 662 1522 712 ut
1558 659 1746 713 omnia
1794 658 2048 727 corrige-

415 755 638 819 rentur,
679 748 950 820 optinuit.
998 747 1158 803 Unde
1199 746 1466 802 omnibus
1503 745 1959 815 archiepiscop‘s
1991 749 2046 798 et

416 837 711 909 episc0pis
743 836 938 892 Galliae
972 835 1124 890 misit
1169 833 1475 904 epistolam
1507 849 1675 903 quam
1710 833 1798 887 bic
1836 847 2049 904 ponere

417 925 800 993 decrevimus,
827 923 1263 980 considerantes
1285 937 1544 990 magnam
1569 921 1622 976 in
1647 937 1710 976 ea
1737 921 2052 975 Gallicana-

2157 479 2467 550 plurimum
2502 481 2910 540 instructiouis
2949 486 3212 540 conferat
3244 483 3332 542 ³³⁸.

2232 648 2374 717 (Fol.
2401 651 2513 718 54.)
2541 650 2723 720 Igitur
2745 654 3023 711 sacerdos
3047 655 3296 712 eximius
3317 657 3675 732 episcopium
3699 679 3775 734 pa-

2163 737 2366 791 storali
2401 738 2796 796 sollicitudine
2824 743 3136 808 circuiens,
3159 745 3464 802 zecclesias
3497 748 3554 803 in
3589 749 3774 820 quibus

2165 841 2274 879 non
2309 833 2474 881 erant
2509 827 2648 883 locis
2698 832 2982 899 extruxit,
3033 833 3258 888 dirutas
3303 834 3402 889 vel.
3444 835 3776 896 inveteratas

2165 916 2540 985 restauravit,
2560 917 2876 973 ministeria
2893 919 3084 976 divina
3101 921 3414 988 ordinavit,
3432 924 3636 994 plebes
3650 926 3776 982 salu-

419 1028 542 1070 rum
559 1013 952 1069 ascclesiarum
968 1011 1378 1066 auctoritatem
1394 1009 1677 1064 contineri
1697 1010 1828 1080 (53}:
1849 1011 2057 1065 Adria-

415 1115 530 1158 nus
541 1103 842 1171 episcopus
862 1113 1067 1157 serens
1089 1112 1385 1155 .967‘1‘07‘tt'ii1
1413 1099 1541 1158 Dei.
1557 1098 1738 1153 Bertlz
1748 1100 1867 1154 crio
1894 1099 2057 1154 Vien-

415 1191 587 1248 nensi
609 1189 869 1260 episcopo
899 1189 1170 1244 salutem.
1190 1187 1458 1242 Dilectus
1471 1186 1800 1243 etillastris
1825 1200 1894 1241 ac
1918 1185 2057 1240 reli-

412 1277 801 1349 giosasﬂlias
814 1277 1010 1334 noster
1027 1275 1206 1332 C’arol
1211 1289 1276 1332 us
1287 1289 1396 1330 rea:-
1409 1275 1468 1329 et
1463 1289 1547 1346 pa
1556 1275 1692 1329 trici
1700 1289 1766 1329 us
1779 1275 2059 1329 Ito/nano-

417 1381 572 1434 rum,
592 1367 832 1422 Romam
849 1365 1026 1434 venit,
1043 1365 1330 1434 etpasclza
1345 1363 1583 1418 Domini
1598 1363 2058 1432 apzuiS'anctam-

423 1455 669 1510 Petram
681 1454 980 1510 nobiscum
1003 1467 1067 1523 eg
1077 1453 1141 1520 it,
1158 1452 1258 1507 alii
1275 1452 1428 1506 inter
1442 1451 1568 1506 alia
1583 1451 1914 1504 monuimus
1928 1463 2058 1504 eam

422 1542 494 1598 de
516 1541 1100 1611 metropolitanorum
1129 1540 1362 1606 Izonore,
1385 1539 1530 1594 etde
1551 1537 1898 1594 cicitatibus
1927 1549 2058 1606 gate
2170 1529 2366 1598 potius
2397 1533 2548 1586 omni
2582 1549 2706 1588 eam
2745 1537 3046 1590 conamine
3078 1541 3134 1590 et
3171 1536 3380 1594 divinis
3426 1538 3776 1596 famulatibus

425 1629 602 1686 laicis
621 1627 956 1684 horninibus
978 1627 1218 1683 tradita
1239 1627 1437 1693 erant;
1460 1627 1521 1681 et
1536 1627 1684 1695 quia
1704 1625 2057 1695 episcopalis
2170 1615 2456 1672 illustrem
2477 1620 2750 1685 reddidit,
2777 1623 2953 1692 praedi
2964 1623 3012 1678 is
3035 1639 3263 1694 quoque
3282 1630 3340 1680 et
3361 1626 3778 1684 :ecclesiasticis

426 1717 695 1789 dignitas
709 1716 852 1788 fere
868 1730 978 1786 per
1008 1714 1304 1785 octoginta
1337 1727 1523 1769 annos
1553 1727 1591 1768 a
1617 1713 1870 1768 Francis
1907 1712 2060 1767 esset
2086 1739 2137 1797 B
2171 1707 2524 1763 utensilibus
2571 1709 2888 1780 ampliavit,
2924 1713 2998 1766 ob
3033 1714 3536 1782 przedecessorum
3569 1730 3776 1772 suorum

425 1805 787 1862 conculcata.
810 1801 1502 1860 C’nmltwcetliissimilia
1518 1800 2056 1871 gloriosasreatau-
2171 1797 2385 1854 ibidem
2422 1799 2846 1867 quiescentium
2881 1801 3106 1856 beatam
3141 1803 3500 1872 memoriam,
3536 1818 3567 1858 a
3599 1805 3778 1874 quibus

425 1893 627 1960 disset,
650 1893 936 1963 promisit
963 1893 1100 1947 ante
1127 1904 1334 1961 corpus
1376 1889 1531 1945 beati
1572 1889 1742 1943 Petri
1782 1889 2055 1958 apostoli,
2170 1901 2276 1940 nec
2301 1901 2548 1956 corpore
2570 1903 2672 1941 noc
2691 1887 2902 1955 Spiritu
2922 1887 3154 1944 volebat
3178 1889 3452 1960 disjungi,
3480 1893 3579 1947 sed
3603 1892 3654 1946 in
3672 1891 3778 1947 loco

424 1981 586 2052 guod
619 1981 819 2036 omnia
849 1980 930 2035 art
966 1979 1430 2034 emendationem
1468 1977 1731 2031 nostram
1767 1977 2052 2031 venirent.
2173 1974 3246 2046 rcquieicorumoptabatconscpcliri.
3275 1978 3600 2049 Deditergo
3619 1979 3777 2036 eidem

428 2065 2062 2138 Undeplacuitnobis,utomnibusarchiepiscopisetepi-
2173 2063 2456 2118 {ecclesia}
2485 2063 2556 2117 de
2587 2079 2690 2118 suo
2725 2064 2959 2134 proprio
2999 2065 3243 2120 Raberei
3275 2071 3502 2123 curtem
3538 2070 3647 2139 (54)
3675 2083 3779 2124 cum

421 2156 1041 2227 scopisauctoritatem
1075 2155 1414 2210 litterarum
1442 2153 1788 2208 nostrarum
1807 2153 2062 2207 mit/cre-
2173 2150 2526 2221 appenditiis
2578 2166 2682 2220 pro
2733 2151 3117 2208 tumulatioue
3163 2153 3248 2209 sui
3288 2156 3574 2226 corporis,
3609 2161 3661 2212 et
3690 2155 3777 2212 alia

424 2241 2064 2312 mas,utsicutantiguispricilegiissingulaemetropoli-
2176 2238 2471 2310 perplura,
2510 2243 2572 2294 ut
2602 2239 2860 2294 ost-endit
2911 2241 3245 2297 chartarum
3296 2243 3527 2299 notitia.
3571 2241 3780 2310 Quidam

430 2331 587 2386 tante
613 2331 786 2387 urbes
803 2330 1090 2400 fundatae
1116 2330 1274 2396 sunt,
1307 2330 1397 2384 ita
1423 2328 1719 2393 maneant,
1753 2328 1822 2382 ut
1849 2327 2068 2383 liaocat
2175 2327 2347 2382 etiam
2373 2328 2562 2382 Sartio
2585 2327 2814 2382 nomine
2839 2328 2906 2382 ad
2933 2333 3192 2384 extrema
3217 2331 3479 2402 veniens,
3501 2333 3637 2388 etin
3657 2332 3783 2388 atrio

429 2431 803 2488 unaquaque
829 2417 1162 2486 metropolis
1191 2415 1892 2482 cioitatessibisubditas,
1911 2430 2064 2484 (mtas
2176 2416 2429 2485 prmfataa
2453 2415 2734 2472 meclesize
2761 2430 2822 2470 se
2841 2416 3074 2487 sepeliri
3095 2417 3435 2488 deposcens,
3467 2423 3782 2477 testamento

436 2504 640 2562 beatus
653 2507 759 2561 Leo
778 2503 1411 2574 etaliimedecessores
1433 2503 2064 2573 etsuccessoresipsins
2177 2503 2330 2558 facto
2354 2503 2536 2574 ipsam
2567 2503 2888 2559 (ecclesiam
2909 2504 2979 2558 de
3003 2505 3179 2561 rebus
3207 2505 3348 2576 suis,
3387 2522 3535 2577 quas
3563 2506 3786 2578 posside-

423 2589 1652 2664 postC’alcliidonensemsinodumsingulis
1669 2590 2064 2659 metropofita-
2179 2592 2273 2646 bat
2301 2592 2352 2646 in
2383 2607 2527 2662 pago
2549 2591 2932 2660 Virdunense,
2961 2591 3016 2645 in
3041 2591 3168 2648 loco
3193 2593 3288 2663 qui
3321 2594 3544 2651 dicitur
3568 2597 3660 2666 Ex,
3685 2610 3788 2667 pro-

430 2679 528 2736 nis
541 2680 1284 2750 distinxitNecpropterea
1299 2678 1933 2748 ?tll(l7)let’l’0110”8ﬂ7'd’j
1941 2679 2066 2732 zoti-
2180 2683 2308 2748 pter
2332 2677 2566 2732 fluvium
2590 2677 2850 2746 ejusdem
2885 2677 3130 2733 nominis
3163 2671 3375 2734 ibidem
3399 2680 3788 2738 decurrentem

429 2767 959 2838 ciumpatiatar,si
977 2767 1163 2822 alicui
1183 2765 1706 2836 sufraganeoram
1720 2758 1941 2820 ant'nos
1959 2766 2068 2821 aut
2179 2767 2312 2834 (55),
2337 2765 2606 2820 heredem
2633 2764 2911 2833 instituit,
2930 2769 2990 2819 ut
3005 2765 3209 2822 exinde
3230 2771 3476 2824 sanctus
3497 2770 3725 2826 Vitonus
3741 2774 3784 2823 et

422 2855 814 2927 praedecessor
826 2855 1382 2925 nosterrogantibus
1387 2855 1454 2923 pi
1460 2855 1514 2910 is
1525 2853 1886 2910 Francorum
1905 2853 2066 2910 (ἱειοὶ-
2178 2852 2268 2908 hic
2287 2858 2450 2922 pater
2467 2859 2666 2908 noster
2681 2853 2886 2908 beatus
2901 2853 3229 2910 Madelveus
3243 2855 3780 2928 episcopusetabba,

432 2943 800 3014 buspallinm
817 2943 1031 3013 largiti
1052 2941 1861 2999 sumas.Necdebetcecclesia
1879 2941 2066 2996 ultam
2178 2941 2570 3009 custodesque
2595 2941 2778 2996 sancti
2803 2941 3070 3012 corporis
3102 2942 3348 3000 heredes
3377 2951 3579 3001 essent
3612 2959 3782 3017 perpe-

431 3031 747 3100 dampnum
765 3033 864 3087 sui
880 3031 1112 3087 ordinis
1133 3031 1269 3086 inde
1287 3029 1600 3097 sustinere,
1615 3031 1787 3098 siper
1804 3030 2065 3084 60aut70
2098 3075 2148 3138 Ο
2182 3029 2284 3084 tui.
2313 3027 2598 3098 (Fol.54’.)
2625 3029 2800 3098 Cujus
2819 3028 3145 3100 exemplum
3166 3035 3528 3100 sequutuset
3545 3033 3690 3091 beati
3712 3048 3783 3104 pa-

431 3121 616 3178 aut80
631 3120 690 3175 et
714 3135 774 3176 eo
804 3119 1062 3190 amplius
1089 3132 1274 3174 annos
1305 3118 1537 3186 injuria
1570 3132 2068 3188 gueramcumgue
2099 3117 2148 3138 "‘
2183 3118 2290 3172 tris
2321 3117 2493 3186 hujus
2525 3131 2611 3171 am
2629 3132 2717 3171 ire
2751 3117 2962 3172 ductus
2995 3119 3382 3190 Grimbertus,
3419 3136 3717 3191 possessor
3739 3124 3782 3175 et

425 3208 743 3278 praesulatu
761 3206 1160 3262 etcastatione
1184 3203 1572 3261 barbarorum
1596 3205 1948 3276 dignitate»:
1965 3219 2068 3260 an-
2181 3205 2304 3275 ipse
2331 3204 2488 3259 fundi
2509 3204 2688 3274 ipsius
2711 3213 2765 3259 et
2791 3205 3128 3262 hereditarii
3147 3207 3296 3276 juris
3315 3209 3638 3280 particeps,
3653 3208 3784 3280 quid-

431 3295 1140 3364 tiguametRomanorum
1161 3293 1502 3348 antistitum
1513 3293 1814 3362 firmitate
1835 3294 2069 3350 robora-
2183 3292 2318 3362 quid
2336 3292 2389 3346 in
2407 3292 2605 3346 eodem
2623 3291 2747 3348 loco
2763 3293 3118 3364 possidebat,
3137 3295 3395 3352 basilicae
3420 3299 3608 3354 sancti
3625 3295 3782 3355 Vitoni

421 3381 1147 3456 iampera’iditetamisit,
1174 3381 1412 3450 quando
1433 3381 1760 3436 innumeris
1775 3395 1946 3451 pectre
1967 3396 2070 3438 an-
2181 3379 2531 3435 condonavit
2566 3379 2620 3433 in
2664 3380 2896 3447 mansis,
2946 3383 3184 3452 campis,
3237 3381 3386 3439 olcis
3433 3383 3570 3455 (56),
3614 3383 3780 3457 pratis,

430 3471 528 3525 nis
543 3468 889 3538 illaspirita
903 3467 1012 3523 Dei
1029 3467 1370 3536 disPonente
1385 3481 1489 3521 usa
1498 3467 1718 3537 fuerit.
1736 3470 1780 3522 A
1792 3469 2071 3525 uctorita-
2183 3469 2435 3539 pascuis,
2454 3467 2722 3536 concisis,
2741 3468 2923 3534 silvis,
2947 3469 3114 3538 aquis
3137 3484 3541 3542 aquarumque
3564 3473 3785 3528 exitibus

419 3557 689 3629 teigitar
709 3555 865 3612 beati
886 3555 1057 3611 Petri
1077 3554 1472 3625 apostolorum
1483 3556 1786 3626 principis
1807 3556 2071 3626 singulis
2183 3563 2240 3612 et
2273 3555 2638 3611 decursibus.
2677 3555 2780 3620 Qui
2807 3555 3014 3611 exinde
3043 3557 3410 3626 postmodum
3445 3559 3700 3631 precaria
3727 3559 3784 3614 fa-

429 3643 902 3714 metropolitanis
914 3643 1162 3713 antiguo
1175 3655 1329 3697 more
1333 3643 1860 3711 potestatemsaam
1874 3645 2072 3700 reda'i-
2180 3649 2295 3713 cta,
2323 3659 2415 3698 res
2445 3643 2602 3712 ipsas
2626 3657 2653 3696 a
2682 3643 2852 3698 beato
2877 3643 3000 3698 viro
3018 3643 3149 3711 jure
3175 3645 3550 3703 beneficiaria
3573 3646 3782 3718 recepit,

430 3733 716 3800 dimus,et
730 3731 938 3802 filium
964 3731 1231 3787 nostrum
1252 3731 1580 3801 gloriosum
1602 3731 1658 3786 et
1677 3733 1952 3787 inclitum
1981 3746 2072 3789 re-
2182 3731 2552 3787 denominato
2576 3745 2750 3786 censu
2774 3730 2976 3799 viginti
3001 3731 3282 3788 librarum
3304 3731 3417 3788 olei
3452 3733 3694 3805 singulis
3711 3747 3784 3789 an-

422 3833 558 3892 gem
573 3819 870 3876 Karolum
890 3820 1027 3875 ante
1046 3832 1258 3889 corpus
1288 3817 1444 3874 beati
1465 3819 1636 3875 Petri
1660 3819 1797 3874 inde
1835 3820 2070 3889 rogaci-
2183 3820 2272 3875 nis
2296 3820 2349 3874 in
2377 3819 2696 3874 festivitate
2724 3819 2908 3874 sancti
2941 3818 3132 3874 Vitoni
3173 3820 3245 3874 ad
3285 3819 3594 3880 luminaria
3618 3821 3785 3879 accele-

425 3906 578 3977 mus,
603 3908 674 3964 ut
691 3907 1007 3978 antiquam
1025 3907 1382 3976 dignitatem
1412 3921 1606 3964 omnes
1626 3907 2070 3977 metropolitani
2182 3909 2283 3963 sine
2307 3907 2449 3976 ejus,
2477 3907 2531 3960 in
2555 3921 2666 3976 qua
2693 3907 2996 3978 preciosus
3030 3907 3181 3963 idem
3221 3909 3528 3967 confessor
3563 3910 3785 3982 requies-

429 3996 726 4054 haberent.
761 3996 901 4050 Ideo
925 3995 1078 4052 hanc
1105 3994 1416 4065 epistolam
1444 3995 1829 4051 auctoritatis
1858 3996 2072 4052 nostra
2181 3997 2280 4065 cit,
2310 3994 2655 4066 praescripto
2685 3995 2858 4050 etiam
2887 3995 3104 4066 Spacio,
3142 4010 3256 4066 quo
3287 4002 3528 4055 sanctus
3555 4013 3620 4056 ea
3642 3999 3784 4055 debe-

409 4083 1341 4155 .omnionsmisimusgaamutet
1354 4083 1415 4137 tu
1428 4083 1672 4138 haberes
1685 4084 2073 4152 roluimus,at
2180 4089 2273 4139 ret
2297 4083 2597 4139 meliorata
2614 4083 2894 4153 recipere.
2918 4083 3078 4148 Quod
3094 4087 3514 4143 testamentum
3537 4085 3783 4160 precaria

431 4173 489 4228 et
517 4172 583 4226 tu
609 4183 979 4239 cognosceres
1016 4171 1272 4226 ecclesiae
1309 4170 1422 4225 tace
1449 4185 1621 4226 Sillim
1647 4171 2064 4242 pricilegium,
2183 4174 2390 4228 beatus
2443 4173 2700 4243 pontifex
2730 4175 2785 4226 et
2820 4173 2966 4226 abba
3013 4173 3364 4229 auctoritate
3410 4189 3516 4232 sua
3568 4173 3782 4230 ﬁrmavit

429 4257 1722 4330 guodatemporebeatipapzeLeonisnaoait,
1744 4258 2069 4326 integrees-
2181 4275 2328 4316 anno
2360 4260 2537 4316 tertio
2570 4259 2729 4328 regni
2762 4259 3126 4316 Karlomanni
3160 4261 3254 4331 qui
3280 4262 3390 4317 fuit
3421 4265 3602 4320 frater
3623 4259 3781 4318 Karoli

427 4344 2068 4416 sere/armatum.DataA’alJanuarii,irnperantepiis-
2181 4349 2382 4419 Magni,
2417 4349 2508 4404 die
2545 4347 2778 4404 Kalend.
2809 4347 2943 4403 Julii
2975 4362 3123 4404 anno
3149 4349 3218 4403 ab
3245 4349 3356 4404 inc.
3391 4352 3553 4406 Dom.
3575 4356 3692 4420 770,
3721 4349 3783 4404 in-

423 4434 573 4492 simo
587 4432 840 4504 augusto
874 4432 1262 4488 Constantino
1275 4445 1428 4487 anno
1463 4433 1700 4500 decimo,
1731 4434 1836 4491 eta
1850 4437 1966 4491 Deo
1979 4451 2067 4492 co-
2094 4422 2148 4481 D
2181 4438 2431 4493 dictione
2449 4443 2500 4494 8.
2531 4439 2794 4493 Ceterum
2819 4437 3127 4506 Aquitania
3151 4437 3484 4496 sanctitatis
3508 4441 3632 4511 ejus
3651 4451 3782 4494 acce-

422 4523 635 4580 ronato
645 4521 926 4593 piissimo
938 4520 1316 4591 regeKarolo
1327 4534 1482 4578 anno
1491 4522 1690 4593 primo
1699 4524 2066 4595 patritiatus
2179 4526 2261 4596 pit
2290 4525 2592 4594 magnalia,
2622 4525 2776 4580 illius
2791 4539 2929 4595 sepe
2947 4526 3247 4594 gressibus
3262 4525 3534 4598 lustrata,
3560 4523 3783 4584 lacrimis

425 4611 574 4682 ejus.
2178 4613 2385 4682 rigata,
2411 4612 2694 4668 doctrinis
2726 4613 3020 4682 roborata,
3046 4616 3103 4668 et
3137 4613 3436 4671 miraculis
3465 4615 3776 4686 glorificata.

495 4701 628 4755 Ilaec
652 4697 832 4768 igitur
857 4711 962 4754 nos
984 4697 1055 4754 ad
1079 4695 1583 4754 commonitionem
1609 4700 1971 4758 audientium
1995 4702 2064 4757 de
2178 4701 2397 4771 (BERT.)
2431 4701 2544 4755 Res
2570 4701 2802 4771 quippe,
2831 4715 2974 4771 quas
3007 4701 3390 4758 Virdunensis
3421 4703 3679 4760 mcclesia
3707 4715 3781 4756 an-

424 4802 566 4860 pace
595 4787 973 4844 ecclesiarum
1006 4786 1106 4842 Dei
1139 4787 1246 4842 sub
1281 4785 1523 4857 Pippino
1553 4791 1613 4841 et
1641 4788 1847 4844 Karolo
1897 4791 2070 4845 resti-
2175 4789 2425 4858 tiquitus
2447 4787 2502 4842 in
2526 4788 2648 4860 ipsa
2693 4789 2927 4858 regione
2948 4788 3230 4860 possedit,
3253 4789 3592 4862 frequenter
3619 4790 3781 4846 visita-

427 4881 552 4933 tuta
577 4875 798 4931 dixisse
822 4875 1088 4932 sufﬁciat.
1130 4877 1325 4944 Neque
1353 4874 1503 4929 enim
1531 4875 1583 4929 id
1609 4876 1868 4932 additum
1903 4879 2064 4947 Operi
2179 4877 2296 4946 bat,
2323 4881 2378 4931 et
2403 4877 2565 4932 Vitas
2596 4890 2698 4933 seu
2732 4876 3008 4934 miracula
3044 4879 3547 4949 praedecessorum
3579 4890 3777 4937 suorum

425 4963 556 5020 huic
577 4965 632 5019 in
655 4963 824 5020 laude
846 4964 1030 5035 patris
1049 4963 1239 5019 nostri
1261 4961 1534 5018 fidelibus
1553 4963 1916 5019 fastidiosum
1939 4981 2068 5036 spe-
2179 4964 2514 5037 pontificum
2536 4965 2999 5037 secum‘ferebat,
3025 4971 3084 5022 ut
3105 4981 3209 5037 per
3229 4966 3464 5024 illorum
3487 4967 3683 5025 merita
3704 4976 3780 5020 res

427 5066 642 5121 ramus,
667 5051 721 5107 in
746 5066 858 5122 quo
881 5057 939 5108 ct
963 5051 1011 5107 si
1037 5065 1230 5107 sermo
1261 5049 1722 5130 nichilconferat
1743 5053 1950 5122 gratio,
1979 5067 2069 5108 se-
2179 5053 2311 5110 illas
2341 5052 2584 5112 liberius
2614 5053 2963 5126 possideret,
2989 5053 3079 5111 vel
3106 5055 3464 5126 pagensibus
3497 5051 3778 5114 dominatio

1779 5149 2014 5205 VARUE
2055 5151 2348 5206 LECTION
2354 5153 2452 5206 ES.

495 5233 564 5268 ’³³
593 5235 908 5291 Revertere
941 5237 1011 5292 ad
1043 5239 1373 5308 posteriora
1407 5241 1461 5296 et
1496 5235 1650 5308 quod
1678 5235 1947 5295 dimisisti
1980 5242 2181 5308 repete
2211 5253 2258 5295 c.
2293 5238 2360 5296 in
2376 5252 2569 5311 marg.

2009 5325 2234 5382 ΝΟΤίΕ.

2164 1003 2276 1056 tari
2303 1003 2566 1059 doctrina
2586 1005 2858 1075 edocens,
2881 1012 2938 1062 et
2957 1009 3272 1080 episcopali
3295 1011 3693 1070 benedictione
3711 1031 3776 1072 sa-

2167 1091 2366 1160 crique
2390 1093 2680 1148 crismatis
2703 1096 2972 1151 unctione
2996 1099 3366 1156 confirmans.
3394 1103 3586 1172 Ipsam
3609 1107 3775 1158 autem

2167 1179 2472 1234 ecclesiam
2510 1181 2661 1235 beati
2688 1182 2897 1253 Vitoni,
2925 1185 3018 1240 cui
3044 1191 3177 1241 ante
3207 1193 3542 1258 perceptam
3575 1190 3777 1261 pontifi-

2168 1271 2336 1320 catus
2386 1267 2631 1335 gratiam
2681 1277 2878 1340 pastor
2909 1277 2967 1326 et
3003 1277 3195 1328 rector
3225 1275 3540 1332 institutus
3590 1279 3773 1346 fuerat,

2172 1359 2328 1408 tanta
2353 1371 2578 1426 semper
2597 1357 2910 1414 dilectione
2927 1361 3108 1416 coluit
3129 1367 3188 1417 et
3212 1364 3501 1434 provexit,
3525 1369 3582 1420 ut
3605 1381 3777 1422 curam

2169 1442 2296 1510 ejus
2321 1444 2494 1498 etiam
2525 1451 2754 1516 sumpto
2785 1449 3126 1519 episc0patu
3149 1465 3260 1506 non
3285 1451 3632 1522 dimitteret,
3663 1454 3775 1524 quin

499 5393 610 5466 (53)
641 5389 820 5466 Mansi
851 5395 891 5447 t.
923 5393 1040 5464 XII,
1069 5409 1125 5466 p.
1161 5396 1280 5452 847.

523 5463 611 5520 54⁷)
645 5463 938 5520 Riecourt.

499 5463 590 5604 (54
645 5463 938 5520 Riecourt.
1028 5463 1031 5464 ⁷
1072 5463 1083 5466 ἡ

523 5473 611 5606 55)
643 5537 866 5605 Axona,
902 5538 962 5591 ut
995 5534 1246 5591 videtur.

2247 5397 2358 5471 (56)
2389 5397 2544 5471 Qlca,
2569 5411 2751 5471 germ.
2777 5397 2930 5470 escit,
2953 5399 3131 5456 terra:
3154 5398 3346 5471 portio
3369 5356 3610 5459 arabilis
3631 5395 3775 5456 fossis

2172 5467 2265 5524 vel
2294 5467 2536 5542 sepibus
2567 5467 2810 5526 inclusa.
2915 5467 2923 5470 ’
3154 5467 3170 5471 ’
3612 5487 3617 5492 ·
