3898 6336
166 254 267 321 169

1352 264 1846 330 CHRONICON.
1890 298 1970 315 —-
2012 268 2163 330 LIB.
2213 270 2260 332 Ι.

3454 279 3566 344 150

168 394 373 469 carior,
397 395 676 468 subjecto
703 403 862 456 esset
883 399 1173 457 humilior.
1211 400 1464 459 Fuerunt
1484 406 1677 459 autem
1719 412 1814 459 res
1843 394 1901 461 Α
1930 398 2185 463 dictione
2216 410 2274 463 et
2294 403 2448 481 data,
2468 408 2587 468 exit
2615 423 2800 470 novus
2822 411 3113 486 hospesin
3137 412 3563 474 cordisletitia.

171 486 290 542 istae
326 506 340 540 :
380 486 622 543 abbatia
650 487 837 544 sancti
871 489 1122 546 Amantii
1155 488 1210 544 in
1241 489 1489 546 Rotenia
1528 492 1670 548 urbe
1701 491 1813 563 (57)

169 592 294 635 cum
329 576 714 649 appendieiis,
763 578 938 636 fiscus
970 580 1143 635 etiam
1174 580 1369 650 regius
1399 581 1813 651 Maderniacus,

170 670 225 722 et
242 665 394 723 alius
414 665 753 723 Puliniacus
769 668 1018 738 nomine,
1038 668 1604 727 donatiservitorum
1627 671 1812 728 sancti

170 753 325 810 Petri
356 759 417 810 et
448 755 640 810 sancti
669 755 861 811 Vitoni
906 756 1108 814 usibus
1140 758 1324 830 ipsius
1382 759 1534 815 beati
1569 759 1814 815 Amantii

169 841 482 911 largitione
508 842 642 914 (58).

237 929 382 999 (Fol.
409 933 479 986 54
498 932 567 988 in
584 933 805 1004 marg.)
831 934 993 989 Anno
1012 947 1152 990 vero
1173 934 1559 992 ordinationis
1582 951 1702 992 sua:
1728 940 1812 1005 13,

168 1018 265 1089 qui
298 1025 432 1075 erat
461 1020 576 1076 inc.
608 1022 748 1077 Dom
798 1024 921 1089 765,
957 1021 1149 1078 delata
1184 1027 1320 1078 sunt
1367 1024 1439 1079 ab
1468 1022 1611 1079 urbe
1640 1024 1815 1080 Roma

164 1120 270 1178 per
300 1107 698 1165 venerabilem
730 1108 1172 1177 Grodegandum
1231 1110 1565 1167 Mettensem
1598 1111 1818 1167 archie-

163 1192 474 1266 piscopum
500 1210 747 1267 corpora
779 1198 1115 1253 sanctorum
1159 1198 1452 1266 Gorgonii,
1482 1200 1727 1255 Naboris
1758 1203 1817 1254 et

161 1282 421 1353 Nazarii,
448 1298 478 1339 a
503 1298 846 1341 successore
872 1284 1144 1355 Stephani
1178 1286 1354 1341 Paulo
1377 1300 1525 1357 papa
1551 1287 1662 1341 sibi
1685 1302 1819 1342 con-

159 1383 336 1425 cessa
392 1384 547 1427 nono
602 1376 856 1442 papatus
885 1372 974 1429 sui
1025 1388 1194 1441 anno,
1226 1379 1285 1428 et
1342 1373 1606 1444 sequenti
1665 1388 1816 1430 anno

163 1461 423 1528 uterque
448 1457 702 1515 decessit
735 1474 763 1514 a
788 1460 988 1517 seculo
1009 1460 1325 1516 indictione
1351 1462 1573 1531 quinta,
1598 1465 1655 1518 et
1678 1462 1820 1518 Gro-

164 1543 478 1614 degandus
507 1546 565 1601 in
598 1548 970 1617 monasterio,
997 1549 1149 1618 quod
1173 1548 1375 1605 Gorzia
1401 1549 1634 1619 dicitur,
1664 1550 1816 1620 quod

163 1630 294 1704 ipse
317 1636 763 1704 construxerat,
796 1635 1122 1691 tumulatus
1140 1640 1454 1692 veneratur
1485 1636 1580 1692 ubi
1614 1642 1813 1708 postea

1999 512 2260 591 fulcitur
2290 515 2513 591 cuneis,
2549 531 2696 591 quos
2725 518 2906 591 nectit
2932 532 3091 574 amor
3113 519 3389 591 pietatis:

2000 585 2197 660 fletus
2221 602 2319 660 ora
2348 585 2877 656 rigant,'singultus
2896 585 3136 660 pectora
3159 596 3452 660 quassant.

1990 656 2112 739 [let
2128 672 2280 739 plus,
2289 658 2407 739 ipse
2421 672 2654 739 gregem
2669 656 3566 739 prospectans‘ilereseque‘ntem

2000 727 2323 800 Compulit,
2348 733 2412 783 ut
2431 727 2716 800 redeant;
2742 727 2826 800 illi
2851 730 3170 787 ferventius
3204 727 3443 800 instant,

1999 797 2109 853 Ora
2145 797 2459 870 manusque
2476 799 2652 871 pedes
2667 799 3323 873 stringunt,mulcetque
3336 797 3569 928 gelli'ien:

3466 886 3531 928 es
3552 889 3569 928 :

3466 886 3567 929 es:

2001 939 2393 1008 lugeminatur
2417 958 2430 994 :
2455 940 2592 1009 Ave,
2624 941 2830 1010 Salve,
2861 940 3152 1012 Folia-que
3182 941 3394 999 valeto.
3417 873 3531 944 “es
3552 914 3569 940 ’

1928 1046 2148 1116 Vixque
2180 1050 2313 1116 post
2366 1046 2487 1102 haec
2521 1045 2720 1101 multis
2774 1046 3047 1116 precibus
3098 1046 3333 1118 elapsus
3365 1061 3566 1105 eorum

1929 1133 2213 1201 manibus,
2232 1133 2441 1190 iterum
2460 1134 2646 1188 ﬁrmat
2668 1147 2771 1190 eos
2791 1134 3314 1204 benedictionibus,
3331 1149 3570 1193 monens

1927 1226 1984 1277 et
2019 1222 2341 1291 deprecans
2374 1221 2681 1278 sollicitius
2712 1222 2924 1278 divinis
2955 1221 3262 1292 invigilare
3285 1222 3565 1295 cultibus,

1928 1324 1992 1364 ac
2024 1309 2341 1365 animarum
2375 1308 2623 1365 salutem
2646 1323 2893 1379 querere
2918 1310 3289 1381 propensius.
3317 1311 3407 1368 Sic
3428 1315 3544 1367 tam
3566 1340 3571 1345 -

1927 1396 2056 1453 dem
2106 1413 2205 1453 eos
2254 1396 2663 1453 commendans
2714 1397 2975 1463 Domino,
3033 1397 3301 1467 graditur
3357 1413 3569 1469 aggere

1928 1484 2182 1556 publico,
2217 1486 2403 1542 fretus
2431 1485 2531 1541 Dei
2580 1484 2815 1542 auxilio.
2850 1487 3052 1556 Itaque
3109 1500 3342 1544 emensa
3372 1488 3568 1544 nativa

1929 1571 2110 1629 Gallia
2144 1579 2276 1644 post
2306 1587 2510 1644 aspera
2542 1587 2606 1630 ac
2640 1574 2807 1630 devia
2832 1572 3060 1645 Alpium
3093 1574 3303 1632 itinera
3335 1576 3567 1648 excepit

1929 1674 2058 1716 eum
2095 1661 2278 1730 Italia,
2307 1661 2604 1718 deducens
2636 1663 2871 1718 Romam
2902 1662 3301 1734 apostolorum
3332 1664 3527 1721 limina
3553 1682 3568 1730 ;

161 1719 427 1792 positum
441 1724 531 1777 est
556 1736 773 1793 corpus
785 1723 974 1779 sancti
989 1724 1258 1795 Gorgonii
1279 1740 1427 1780 anno
1446 1726 1756 1795 postobitu

1996 1750 2026 1803 li
2064 1763 2167 1821 per
2188 1748 2419 1806 diversa
2444 1754 2761 1820 martyrum
2783 1750 3068 1807 cimiteria
3093 1765 3346 1821 querens
3364 1753 3574 1809 oratio-

159 1807 294 1877 ejus
346 1814 581 1880 quarto,
624 1809 900 1867 videlicet
936 1824 1082 1867 anno
1110 1812 1182 1867 ab
1215 1812 1326 1867 inc.
1381 1814 1539 1868 Dom.
1574 1814 1699 1883 768,
1731 1828 1816 1869 re-

156 1896 623 1966 gnantibusjam
650 1902 778 1968 post
801 1898 1106 1970 Pippinum
1133 1900 1268 1956 ﬁliis
1288 1900 1415 1968 ejus
1435 1899 1816 1957 Karlomauno

158 1987 219 2039 et
243 1983 492 2053 Carolo(
503 1985 739 2043 Transi.
767 1986 1090 2059 Gargonii?
1112 1987 1193 2043 Cf.
1213 1987 1430 2045 Annal.
1447 1987 1815 2059 Fuldenses.)

236 2072 384 2140 (Fol.
411 2070 545 2145 δι’.)
568 2074 708 2130 Dum
725 2074 1522 2147 igiturmultiplieivirtutum
1544 2075 1817 2145 ﬂagraret

158 2158 490 2230 desiderio,
549 2162 757 2239 incidit
786 2164 837 2219 ei
883 2164 1162 2233 cogitatio
1194 2164 1265 2220 ad
1314 2163 1648 2235 sepulcrum
1682 2165 1814 2221 vita)

159 2247 460 2319 principis
488 2249 930 2308 Jherosolimam
964 2265 1209 2321 pergere
1233 2251 1678 2323 peregrinando.
1718 2254 1815 2307 Fe-

160 2336 413 2391 stinavit
446 2336 643 2408 itaque
672 2337 915 2409 implere
936 2339 1263 2396 voluntaria
1292 2339 1632 2409 exibitione,
1660 2341 1813 2411 quod

161 2428 362 2479 mente
391 2426 665 2497 concepit
688 2425 880 2482 divina
914 2427 1313 2498 inspiratione.
1349 2428 1607 2499 Dumque
1639 2429 1694 2483 in
1718 2429 1814 2484 ad-

162 2511 606 2569 ministratioue
634 2514 862 2571 itineris
882 2516 1212 2572 necessaria
1237 2530 1464 2586 queque
1497 2516 1815 2587 praividen-

162 2602 284 2668 tur,
319 2600 667 2673 principalis
696 2602 963 2660 acclesia
993 2603 1249 2675 peccatis
1289 2603 1657 2673 exigentibus
1687 2605 1815 2674 igne

161 2688 633 2759 apprehenditur
683 2705 750 2749 ac
801 2692 1063 2749 seviente
1120 2691 1385 2748 incendio
1439 2693 1815 2750 succenditur

162 2775 387 2847 [Βειιτ.]

232 2901 575 2973 Turbantur
602 2901 825 2973 plebes,
861 2902 1151 2961 tolluntur
1190 2904 1260 2960 ad
1279 2905 1480 2961 ethera
1513 2918 1707 2973 voces,

233 2973 396 3030 Unus
418 2972 476 3028 in
511 2972 657 3030 urbe
689 2972 875 3045 dolor,
910 2975 1233 3032 communis
1251 2976 1482 3031 civibus
1512 2972 1740 3031 horror.

1930 1851 2065 1893 num
2111 1837 2425 1908 juvamina,
2488 1838 2855 1909 pernoctavit
2886 1837 3214 1909 vigiliarum
3269 1840 3570 1911 instantia,

1930 1928 2293 1997 frequentius
2305 1928 2458 1984 beati
2472 1926 2632 1983 Petri
2653 1926 2913 1983 revisens
2930 1927 3208 1983 oratoria.
3226 1928 3569 1985 Presidebat

1927 2030 1996 2072 eo
2026 2020 2290 2087 tempore
2313 2017 2585 2071 Romanae
2606 2014 2869 2072 ecclesize
2893 2014 3202 2084 Adrianus,
3229 2016 3316 2072 vir
3340 2020 3572 2088 aposto-

1928 2102 2098 2173 licus,
2134 2105 2227 2159 cui
2259 2104 2571 2161 nunciatus
2619 2108 2709 2160 est
2760 2103 3089 2160 Madelveus
3134 2104 3570 2161 sacratissimus

1927 2192 2289 2263 peregrinus.
2317 2192 2570 2261 Benigne
2599 2195 2685 2249 est
2718 2192 2790 2248 ab
2819 2206 2887 2247 eo
2910 2196 3237 2263 susceptus,
3268 2191 3573 2262 benignius

1926 2280 2135 2337 diebus
2168 2280 2367 2337 multis
2398 2284 2682 2348 retentus,
2725 2279 3136 2349 benignissime
3172 2279 3414 2350 probata
3447 2280 3573 2348 ejus

1923 2369 2227 2424 voluntate
2281 2384 2410 2423 cum
2461 2367 2782 2438 apostolica
2817 2368 3218 2423 benedictione
3276 2367 3571 2424 dimissus.

1922 2458 2325 2526 Pretergressa
2340 2470 2480 2526 ergo
2493 2456 2713 2513 Nursiae
2729 2455 3343 2527 provincias,suscepit
3364 2469 3575 2515 novum

1924 2546 2211 2617 hospitem
2265 2544 2592 2615 Campania,
2627 2559 2796 2614 quem
2828 2544 3038 2599 exinde
3099 2546 3363 2616 amplexa
3392 2549 3483 2602 est
3517 2545 3574 2600 in

1928 2636 2191 2704 Gargano
2215 2632 2548 2702 archangeli
2571 2630 2860 2688 eeeelesia.
2899 2632 3076 2703 Cujus
3100 2647 3203 2704 pro
3229 2632 3453 2689 foribus
3477 2632 3577 2689 ali-

1927 2722 2161 2793 quantis
2207 2721 2501 2777 excubans
2550 2720 2845 2789 noctibus,
2879 2722 3247 2776 cont‘ortatur
3294 2718 3575 2790 angelicis

1925 2808 2450 2878 consolationibus,
2476 2807 2841 2863 exhilaretur
2864 2808 3074 2863 divinis
3095 2807 3569 2865 revelatiouibus.

1926 2897 2373 2955 Prestolabatur
2394 2910 2523 2951 eum
2542 2894 2802 2963 gaudens
2826 2894 3099 2965 Appulia,
3125 2893 3402 2963 vulgante
3427 2895 3573 2950 fama

1926 2988 2054 3058 ejus
2073 2984 2406 3042 sanctitatis
2428 2982 2695 3052 insignia;
2724 2996 2891 3053 quem
2921 2985 2986 3038 ut
3017 2982 3183 3050 vidit,
3209 2980 3414 3036 mirata
3445 2995 3576 3052 pro-

159 3097 321 3153 Tunc
354 3111 520 3154 mens
573 3096 851 3154 Madelvei
884 3097 939 3153 in
999 3097 1229 3154 diversa
1266 3098 1511 3170 rapitur,
1570 3099 1818 3171 spiritus
1850 3086 1898 3148 C
1929 3073 2355 3171 °_l_ama"i"_°“’f’
2378 3068 3284 3171 Psalmif’ajS’c’ftwdivi’f’m
3303 3068 3395 3171 ita
3415 3068 3576 3126 θινὶ·

161 3185 464 3253 auxiatur,
497 3199 718 3255 corque
749 3186 1042 3242 turbatur.
1067 3184 1315 3242 Tandem
1348 3187 1404 3241 in
1435 3201 1496 3243 se
1522 3200 1813 3257 reversus,

160 3271 449 3341 illiusque
465 3285 686 3328 memor
697 3273 993 3343 proverbii
1012 3274 1165 3331 :Non
1176 3273 1527 3345 estmagnus
1537 3288 1822 3346 magnam

148 3360 389 3432 putans
409 3358 573 3433 quod
591 3360 789 3417 ruunt
814 3361 984 3432 ligna
1016 3361 1078 3418 et
1109 3360 1360 3433 lapides,
1405 3362 1821 3420 etmoriuntur

158 3448 475 3517 mortales,
509 3448 834 3520 temporale
864 3449 1174 3520 dampuum
1211 3450 1502 3521 patienter
1558 3450 1717 3521 tulit,
1753 3466 1820 3508 ac

161 3535 373 3592 statim
387 3536 446 3591 in
462 3535 761 3592 meliorem
775 3541 994 3593 statum
1019 3551 1293 3609 reparare
1319 3537 1596 3594 fabricam
1615 3537 1815 3607 jussit.

162 3624 569 3680 Conveutione
595 3638 769 3695 porro
793 3623 943 3680 facta
966 3639 1095 3680 cum
1121 3624 1470 3695 artiﬁcibus,
1502 3625 1823 3697 deputatis—

164 3725 283 3783 que
305 3709 681 3781 custodibus,
706 3715 767 3768 et
788 3711 1076 3768 ordinatis
1097 3712 1446 3769 necessariis
1467 3713 1814 3785 sumptibus,

163 3799 403 3869 suadet,
438 3804 713 3872 precatur
759 3800 1119 3871 imperatque
1148 3813 1295 3871 opus
1340 3800 1610 3857 inchoare
1641 3807 1822 3858 matu-

160 3890 310 3959 rius,
349 3887 684 3945 accelerare
716 3888 1023 3958 attentius,
1052 3887 1289 3959 explere
1312 3888 1674 3959 diligentius.

236 4014 344 4071 llis
391 4014 477 4069 ita
508 4011 744 4070 collatis
765 4012 939 4070 datur
965 4010 1280 4069 alternatio
1310 4012 1482 4069 votis.

236 4137 323 4205 (C.
350 4136 502 4208 780.)
531 4136 947 4207 Praeparautur
977 4139 1247 4207 sumptus
1274 4149 1340 4191 ac
1371 4134 1636 4192 vehicula
1658 4142 1823 4193 tanto

157 4226 367 4284 itineri
406 4224 762 4294 necessaria,
789 4223 1088 4293 eliguntur
1119 4224 1365 4280 comites
1388 4238 1583 4280 amore
1608 4224 1824 4281 Christi

162 4317 496 4383 ferventes,
534 4314 591 4368 in
618 4312 919 4384 prosperis
949 4311 1218 4380 humiles,
1245 4312 1301 4367 in
1324 4311 1587 4369 adversis
1620 4313 1819 4371 fortes.

165 4402 358 4474 (790.)
391 4402 575 4458 Favor
596 4399 1030 4471 metropolitani
1055 4400 1342 4471 queritur,
1376 4414 1654 4457 assensus
1675 4415 1826 4458 com-

1931 3165 2129 3222 dimus
2160 3161 2350 3233 (Psal.
2377 3175 2543 3230 xcvu,
2574 3161 2650 3231 9).
2676 3160 2814 3215 Post
2838 3158 3069 3215 diversa
3095 3160 3287 3213 autem
3313 3156 3573 3213 locorum

1931 3249 2278 3309 diverticula
2301 3249 2531 3322 pontica
2558 3249 2671 3319 (59)
2695 3246 3021 3317 ingreditur
3045 3245 3264 3301 littora.
3290 3245 3431 3302 Hine
3454 3249 3576 3303 tur-

1934 3340 2053 3398 bidi
2084 3339 2382 3395 imminent
2425 3338 2661 3405 ﬂuctus,
2716 3334 3027 3407 procellosi
3059 3338 3375 3391 occurrunt
3408 3333 3577 3406 spiri-

1932 3435 2049 3486 tus.
2085 3427 2422 3498 Suscipiunt
2455 3423 2809 3481 Madelveum
2841 3422 3173 3495 pontificem
3208 3422 3576 3492 peregrinum

1935 3517 2050 3574 vita
2086 3515 2443 3584 religiosum,
2480 3511 2808 3568 innocentia
2840 3511 3183 3581 gloriosum.
3205 3510 3313 3566 Dat
3343 3508 3577 3567 naulum

1934 3604 2184 3675 navigio,
2219 3603 2466 3679 credens
2494 3614 2556 3655 se
2593 3600 2770 3656 maris
2810 3597 3091 3671 periculo.
3128 3602 3329 3669 pastus
3357 3596 3579 3655 caelesti

1935 3692 2249 3751 sacrificio.
2302 3688 2637 3744 Protelatur
2669 3686 2962 3755 navigatio
3011 3685 3321 3742 multorum
3356 3683 3578 3740 dierum

1937 3778 2252 3839 curriculo.
2272 3778 2454 3832 Instat
2472 3771 3580 3844 sacerdospradieationibus,informat

1936 3874 2147 3927 nautas
2177 3864 2467 3923 doctrinis
2493 3861 2872 3919 salutaribus.
2902 3858 3445 3927 Continuisjejunat
3468 3857 3586 3913 die-

1935 3960 2065 4028 bus,
2094 3955 2314 4026 vigiliis
2328 3954 2639 4024 peruoctat
2663 3954 2723 4005 et
2743 3947 3129 4004 orationibus.
3165 3946 3303 4002 Cum
3329 3959 3465 4001 vero
3488 3945 3582 4000 die

1935 4044 2182 4117 quadam
2243 4042 2543 4097 assuetum
2602 4040 2793 4093 nautae
2856 4033 3261 4090 concinerent.
3298 4031 3579 4100 celeuma,

1934 4130 2402 4205 garrulitateque
2417 4127 2858 4198 perstreperent
2877 4118 3588 4193 uautica,tempestasori-

1933 4228 2033 4280 tur
2065 4215 2572 4291 repentina.Navis
2586 4219 2780 4271 autem
2803 4210 3359 4282 mediisjactabatur
3390 4208 3580 4265 ﬂucti-

1941 4314 2072 4381 bus,
2108 4308 2346 4378 suisque
2377 4303 2717 4362 solvebatur
2739 4300 3136 4372 compagibus.
3160 4298 3429 4356 Turbatis
3450 4311 3588 4353 cuu-

1939 4406 2166 4459 ctorum
2200 4395 2430 4465 animis,
2457 4391 2648 4449 ablata
2680 4403 2784 4463 spe
2802 4388 3032 4460 salutis,
3060 4388 3181 4446 sola
3213 4389 3454 4446 suberat
3478 4388 3589 4441 for-

161 4472 630 4565 provincialium
676 4489 1086 4561 episcoporum
1141 4488 1383 4561 petitur,
1418 4502 1525 4545 nec
1559 4494 1824 4558 negatur.
1856 4472 1910 4533 D
1941 4489 2096 4547 mide
2127 4485 2355 4542 mortis.
2391 4480 2533 4551 (Fol.
2581 4478 2711 4553 55’.)
2742 4481 2897 4537 Tunc
2945 4476 3158 4550 praasul
3188 4475 3583 4565 beatissimus,

164 4578 334 4650 (Fel.
370 4575 503 4649 55’.)
545 4577 878 4633 Tristantur
922 4577 1089 4633 tamti
1117 4574 1186 4609 ²³²
1213 4577 1506 4648 comparis
1538 4578 1826 4648 absentia,

1943 4591 2056 4635 non
2078 4578 2239 4631 sorte
2262 4571 2534 4628 detectus
2555 4567 2905 4626 velutJonas
2930 4566 3228 4637 fugitivus,
3245 4564 3346 4620 sed
3372 4561 3591 4618 sancti-

164 4669 443 4726 letantur
499 4665 572 4722 de
623 4666 754 4736 ejus
803 4665 1055 4736 justitia,
1116 4670 1434 4737 precantur
1487 4663 1571 4719 illi
1630 4666 1833 4723 adesse
1945 4673 2066 4724 tate
2097 4661 2474 4734 conspicuus,
2509 4659 2603 4715 cui
2625 4652 3151 4730 probatusDomini
3176 4665 3403 4722 servus,
3429 4662 3593 4705 voce-

167 4756 392 4815 Christi
446 4755 844 4830 praesentiam,
906 4768 1018 4810 non
1083 4753 1283 4810 defore
1329 4754 1584 4826 Spiritus
1640 4744 1832 4811 sancti
1944 4752 2196 4811 omnium
2228 4750 2470 4819 rogatus
2519 4744 2712 4818 pulsat
2754 4741 2958 4830 caelum
3007 4737 3385 4830 singultibus,
3418 4739 3594 4830 vocat

166 4846 448 4918 gratiam.
485 4842 959 4901 Benedictionem
1002 4846 1211 4913 rogant
1232 4841 1441 4913 rogati,
1466 4841 1726 4899 salutant
1748 4858 1838 4900 sa-

176 4935 376 4994 lutati.
411 4935 624 4991 Eorum
658 4932 889 4989 demum
936 4931 1182 4989 consilio
1223 4931 1531 4988 ordinatur
1562 4930 1830 4993 aeclesia,

173 5022 624 5083 commendatur
673 5020 844 5094 plebs
891 5020 1212 5078 commissa.
1279 5020 1369 5078 Sic
1400 5023 1640 5091 accepta
1671 5021 1840 5076 bene-

1949 4840 2241 4897 Christum
2273 4833 2606 4907 gemitibus.
2643 4832 2780 4888 Ilico
2812 4828 3016 4886 caelum
3041 4827 3168 4897 ejus
3201 4825 3388 4896 patuit
3412 4822 3591 4895 preci-

1950 4931 2075 5000 bus,
2108 4930 2165 4983 et
2199 4925 2389 4983 oratio
2437 4921 2511 4979 ad
2541 4932 2825 4994 supernos
2868 4916 3137 4989 pervenit
3182 4914 3438 4972 auditus.
3475 4910 3591 4967 Nec

1951 5031 2129 5088 mora,
2149 5016 2302 5073 aeris
2313 5012 2602 5072 serenitas
2616 5008 2905 5079 marisque
2924 5006 3079 5063 redit
3103 5002 3502 5075 tranquillitas
3526 5012 3593 5055 ac

1549 5145 1787 5200 VARLE
1828 5142 2122 5200 LECTION
2125 5141 2225 5198 ES.

247 5235 316 5271 ’⁸⁸
346 5238 423 5295 ita
456 5236 671 5295 codex.

1772 5319 1995 5378 ΝΟΤιΕ.

385 5431 659 5492 Rhodez.

244 5438 328 5503 (57
385 5438 659 5492 Rhodez.
1176 5463 1195 5475 ρ

244 5438 356 5581 (δεί
401 5509 577 5581 Anno
608 5502 746 5581 952,
804 5496 1028 5581 demum
1078 5498 1505 5581 Berenga‘riusﬂ
1526 5498 1839 5581 episcopus

173 5568 559 5640 Virdunensis
608 5568 946 5628 Vitanianis
990 5571 1143 5628 bona
1176 5568 1439 5642 quaedam
1473 5571 1526 5626 S.
1563 5568 1836 5627 'Amantii

1947 5425 2148 5483 charta
2182 5422 2439 5493 donavit,
2500 5433 2671 5493 quam
2718 5417 2841 5490 ipse
2895 5417 3058 5488 Hugo
3107 5413 3255 5471 infra
3287 5413 3341 5471 in
3373 5411 3596 5469 textum

1949 5495 2193 5569 recepit.

2023 5563 2135 5639 (59)
2167 5569 2207 5624 Ι.
2244 5582 2296 5624 e.
2332 5563 2573 5625 marina.
