3898 6322
399 251 504 313 151

1351 256 1715 319 IIUGONIS
1761 259 2105 322 ABBATIS
2151 261 2304 322 FLA
2316 261 2835 326 VINIACENSIS

3664 269 3760 334 152

398 397 1102 471 εηίητονιιῐηίὶοοιιηᾱίῑθε.
1136 397 1274 456 Inde
1306 398 1639 457 Bizan‘teum
1678 397 1930 456 letantes
1962 402 2043 454 te-
2069 397 2126 460 -A
2157 395 2295 454 tuus
2321 397 2386 455 in
2415 398 2607 455 ortum
2639 411 2832 470 suum,

2163 395 2295 454 tuus
2321 397 2386 455 in
2415 398 2607 455 ortum
2639 411 2832 470 suum,
2857 398 3185 459 etcomeiat
3200 399 3761 476 fruetumpomoram

399 495 647 548 nuerunt
686 495 934 562 portum.
968 489 1673 562 Constantinopolitanum
1698 489 1751 544 in
1778 489 1894 545 illis
1925 489 2042 544 die-

401 581 510 636 bus
541 581 781 648 regebat
832 579 1134 647 imperium
1186 579 1600 634 Constantinus
1629 594 1756 634 cum
1817 579 2040 648 llyrene

403 672 609 735 matre,
637 669 688 723 in
723 669 902 724 rebus
918 667 1146 724 bellicis
1173 667 1531 732 strenuus,in
1548 667 1805 724 cultibus
1830 665 2044 722 divinis

404 759 836 815 devotissimus.
895 759 997 814 Hic
1025 758 1319 828 accipiens
1341 757 1558 825 justum
1598 757 1904 812 advenisse
1936 757 2043 810 Ma-

404 845 690 915 dclveum,
717 861 984 916 querere,
1010 851 1067 901 et
1103 847 1224 902 suis
1244 846 1662 916 conspoctibus
1687 849 2040 915 praesentare

405 935 683 1006 przecepit
706 935 1021 990 inventum.
1045 937 1085 989 A
1109 950 1223 1003 quo
1246 935 1424 990 multa
1448 934 1690 990 audiens
1714 933 1874 989 utilia
1900 950 2040 989 sua:-

406 1038 516 1094 que
549 1023 720 1079 saluti
780 1023 1060 1094 proﬂcua,
1114 1029 1178 1078 ut
1213 1037 1315 1093 pro
1346 1038 1404 1078 se
1440 1023 1534 1078 Dei
1588 1021 2042 1078 miscricordiam

404 1124 574 1168 orare
605 1111 944 1180 dignaretur
977 1125 1147 1182 prece
1177 1111 1425 1181 quesivit
1453 1109 1790 1176 humillima,
1826 1111 2044 1180 precio—

406 1212 586 1268 saque
607 1199 656 1254 ei
673 1199 924 1255 offerens
946 1200 1170 1264 exenia,
1189 1213 1317 1268 quze
1343 1198 1440 1254 ille
1459 1201 1806 1270 contemp~it
1832 1198 2041 1264 omnia,

405 1291 622 1356 optatae
654 1287 759 1342 viae
783 1287 1143 1343 dimisiteum
1167 1303 1296 1342 cum
1329 1287 1674 1343 reverentia.
1703 1287 1879 1352 Quem
1913 1287 2047 1340 Gre-

405 1374 493 1430 cia
541 1376 856 1445 excipiens,
909 1376 1296 1446 peregrinum.
1334 1375 1535 1431 mirata
1584 1381 1673 1432 est
1725 1376 1877 1430 inter
1909 1391 2046 1432 suos

409 1463 1022 1534 philosophum,extra
1059 1479 1196 1519 suos
1227 1464 1628 1534 theosophum.
1666 1466 1801 1520 Erat
1833 1465 2046 1534 quippe

409 1565 541 1607 vera
577 1553 828 1623 sapiens,
874 1558 1084 1624 potens
1115 1553 1170 1607 in
1213 1553 1390 1607 verbo
1412 1556 1467 1607 ct
1501 1552 1786 1608 doctrina.
1826 1553 1902 1607 De
1945 1567 2046 1608 ore

407 1640 533 1708 ejus
561 1641 916 1710 procedebat
970 1641 1100 1710 mel,
1161 1639 1408 1697 dulcedo
1456 1641 1644 1698 mellis
1675 1641 1865 1710 lingua
1901 1641 2043 1709 ejus,

412 1737 575 1785 tavus
607 1729 900 1785 distillans
948 1728 1095 1785 labia
1129 1729 1255 1798 ejus
1299 1744 1392 1798 ex,
1427 1729 1732 1786 dulcedine
1765 1730 2048 1786 sermonis
2077 1747 2130 1807 Β

409 1817 676 1887 praebens
707 1818 935 1874 cunctis
966 1818 1291 1873 incendium
1339 1817 1568 1874 amoris.
1609 1818 1917 1874 Descendit
1968 1817 2048 1872 in-

408 1909 570 1960 terea
600 1905 883 1976 Ephesum
935 1920 1102 1960 orare
1133 1904 1201 1961 ad
1260 1906 1538 1962 Johannis
1569 1906 1824 1976 tbeoli-gi
1857 1904 2048 1976 sepul-

406 1991 694 2056 chrum,ul
719 1992 1275 2049 ieﬂ‘uditmultarum
1293 1993 1524 2049 ﬂumina
1543 1994 2051 2064 precum,circumo

407 2080 995 2152 ferensluprincipie
1008 2082 1145 2137 erat
1164 2081 1407 2138 Verbum
1429 2081 1670 2148 (Ιοιιηλ,
1687 2085 1700 2133 l
1715 2084 1754 2154 ),
1783 2081 2048 2137 recolens

405 2171 461 2222 et
478 2169 730 2224 edocens
758 2168 1000 2224 Verbum
1021 2170 1405 2240 caro/actum
1419 2169 1624 2234 (Ibid.,
1649 2172 1754 2239 M).
1776 2169 1910 2225 inde
1925 2185 2050 2240 per-

408 2255 564 2308 venit
595 2258 837 2324 Joppcn,
871 2256 1124 2312 diversis
1151 2256 1256 2312 viae
1292 2257 1568 2326 periculis
1596 2257 1939 2326 perquirens
1961 2262 2051 2313 tu-

407 2341 569 2397 nicas
599 2346 656 2396 et
693 2352 908 2407 vcsms,
959 2343 1310 2398 elemosinas
1358 2343 1655 2412 Dorcadis,
1690 2350 2049 2416 stupensque

405 2445 534 2486 cum
569 2431 742 2484 Petro
771 2429 1012 2485 linteum
1039 2434 1288 2499 quatuor
1318 2431 1500 2487 initiis
1527 2431 1596 2486 de
1621 2432 1763 2488 caelo
1786 2434 2052 2491 summis-

411 2533 555 2585 sum,
600 2518 802 2587 jussus
826 2517 880 2572 in
914 2531 982 2572 eo
1014 2523 1266 2573 mactare
1297 2519 1695 2590 quadrupedia
1727 2524 1782 2575 et
1819 2523 2050 2592 reptilia

415 2609 586 2662 terrae
618 2606 672 2660 in
734 2605 1177 2661 mortiﬁcatione
1232 2607 1536 2674 viciorum,
1573 2623 1638 2664 ac
1682 2609 2048 2680 manducare,

413 2693 637 2748 fructus
670 2693 876 2758 dignos
927 2694 1282 2765 paenitentiae
1340 2695 1602 2752 faciendo
1660 2698 1802 2764 (Act,
1835 2712 1910 2766 lx,
1944 2703 2048 2763 39;

410 2793 464 2846 χ,
501 2782 609 2852 Η).
665 2781 1119 2852 Apprchendens
1179 2787 1306 2852 post
1351 2784 1453 2840 hec
1503 2784 1920 2841 llierosoliman
1955 2787 2052 2842 diu

411 2867 818 2937 desideratam,
845 2875 904 2924 et
929 2869 1042 2938 jam
1073 2871 1506 2942 concupiscenti
1546 2873 1736 2929 animo
1773 2871 2048 2943 oblatam,

410 2955 668 3012 introivit
698 2957 748 3012 in
774 2958 1148 3014 tabernacula
1168 2959 1314 3028 ejus.
1337 2975 1560 3016 omnem
1583 2960 1767 3017 locum
1787 2967 2050 3017 sanctum

411 3043 522 3098 ille
541 3049 598 3099 et
623 3059 818 3100 amore
845 3047 1343 3116 frequentans.qui
1367 3053 1458 3102 est
1475 3063 1649 3118 super
1671 3049 1857 3104 omnia
1875 3051 2048 3105 Deum

411 3131 463 3186 in
499 3131 585 3188 eis
615 3132 884 3202 adorans,
939 3133 1273 3204 sepulcrum
1304 3137 1435 3190 Jesu
1471 3135 1750 3191 Nazareni
1783 3136 2048 3192 cruciﬁxi

411 3218 776 3275 lacrimarum
811 3221 994 3276 imbre
1025 3221 1116 3276 dic
1147 3222 1366 3277 cotidie
1399 3223 1612 3291 rigans,
1642 3223 2052 3295 Christumque

411 3314 811 3376 resurgemten
845 3324 872 3364 a
926 3313 1110 3364 morte
1142 3309 1475 3378 gloriﬁcans
1511 3317 1567 3366 et
1601 3311 1867 3369 adorans.
1901 3314 2051 3370 Nun-

411 3396 604 3450 ciatur
635 3395 854 3452 interea
888 3397 1237 3466 patriarchae
1261 3399 1508 3454 Eusebio
1533 3400 1628 3470 qui
1661 3405 1922 3470 temporc
1953 3400 2051 3458 illo

410 3488 669 3540 sanctam
701 3485 1067 3553 gubernabat
1091 3485 1430 3542 39(30lele
1463 3489 1631 3559 Syon,
1665 3489 1938 3545 Madelvei
1963 3504 2052 3546 re-

411 3573 805 3627 verentissimi
831 3587 967 3640 erga
994 3574 1281 3630 Christum
1309 3573 1562 3646 devotio,
1589 3576 1745 3632 circa
1772 3576 1892 3633 loca
1925 3593 2053 3634 san-

411 3663 504 3714 cta
537 3659 742 3716 diurna
778 3661 1187 3730 frequentatio.
1228 3662 1385 3731 jugis
1437 3653 1823 3734 pi-rnoctatio.
1857 3666 2052 3722 carnis

413 3749 662 3818 propria:
697 3749 1026 3804 maceratio.
1065 3750 1164 3805 llic
1225 3750 1403 3820 igitur
1436 3750 1526 3806 his
1588 3752 1805 3809 auditis
1837 3767 2050 3809 moram

410 3835 530 3906 pati
581 3835 844 3893 nesciens
897 3837 952 3892 in
982 3837 1298 3907 querendo,
1351 3838 1645 3896 inventum
1679 3839 2052 3911 amplectitur

409 3924 706 3994 continuo,
740 3926 985 3982 miratus
1014 3925 1066 3981 in
1097 3941 1167 3982 eo
1202 3927 1422 3983 vultum
1456 3928 1800 3998 angelicum,
1839 3943 2056 3986 sermo-

410 4027 536 4068 nem
569 4012 914 4081 modestum,
961 4014 1156 4069 mitem
1187 4029 1471 4082 gressum,
1499 4015 1758 4071 habitum
1790 4030 2054 4072 reveren-

409 4099 564 4156 dum.
593 4101 727 4155 Post
765 4101 865 4155 bcc
887 4101 1211 4156 introduxit
1236 4117 1364 4158 eum
1390 4102 1442 4156 in
1466 4102 1694 4158 domum
1712 4104 1915 4160 matris
1935 4120 2054 4162 suae

409 4193 467 4244 et
503 4188 556 4242 in
591 4187 922 4244 cubiculum
949 4188 1253 4257 geni-ricis
1279 4193 1488 4253 suae,et
1512 4190 1672 4245 dedit
1697 4190 1748 4246 ei
1785 4191 2052 4260 poculum

409 4291 482 4332 ex
515 4275 646 4330 vino
675 4274 933 4342 condito,
969 4279 1027 4329 et
1060 4281 1308 4330 mustum
1365 4276 1643 4332 malorum
1675 4284 2053 4346 granatorum

411 4363 612 4432 (Cant.
649 4377 766 4428 vm,
803 4362 875 4428 2).
909 4363 1165 4432 Cumque
1187 4377 1314 4418 eum
1342 4364 1596 4420 retinere
1627 4366 1913 4435 cogitaret
1937 4368 2055 4424 die—

2152 498 2428 556 suorum;
2450 487 2577 542 leta
2597 489 2727 558 ejus
2739 487 2845 544 sub
2865 489 3058 560 capite
3073 489 3254 559 tuo,et
3265 490 3509 548 dextera
3521 493 3647 563 ejus
3661 507 3762 552 am

2142 573 2422 642 queretur
2437 573 2506 630 te.
2529 575 2590 629 Hi
2641 575 3134 648 dictis[Bsn'r.]12
3167 578 3477 635 multorum
3503 579 3763 648 pretiosas

2154 666 2488 717 sanctorum
2519 663 2796 734 reliquias
2820 665 3070 721 eﬂ‘erens
3093 681 3223 721 cum
3245 666 3425 722 calice
3462 667 3760 725 crismllino

2152 764 2328 818 opere
2349 750 2592 807 miriﬁco
2617 752 2913 822 sculptoei
2935 753 3630 826 optulit,dicens:Accipe,
3657 770 3763 812 aca-

2149 853 2214 892 re
2230 840 2528 904 meustc
2540 841 2731 896 mutui
2745 841 2968 897 abieris
2978 843 3220 912 pigrius.
3248 843 3488 899 Ammat
3514 843 3762 902 Christus

2154 927 2440 983 Dominus
2454 928 2549 984 bis
2561 942 2634 984 ac
2648 929 2803 998 reliq
2814 930 2904 984 uis
2915 930 3142 986 sanctis
3156 931 3518 988 intervenia):
3529 931 3694 1000 tibus,
3708 933 3764 988 ut

2151 1015 2366 1070 iterum
2378 1029 2482 1072 nos
2493 1015 2800 1073 eideamus
2813 1018 3176 1086 cumqaudio
3191 1019 3254 1075 in
3265 1019 3611 1077 calestibus.
3627 1021 3688 1076 Ta
3699 1037 3760 1076 m-

2154 1102 2282 1156 dem
2307 1117 2406 1157 ora
2425 1117 2626 1159 manus
2650 1104 2970 1174 oculosque
2995 1105 3341 1162 alterutrum
3357 1107 3758 1178 exosculantes,

2158 1191 2299 1244 bona
2336 1206 2731 1262 prOSperaque
2764 1193 2872 1247 sibi
2907 1193 3316 1264 imprccantos,
3343 1195 3668 1252 abinvicem
3696 1197 3761 1252 di-

2156 1279 2260 1334 visi
2294 1284 2425 1334 sunt
2479 1280 2703 1336 ﬂentes.
2727 1281 3058 1338 Madclveus
3081 1283 3274 1352 itaque
3295 1283 3658 1354 sepulchrum
3681 1285 3764 1340 Do-

2159 1366 2291 1421 mini
2315 1367 3115 1438 locumqueascensionis,ubi
3143 1375 3431 1428 steterunt
3449 1371 3622 1442 pedes
3641 1372 3762 1442 ejus,

2159 1455 2366 1510 iterum
2401 1457 2726 1528 iterumque
2759 1458 3017 1514 revisens
3046 1473 3111 1515 ac
3147 1459 3516 1531 dcosculans,
3542 1462 3765 1516 nativum

2161 1543 2346 1599 solum
2408 1544 2666 1600 revisere
2722 1545 3068 1602 deliberavit
3119 1549 3380 1616 gaudens
3412 1553 3472 1604 et
3502 1547 3763 1619 exultans,

2160 1632 2334 1687 Deum
2371 1631 2425 1687 in
2459 1633 2810 1702 adjutorium
2848 1649 3014 1690 suum
3050 1635 3350 1692 intendere
3385 1642 3588 1708 petens
3615 1643 3667 1693 et
3691 1651 3768 1693 ex-

2161 1733 2349 1775 orans.
2379 1721 2514 1775 lnde
2540 1721 2711 1790 longo
2744 1738 2806 1778 ac
2839 1723 2999 1779 vario
3031 1723 3230 1780 labore
3272 1725 3502 1781 itineris
3537 1725 3766 1782 redditus

2160 1812 2250 1862 est
2286 1808 2495 1863 ﬁnibus
2517 1809 2741 1880 patriis.
2771 1811 3010 1882 Recepit
3040 1811 3312 1867 alunnum
3339 1812 3453 1869 leta
3481 1813 3648 1870 tellus
3666 1813 3767 1868 Gal-

2163 1894 2524 1965 lica,oceurri
2550 1899 2765 1968 pastori
2815 1898 2928 1953 leta
2954 1898 3118 1970 plebs
3140 1899 3474 1956 Virdunica:
3510 1900 3768 1958 Laetatur

2158 1983 2286 2040 cali
2312 1985 2370 2040 ei
2411 1987 2642 2041 exultet
2658 1987 2956 2055 terra,vox
2980 1994 3257 2043 consonat
3281 1989 3499 2046 urbana
3520 1989 3604 2046 vel
3623 1988 3766 2046 rusti-

2159 2086 2320 2128 cana.
2351 2072 2558 2128 Fluunt
2587 2073 2838 2130 lacrima}
2860 2074 3072 2143 gaudio
3103 2075 3304 2146 plenas,
3335 2077 3568 2134 madent
3592 2075 3764 2132 lietitia

2160 2175 2342 2229 genae,
2387 2167 2704 2218 coronatur
2733 2163 2964 2232 Civitas,
3002 2163 3226 2234 plateas
3269 2165 3459 2236 replet
3491 2164 3761 2236 hylaritas,

2159 2247 2456 2304 :ecclesias
2477 2249 2777 2318 jocundita
2795 2267 2830 2306 δ.
2859 2252 3128 2308 Pontifex
3153 2253 3427 2322 egregius
3453 2253 3550 2309 Dei
3581 2251 3766 2309 auxilio

2163 2336 2362 2406 fultus,
2390 2343 2721 2395 sanctorum
2756 2339 3019 2409 reliquiis
3041 2341 3346 2412 honustus,
3383 2342 3564 2398 intrat
3600 2337 3770 2398 aeccle-

2163 2425 2304 2480 siam
2343 2425 2611 2496 devotus,
2654 2431 2782 2482 orat
2841 2428 3138 2485 Dominum
3173 2444 3422 2501 corpore
3472 2435 3638 2486 terrae
3666 2443 3770 2500 pro-

2163 2517 2406 2569 stratus.
2428 2515 2798 2585 Consurgens
2817 2516 3206 2587 episcopalem
3229 2517 3771 2586 ascenditthronum,

2169 2601 2384 2658 salutat
2437 2603 2654 2660 clerum
2690 2619 2751 2659 ac
2789 2605 3086 2675 populum,
3139 2605 3283 2662 dans
3341 2607 3609 2663 omnibus
3638 2604 3771 2678 pacis

2165 2690 2454 2758 osculum,
2484 2692 2805 2763 adjungens
2838 2693 3262 2750 benedictionis
3292 2693 3666 2764 signaculum.

2239 2815 2496 2887 Quisque
2530 2830 2631 2887 sua
2667 2815 2900 2885 repetit,
2946 2816 3198 2872 sacraria
3225 2817 3442 2887 praesul
3465 2816 3656 2886 adivit,

2236 2885 2480 2952 Pignera
2512 2885 2807 2956 deposuit,
2835 2891 2962 2956 post
2989 2889 3092 2942 hec
3113 2885 3394 2943 sua'tecla
3431 2885 3659 2944 subivit.

2237 2955 2469 3023 Singula
2506 2955 2810 3025 perquirit,
2840 2955 2895 3011 'si
2930 2971 3057 3026 pax,
3087 2958 3132 3012 si
3164 2957 3280 3013 vita
3307 2957 3594 3024 salubris;

2237 3026 2436 3098 Omnia
2464 3041 2590 3095 qua}
2617 3026 2798 3080 voluit
2827 3029 2946 3082 fore
2968 3041 3242 3098 prospera
3268 3027 3714 3098 protinusaudit,

2236 3096 2348 3150 Ore
2403 3097 2514 3150 Deo
2561 3100 2761 3165 grates
2797 3096 3371 3168 persolvit,‘pect'ore
3401 3099 3621 3156 laudes.

2162 3221 2398 3276 Postera
2448 3220 2540 3275 die
2585 3219 2835 3276 lustrata
2869 3236 3030 3276 novae
3079 3221 3366 3278 aecclesiae
3401 3223 3635 3292 fabrica,
3675 3219 3769 3276 lau-

2163 3309 2296 3364 data
2357 3308 2643 3364 artificum
2702 3307 3004 3377 industria,
3065 3314 3436 3367 remunerata
3493 3308 3768 3368 custodum

2162 3395 2485 3465 diligentia,
2549 3395 2778 3452 ordinat
2838 3401 3070 3468 tempus
3126 3396 3218 3452 vel
3277 3397 3428 3454 diem
3499 3408 3768 3456 consecra-

2163 3484 2304 3540 tioni
2339 3484 2608 3550 habilem,
2642 3484 2873 3540 cunctis
2903 3483 3186 3554 religione
3220 3487 3628 3543 venerabilem.
3655 3485 3764 3550 Qua

2164 3573 2260 3630 ubi
2294 3573 2508 3641 illuxit,
2544 3571 2758 3643 praesul
2793 3587 2921 3628 cum
2957 3572 3143 3628 sacris
3175 3573 3489 3631 ordinibus
3521 3571 3775 3631 :ecclesia-

2164 3661 2312 3716 stico
2347 3661 2462 3716 ritu
2495 3659 2763 3716 omnibus
2794 3661 3056 3716 exterius
3116 3660 3480 3732 interiusque
3511 3663 3618 3718 rite
3645 3671 3777 3732 pera-

2163 3747 2296 3816 ctis,
2332 3747 2612 3817 reliquias
2635 3746 3244 3803 Jherosolimitanasin
3273 3748 3579 3822 principali
3602 3743 3769 3804 absida

2167 3833 2314 3891 locis
2357 3835 2634 3904 congruis
2676 3834 3092 3891 venerabiliter
3121 3834 3456 3893 collocavit.
3491 3835 3616 3907 (ib.)
3666 3833 3775 3900 Qua:

2167 3939 2308 3979 vero
2342 3925 2397 3978 in
2433 3923 2748 3992 antiquiori
2801 3924 2961 3980 fuere
2993 3922 3282 3994 :ecclesia,
3318 3924 3372 3979 in
3406 3931 3575 3996 parte
3604 3917 3775 3980 altaris

2167 4012 2370 4068 dextra
2405 4011 2458 4066 in
2489 4011 2677 4083 cripta
2727 4011 3108 4067 subterranea
3142 4011 3424 4068 decenter
3455 4007 3772 4084 composuit.

2165 4102 2302 4157 Erat
2333 4107 2525 4157 autem
2558 4101 2650 4158 hic
2701 4100 2912 4172 praesul
2946 4100 3316 4158 beatissimus
3345 4103 3543 4159 studio
3573 4098 3776 4158 castita-

2165 4188 2244 4245 tis
2292 4190 2561 4258 mundus,
2596 4189 2966 4246 abstinentiae
3002 4191 3210 4246 robore
3243 4189 3495 4256 validus,
3531 4186 3776 4246 doctrina

2167 4278 2414 4350 dapibus
2446 4279 2718 4341 refertus.
2753 4277 3048 4349 patientiae
3087 4278 3528 4349 longanimitate
3549 4273 3771 4340 humilis,

2167 4367 2541 4423 auctoritatis
2573 4365 2915 4423 fortitudine
2946 4373 3196 4436 erectus,
3235 4367 3473 4438 pietatis
3503 4365 3678 4438 gratia
3709 4363 3778 4418 be-

411 4450 521 4516 bus
551 4449 684 4506 vita)
717 4463 835 4506 suae
887 4449 1176 4514 omnibus,
1210 4451 1564 4508 revelatione
1596 4458 1682 4510 est
1717 4454 1908 4512 divina
1941 4471 2055 4512 am-
2084 4451 2135 4510 D
2169 4455 2397 4524 nignus,
2452 4454 2700 4524 justitize
2759 4455 3072 4511 severitate
3129 4455 3453 4512 districtus.
3504 4453 3640 4525 (Pol.
3671 4445 3775 4515 ὅδ’.)

411 4539 683 4608 monitus,
710 4553 779 4593 ne
806 4527 1062 4610 propriis
1085 4539 1344 4596 intentus
1363 4539 1604 4598 aliorum
1631 4541 1918 4600 invideret
1945 4545 2056 4601 uti-

409 4625 695 4695 litatibus,
732 4641 842 4682 neu
878 4626 1053 4683 vellet
1086 4627 1300 4684 habere
1332 4629 1722 4702 peregrinum,
1755 4647 1924 4702 quem
1965 4647 2056 4690 su-

405 4715 708 4787 spirabant
730 4714 832 4770 illii
863 4721 1082 4786 patrem
1109 4717 1532 4787 evangelicum.
1555 4718 1820 4791 (Fol.56.)
1839 4721 2057 4778 Hecto-

407 4802 603 4883 nitruo
636 4803 962 4876 perculsus,
997 4804 1141 4860 dixit
1175 4804 1246 4860 ad
1277 4820 1408 4862 eum
1452 4807 1912 4865 tremebundus:
1961 4811 2056 4866 Vo-

408 4891 662 4952 luntatis
684 4907 824 4950 mete
828 4893 984 4966 fuit,
988 4893 1199 4965 frater
1217 4895 1324 4962 mi,
1349 4895 1403 4950 te
1423 4908 1458 4950 a
1481 4909 1573 4951 me
1592 4909 1872 4968 umquam
1901 4898 2058 4955 ualle

404 4981 678 5052 separari
699 4999 713 5045 ;
737 4983 843 5038 sed
857 4983 1005 5052 quia
1029 4983 1146 5038 Deo
1167 4984 1482 5052 nequimus
1501 4984 1710 5054 reniti,
1740 4986 2051 5057 retertere,

409 5067 620 5124 dilecte
643 5071 743 5138 mi,
765 5070 1042 5140 egredere
1061 5071 1120 5127 et
1133 5069 1380 5143 abipost
1392 5072 1648 5144 vestigia
1659 5087 1932 5144 gregum;
1949 5089 2055 5146 pa-

405 5168 499 5212 sce
514 5155 694 5214 hedos
714 5157 1042 5228 tuosjuzta
1064 5157 1453 5216 tabernacula
1457 5160 1940 5232 pastorum-mage
1959 5176 2055 5218 ηο-

409 5243 499 5300 bis
513 5245 718 5314 vulpes
743 5247 1061 5316 parrulas,
1101 5261 1234 5318 qua
1255 5247 1657 5304 demoliuutur
1675 5251 1900 5306 vineas.
1926 5251 2052 5307 Sub

404 5329 618 5388 umbra
631 5330 805 5389 illius
817 5346 853 5403 q
863 5346 990 5388 uem
999 5333 1357 5393 desiderasti
1367 5335 1636 5407 sede,qui
1649 5336 2054 5396 intraduwitte

405 5420 1032 5491 incellameiuariam,
1065 5422 1373 5480 erd'naeit
1397 5425 1464 5482 in
1479 5424 1533 5482 te
1569 5425 1900 5497 caritatem,
1915 5427 2052 5501 ful-

403 5510 566 5573 ciens
581 5511 633 5564 te
659 5508 1182 5582 ﬂoribus,stipaus
1195 5514 1250 5568 te
1276 5512 1556 5594 malis,ac
1569 5515 1776 5597 veniat
1799 5515 2050 5576 dilectus

2169 4543 2273 4610 Qui
2310 4543 2591 4614 pastorali
2649 4542 3046 4600 sollicitudine
3075 4543 3238 4614 gregi
3271 4543 3380 4600 sibi
3413 4543 3635 4601 credito
3665 4535 3778 4596 invi-

2165 4632 2377 4702 gilans,
2405 4631 2549 4688 alios
2572 4631 2827 4688 caelestis
2849 4632 3132 4688 doctrina)
3157 4633 3350 4688 verbis
3372 4631 3644 4701 erudivit,
3666 4622 3776 4684 mul-

2171 4728 2264 4776 tos
2287 4720 2578 4790 religiosa)
2591 4720 2725 4776 vitae
2749 4720 3653 4794 exemplisroboravit,plurimos
3671 4727 3781 4787 quo-

2170 4824 2282 4880 que
2329 4811 2398 4865 ab
2429 4809 2582 4865 omni
2616 4808 3016 4867 infirmitatum
3070 4808 3332 4866 molestia
3365 4809 3611 4877 curavit,
3641 4815 3779 4876 quos

2171 4897 2302 4953 dam
2334 4897 2506 4954 etiam
2540 4911 2569 4952 a
2603 4896 2960 4954 demoniacis
2991 4897 3299 4968 spiritibus
3323 4896 3610 4965 liberavit,
3633 4886 3778 4950 omni-

2169 4987 2399 5058 busque
2430 4986 2730 5057 exemplar
2758 4990 2817 5042 et
2847 4985 3150 5058 speculum
3183 4985 3366 5042 totius
3397 4979 3716 5043 sanctitatis
3734 4987 3780 5032 se

2175 5074 2450 5148 praebuit.
2478 5074 2816 5130 lmminentc
2839 5089 2982 5130 vero
3001 5072 3381 5131 resolutionis
3395 5089 3516 5131 sum
3541 5078 3780 5141 tempore,

2165 5178 2295 5220 cum
2326 5163 2697 5233 cognovisset
2728 5161 3086 5219 revelatione
3111 5161 3304 5218 divina
3337 5177 3400 5219 se
3425 5156 3714 5222 mundanis
3735 5150 3784 5206 li-

2168 5251 2483 5308 berandum
2509 5251 2876 5322 tumultibus,
2907 5251 2962 5306 in
2985 5249 3248 5307 :ecclesia
3270 5250 3326 5306 in
3351 5265 3464 5322 qua
3488 5239 3784 5306 adoleveritt

2164 5340 2459 5398 cotidiano
2489 5340 2772 5397 virtutum
2825 5345 3127 5412 provectu,
3159 5339 3254 5396 cui
3313 5340 3498 5412 primo
3531 5339 3715 5411 pastor
3733 5331 3777 5382 el

2165 5433 2362 5486 rector
2419 5428 2749 5498 institutus,
2807 5429 2878 5489 de
2940 5442 3051 5499 qua
3100 5426 3276 5484 etiam
3334 5427 3406 5486 ad
3463 5419 3781 5500 pontiﬁcium

2171 5522 2481 5598 promotus
2537 5517 2672 5590 fuit,
2749 5514 3100 5594 'sepulturze'
3145 5529 3267 5593 sum
3297 5515 3538 5592 locum
3581 5505 3780 5583 delegit.
