3898 6338
103 301 198 364 158

1294 301 1793 370 CHRONICON.
1839 337 1918 350 -
1960 302 2115 368 LIB.
2161 305 2235 368 II.

3352 298 3464 367 154

95 432 236 494 licet
251 430 398 492 enim
415 431 672 493 omnium
695 432 1096 495 aecclesiarum
1117 434 1422 495 insudaret
1443 436 1714 496 utilitati-
1744 436 1796 498 Α
1827 437 2110 508 moribus,
2144 441 2201 496 et
2233 439 2308 497 ab
2340 437 2466 512 ipso
2499 437 3042 514 praecellentissimo
3084 453 3222 512 rege
3248 439 3461 500 Karolo

98 523 380 594 bus,.hauc
417 529 615 580 tamen
665 539 786 596 prae
835 526 1103 583 omnibus
1149 524 1295 583 locis
1341 527 1529 584 sacris
1581 534 1714 598 post

96 612 335 684 primam,
365 627 493 684 quae
525 613 701 670 sedes
731 617 824 668 est
853 613 1222 686 episcopalis,
1247 614 1449 685 caluit,
1471 615 1716 687 amplifi-

96 701 323 768 cavit,et
341 701 635 772 provexit.
653 701 817 768 Quod
840 701 1014 757 etiam
1033 716 1230 758 omnes
1248 704 1718 774 praedecessores

97 788 208 858 ejus
227 788 429 845 fecisse
451 789 742 858 novimus,
769 793 973 860 utpote
997 789 1091 860 qui
1116 805 1176 846 es
1193 791 1382 862 ceptis
1407 792 1717 864 perpaucis

99 890 276 931 omnes
293 876 345 931 in
369 891 436 931 ea
461 875 662 932 sedem
688 878 904 932 habent
927 877 1326 948 requietionis.
1347 881 1586 951 Accepit.
1611 881 1716 936 hoc

101 963 364 1035 privilegii
392 963 608 1021 donum
641 964 906 1022 :ecclesia
928 966 1048 1037 ipsa
1075 983 1104 1022 a
1131 968 1302 1023 beato
1326 974 1491 1039 patre
1521 968 1719 1025 debito

98 1065 209 1106 cum
257 1051 468 1107 honore
517 1053 873 1109 nominando
915 1055 1210 1124 Sanctino,
1262 1070 1367 1112 suo
1415 1057 1720 1112 fundatore

102 1137 378 1208 primoque
424 1139 768 1197 christiana;
820 1141 1122 1211 religionis
1165 1150 1224 1199 et
1275 1144 1520 1199 nominis
1568 1144 1718 1216 apud

99 1225 258 1296 ipsam
290 1228 486 1284 urbem
519 1229 786 1298 doctore,
827 1235 887 1286 ut
921 1235 1050 1302 post
1103 1237 1343 1288 matrem
1393 1232 1718 1289 aecclesiam

97 1311 204 1382 ipsa
234 1319 385 1370 esset
414 1322 594 1387 caput
627 1318 880 1373 omnium
929 1318 1307 1376 Virduncusis
1337 1320 1586 1376 diocesis
1615 1335 1720 1376 aec-

96 1401 445 1472 clesiarum,a
473 1418 586 1474 qua
615 1409 672 1459 et
692 1410 877 1460 mater
899 1407 1162 1462 aacclesia
1217 1407 1337 1478 ipsa
1363 1408 1718 1464 subsistendi

97 1491 396 1560 accepisset
424 1491 670 1547 inicium
699 1509 713 1558 ;
746 1509 874 1562 quae
905 1495 1078 1550 etiam
1121 1500 1210 1550 est
1258 1497 1330 1551 ab
1379 1497 1618 1565 antiquo
1649 1498 1720 1551 ab

97 1576 222 1649 ipsis
246 1579 464 1636 scilicet
496 1583 804 1636 nascentis
825 1583 1108 1639 :ecclcsize
1132 1583 1466 1654 primordiis
1485 1585 1722 1640 cimete-

98 1665 227 1720 rium
253 1667 663 1738 episcoporum
696 1673 754 1723 et
789 1669 1142 1740 reliquorum
1178 1671 1431 1726 fidelium
1456 1672 1723 1727 christia-

1823 527 1959 598 qnia
1989 532 2048 582 et
2081 541 2399 597 congruum
2431 534 2580 594 erat.
2617 535 2677 586 ut
2709 545 2876 601 quem
2913 529 3181 585 Dominus
3199 529 3462 600 perfude-

1827 621 1915 671 rat
1945 615 2152 684 pratia,
2186 617 2258 671 ab
2291 617 2559 674 omnibus
2606 624 2920 674 amaretur.
2953 617 3237 674 Studebat
3281 615 3463 673 omni-

1829 703 1938 759 bus
1973 718 2073 774 per
2101 704 2286 760 omnia
2322 703 2571 775 placere,
2611 721 2724 761 non
2759 720 2828 761 eo
2863 705 3049 772 modo,
3085 719 3197 775 quo
3228 703 3462 774 placent

1829 790 2176 860 hominibus,
2195 807 2438 862 quorum
2468 794 2614 849 Deus
2637 793 3108 864 dissipabitossa.
3129 791 3466 862 utreplean-

1829 883 1928 936 tur
1947 881 2286 937 confusione
2309 882 2380 935 ab
2406 881 2800 950 indignatione
2815 881 2960 950 ejus,
2981 881 3080 936 sed
3099 880 3198 936 illo
3213 894 3325 950 quo
3345 893 3463 934 om-

1830 968 2003 1024 nibus
2038 983 2139 1039 per
2170 969 2356 1024 omnia
2391 967 2672 1040 placebat
2696 969 3020 1041 apostolus,
3057 983 3166 1024 non
3215 981 3466 1038 querens

1831 1057 1984 1126 quod
2019 1055 2128 1111 sibi
2163 1062 2321 1111 esset
2357 1057 2517 1126 utile,
2543 1056 2645 1112 sed
2679 1057 2830 1126 quod
2866 1056 3082 1125 multis,
3108 1061 3171 1112 ut
3202 1055 3344 1111 salvi
3369 1053 3465 1110 tle-

1831 1148 1982 1198 rcnt.
2001 1143 2137 1199 ideo
2163 1144 2307 1198 bona
2331 1144 2686 1200 conscientia
2710 1145 2902 1199 dicere
2939 1147 3163 1214 poterat
3187 1140 3467 1198 auditori-

1832 1233 1940 1288 bus
1969 1232 2092 1288 suis
2125 1248 2253 1286 cum
2291 1233 2492 1286 eodem
2526 1229 2793 1302 apostolo
2827 1251 2838 1286 :
2873 1232 3215 1288 Imitatores
3238 1231 3357 1288 mei
3384 1242 3467 1286 es-

1832 1318 1963 1388 tote,
1987 1319 2145 1376 sicut
2174 1319 2232 1374 et
2259 1333 2359 1388 ego
2390 1319 2620 1376 Christi
2649 1321 2713 1382 (Ι
2739 1319 2869 1375 C'or.
2907 1335 2977 1388 iv,
3010 1324 3119 1388 46;
3148 1333 3224 1386 χι,
3255 1321 3330 1384 4),
3369 1314 3464 1386 qui

1833 1407 2034 1476 utique
2053 1407 2280 1461 volebat
2311 1407 2433 1461 sine
2457 1407 2769 1461 offensione
2791 1421 2918 1460 esse
2944 1405 3226 1461 :rcclesize
3248 1405 3368 1472 Dei,
3386 1403 3464 1458 ita

1833 1495 2062 1549 scilicet
2093 1495 2527 1564 temperandam
2581 1494 2797 1550 docens
2847 1493 3366 1562 conversationem,
3397 1504 3467 1545 ne

1833 1582 1963 1652 quis
1997 1583 2049 1636 in
2085 1597 2148 1636 ea
2184 1581 2518 1636 scandalum
2555 1586 2855 1652 pateretur
2883 1581 2970 1636 ²³⁴.
3147 1577 3157 1584 ’

1906 1669 2022 1724 Fol.
2052 1674 2162 1740 :58.)
2194 1670 2301 1724 Sed
2335 1669 2470 1739 quid
2507 1685 2612 1725 nos
2645 1670 2700 1724 in
2738 1669 2904 1725 laude
2935 1669 3060 1738 ejus
3091 1671 3464 1740 temptamus,

98 1754 477 1820 norum.Quod
507 1756 878 1826 privilegium
907 1757 983 1813 ita
1010 1759 1400 1829 permansitet
1425 1763 1718 1830 permanet
1753 1781 1804 1840 Β
1836 1758 1990 1830 quod
2021 1773 2128 1813 non
2164 1758 2481 1813 suillcimus
2507 1758 2841 1828 explicare?
2866 1760 2990 1828 Ipse
3016 1757 3164 1813 enim
3199 1757 3324 1812 laus
3345 1755 3469 1826 ejus

102 1841 498 1910 inconvulsum,
538 1849 604 1899 ut
639 1844 692 1899 in
726 1859 791 1900 ea
836 1846 958 1901 fere
1002 1861 1202 1901 omnes
1253 1847 1509 1916 ejusdem
1560 1848 1722 1904 urbis

101 1929 382 1999 pontiﬁces
407 1929 686 2000 legantur
704 1932 917 2005 divinis
939 1934 1120 2004 aptati
1154 1935 1431 2002 servitiis,
1461 1940 1724 1991 tonsora-

103 2016 970 2089 ti,nutriti,edocti,consecrati,
987 2029 1229 2092 excepta
1248 2023 1370 2093 ipsa
1389 2023 1725 2080 iuunctione

105 2105 432 2173 pontificalis
447 2107 783 2177 dignitatis,
802 2123 968 2178 quam
985 2115 1211 2166 constat
1236 2125 1366 2166 esse
1393 2111 1592 2166 matris
1619 2127 1728 2167 πιο-

105 2191 294 2262 clesiae,
319 2201 376 2249 et
401 2196 793 2266 frequentius,
822 2197 997 2268 quiin
1021 2213 1085 2253 ca
1116 2199 1297 2254 functi
1332 2205 1463 2254 sunt
1499 2201 1730 2256 abbatis

107 2280 289 2350 ofﬁcio,
313 2298 414 2353 pro
436 2284 728 2339 virtutum
753 2285 950 2341 studio
981 2286 1314 2342 intrOuizati
1348 2288 1462 2342 sint
1494 2288 1547 2342 iu
1582 2287 1730 2343 solio

109 2367 421 2440 episcopali.
457 2372 524 2426 Et
563 2372 779 2428 merito
811 2377 1124 2428 veneratur
1159 2375 1231 2428 ab
1268 2375 1535 2430 omnibus
1570 2374 1731 2430 locus

112 2454 213 2525 ille,
243 2458 443 2513 merito
474 2456 808 2530 expetitur:
833 2461 1039 2516 merito
1071 2460 1356 2530 diligitur,
1382 2476 1551 2531 quem
1585 2477 1731 2532 apex

112 2547 266 2600 tanta:
296 2545 604 2614 dignitatis
637 2547 878 2617 attollit,
907 2548 1038 2618 quia
1069 2549 1182 2603 etsi
1214 2550 1320 2618 eis,
1349 2550 1444 2618 qui
1479 2550 1578 2604 illo
1607 2565 1733 2605 ora~

117 2630 214 2685 turi
242 2633 618 2701 conveniunt,
648 2633 745 2703 qui
768 2635 883 2690 Deo
907 2635 1045 2690 inibi
1081 2635 1450 2704 famulantur,
1478 2637 1573 2707 qui
1609 2652 1735 2692 cor-

118 2730 235 2786 pora
267 2733 360 2774 sua
391 2721 466 2775 ob
500 2723 851 2775 sanctorum
916 2722 1237 2792 patrocinia
1291 2723 1411 2778 illic
1461 2723 1733 2780 tumulari

122 2811 420 2877 precantur,
448 2808 675 2864 desunt
701 2809 846 2864 bona
877 2807 1162 2880 adquisita
1192 2826 1293 2882 per
1317 2813 1738 2882 meritum,suf-

122 2893 272 2952 licere
304 2902 569 2968 possunt,
599 2912 730 2968 quae
761 2912 788 2952 a
827 2897 936 2954 loci
973 2899 1274 2954 fondatore
1295 2905 1499 2956 sancto
1519 2901 1740 2956 Sancti-

123 2997 257 3052 no,a
305 2987 524 3042 sanctis
587 2985 734 3041 inibi
785 2986 1219 3056 quiescentibus
1277 2989 1736 3058 przestabuntur,

125 3074 474 3145 tamenprout
492 3074 648 3130 ﬁdes
685 3075 1005 3144 petentium
1047 3074 1741 3132 merebitur.Attestatur

127 3158 240 3216 huic
262 3167 467 3218 nostrae
489 3161 902 3233 astipulationi
930 3163 1121 3218 domni
1140 3163 1384 3218 Bertarii
1401 3178 1650 3220 memora
1662 3165 1744 3220 bi-

123 3243 186 3301 lis
206 3248 532 3320 antiquitas,
559 3249 665 3320 qui
688 3256 1023 3306 sanctorum
1044 3251 1491 3307 Virdunensium
1515 3252 1742 3322 pontiﬁ-

123 3347 232 3390 cum
257 3342 376 3393 acta
405 3337 728 3410 replicans,
755 3337 1012 3394 basilica
1034 3353 1265 3410 quoque
1289 3338 1460 3406 hujus
1485 3339 1742 3395 meminit

124 3419 172 3476 in
201 3422 311 3480 haec
337 3427 511 3482 verba
547 3425 749 3496 (Bsnr.
780 3426 832 3496 4)
859 3444 872 3479 :
897 3425 1190 3496 Basilica,
1218 3426 1502 3496 inquiens,
1527 3429 1594 3484 in
1621 3441 1743 3500 qua

119 3509 364 3579 pradicti
391 3515 658 3585 episcopi
681 3514 1082 3584 requiescunt,
1118 3516 1210 3571 est
1245 3515 1310 3570 in
1354 3514 1570 3570 honore
1607 3529 1743 3572 san-

121 3597 191 3652 cti
214 3598 370 3657 Petri
397 3601 766 3670 constructa,
796 3601 858 3657 et
881 3600 1062 3658 habet
1110 3601 1431 3658 multorum
1457 3604 1744 3673 episcopo-

121 3696 238 3741 rum
259 3689 589 3759 sepulchra,
626 3688 946 3760 “propter
974 3688 1082 3746 Ιιοο
1116 3689 1367 3746 multum
1401 3703 1440 3746 ιι
1455 3689 1745 3762 ﬁdelibus

124 3777 446 3832 veneranda.

193 3859 317 3928 (Fol.
351 3864 460 3934 57.)
493 3863 642 3920 Huic
675 3877 816 3933 ergo
845 3863 974 3920 loco
1006 3862 1213 3920 beatus
1240 3862 1570 3920 Madelveus
1597 3879 1746 3921 anno

131 3945 248 4004 vita;
277 3964 389 4008 suae
419 3950 770 4022 penultimo,
793 3950 946 4006 dono
962 3950 1313 4006 Theuthardi
1337 3949 1408 3984 ’³³
1429 3951 1742 4022 adquisivit

135 4047 218 4090 res
244 4039 505 4107 quasdam
538 4040 694 4096 sitas
728 4038 782 4093 in
814 4038 1164 4094 Virdunensi
1192 4053 1359 4110 pago,
1382 4038 1508 4096 loco
1539 4040 1634 4110 qui
1666 4041 1748 4094 di-

135 4123 269 4180 citur
296 4127 512 4184 Oﬂ‘clini
544 4127 761 4193 curtis,
795 4133 856 4182 et
887 4127 940 4182 in
973 4127 1082 4182 fine
1130 4127 1514 4198 Bettiliniaca,
1549 4129 1602 4183 in
1639 4129 1748 4185 line

138 4223 340 4284 quoque
370 4215 678 4284 Virelinsc,
706 4229 852 4286 quas
875 4214 1025 4270 idem
1047 4215 1413 4271 Teuthardus
1435 4231 1462 4271 a
1481 4217 1749 4286 genitore

139 4309 232 4354 suo
258 4302 542 4360 Gunthero
577 4303 693 4360 sibi
727 4303 965 4360 relictas
987 4302 1118 4373 jure
1162 4303 1500 4374 possidebat
1532 4304 1752 4360 heredi-

139 4387 272 4444 tario
301 4390 354 4446 in
379 4393 578 4462 terris,
617 4391 856 4461 mansis,
879 4391 1123 4462 campis,
1153 4391 1358 4462 pratis,
1383 4392 1638 4463 pascuis,
1656 4392 1754 4448 sil-

1769 3121 1818 3183 C

1835 1851 1948 1914 est,
1977 1847 2070 1916 qui
2109 1846 2160 1900 in
2199 1846 2417 1901 sa'ictis
2440 1847 2562 1901 suis
2585 1845 2896 1900 laudabilis
2919 1851 3030 1901 cst.
3059 1845 3182 1910 Quo
3204 1859 3344 1913 ergo
3368 1857 3472 1899 nos

1837 1934 1998 1990 ducit
2030 1934 2258 1989 oratio?
2281 1934 2426 1999 Quid
2455 1949 2640 1988 moras
2661 1934 3006 1988 innectimus
3026 1935 3048 1987 ?
3071 1933 3216 1998 Quid
3242 1932 3468 1986 felicem

1837 2022 1963 2090 ejus
1987 2037 2017 2075 e
2051 2021 2262 2077 mundo
2297 2020 2605 2074 transitum
2645 2019 2926 2089 replicare
2959 2019 3279 2074 tricalnus?
3302 2016 3471 2072 Adsit

1839 2109 1962 2181 ipse
1993 2110 2159 2164 nobis
2186 2109 2493 2180 propitius,
2519 2113 2580 2163 ut
2600 2107 2768 2175 (ligna
2791 2107 2893 2162 fari
2914 2107 3226 2174 valeamus,
3251 2105 3469 2176 aspiret

1838 2197 2000 2252 cordi
2022 2201 2223 2251 nostro
2249 2197 2470 2250 meritis
2490 2196 2616 2263 ejus
2638 2195 2890 2265 Spiritus
2915 2199 3152 2250 sanctus
3174 2198 3230 2248 et
3253 2191 3470 2248 nostris

1843 2286 2181 2340 infundatur
2213 2284 2557 2339 visceribus.
2593 2284 2858 2338 Dicamus
2889 2283 3102 2352 itaque,
3127 2281 3278 2352 quod
3302 2280 3473 2336 dede-

1843 2373 1916 2428 rit
1953 2373 2079 2444 ipse
2112 2373 2182 2427 de
2215 2387 2328 2442 quo
2354 2371 2659 2441 loquimur,
2684 2376 2743 2425 et
2767 2371 3051 2440 quomodo
3075 2370 3143 2424 de
3169 2367 3380 2424 mundo
3401 2364 3472 2422 ad

1845 2460 2256 2525 Christum,cui
2275 2459 2522 2514 devotus
2538 2458 2790 2514 serviera
2804 2455 3476 2526 l,migraverit,breviter

1843 2549 2200 2617 indagemus.
2221 2547 2670 2616 Adveneratjam
2692 2551 2915 2613 tempus
2932 2543 3309 2601 resolutionis
3323 2542 3471 2612 ejus,

1844 2642 1905 2693 et
1930 2638 2134 2692 beatus
2161 2637 2284 2705 ipse
2309 2635 2377 2690 ad
2399 2634 2700 2704 quemdam
2727 2633 3007 2704 episcopii
3035 2633 3269 2687 fundum
3289 2635 3478 2686 trans-

1847 2724 1993 2778 ierat
2025 2738 2199 2778 causa
2243 2721 2765 2777 consecrandarum
2817 2720 3230 2788 accclesiarum,
3264 2719 3362 2775 ubi
3397 2722 3479 2776 ta-

1845 2817 1979 2866 ctus
2009 2809 2365 2877 digladiabili
2398 2815 2556 2863 sorte
2589 2812 2838 2871 naturae,
2868 2808 2987 2862 acri
3022 2807 3197 2876 coepit
3249 2804 3478 2875 fatigari

1848 2899 2068 2954 dolore.
2102 2899 2146 2952 Ο
2185 2898 2437 2965 beatum,
2463 2911 2496 2951 ο
2519 2910 2652 2951 vere
2687 2895 2931 2963 felicem,
2957 2895 3052 2963 qui
3078 2893 3269 2950 sciens
3299 2892 3480 2948 immi-

1848 3002 1988 3042 nere
2021 2985 2303 3041 transitus
2335 2984 2423 3039 sui
2457 2983 2628 3051 diem,
2664 2983 2996 3037 fatiscentcs
3047 2985 3209 3037 artus
3248 2979 3478 3049 spiritui

1851 3073 2074 3131 servire
2105 3073 2372 3140 cogebat,
2393 3073 2594 3125 bonam
2618 3070 2764 3126 hanc
2786 3069 3068 3124 virtutum
3091 3082 3325 3124 suarum
3351 3081 3485 3123 con-

1850 3161 2288 3219 summationem
2313 3159 2676 3227 existimans,
2703 3159 2748 3214 si
2773 3159 2828 3213 in
2854 3163 2967 3212 tam
2995 3157 3239 3228 pio,tam
3263 3153 3480 3211 celebri

1850 3250 1945 3306 Dei
1977 3248 2217 3305 servitio
2249 3247 2605 3318 expenderet
2632 3245 2786 3316 quod
2820 3245 3107 3315 reliquum
3137 3248 3265 3298 erat
3295 3241 3484 3298 attriti

1848 3338 2113 3410 corporis
2142 3337 2370 3393 virium.
2397 3337 2632 3390 Fecerat
2667 3336 2862 3405 itaque
2893 3333 3048 3389 votis
3081 3333 3247 3389 satis.
3280 3331 3488 3387 Conse-

1849 3427 2035 3484 cravit
2069 3439 2313 3495 namque
2345 3424 2456 3480 vici
2491 3423 2647 3479 illius
2673 3423 2992 3491 aecclesias,
3022 3426 3078 3477 et
3119 3420 3486 3477 consecratio

1851 3515 1977 3587 ipsa
2025 3515 2180 3583 viget
2236 3527 2419 3582 usque
2450 3511 2503 3566 in
2537 3512 2879 3567 hodiernum
2929 3510 3099 3565 diem.
3129 3511 3306 3564 Tanta
3337 3505 3489 3562 enim

1850 3607 1976 3659 erat
2011 3607 2150 3658 tunc
2177 3605 2234 3656 et
2267 3615 2416 3656 nunc
2446 3604 2535 3654 est
2563 3599 2890 3654 auctoritas
2911 3597 3016 3653 viri
3047 3596 3256 3664 sancti,
3283 3598 3346 3650 ut
3370 3592 3492 3649 nul-

1851 3691 1945 3748 lus
1978 3690 2385 3762 episcoporum
2411 3687 2675 3757 quamvis
2699 3690 2962 3752 sanctos,
2991 3681 3490 3754 quamvisjustis,

1852 3777 2354 3836 consecrationem
2391 3775 2568 3845 ipsam
2603 3774 2884 3828 rciterare
2927 3771 3019 3827 vel
3068 3771 3354 3826 inmutare
3397 3782 3494 3825 au-

1855 3867 2010 3934 deat,
2032 3864 2127 3920 eed
2155 3861 2426 3934 perennis
2447 3865 2535 3916 est
2564 3859 2716 3929 apud
2737 3865 2978 3914 cunctos
3002 3863 3137 3913 tunc
3164 3857 3310 3912 facta
3334 3855 3496 3910 dedi-

1855 3954 2029 4022 catio,
2055 3958 2117 4007 et
2147 3951 2258 4006 erit
2293 3947 2732 4020 perpetualiter.
2757 3948 2892 4002 Tota
2927 3945 3103 4015 igitur
3131 3944 3296 4010 urbe,
3322 3942 3496 3998 immo

1856 4047 1980 4097 tota
2017 4039 2250 4109 regione
2284 4039 2514 4092 astante
2544 4039 2602 4089 et
2644 4033 2715 4090 ad
2775 4034 3011 4088 verbum
3044 4031 3164 4086 oris
3205 4029 3333 4100 ejus
3364 4042 3498 4100 pen-

1857 4131 2054 4196 dente,
2076 4139 2401 4182 scrmonem
2424 4123 2557 4178 fecit
2579 4121 2848 4178 omnibus
2863 4120 2934 4176 de
2957 4121 3085 4192 ipso
3120 4119 3268 4174 festo
3299 4116 3500 4174 {eccle-

1859 4217 1980 4284 size,
1996 4220 2053 4272 et
2073 4215 2206 4285 quia
2223 4209 2900 4284 praesentialiter-ibidem
2913 4213 3151 4265 sanctus
3166 4207 3500 4262 sanctorum

1863 4300 2430 4372 advenerit,cunctis
2453 4297 2839 4367 adnuntiavit,
2855 4303 3030 4367 atque
3053 4310 3121 4352 ne
3138 4290 3502 4351 consecratio

1865 4394 2250 4451 reiteraretur
2283 4387 2598 4460 prohibuit.
2633 4386 2868 4442 l‘andem
2902 4385 3170 4442 omnibus
3200 4379 3500 4450 valedixit,

142 4472 234 4544 vis,
279 4478 436 4548 aquis
483 4493 888 4551 aquarumque
935 4479 1300 4547 decursibus,
1343 4485 1402 4534 et
1452 4479 1751 4537 basilicam
1781 4468 1835 4528 D
1867 4476 2147 4550 suumque
2179 4477 2399 4534 exitum
2450 4474 2734 4530 maturius
2779 4473 3089 4529 affuturum
3136 4469 3424 4544 praedixit.
3459 4467 3505 4522 Ο

143 4565 302 4618 sancti
339 4567 563 4624 Martini
619 4566 676 4622 in
727 4566 848 4638 ipsa
891 4566 1026 4622 villa
1068 4566 1426 4624 Bettiliniaca
1470 4568 1582 4638 (60)
1624 4583 1756 4624 con-

147 4651 416 4724 structam,
445 4670 574 4726 quze
600 4655 814 4724 omnia,
841 4654 994 4711 sicut
1027 4654 1275 4710 habebat
1305 4661 1365 4710 et
1394 4656 1752 4726 possidebat,

147 4743 322 4796 sancto
346 4741 555 4798 Vitono
587 4747 648 4798 et
681 4741 816 4798 huic
858 4743 1008 4814 patri
1059 4745 1260 4799 nostro
1312 4743 1461 4798 idem
1509 4742 1760 4799 contulit

150 4829 542 4899 perpetualiter
573 4829 923 4902 possidenda
949 4845 1098 4887 anno
1124 4830 1235 4887 inc.
1266 4831 1424 4886 Dom.
1449 4834 1554 4886 775
1583 4830 1762 4886 indic-

152 4911 287 4969 tione
320 4915 397 4986 lt,
430 4924 712 4988 regnante
742 4917 952 4974 Karolo
983 4919 1185 4988 Magno
1215 4933 1366 4973 anno
1417 4918 1578 4988 regni
1635 4917 1762 4987 ejus

148 5001 193 5067 8,
220 5001 301 5059 die
329 5008 357 5058 5
385 5007 519 5064 ldus
548 5006 909 5077 Novembris,
946 5007 998 5063 in
1033 5007 1158 5080 ipsa
1211 5007 1445 5064 scilicet
1491 5006 1763 5078 sollemp-

153 5089 312 5146 nitate
340 5097 520 5170 sancti
553 5094 743 5168 patris
775 5096 957 5152 nostri
991 5097 1204 5153 Vitoni.

211 5179 555 5252 Diligebatur
587 5189 782 5240 autem
813 5185 882 5240 ab
913 5187 1180 5243 omnibus
1208 5185 1393 5243 totius
1444 5185 1605 5255 regni
1651 5185 1768 5256 pri-

1868 4570 2120 4640 quantus
2153 4566 2204 4620 io
2248 4578 2386 4620 voce
2418 4563 2540 4620 haec
2573 4562 2766 4618 luctus
2793 4561 3068 4627 omnium,
3097 4572 3223 4628 quae
3254 4554 3506 4627 suspiria

1862 4658 2160 4728 juvenum,
2179 4652 2378 4723 quanti
2401 4652 2654 4722 gemitus
2675 4649 2994 4706 dolentium
3011 4651 3022 4702 ε
3041 4647 3107 4701 Et
3131 4644 3260 4715 quis
3285 4657 3392 4699 non
3409 4641 3508 4696 lle-

1870 4749 1979 4814 ret,
2005 4742 2100 4800 ubi
2135 4746 2334 4796 tantus
2362 4740 2450 4795 vir
2480 4753 2646 4795 suum
2671 4752 2700 4793 a
2723 4735 2938 4793 saeculo
2969 4731 3276 4789 nunciabat
3309 4742 3510 4786 exces-

1872 4847 1992 4889 sum
2024 4832 2047 4886 ‘l
2077 4829 2185 4897 Qui
2215 4843 2277 4884 se
2309 4827 2608 4884 cohiberet
2642 4839 2670 4879 a
2705 4823 2980 4887 lacrimis,
3018 4820 3112 4876 ubi
3163 4821 3323 4873 tanta
3380 4820 3507 4872 erat

1873 4918 2181 4976 destitutio
2213 4915 2464 4972 omnium
2498 4914 2552 4968 in
2586 4911 2848 4968 absentia
2879 4907 3027 4966 tanti
3059 4905 3297 4978 patris?
3328 4903 3512 4975 Igitur

1872 5010 2152 5064 consueta
2185 5004 2392 5060 salutis
2427 5002 2771 5059 documenta
2821 4996 3114 5069 replicans
3163 5007 3342 5066 seque
3394 4991 3512 5050 illis

1874 5092 2304 5163 commendans,
2339 5091 2609 5148 omnibus
2643 5087 2958 5156 benedixit,
2984 5089 3041 5141 et
3068 5089 3133 5141 ut
3164 5080 3378 5139 domini
3412 5081 3516 5136 Dei

1878 5182 2342 5238 memorarentur
2367 5173 2703 5244 ammonuit,
2735 5178 2793 5230 et
2827 5173 2908 5230 sic
2938 5169 3172 5242 expleto
3202 5167 3388 5225 omcio
3418 5164 3520 5221 do-

1489 5299 1726 5356 VIARE
1767 5294 2149 5354 LECTIONES

157 5383 218 5420 ’³³
238 5393 538 5461 geuebardi
570 5407 723 5454 corr.
758 5397 1047 5458 teutbardi
1079 5412 1128 5458 c.
1159 5397 1230 5432 ”‘
1265 5399 1439 5454 Verte
1470 5395 1519 5451 II
1553 5395 1688 5452 folia
1719 5399 1779 5450 et
1812 5394 2045 5465 require
2075 5386 2381 5459 sequentia
2413 5389 2524 5444 sub
2557 5387 2664 5442 hoc
2699 5384 2866 5454 signo
2897 5381 3020 5441 cod.

224 5556 322 5631 (60)
355 5562 706 5622 Bettinville.

1715 5490 1936 5548 NOTIE.
