3898 6326
411 271 521 336 155
1361 269 1726 338 HUGONIS
1767 263 2116 332 ABBATIS
2155 263 2846 330 FLAVINIACENSIS
3704 263 3817 326 156

410 417 566 464 mum
597 403 850 478 rediens,
884 402 1163 480 languore
1193 403 1636 480 ingravescente
1667 400 1860 464 acrius
1890 396 2044 473 cepit
2074 396 2132 459 Α
2159 399 2323 461 dunt.
2355 401 2472 460 Nec
2500 399 2738 460 defuere
2768 396 3034 471 exequiis
3053 395 3210 456 beati
3237 392 3502 470 corporis
3528 392 3813 456 calcate:

409 495 652 556 anxiari.
701 495 920 554 Dehinc
967 497 1190 555 relatus
1219 498 1290 554 ad
1334 495 1682 566 mcclesiam,
1715 491 1910 551 exitus
1957 487 2045 550 sui
2158 490 2534 564 exequiarum
2567 488 2842 560 ministri,
2876 488 2972 562 qui
3015 490 3248 547 beatum
3298 487 3494 557 funus,
3525 486 3675 544 dum
3709 503 3810 546 suo

411 585 862 663 praestolabatur
891 587 1089 643 horam
1118 586 1398 656 gaudens,
1419 590 1475 642 et
1501 586 1676 642 verba
1711 584 1845 641 vitae
1875 582 2050 638 omni-
2159 582 2418 639 ambiunt
2469 583 2775 654 apparatu,
2809 580 3048 638 odorem
3083 578 3482 638 dulcissimum
3512 594 3622 636 sua
3673 593 3810 650 pre-

407 676 518 732 hus
547 676 923 732 annuncians.
956 676 1133 732 Plena
1164 679 1288 732 erat
1338 675 1606 732 ecclesiae
1655 674 2044 741 lacrimarum,

411 763 578 836 plena
606 764 946 834 gemituum,
983 764 1148 837 plena
1179 764 1572 836 plangentium
1604 769 1662 820 et
1705 760 2043 820 dolentium.

413 851 580 909 Solus
601 852 722 923 ipse
743 851 1054 922 gaudebat,
1079 853 1174 923 qui
1199 868 1313 923 quo
1332 854 1654 910 vocabatur
1676 849 2046 926 agnoscebat,

412 945 471 998 et
503 942 867 1000 vocationem
900 957 1058 999 suam
1099 941 1372 1013 precibus
1417 943 1876 999 commendabat.
1912 941 2050 996 Cum

415 1028 733 1086 clamarent
758 1045 984 1088 omnes:
1004 1031 1128 1088 Cur
1147 1045 1270 1100 nos,
1285 1031 1491 1103 Pater,
1508 1032 1730 1088 deseris
1749 1039 1775 1088 ?
1791 1031 1905 1088 C’ui
1919 1031 2053 1086 tuas

415 1131 544 1176 oves
569 1118 864 1177 desolatas
880 1118 1214 1189 relinquis?
1229 1121 1352 1190 Ipse
1365 1120 1616 1177 omnium
1640 1119 2050 1188 miserebatur,

415 1207 687 1262 omnibus
701 1205 1186 1278 compatiebatur,
1201 1222 1438 1264 omnesa
1454 1207 1712 1265 lacrimis
1727 1212 2052 1278 temperare

419 1293 666 1349 docebat
694 1300 753 1349 et
776 1294 887 1350 sibi
911 1295 980 1350 ad
1007 1296 1264 1364 requiem
1291 1295 1672 1352 festinancius
1691 1295 1943 1350 eundum
1960 1292 2048 1348 ²³⁸.

418 1380 532 1436 Nec
565 1381 748 1437 multo
781 1387 913 1452 post
943 1384 1102 1440 venit
1153 1385 1290 1439 hora
1324 1387 1526 1440 sancto
1558 1381 1852 1454 optabilis,
1885 1387 2055 1450 grata

419 1469 726 1538 spiritibus
755 1470 1052 1540 angelicis,
1089 1477 1270 1528 mesta
1307 1471 1518 1540 ﬁliolis,
1545 1476 1604 1526 et
1633 1485 1864 1527 servum
1889 1485 2053 1526 suum

421 1561 556 1626 post
579 1557 800 1613 diutina
825 1559 1157 1628 praeliorum
1181 1559 1460 1618 exercitia
1487 1559 1748 1615 Christus
1771 1559 2057 1615 invitabat

421 1644 490 1700 ad
525 1647 780 1716 praemia.
811 1649 1190 1704 Presentibus
1216 1663 1356 1717 ergo
1388 1647 1670 1704 mcclesiaa
1727 1663 1846 1704 suae
1896 1647 2052 1716 filiis,

2160 671 2346 727 sentia
2377 670 2750 740 exibuerunt,
2780 673 2841 726 ut
2876 669 3062 742 palam
3093 667 3324 725 cunctis
3358 666 3609 725 daretur
3639 666 3807 724 intel-

2160 757 2282 829 ligi,
2315 759 2617 815 advenisse
2646 758 2768 815 illic
2799 759 2985 830 ipsum
3017 771 3248 828 quoque
3279 759 3582 814 auctorem
3617 755 3808 813 suavi-

2157 849 2320 904 tatis.
2355 850 2426 904 Et
2455 861 2676 904 revera.
2699 848 2827 918 Ipsa
2857 845 3008 903 enim
3041 844 3300 901 clemens
3319 843 3485 900 aﬂ'uit
3503 843 3804 914 divinitas,

2161 934 2476 992 consolans
2505 933 2828 1003 lugentium
2879 932 3167 1002 lacrimas,
3201 931 3528 1001 notitieans,
3563 945 3706 1002 qua
3753 932 3805 987 in

2161 1023 2436 1080 defuncto
2485 1023 2694 1094 pietas,
2748 1025 2962 1092 quanta
3015 1019 3382 1092 simplicitas,
3426 1034 3556 1090 qua:
3609 1019 3806 1076 cordis

2163 1110 2343 1168 fuerit
2393 1110 2636 1182 puritas.
2672 1109 2877 1165 Statim
2929 1122 3178 1180 namque
3227 1113 3289 1165 ut
3335 1106 3486 1164 coelo
3531 1105 3806 1179 spiritum

2163 1198 2440 1268 reddidit,
2465 1198 2594 1255 dua;
2623 1196 2910 1254 columbae
2940 1195 3310 1254 candidiores
3339 1195 3470 1252 nive
3499 1195 3576 1252 ab
3609 1195 3808 1252 ethere

2162 1286 2389 1343 cunctis
2418 1285 2752 1342 videntibus
2782 1283 2962 1356 lapsae
2995 1298 3173 1356 super
3213 1297 3444 1340 crucem
3491 1297 3630 1354 quae
3679 1287 3808 1339 ante

2163 1388 2378 1444 corpus
2417 1377 2542 1429 erat
2593 1372 2894 1442 sederunt,
2926 1377 2982 1428 et
3034 1387 3137 1444 per
3182 1384 3385 1428 omnes
3425 1369 3806 1442 exequiarum

2165 1476 2376 1532 moras,
2411 1475 2718 1532 usquequo
2751 1459 3072 1532 sepulturae
3106 1459 3385 1516 traditum
3433 1462 3549 1528 est,
3587 1473 3810 1516 manse-

2167 1552 2320 1619 runt,
2357 1549 2556 1619 sicque
2588 1548 2951 1604 intuentibus
2980 1547 3114 1618 illis,
3149 1547 3359 1604 iterum
3410 1547 3528 1618 poli
3577 1552 3808 1604 secreta

2167 1637 2630 1708 petierunt.Cum
2647 1641 2805 1693 tanta
2819 1651 2959 1706 ergo
2971 1635 3228 1692 caelestis
3240 1635 3538 1692 exercitus
3554 1635 3808 1706 frequen-

422 1737 552 1804 post
585 1733 775 1790 dulcia
808 1735 938 1792 vitae
972 1736 1207 1803 monita,
1245 1739 1374 1808 post
1407 1736 1605 1792 ultima
1637 1735 2056 1792 consolationis
2085 1743 2140 1804 Β
2171 1725 2249 1781 tia
2271 1729 2538 1781 curatum
2561 1729 2650 1781 est
2675 1739 2894 1796 corpus
2911 1724 3092 1795 patris
3111 1723 3199 1794 pia
3217 1722 3804 1793 ﬁliorumdiligentia,

422 1820 683 1876 affamine
715 1823 927 1878 viatico
959 1824 1182 1880 caelesti
1215 1829 1439 1895 pastus,
1468 1839 1607 1895 pace
1627 1824 1760 1880 data
1790 1825 2056 1880 omnibus

424 1908 476 1962 in
513 1908 659 1964 bona
691 1911 1052 1966 confessione
1073 1911 1342 1982 spiritum
1368 1913 1482 1966 Deo
1505 1911 1764 1980 tradens,
1793 1912 2056 1982 patribus

422 1997 545 2050 suis
574 2002 664 2052 est
697 1999 1018 2068 appositus,
1051 1999 1300 2070 adeptus
1341 2000 1616 2070 optimam
1652 2005 1894 2070 partem,
1928 2015 2056 2070 quae

421 2098 530 2138 non
564 2083 864 2140 auferetur
894 2085 964 2140 ab
996 2100 1087 2155 eo,
1123 2087 1254 2156 quia
1288 2086 1344 2142 in
1379 2101 1518 2158 pace
1552 2086 1654 2141 fuit
1702 2086 1864 2144 locus
1907 2087 2052 2156 ejus,

421 2174 478 2226 et
509 2171 565 2226 in
597 2171 730 2226 Sion
762 2173 1046 2229 habitatio
1073 2173 1222 2244 ejus.

492 2257 632 2323 (Fol.
659 2261 1108 2331 59.)[Banr.12.]
1134 2262 1258 2318 Fuit
1283 2265 1474 2318 autem
1501 2263 1708 2319 beatus
1730 2263 2060 2321 Madelveus

421 2359 451 2400 a
486 2349 746 2415 tempore
795 2347 1043 2418 I’ippini,
1097 2350 1193 2418 qui
1243 2350 1522 2417 Ansegiso
1572 2353 1738 2407 ortus
1787 2351 2056 2407 Karolum

423 2433 684 2489 Tutidem
714 2435 936 2505 genuit,
971 2437 1066 2506 qui
1101 2441 1265 2507 pater
1294 2437 1542 2508 Pippini,
1563 2453 1634 2492 cx
1665 2453 1778 2509 quo
1810 2439 2056 2496 Karolus

423 2522 660 2591 Magnus
688 2526 777 2580 est
796 2524 1049 2592 genitus,
1074 2525 1286 2595 extitit,
1308 2525 1476 2596 cujus
1500 2541 1682 2597 usque
1706 2527 1774 2584 ad
1795 2533 2055 2600 tempora

424 2608 520 2666 hic
543 2609 737 2681 justus
765 2611 913 2666 vixit
941 2613 1059 2668 vita
1092 2614 1303 2683 sobria,
1335 2613 1642 2684 juventute
1688 2620 1870 2686 casta,
1904 2631 2058 2673 com-

425 2698 592 2771 piens
614 2714 846 2756 cursum
869 2699 1002 2757 vitae
1015 2701 1321 2772 praesentis
1335 2701 1390 2757 in
1405 2707 1706 2760 senectute
1723 2704 1870 2760 bona
1885 2703 2052 2770 (Gen.

427 2785 702 2854 Caroli).
729 2787 1096 2844 Senectutem
1122 2795 1316 2845 autem
1347 2790 1525 2861 ipsam
1546 2791 1812 2862 dicimus,
1837 2808 1962 2863 quae
1985 2794 2057 2849 ab

421 2888 572 2930 anno
602 2874 854 2931 hominis
877 2875 1356 2948 quinquagesimo
1382 2878 1436 2933 in
1461 2880 1952 2950 septuagesimum
1977 2895 2061 2937 se-

421 2962 665 3034 ptimum
698 2963 1038 3034 porrigitur,
1069 2965 1298 3034 quando
1323 2965 1440 3035 jam
1459 2981 1489 3022 a
1513 2970 1666 3022 statu
1687 2982 1792 3022 suo
1813 2967 2060 3024 minora-

425 3050 471 3146 ri
504 3053 562 3106 et
595 3049 873 3146 infirma—ri
904 3051 1095 3146 virtus
1125 3052 1370 3108 humana
1405 3052 1627 3124 incipit,
1657 3054 1795 3146 quia
1827 3059 1886 3110 et
1917 3059 2059 3146 aetas
2091 3084 2138 3146 α

418 3135 542 3208 ipsa
565 3151 694 3208 quae
716 3152 746 3194 a
768 3144 864 3194 77°
887 3153 1036 3194 anno
1055 3139 1110 3193 in
1133 3153 1402 3194 occasum
1426 3139 1816 3210 protenditur,
1835 3141 2056 3198 senium

419 3229 478 3280 et
508 3223 808 3296 decrepita
837 3230 1116 3290 vocatur;
1137 3225 1367 3295 quando
1390 3226 1497 3282 hoc
1521 3241 1748 3298 quoque
1781 3227 1934 3299 quod
1966 3243 2059 3286 su-

417 3315 635 3382 perest,
669 3311 914 3381 languor
945 3316 1002 3368 et
1035 3313 1242 3368 horror
1271 3313 1443 3369 habet
1465 3311 1552 3368 3“.
1578 3314 1740 3380 Quod
1763 3315 1894 3372 ideo
1919 3316 2058 3372 dici-

417 3403 535 3468 tur,
562 3413 631 3454 ne
663 3398 914 3470 simplex
941 3399 1129 3456 lector
1159 3400 1404 3457 audiens
1427 3401 1659 3458 beatum
1683 3403 1869 3459 virum
1893 3403 1948 3459 in
1971 3418 2058 3461 se-

418 3490 656 3543 nectute
689 3487 834 3544 bona
884 3503 1120 3546 cursum
1167 3503 1624 3559 consummasse,
1651 3490 1885 3547 estimet
1925 3506 2056 3548 eum

419 3589 602 3645 usque
632 3575 702 3631 ad
727 3575 984 3633 ultimam
1009 3579 1366 3634 senectutem
1389 3578 1614 3634 venisse
1635 3596 1649 3644 ;
1673 3594 1804 3636 cum
1828 3585 2057 3636 constet

419 3677 885 3734 unumquemque
914 3669 1122 3720 exacto
1168 3665 1366 3736 spacio
1408 3667 1690 3738 temporis
1737 3668 2055 3740 prastituti

417 3750 560 3807 hora
581 3751 868 3822 prmﬂnita
890 3752 947 3808 in
979 3753 1164 3810 oculis
1195 3753 1416 3810 Domini
1451 3754 1784 3812 defunctum
1818 3770 2056 3813 cursum

414 3838 757 3910 complesse,
783 3854 888 3897 nec
907 3841 1149 3898 interest
1174 3847 1368 3898 utrum
1390 3843 1520 3912 quis
1542 3842 1596 3898 in
1620 3846 1925 3900 senectute
1955 3848 2053 3900 aut

413 3926 790 3995 injuventute
813 3943 914 3986 seu
940 3929 996 3985 in
1018 3929 1258 3986 infantia
1282 3929 1540 3986 debitum
1555 3930 1899 4002 expleverit,
1917 3931 2054 4002 quin

414 4015 606 4072 minus
635 4020 696 4072 et
726 4017 799 4072 de
832 4017 960 4088 ipso
993 4016 1223 4075 dicatur
1255 4037 1268 4071 :
1305 4018 1561 4076 Cursum
1605 4020 2050 4076 consummavit.

415 4101 605 4172 [Βεητ.
643 4103 752 4173 12.]
787 4103 942 4158 Obiit
974 4108 1166 4160 autem
1191 4109 1351 4160 terra
1384 4105 1672 4176 plorante,
1712 4106 1862 4162 coelo
1897 4105 2056 4178 plau-

414 4189 610 4256 dente,
645 4189 700 4243 in
728 4189 992 4260 proximo
1013 4191 1293 4260 episcopii
1318 4192 1513 4262 fundo,
1531 4193 1686 4263 quod
1717 4193 1931 4250 dicitur
1952 4195 2056 4250 No-

412 4275 646 4344 vavilla,
673 4280 706 4332 4
726 4277 866 4332 Non.
889 4277 1182 4348 Octobris,
1217 4292 1366 4334 anno
1388 4281 1581 4336 aetatis
1602 4295 1722 4337 sum
1735 4283 1824 4350 66,
1841 4281 1896 4337 in
1926 4282 2054 4354 ipso

415 4360 590 4417 inicio
635 4361 987 4419 albescentis
1052 4365 1392 4435 senectutis,
1444 4382 1662 4424 exuens
1703 4370 2054 4441 corruptibi-

413 4447 528 4506 lem
559 4450 752 4507 carnis
779 4451 1053 4522 tunicam,
1079 4452 1327 4510 induens
1359 4430 1620 4511 deificam
1655 4430 2054 4515 immortalita-
2080 4430 2133 4491 D

413 4536 494 4595 tis
512 4537 740 4596 stolam.
765 4539 885 4596 Hoc
907 4545 1149 4612 accepto
1169 4541 1358 4612 elogio
1376 4543 1584 4600 civitas
1607 4547 1730 4600 tota
1755 4545 2048 4617 turbatur,

411 4625 662 4700 populus
691 4627 882 4684 omnis
913 4642 1138 4686 merore
1185 4630 1452 4687 amcitur.
1487 4632 1601 4688 Nec
1652 4647 1832 4703 mora,
1867 4633 2054 4690 omnis

410 4717 1350 4788 aetas,uterquesexusindiscrete
1363 4721 1594 4791 corpori
1610 4720 1838 4777 obviam
1853 4725 2050 4792 ruunt,

407 4801 776 4864 lacrimarum
810 4805 1029 4864 imbres
1059 4805 1325 4878 fundunt,
1353 4807 1734 4880 plangoribus
1760 4821 1893 4865 aera
1926 4812 2058 4864 tun-

2168 1818 2226 1869 et
2257 1813 2339 1869 sic
2368 1828 2498 1869 cum
2521 1812 2673 1869 omni
2699 1811 3072 1868 veneratione
3095 1810 3431 1880 dignissima
3454 1809 3723 1867 delatum
3743 1810 3805 1866 ad

2169 1901 2492 1958 aecclesiam
2509 1900 2663 1956 beati
2679 1900 2834 1956 Petri
2849 1899 3246 1970 apostolorum
3265 1898 3548 1970 principis
3562 1897 3808 1954 ﬁliorum

2168 1989 2445 2059 humeris,
2461 2004 2591 2061 qua:
2604 1989 2717 2044 sita
2739 1987 2809 2044 ad
2832 1985 3351 2058 septentrionalem
3375 1985 3610 2058 plagam
3636 1986 3806 2054 urbis,

2167 2077 2224 2132 in
2257 2091 2370 2148 qua
2412 2077 2716 2149 preciosus
2763 2075 2987 2132 Domini
3035 2076 3336 2131 confessor
3383 2074 3642 2131 Vitonus
3688 2087 3806 2131 cum

2168 2165 2367 2222 multis
2401 2165 2935 2238 prmdecessoribus
2965 2177 3064 2220 seu
3097 2161 3544 2219 successoribus
3575 2161 3707 2219 suis
3736 2176 3812 2217 re-

2166 2253 2417 2323 quiescit
2440 2251 2788 2324 praesulibus
2815 2251 3062 2316 sanctis;
3080 2250 3176 2306 ubi
3197 2243 3384 2306 officio
3406 2247 3808 2320 sollempniter

2165 2354 2234 2396 ex
2264 2355 2422 2396 more
2443 2339 3216 2410 celebrato,occurrentibus
3237 2337 3560 2395 vicinarum
3589 2337 3807 2394 urbium

2166 2429 2461 2501 episcopis
2486 2436 2655 2484 terra:
2677 2432 2766 2484 cst
2793 2427 3122 2484 mandatum
3143 2441 3273 2482 cum
3295 2424 3503 2495 gloria.
3523 2424 3689 2482 Felix
3710 2439 3807 2481 ac-

2165 2517 2345 2574 clesia
2375 2517 2523 2573 tanti
2572 2515 2759 2588 patris
2811 2513 3146 2572 humatione
3195 2513 3403 2582 digna!
3435 2511 3605 2569 Felix
3649 2512 3804 2569 locus

2163 2605 2312 2661 tanti
2344 2604 2604 2662 thesauri
2637 2602 2944 2672 largitione
2976 2601 3198 2658 ditatus
3227 2603 3240 2655 ι
3273 2601 3516 2656 Beatum
3561 2599 3799 2656 dixerim

2168 2691 2466 2765 populum,
2499 2691 2646 2748 tanti
2680 2690 2932 2763 pastoris
2961 2688 3239 2759 regimine
3277 2686 3687 2758 sublimatum,
3718 2689 3802 2744 be-

2167 2780 2499 2838 nedictione
2513 2774 3798 2852 protectum,miraculisjocundatum.Etenim

2169 2869 2220 2925 si
2246 2868 2432 2939 gloria
2465 2866 2744 2924 aecclesiae
2767 2865 2895 2922 laus
2917 2863 3175 2922 doctoris
3218 2867 3330 2933 est,
3357 2867 3600 2934 quanta:
3621 2867 3796 2932 erant,

2169 2957 2343 3012 immo
2371 2960 2605 3027 quantm
2625 2959 2759 3011 sunt
2783 2955 2953 3024 hujus
2975 2953 3258 3011 mcclesiae
3279 2939 3622 3025 glorim,'cuj
3633 2969 3698 3010 us
3717 2953 3800 3010 do-

2169 3049 2390 3102 ctorem
2421 3047 2584 3100 tanta
2633 3045 2786 3099 Deus
2832 3043 3202 3114 omnipotens
3253 3041 3544 3112 approbat
3595 3041 3799 3099 laude!

2167 3135 2316 3191 Ecce
2347 3133 2416 3190 ad
2449 3131 2726 3203 exequias
2755 3132 2882 3203 ejus
2911 3130 3165 3188 celestes
3203 3129 3581 3186 excubabant
3627 3130 3800 3186 minis

2170 3221 2266 3291 tri,
2301 3224 2364 3278 ut
2402 3224 2823 3290 agnosceretur
2869 3219 2925 3274 in
2972 3218 3149 3276 terris
3195 3220 3409 3290 quanta
3455 3218 3618 3276 hunc
3665 3220 3800 3274 Deus

2165 3309 2350 3381 gloria
2380 3309 2655 3365 donasset
2683 3308 2738 3362 in
2769 3307 2954 3364 caelis.

2239 3396 2380 3467 (Fol.
2407 3395 2538 3468 59’.)
2564 3397 2734 3451 Beata
2761 3394 2928 3468 plane
2951 3393 3330 3464 exequiarum
3356 3393 3590 3466 funera,
3612 3392 3797 3450 talium

2165 3485 2406 3542 testium
2437 3483 2773 3540 visitatione
2805 3483 3013 3553 digna!
3044 3483 3112 3537 Et
3139 3481 3274 3553 quid
3303 3483 3392 3538 est
3415 3479 3722 3538 columbas
3739 3478 3798 3535 de

2165 3572 2317 3630 coelo
2357 3572 2606 3641 venisse,
2643 3570 2828 3628 funeri
2877 3570 3221 3641 obsequium
3249 3575 3307 3626 et
3339 3569 3624 3626 solatium
3671 3583 3798 3642 prai-

2167 3661 2383 3730 buisse,
2401 3661 2611 3716 iterum
2625 3661 2854 3716 cunctis
2879 3658 3210 3715 videntibus
3231 3657 3341 3715 celi
3373 3662 3608 3715 secreta
3641 3656 3798 3731 petis-

2167 3748 2368 3818 se,nisi
2385 3747 2673 3804 Christum
2690 3748 2744 3804 in
2760 3747 2956 3819 specie
2975 3745 3134 3802 alitis
3149 3747 3409 3803 innocua
3425 3745 3704 3804 ﬁdelibus
3717 3760 3798 3818 po-

2166 3837 2320 3908 pulis
2349 3837 2421 3892 de
2444 3841 2630 3892 morte
2654 3835 2840 3906 patris
2855 3833 3239 3891 maerentibus
3257 3847 3542 3905 suamque
3567 3835 3797 3892 destitu-

2167 3923 2730 3994 tionemlugentibus
2744 3926 3018 3995 patenter
3029 3919 3340 3978 ostendere
3353 3919 3794 3992 voluisse,illum

2163 4013 2330 4085 cujus
2363 4011 2534 4068 funus
2559 4015 2706 4080 erat,
2743 4011 2799 4066 in
2838 4009 3164 4067 innocentia
3212 4013 3271 4065 et
3321 4007 3703 4081 simplicitate
3733 4007 3797 4064 vi-

2164 4103 2336 4170 xisse,
2373 4100 2498 4157 sine
2533 4099 2666 4155 felle
2696 4098 3104 4155 amaritudinis
3147 4097 3325 4155 vitam
3365 4096 3548 4168 piam,
3585 4097 3796 4154 timara-

2165 4197 2302 4261 tam,
2335 4188 2844 4258 circumspectam,
2877 4185 3210 4254 sollicitam,
3246 4185 3557 4242 societatis
3586 4189 3797 4242 sancto-

2161 4295 2291 4339 rum
2323 4276 2570 4346 avidam,
2595 4275 2668 4331 ab
2698 4274 2854 4332 omni
2885 4273 3120 4331 malitiae
3161 4287 3308 4330 nevo
3337 4273 3653 4331 immunem
3683 4285 3794 4330 exe-

2161 4369 2336 4438 gisse,
2362 4372 2422 4422 et
2451 4363 2746 4422 consortia
2779 4365 3111 4420 sanctorum
3143 4362 3198 4418 in
3225 4361 3412 4432 gloria
3443 4364 3630 4420 curiae
3647 4361 3793 4420 cale-

2163 4456 2273 4514 stis
2306 4454 2397 4527 pia
2422 4451 2730 4510 devotione
2751 4450 3036 4508 meruisse
3055 4458 3083 4508 ?
3104 4449 3402 4507 Accedant
3424 4449 3619 4508 adhuc
3636 4455 3693 4508 et
3711 4461 3793 4522 po-

2165 4545 2313 4601 tiora
2340 4538 3019 4610 miracula,gloriﬁcetur
3039 4539 3194 4596 Deus
3215 4537 3272 4594 in
3291 4537 3515 4596 sanctis
3539 4539 3685 4608 suis,
3707 4534 3790 4609 qui

2162 4636 2255 4689 est
2281 4616 2658 4686 mirabilis'in
2689 4626 2964 4698 operibus
2995 4626 3134 4684 suis.
3168 4628 3415 4684 Iiumato
3436 4625 3594 4683 enim
3627 4623 3791 4699 patris

2163 4732 2430 4791 corpore,
2466 4720 2529 4774 ut
2561 4715 2980 4774 ostenderetur
3002 4715 3058 4771 in
3077 4714 3237 4772 caelis
3260 4729 3496 4787 semper
3514 4715 3711 4773 vivere
3729 4709 3788 4768 ad

2167 4805 2528 4864 ostendenda
2560 4803 2841 4878 praeclara
2871 4804 3001 4876 ejus
3029 4803 3254 4876 merita,
3281 4803 3496 4862 fiebant
3519 4804 3595 4862 ad
3622 4797 3790 4876 sepul-

1761 4973 2000 5031 VARL/‘E
2040 4971 2438 5028 LECTIONES.

473 5122 548 5206 ’ξξ
575 5137 644 5180 us
671 5124 928 5206 eundum
952 5124 1053 5181 vel
1087 5125 1247 5206 talia
1265 5099 1988 5206 guratum-abscisusth
2008 5125 2075 5180 in
2100 5137 2147 5181 ο.
2183 5122 2403 5206 Auctor
2427 5119 2923 5206 Mcjuseruitet
2936 5119 3147 5206 portae
3420 5121 3649 5206 delevit
3674 5139 3686 5175 :
3711 5119 3788 5206 Δηιξ

407 5193 585 5275 {entia
617 5194 770 5250 enim
803 5201 1029 5275 septem
1061 5195 1228 5251 annis
1261 5189 1482 5264 linitur,
1516 5197 1584 5250 14
1616 5193 1884 5266 pueritia.
1911 5193 2181 5276 .Sequens
2213 5190 2609 5274 adolescentia
2641 5191 2870 5248 duabus
2901 5189 3132 5246 constat
3171 5189 3517 5272 ebdomadis
3569 5193 3786 5318 prore!

408 5262 773 5320 intellectum
807 5269 866 5318 et
896 5268 1180 5322 actionem
1212 5281 1244 5321 c
1276 5264 1391 5320 duo
1427 5263 1679 5320 nondum
1709 5269 1876 5320 crant
1909 5279 2025 5322 inn.
2053 5265 2122 5320 Et
2153 5266 2476 5322 porrigitur
2504 5261 2626 5320 hac
2654 5265 2801 5319 aetas
2831 5275 2862 5317 a
2895 5265 2988 5317 15°
3018 5275 3166 5318 anno
3197 5277 3252 5316 in
3276 5264 3446 5318 28m.
3473 5263 3656 5319 Sucee
3696 5271 3784 5316 ens

408 5277 773 5320 inteiiecium
807 5277 866 5318 et
896 5277 1180 5322 actionem
1212 5281 1244 5321 c
1276 5277 1391 5320 duo
1427 5277 1679 5320 nondum
1709 5277 1876 5320 crant
1909 5279 1962 5319 in
2013 5306 2025 5320 .
2053 5277 2122 5320 Et
2153 5277 2476 5336 porrigitur
2504 5277 2626 5320 nae
2654 5277 2801 5319 aetas
2831 5277 2862 5317 a
2895 5277 2988 5317 ιδυ
3018 5277 3166 5318 anno
3197 5277 3252 5316 in
3276 5277 3446 5318 25m.
3473 5277 3784 5319 succedens

401 5333 906 5416 juventus-tribus
935 5338 1169 5416 constat
1201 5333 1543 5416 ebdomadis
1577 5338 1819 5406 propter
1848 5280 2208 5416 interiectum
2243 5338 2299 5390 et
2331 5332 2618 5416 actionem
2650 5330 3028 5416 et_corporis_
3048 5331 3346 5416 virtutem,
3381 5345 3512 5416 qua;
3539 5329 3785 5416 aﬂuit}:

410 5399 654 5486 cipiens,
686 5406 1264 5486 §9°consummatuin
1300 5399 1592 5486 Senectus
1619 5399 1756 5486 vero
1789 5408 2068 5486 quattuor
2097 5403 2438 5486 ebdgmadis
2483 5402 2829 5486 completur,
2850 5399 3520 5486 'propter_acciden'tem
3580 5403 3634 5484 in
3687 5399 3786 5486 illis

406 5472 600 5530 tribus
632 5475 802 5530 animi
835 5477 892 5530 et
927 5476 1195 5546 corporis
1222 5473 1610 5544 gravitatem;
1643 5472 1844 5545 incipit
1876 5478 1971 5531 50°
2003 5488 2174 5544 anno,
2205 5479 2300 5531 77°
2331 5472 2701 5533 terminatur.
2735 5472 3018 5531 Senectus
3046 5477 3238 5530 autem
3268 5487 3520 5545 vergens
3551 5487 3582 5530 a
3606 5473 3783 5544 juven-

403 5547 532 5602 tute
561 5544 620 5602 in
653 5544 880 5603 senium
912 5558 1041 5615 qum
1073 5544 1370 5616 decrepita
1398 5548 1642 5602 vocatur
1672 5545 1850 5602 vitam
1882 5543 2143 5602 ultimam
2190 5543 2488 5602 anhelans.
3232 5584 3240 5591 .
