3898 6338
116 286 216 349 157

108 518 183 573 tia
216 516 374 574 illum
408 531 439 573 a
498 532 683 589 puero
730 521 804 576 ab
858 522 1010 577 omni
1072 522 1507 594 inquinamento
1557 527 1751 584 carnis

110 605 305 675 abluit,
338 609 716 677 mentemque
739 609 1297 677 ejuscastiilcansab
1340 612 1607 671 illusione
1633 616 1752 672 dia-

112 693 285 750 bolica
320 698 610 764 potenter
639 696 915 767 defendit,
934 714 1117 769 usque
1141 700 1250 756 sibi
1269 703 1482 758 mundo
1497 705 1675 761 corde
1689 707 1748 760 et

109 786 263 838 casto
293 797 549 852 corpore
583 784 972 857 servivit,ejus
1006 794 1136 857 post
1160 789 1381 845 obitum
1418 792 1750 848 evidentius

111 870 610 927 manifestavit.Ut
631 873 1449 945 enimipsiusmensinviolata
1487 879 1749 950 libidine,

111 956 180 1011 ita
204 971 336 1013 caro
370 958 592 1013 mansit
620 960 954 1032 incorrupta
973 965 1608 1036 putredine.Siquidem
1625 983 1754 1024 cum

109 1046 434 1116 sepulcrum
466 1048 601 1117 ejus
624 1048 934 1107 cotidianis
962 1053 1246 1109 virtutum
1301 1056 1535 1111 ﬂoreret
1561 1056 1753 1127 prodi-

110 1134 213 1202 giis
235 1140 289 1187 et
315 1134 553 1189 crebris
581 1135 923 1206 populorum
958 1141 1434 1210 frequentaretur
1464 1144 1753 1215 excubiis,

110 1228 226 1277 erat
259 1227 449 1276 tamen
481 1222 661 1277 situm
696 1224 1082 1293 negligentius
1116 1243 1282 1298 quam
1310 1230 1501 1300 poscit
1541 1232 1754 1287 debita)

107 1310 495 1364 venerationis
530 1310 746 1366 cultus.
786 1314 973 1378 Quare
999 1315 1232 1384 dignum
1262 1317 1425 1372 duxit
1458 1322 1757 1374 tunctem-

108 1400 255 1466 poris
284 1400 611 1471 episcopus
645 1405 953 1472 clerusque
976 1404 1164 1459 omnis
1194 1410 1253 1459 et
1305 1405 1554 1476 populus
1614 1406 1756 1461 illud

107 1494 319 1545 mutare
344 1493 678 1548 decentius.
713 1493 1056 1547 Presidebat
1111 1506 1181 1546 eo
1238 1497 1499 1564 tempore
1553 1495 1757 1551 Virdu‘

106 1578 550 1634 nensiecclesize
588 1578 1266 1649 Bcrhardusepiscopus,
1304 1580 1393 1634 vir
1428 1581 1757 1638 catholicus

108 1670 162 1718 et
183 1665 496 1734 religiosus
516 1672 578 1721 et
603 1667 658 1721 in
692 1667 801 1721 fide
821 1672 1018 1721 sancta
1045 1668 1565 1739 nominatissimus,
1583 1670 1755 1742 impe-

1369 298 1858 365 CHRONICON.
1894 337 1968 350 -
1998 302 2155 367 LIB.
2197 306 2247 367 Ῑ.

109 439 264 485 crum
295 422 426 497 ejus
460 424 1056 488 divinamiracula.Et
1085 428 1216 504 quia
1246 430 1340 506 pia
1364 433 1463 493 Dei
1502 432 1750 493 clemen-
1779 432 1832 496 A
1866 437 2100 512 dunum,
2138 454 2265 513 qua:
2298 439 2481 501 sitain
2495 441 2745 502 confinio
2770 441 3056 503 Neustrias
3079 447 3138 501 et
3162 441 3485 504 Austrasias

3385 300 3501 364 158

1866 530 2179 600 ntrohique
2212 530 2528 589 incursioni
2554 532 2950 605 diripientium
2967 533 3153 603 patuit
3177 536 3234 590 et
3261 534 3499 605 rapina).

1863 619 2102 674 Duravit
2123 619 2225 676 hec
2241 621 2489 677 vastitas
2503 636 2604 692 per
2618 636 2799 678 annos
2811 620 3163 692 complures,
3191 636 3221 677 a
3238 626 3505 693 tempore

1865 705 2089 762 scilicet
2122 708 2459 764 Theoderici
2492 714 2551 765 et
2587 710 2870 780 principis
2929 710 3188 778 Ebroini,
3254 726 3497 780 quorum

1868 794 2130 850 bestialis
2162 800 2217 851 et
2251 810 2360 851 non
2388 796 2633 854 humana
2653 798 2876 855 saavitia
2901 797 3211 855 maculavit
3260 813 3499 868 regnum

1869 882 2218 938 Francorum
2250 884 2526 953 sanguine
2550 900 2855 956 procerum
2878 890 2936 941 et
2960 890 3287 955 magnatum
3322 901 3505 957 usque

1866 969 1937 1025 ad
1962 972 2281 1027 secundum
2296 972 2523 1043 Pippini
2543 973 2695 1042 regis
2709 988 3063 1045 annum,quo
3078 974 3389 1032 institutus
3410 980 3507 1033 est

1867 1072 1896 1114 a
1939 1058 2229 1130 Stephano
2254 1075 2396 1132 papa
2413 1076 2514 1117 rex
2547 1063 3161 1132 Francorum,sicutet
3180 1063 3503 1133 praedeces-

1868 1160 1966 1201 sor
1998 1147 2123 1215 ejus
2149 1148 2453 1204 Zacharias
2481 1149 2892 1220 constituerat,
2925 1151 3021 1221 qui
3080 1151 3186 1207 fuit
3208 1166 3393 1209 annus
3431 1154 3503 1209 ab

1869 1233 1978 1289 inc.
2014 1234 2171 1289 Dom.
2207 1236 2488 1292 734.1‘unc
2512 1237 2756 1307 primum
2791 1237 3055 1294 discussa
3080 1238 3330 1307 caligine
3371 1239 3502 1296 hor-

1869 1321 2061 1377 ribilis
2094 1323 2364 1393 turbinis,
2390 1324 2648 1380 noValux
2668 1325 2807 1381 oriri
2825 1325 2945 1381 visa
2961 1330 3051 1381 est
3077 1325 3388 1382 Galliarum
3404 1342 3503 1399 po-

1869 1408 2045 1477 pulis,
2078 1414 2135 1464 et
2168 1410 2384 1480 plebes,
2410 1426 2536 1481 quae
2567 1413 3123 1484 carebantpastore,
3157 1428 3323 1470 suum
3352 1429 3505 1484 quaa-

1870 1510 1981 1564 que
2013 1498 2279 1552 certatim
2305 1513 2509 1569 rapere
2545 1518 2558 1565 ;
2592 1515 2704 1570 quo
2728 1515 2876 1556 anno
2927 1501 3358 1558 inthronizatus
3406 1506 3500 1558 est

1867 1582 1957 1637 hic
1974 1585 2180 1640 beatus
2197 1587 2549 1642 auctoritate
2566 1588 2839 1657 Stephani
2858 1603 3018 1659 papae
3033 1593 3089 1643 et
3106 1589 3330 1659 Pippini
3349 1591 3503 1661 prin-

1867 1671 2013 1742 cipis
2046 1672 2232 1729 laude.
2260 1676 2401 1730 Dum
2433 1689 2572 1744 ergo
2598 1677 2814 1732 referat
2837 1677 3092 1747 cronica,
3114 1677 3251 1747 quid
3278 1678 3498 1735 fuerita

109 1756 262 1808 rante
294 1755 578 1810 Lothario
608 1755 881 1810 Ludovici
914 1755 997 1809 Pii
1034 1754 1360 1823 filio,cujus
1389 1759 1750 1826 regnumfuit
1781 1774 1832 1833 Β
1864 1762 2126 1830 tempore
2157 1761 2383 1832 Pippini
2419 1763 2513 1831 qui
2549 1764 2825 1832 Anscgiso
2857 1768 3023 1820 ortus
3041 1764 3309 1821 Karolum
3337 1764 3507 1821 Tudi-

105 1842 261 1897 ltalia
286 1858 418 1898 cum
454 1844 607 1899 urbe
639 1844 817 1898 Roma
848 1848 904 1899 ct
940 1848 1106 1914 parte
1125 1846 1380 1902 Francia:
1413 1860 1582 1916 quam
1599 1848 1750 1903 Mosa

106 1934 161 1983 et
191 1931 424 1987 Rhenus
457 1931 621 1986 inter
645 1945 709 1986 se
739 1931 1035 1987 claudunt.
1065 1932 1225 1997 Quod
1247 1948 1399 2002 cum,
1423 1934 1507 1989 uti
1535 1933 1751 1990 delibe-

110 2024 367 2073 raverant
402 2019 622 2088 animo,
650 2022 947 2074 certarent
992 2020 1205 2075 effosso
1254 2019 1501 2090 implere
1559 2035 1751 2077 sarco-

110 2107 302 2177 phago,
336 2106 542 2162 subito
576 2106 697 2162 illis
722 2107 1127 2163 iuestimabilis
1157 2111 1389 2164 ostensa
1436 2112 1527 2164 est
1577 2110 1743 2165 visio.

111 2196 235 2249 Nam
267 2194 465 2250 ablato
496 2194 799 2265 sepulchri
832 2194 1201 2265 cooperculo,
1238 2197 1438 2252 vident
1498 2197 1748 2253 cadaver

111 2286 233 2336 ante
267 2286 331 2336 40
361 2297 553 2339 annos
580 2282 919 2337 defunctum
937 2282 1098 2338 velut
1124 2284 1415 2339 viventem
1464 2285 1747 2340 hominem

116 2376 463 2439 soporatum,
497 2368 1028 2425 candoreliliorum
1068 2370 1159 2427 vel
1212 2372 1423 2427 rubore
1484 2386 1746 2428 rosarum

112 2458 418 2526 perfusum,
457 2457 622 2513 nulla
654 2457 872 2513 macula
902 2472 1004 2512 nec
1030 2457 1224 2527 aliquo
1260 2460 1463 2516 mortis
1493 2460 1657 2529 signo
1674 2460 1748 2515 fe-

115 2544 314 2601 datum.
340 2545 467 2610 Quo
483 2545 618 2600 viso
639 2544 938 2613 miraculo,
961 2545 1259 2615 odoreque
1275 2548 1492 2617 perfusi
1525 2548 1749 2604 suavis-

113 2632 260 2697 simo,
286 2638 578 2705 ceperunt
609 2632 750 2687 ﬂere
766 2647 885 2703 pra:
901 2633 1442 2705 gaudio,levantesq
1455 2651 1519 2692 ue
1533 2651 1747 2707 corpus

114 2720 281 2775 sancti
312 2735 443 2777 cum
463 2721 805 2777 reverentia
827 2724 882 2775 et
903 2720 1115 2791 jubilo,
1135 2722 1186 2777 in
1203 2728 1531 2794 prrcparato
1561 2729 1748 2780 trans-

114 2814 315 2876 ponunt
353 2808 687 2878 mausoleo,
724 2808 818 2863 ubi
843 2813 1058 2864 extunc
1114 2815 1393 2879 operatur
1446 2811 1740 2881 divinitas,

115 2900 459 2966 cunctosque
485 2896 594 2952 Dei
630 2895 893 2951 medetur
926 2896 1132 2966 pietas.
1161 2897 1396 2967 Sopitur
1445 2899 1633 2954 omnis
1666 2899 1742 2954 ibi

113 2980 423 3053 infirmitas,
465 2984 715 3052 fugatur
738 2982 993 3052 caecitas,
1019 2984 1559 3056 erigiturcurvitas,
1578 2986 1745 3042 robo-

116 3073 266 3124 ratur
293 3070 608 3141 debilitas,
642 3070 912 3125 omnihus
933 3070 1198 3127 redditur
1227 3072 1464 3129 sanitas.

174 3158 350 3214 Habet
372 3158 492 3227 jam
529 3159 750 3214 beatus
781 3158 1093 3215 Vitonusin
1108 3159 1267 3215 caelis
1287 3160 1507 3216 socium
1521 3165 1579 3216 et
1610 3176 1745 3218 con-

113 3245 298 3315 civem,
339 3260 510 3316 quem
545 3245 758 3301 habuit
784 3244 1097 3316 aliquando
1130 3247 1187 3301 in
1238 3248 1418 3304 terris
1449 3247 1741 3305 alumnum

112 3338 160 3387 et
190 3332 453 3390 devotum
491 3347 929 3391 successorem.
965 3334 1317 3402 Conjunctus
1347 3337 1434 3390 est
1450 3336 1741 3393 sanctisin

110 3420 297 3491 gloria,
317 3422 535 3491 quibus
562 3421 823 3477 devotus
840 3421 1081 3478 servivit
1096 3422 1149 3476 in
1167 3422 1273 3478 hac
1294 3421 1737 3493 vitallaboriosa.

112 3507 412 3573 Queramus
442 3514 501 3565 et
536 3522 657 3564 nos
684 3522 813 3564 eum
839 3514 1144 3579 patronum
1168 3514 1227 3564 et
1253 3514 1740 3579 tutorem,etcum

108 3595 328 3666 reliquis
358 3598 597 3654 sanctis
620 3596 775 3667 pium
834 3598 985 3668 apud
1036 3599 1214 3653 Deum
1264 3598 1736 3669 intercessorem,

110 3698 260 3753 quem
290 3687 623 3741 meruimus
658 3685 870 3740 habere
902 3684 1202 3741 doctorem
1236 3689 1292 3740 et
1316 3686 1585 3742 veritatis
1600 3702 1743 3757 prae-

108 3785 309 3827 cenem.
343 3772 469 3829 Illic
504 3786 661 3840 ergo
695 3772 922 3843 positus
957 3772 1166 3828 noshic
1198 3775 1736 3844 orantesexaudiat,

108 3862 326 3917 tueatur
356 3867 414 3917 et
448 3864 759 3934 protegat,
791 3865 849 3915 et
882 3874 1025 3931 quos
1046 3861 1219 3916 habet
1246 3861 1490 3917 interris
1521 3862 1742 3934 suppli-

111 3962 197 4002 ces
214 3949 885 4019 veneratores,optineat
908 3963 1045 4005 suos
1058 3949 1112 4003 in
1129 3948 1272 4005 celis
1287 3949 1407 4005 fore
1446 3951 1736 4008 concives.

175 4036 285 4099 (Fol
312 4039 425 4108 60.)
456 4039 515 4093 Si
548 4050 704 4105 ergo
731 4037 902 4106 hujus
927 4036 1095 4093 beati‘
1118 4036 1228 4092 viri
1286 4036 1499 4093 ductus
1544 4054 1739 4095 amore

114 4123 338 4193 diligens
366 4127 558 4183 lector
600 4124 924 4181 studiosius
970 4125 1130 4196 cupit
1179 4124 1505 4195 addiscere,
1549 4127 1739 4197 quoin

114 4217 350 4283 tempore
382 4219 562 4270 natus
604 4227 790 4282 quove
820 4212 1396 4284 sitadepiscopatum
1440 4219 1741 4284 promotus

115 4305 235 4367 quot
267 4300 998 4371 annisanteepiscopatum
1022 4300 1272 4370 velquot
1306 4302 1362 4355 in
1395 4302 1737 4373 episcopatu

116 4386 323 4458 vixerit,
355 4395 411 4445 et
451 4406 579 4460 quo
618 4387 901 4443 hominem
930 4389 1159 4445 exuerit
1193 4393 1391 4444 teneat
1444 4390 1736 4446 cronicam

1863 1852 1981 1902 tem
2013 1849 2233 1917 genuit,
2270 1865 2450 1919 usque
2512 1852 2582 1906 ad
2624 1852 2817 1907 Karoli
2865 1857 3148 1923 tempora,
3204 1857 3504 1910 teneamus

1863 1951 2070 1992 annum
2104 1938 2174 1991 ab
2216 1937 2325 1992 inc.
2361 1940 2518 1993 Dom.
2556 1942 2678 2006 712,
2714 1954 2827 2008 quo
2862 1939 3068 1995 beatus
3096 1940 3188 1995 hic
3218 1944 3390 1997 natus
3411 1946 3501 1996 est

1863 2023 2176 2079 indictione
2200 2027 2285 2094 l3,
2321 2028 2380 2079 et
2400 2025 2483 2081 sic
2507 2026 2896 2096 computando
2918 2026 3307 2083 ascendentes
3330 2027 3495 2082 habe~

1862 2111 2050 2166 bimus
2084 2112 2242 2182 ipsos
2271 2113 2689 2183 annos,quibus
2718 2114 2998 2185 Pippinus
3038 2114 3385 2185 supervixit,
3403 2129 3500 2170 an-

1860 2213 1964 2254 nos
1991 2199 2164 2254 etiam
2198 2206 2285 2270 27,
2324 2202 2534 2271 quibus
2562 2202 2806 2257 Karolus
2822 2201 3074 2271 optinuit
3107 2201 3497 2273 principatum

1858 2291 1994 2356 post
2016 2290 2258 2357 patrem,
2284 2302 2387 2343 sex
2416 2289 2590 2343 etiam
2623 2288 2835 2358 quibus
2868 2288 2967 2342 filii
2995 2289 3123 2359 ejus
3166 2288 3496 2345 Karloman-

1859 2388 1969 2429 nus
2000 2379 2056 2430 et
2081 2375 2362 2446 Pippinus
2396 2380 2526 2446 post
2557 2391 2687 2431 eum
2717 2375 2995 2432 dominati
3020 2380 3153 2432 sunt
3179 2377 3496 2433 communi-

1858 2468 1970 2531 ter,
2009 2470 2260 2533 quatuor
2292 2480 2520 2535 quoque
2541 2465 2753 2543 quibus
2783 2468 2917 2520 ante
2969 2464 3302 2521 unctionem
3336 2463 3499 2522 solus

1863 2551 2246 2621 principatum
2280 2552 2553 2623 eptinuit,
2581 2553 2766 2621 ipsum
2799 2552 2973 2607 etiam
3007 2567 3239 2623 annum,
3266 2567 3380 2623 quo
3438 2553 3494 2608 in

1860 2652 2053 2707 regem
2077 2637 2340 2694 elevatus
2356 2645 2463 2707 est,
2482 2645 2541 2693 et
2565 2639 2649 2694 sic
2673 2654 2949 2694 summam
2974 2640 3198 2695 numeri
3218 2640 3497 2710 colligen-

1861 2730 1950 2780 tes
1981 2725 2339 2781 inveniemus
2372 2727 2522 2795 quod
2558 2729 2623 2783 45
2656 2726 2849 2783 atatis
2884 2740 3169 2783 suaaanno
3189 2741 3497 2784 consecra-

1860 2817 1956 2869 tus
1988 2813 2062 2867 sit
2085 2812 2368 2868 electione
2393 2827 2663 2883 superna,
2681 2825 2750 2869 eo
2773 2813 2996 2870 scilicet
3031 2829 3204 2884 anno,
3231 2814 3488 2888 quoPip-

1860 2901 2031 2973 pinus
2063 2916 2163 2957 rex
2194 2900 2552 2958 constitutas
2582 2916 2612 2956 a
2644 2915 2789 2972 papa
2821 2905 2931 2957 est.
2968 2902 3112 2958 Hinc
3135 2902 3493 2960 iterumenu-

1858 2990 2098 3045 meratis
2123 3005 2173 3045 a.
2211 2993 2275 3045 15
2291 2989 2500 3059 quibus
2515 2994 2717 3059 postea
2741 2988 3021 3060 Pippinus
3042 2988 3202 3045 solus
3225 2990 3491 3059 regnavit

1857 3081 1911 3132 et
1945 3081 1977 3132 8
2009 3078 2173 3132 annis
2200 3077 2361 3147 regni
2382 3076 2596 3146 Karoli,
2631 3077 2762 3147 quia
2797 3077 2854 3131 in
2883 3091 3035 3132 nono
3050 3076 3143 3133 hic
3163 3078 3372 3133 beatus
3396 3078 3496 3134 ho-

1856 3164 2065 3220 minem
2098 3166 2280 3234 exuit,
2315 3164 2753 3221 cumobsideret
2815 3164 3060 3222 Karolus
3115 3165 3487 3222 Tharovisam

1856 3251 2038 3307 Italiaa
2072 3252 2293 3321 urbem,
2327 3252 2687 3309 inveniemus
2718 3253 2869 3323 quod
2904 3256 2971 3308 84
2994 3252 3374 3324 pontificatus
3402 3254 3493 3310 sui

1855 3353 2006 3394 anno
2039 3337 2221 3410 perm
2253 3340 2535 3410 perituris
2549 3338 2789 3396 celestia
2804 3345 2863 3396 et
2877 3343 3492 3411 aeternacommutans,

1855 3426 1909 3481 in
1937 3427 2199 3498 proximo
2215 3428 2499 3499 episcopii
2520 3428 2718 3498 fundo,
2743 3428 2839 3499 qui
2856 3427 3404 3498 diciturNovavilla,
3422 3429 3494 3484 ad

1852 3515 2154 3571 Dominum
2170 3515 2531 3586 migraverit,
2547 3520 2579 3571 4
2600 3518 2789 3572 Nonas
2820 3517 3112 3587 Octobris,
3157 3516 3352 3573 aetatis
3372 3530 3493 3574 suae

1853 3616 1904 3657 a.
1940 3606 2027 3673 68,
2063 3602 2379 3659 indictione
2412 3608 2501 3672 15,
2552 3607 2757 3674 epacta
2806 3607 2895 3674 28,
2929 3618 3079 3660 anno
3115 3602 3492 3675 pontificatus

1854 3690 2088 3746 Adriani
2106 3706 2269 3763 papae
2302 3692 2416 3761 (6t)
2447 3696 2638 3761 sexto,
2672 3692 2743 3749 ab
2766 3692 2875 3747 inc.
2902 3693 3062 3748 Dom.
3099 3707 3149 3747 a.
3175 3698 3299 3761 777,
3321 3694 3497 3749 Cons-

1854 3779 2065 3834 tantini
2098 3783 2157 3835 et
2188 3781 2386 3835 Irenes
2428 3778 2809 3850 temporibus,
2875 3793 3023 3835 anno
3072 3779 3233 3850 regni
3293 3793 3495 3836 eorum

1853 3870 2042 3937 sexto,
2070 3881 2184 3922 uno
2208 3871 2342 3921 ante
2362 3865 2667 3936 septimam
2698 3865 2981 3934 synodum
3006 3879 3174 3921 anno.
3209 3867 3361 3935 Ergo
3415 3867 3499 3923 fe-

1852 3953 1931 4008 lix
1946 3953 2223 4009 Madelvei
2238 3957 2424 4021 ortus,
2450 3952 2676 4007 felicior
2723 3952 2859 4009 vitae
2873 3966 3102 4021 cursus,
3124 3951 3497 4010 felicissimus

1851 4041 1961 4097 fuit
1990 4054 2252 4109 occasus,
2287 4043 2603 4110 praestante
2631 4041 2769 4095 Jesu
2806 4038 3021 4094 Christi
3043 4038 3230 4108 gratia
3259 4038 3351 4095 cui
3400 4043 3493 4095 est

1849 4129 2031 4185 honor
2062 4132 2121 4183 et
2150 4127 2336 4195 gloria
2369 4127 2423 4182 in
2453 4126 2784 4184 seculorum
2814 4125 3031 4183 secula.
3067 4128 3264 4183 Amen.

1922 4214 2061 4285 (Fol.
2096 4214 2227 4286 69'.)
2249 4214 2492 4283 (Chron.
2525 4216 2688 4285 Div.)
2716 4214 3158 4284 Annoigiturab
3189 4214 3299 4270 inc.
3327 4214 3485 4270 Dom.

1850 4306 1975 4372 754,
2000 4302 2278 4374 Pippinus
2309 4314 2412 4356 rex
2444 4302 2683 4358 intravit
2718 4302 3197 4373 Langobardiam,
3253 4305 3312 4358 et
3367 4303 3490 4359 Ste-

1853 4391 2075 4463 phanus
2110 4404 2252 4461 papa
2288 4403 2560 4446 reversus
2592 4394 2680 4446 est
2724 4391 2979 4446 Romam.
3033 4393 3194 4446 Anno
3262 4404 3492 4461 quoque

121 4477 444 4534 memorialis
478 4479 639 4549 ejus,
665 4475 819 4531 etsic
836 4476 1388 4547 persuccedentium
1407 4476 1516 4533 sibi
1537 4493 1736 4547 regum
1766 4480 1821 4540 D
1855 4478 2051 4535 ahinc.
2087 4480 2244 4534 Dom.
2281 4477 2386 4534 760
2421 4478 2680 4549 perrexit
2710 4478 3096 4547 Wasconiam,
3138 4480 3196 4533 et
3230 4492 3378 4533 anno
3410 4492 3495 4533 se-

118 4568 168 4616 et
196 4564 577 4623 Romanorum
609 4563 946 4636 pontiﬁcum
978 4570 1236 4636 tempora
1268 4565 1418 4635 quod
1435 4567 1625 4636 querit
1659 4567 1741 4621 in-

119 4652 307 4708 veniet.
338 4655 617 4711 Relatum
643 4657 736 4709 est
769 4653 1057 4723 superius,
1077 4652 1227 4722 quod
1253 4657 1386 4709 ante
1427 4654 1742 4710 ordinatio-

123 4752 227 4794 nem
247 4744 366 4812 ejus
388 4739 701 4814 permulta
718 4740 940 4796 dierum
957 4739 1249 4798 curricula
1266 4742 1487 4811 absque
1505 4747 1740 4812 pastore

124 4824 272 4883 fuerit
314 4829 477 4900 plebs
501 4827 986 4885 Virdunica.Non
1008 4828 1160 4884 enim
1175 4828 1405 4883 sinebat
1436 4829 1741 4899 praefecto-

120 4927 251 4983 rum,
283 4918 374 4987 qui
406 4915 746 4985 etmajores
776 4915 975 4972 domus
1006 4916 1371 4981 dicebantur,
1400 4915 1741 4986 improhali-

117 5003 286 5059 centia
319 5006 628 5062 :ecclesias
665 5002 749 5059 uti
800 5002 1071 5059 libertate
1128 5003 1383 5074 propria,
1408 5018 1537 5060 cum
1583 5003 1739 5074 ipsas

120 5102 324 5163 quoque
352 5096 531 5151 urbes
546 5092 795 5150 nimium
816 5092 1130 5163 attriverit,
1149 5092 1392 5149 maxime
1407 5097 1599 5149 tamen
1616 5094 1679 5148 Vi
1689 5107 1740 5147 r-

1853 4567 2051 4637 quenti
2083 4581 2212 4623 cum
2243 4565 2378 4621 filiis
2410 4566 2580 4622 Karlo
2610 4569 2666 4621 et
2701 4566 3087 4622 Karlomanno
3120 4564 3488 4634 Aquitaniam

1850 4660 1910 4710 et
1940 4653 2412 4723 Bituricascepit.
2440 4654 2602 4710 Anno
2619 4657 2746 4721 762,
2767 4653 2974 4711 iterum
2992 4652 3097 4708 ivit
3120 4651 3489 4721 Aquitaniam

1849 4746 1907 4797 et
1924 4742 2279 4812 conquisivit
2295 4741 2624 4798 Lemovicas
2640 4741 3222 4810 civitatem.Cumque
3236 4739 3484 4809 septima

1849 4844 1973 4885 vnce
1992 4828 2213 4885 illoiret
2239 4827 2628 4898 perViennam
2647 4830 2953 4898 transitus,
2980 4827 3279 4883 Bcrterico
3301 4840 3374 4882 ex
3404 4826 3486 4882 fa-

1849 4916 2021 4973 mulis
2039 4917 2301 4973 ecclesiaa
2329 4916 2728 4987 episcopatum
2744 4917 3125 4973 Viennensem
3140 4914 3326 4972 dedit.
3348 4915 3489 4971 Post

1849 5006 1973 5060 haec
2003 5019 2151 5060 anno
2181 5005 2252 5059 ab
2284 5005 2394 5059 inc.
2428 5006 2585 5059 Dom.
2619 5006 2722 5059 768
2755 5004 2900 5059 obiit
2932 5007 2965 5058 8
2997 5002 3118 5059 Kal.
3186 5002 3483 5072 Octobris,

1849 5096 1904 5148 et
1925 5092 2130 5149 eodem
2162 5107 2311 5149 anno
2368 5092 2460 5149 die
2484 5090 2761 5148 videlicet
2787 5089 3255 5162 sequenti,uncti
3275 5092 3409 5148 sunt
3436 5090 3492 5145 in

1451 5218 1687 5274 νΑΡιυΕ
1728 5216 2124 5273 LECTIONES.

174 5282 235 5317 ³³⁷
260 5287 337 5345 ita
364 5300 413 5347 c.

1682 5384 1903 5440 NOT/E.

180 5484 279 5560 _(6_1)
302 5489 591 5547 Adrianus
621 5487 763 5545 inde
790 5493 847 5544 et
877 5492 945 5548 ab
975 5507 1028 5549 a.
1091 5493 1219 5560 772,
1283 5490 1699 5549 Constantinus
1719 5494 1779 5545 et
1800 5490 1965 5545 Irene
1986 5487 2057 5546 ab
2088 5500 2137 5542 a.
2176 5487 2282 5542 780
2304 5487 2601 5543 sederunt.
2638 5485 2895 5555 synodus
2926 5482 3153 5560 Nicena
3210 5496 3358 5539 anno
3387 5485 3491 5540 787

117 5553 382 5616 celebrata
404 5566 515 5618 est.
