3898 6324
408 274 518 348 159

1352 288 1720 354 HUGONIS
1757 281 2120 350 -ΑΒΒΑΤῙΒ
2159 281 2838 352 FLAVINIACENSIS

3684 299 3798 360 16‘)

395 391 581 494 treges
613 421 888 484 Karluset
903 424 1654 486 Karlomannus.Franciita
1689 425 2036 493 diviserunt,
2066 419 2125 484 Α
2155 420 2335 493 ptimo
2366 435 2516 480 anno
2550 423 2711 496 regni
2735 423 2949 482 Karoli.
2986 425 3140 484 Finis
3169 425 3348 498 igitur
3367 425 3507 485 belli
3540 427 3646 486 fuit
3661 429 3798 487 sub-

411 515 477 568 nt
506 513 750 571 Karolus
779 521 1022 587 partem,
1058 531 1227 588 quam
1261 521 1428 590 pater
1453 517 2034 589 Pippinustenuerat,

409 599 726 671 obtineret,
754 603 1318 662 Karlomannusvero
1333 610 1578 676 partem,
1607 619 1774 675 quam
1791 616 2040 675 proavus

412 700 612 745 eorum
642 689 1062 749 Karlomannus
1088 693 1392 762 habuerat,
1425 693 1770 764 susciperet.

484 775 607 845 (Fol
639 777 770 850 59’).
806 781 966 835 Anno
999 782 1068 835 ab
1099 781 1210 837 inc.
1271 783 1427 838 Dom.
1453 786 1575 850 755,
1629 780 1945 836 indictione
1984 784 2038 850 8,

415 869 548 936 post
577 866 919 936 Gayroinum
938 868 1292 940 episcopum,
1321 869 1416 938 qui
1450 869 1502 924 in
1549 868 1918 940 expeditione
1943 867 2043 922 im-

415 954 706 1022 peratoris
725 955 891 1024 obiit,
909 956 1151 1012 domnus
1165 959 1454 1014 Manasses
1467 957 1772 1014 ordinatur
1789 957 1969 1013 abbas
1983 955 2038 1012 in

413 1037 742 1098 Flaviniaco
779 1042 931 1099 dono
982 1043 1355 1116 imperatoris
1395 1046 1643 1118 Pippini.
1691 1045 1789 1102 IIic
1827 1060 2040 1116 corpus

415 1125 570 1183 beati
591 1129 838 1196 Prejecti
862 1131 1176 1201 martyrisa
1201 1132 1476 1190 Volovico
1490 1133 1743 1190 delatum
1759 1131 2039 1189 :ecclesiae

413 1229 535 1271 sua:
569 1215 766 1274 intulit
797 1219 977 1274 Sidus
996 1221 1349 1276 Novembris.
1375 1222 1475 1278 Hic
1497 1222 1671 1278 etiam
1691 1220 1894 1278 cellam
1927 1221 2041 1292 pri-

408 1316 539 1359 mus
571 1305 899 1362 Corbiniaci
925 1306 1228 1363 instituere
1245 1297 1444 1365 volens
1469 1310 1904 1379 abimperatore
1939 1310 2040 1363 Ka-

423 1390 764 1448 rolomanno
796 1393 1069 1464 obtinuit,
1097 1409 1200 1450 nec
1229 1399 1418 1451 tamen
1463 1397 1618 1452 fecit.
1653 1396 1806 1452 Obiit
1830 1411 1878 1451 a.
1913 1399 2039 1466 787,

415 1479 559 1533 Non.
597 1481 954 1547 Novembris,
988 1487 1054 1538 33
1083 1497 1230 1538 anno
1259 1499 1378 1540 suae
1426 1484 1830 1540 ordinationis.
1894 1483 2036 1552 (Fol.

407 1563 548 1636 'SO’.)
578 1567 868 1624 Successit
898 1569 1524 1627 Adalbertus.Karolus
1539 1572 1772 1640 Magnus
1791 1570 2041 1627 contulit

411 1653 527 1710 Deo
557 1659 614 1710 et
653 1662 857 1713 sancto
889 1659 1062 1713 Petro
1087 1663 1406 1728 santocque
1439 1659 1705 1728 Prejecto
1754 1665 1814 1714 et
1843 1658 2038 1714 abbati

2153 517 2280 570 acta
2302 511 2490 582 Italia,
2513 517 2572 568 et
2605 512 2940 571 Desiderius
2968 520 3253 586 perpetuo
3269 515 3446 572 exilio
3477 515 3798 588 deputatus

2153 600 2209 656 in
2247 600 2504 671 Francia,
2539 601 2690 658 filius
2712 601 2839 672 ejus
2857 602 3170 674 Adalgisus
3193 603 3594 674 pulsusltalia,
3619 609 3681 661 et
3709 620 3801 664 res

2153 705 2184 747 a
2217 688 2612 758 Langobardis
2639 695 2858 760 ereptae
2891 690 3148 748 Adriano
3179 707 3340 763 papae
3364 692 3678 750 restitutae.
3699 694 3800 750 Ka-

2155 778 2316 835 rolus
2344 793 2484 848 ergo
2526 778 2920 849 langobardia
2955 779 3218 848 subjecta
3235 784 3678 837 etsacramento
3709 781 3798 837 ﬁr-

2153 871 2304 924 mata
2329 883 2458 924 cum
2493 869 2852 940 praefecisset
2891 868 3045 924 omni
3071 868 3251 924 Italia:
3282 868 3587 940 Pippinum
3619 867 3796 926 ﬁlium

2151 969 2318 1012 suum
2349 969 2497 1010 anno
2527 955 2670 1028 ipso,
2707 957 2802 1025 qui
2836 960 2983 1023 erat,
3019 959 3082 1012 ut
3105 956 3325 1012 dictum
3381 958 3490 1025 est,
3552 956 3624 1012 ab
3683 955 3792 1013 inc.

2152 1043 2310 1098 Dom.
2347 1041 2470 1113 776,
2508 1043 2780 1114 repetivit
2818 1043 3031 1100 bellum
3066 1047 3267 1104 contra
3311 1044 3566 1100 Saxones
3611 1043 3798 1102 rebel-

2152 1129 2358 1187 lantes.

2224 1217 2398 1285 (Ann.
2431 1218 2615 1275 Petao
2644 1221 2664 1291 )
2691 1217 2881 1286 (Bnnr.
2911 1233 2962 1274 c.
2999 1220 3087 1292 14)
3144 1221 3306 1274 Anno
3337 1219 3410 1276 ab
3459 1219 3569 1275 inc.
3632 1221 3791 1277 Dom.

2151 1309 2274 1376 776,
2311 1305 2406 1376 qui
2424 1311 2552 1362 erat
2581 1307 2742 1375 regni
2769 1306 2958 1362 Karoli
2977 1311 3029 1376 9,
3055 1306 3202 1363 obiit
3224 1305 3554 1364 Madelveus
3573 1307 3796 1378 episco-

2153 1408 2280 1464 pus,
2311 1399 2372 1449 et
2403 1409 2532 1450 cum
2564 1384 2864 1450 obsideret.
2895 1395 3197 1451 exercitus
3239 1394 3432 1452 Karoli
3482 1395 3538 1450 in
3593 1397 3798 1452 Thars-

2151 1480 2272 1536 visa
2297 1481 2479 1538 Italiae
2494 1481 2733 1537 civ'tate
2755 1481 3102 1537 Stabilinum
3133 1497 3394 1539 socerum
3418 1483 3795 1554 Chrotgaudi,

2153 1567 2251 1638 qui
2273 1571 2477 1624 contra
2497 1568 2762 1624 Karolum
2786 1568 3196 1638 rebellaverat,
3214 1572 3270 1624 et
3296 1574 3545 1642 propter
3566 1570 3680 1626 hoc
3701 1571 3799 1627 Ka-

2153 1656 2279 1712 rolo
2309 1655 2533 1712 Italiam
2568 1657 2832 1726 ingresso
2865 1656 2918 1710 in
2955 1655 3109 1712 bello
3128 1656 3358 1713 occisus
3382 1661 3510 1713 erat
3543 1663 3714 1714 :erat
3745 1657 3796 1714 in

410 1741 707 1812 Manassae,
737 1750 796 1800 ut
821 1745 1014 1802 nullus
1047 1747 1336 1802 hominum
1362 1747 1810 1804 Flaviniacensis
1843 1745 2042 1802 :eecle-
2071 1763 2124 1823 Β
2153 1744 2351 1800 eadem
2381 1744 2619 1800 civitate
2652 1746 2862 1800 Petrus
2884 1744 2973 1799 vir
2995 1743 3252 1814 Italicus,
3275 1759 3303 1799 a
3329 1759 3441 1815 quo
3461 1745 3684 1801 tradita
3709 1751 3796 1802 est

411 1829 512 1885 size
546 1831 598 1885 in
631 1833 781 1886 omni
800 1849 975 1902 regno
991 1829 1394 1890 suoteloneum
1419 1835 1582 1891 daret
1603 1836 2038 1905 utcivitatibus,

410 1920 702 1988 mrrcatis,
720 1921 880 1990 vicis,
900 1921 1072 1990 villis,
1101 1923 1391 1993 pontibus,
1413 1925 1700 1994 portibus.
1726 1939 1834 1979 non
1860 1925 1930 1979 de
1953 1939 2041 1978 ro—

409 2004 622 2073 datico,
651 2007 1046 2077 barganatico,
1081 2010 1462 2080 pulveratico,
1526 2011 1825 2080 mutatico,
1897 2011 2044 2066 riva-

401 2091 526 2147 tico
555 2091 644 2161 ³⁸⁸,
673 2094 1005 2163 salutatieo,
1032 2095 1344 2166 laudatico,
1370 2097 1740 2154 tranaticom
1761 2102 1818 2154 et
1844 2099 1913 2152 de
1937 2099 2042 2154 hoc

409 2180 559 2248 quod
594 2181 858 2238 homines
889 2183 960 2238 ad
994 2184 1162 2240 dorsa
1190 2189 1423 2253 portare
1443 2185 1652 2253 solent,
1677 2185 2041 2256 quidquidjad

403 2265 500 2334 jus
531 2267 656 2323 fisci
687 2270 1016 2338 pertinebat
1043 2271 1304 2340 indulsit,
1327 2277 1386 2326 et
1419 2271 1488 2328 de
1530 2272 1798 2328 omnibus
1866 2275 2043 2330 terris

409 2355 818 2410 monachorum
855 2355 909 2410 in
944 2360 1068 2412 toto
1101 2357 1341 2426 imperio
1371 2374 1473 2413 suo
1525 2360 1816 2416 teloneum
1876 2375 2043 2416 omne

411 2439 498 2495 eis
521 2442 811 2498 concessit
845 2447 875 2496 :5
901 2445 1038 2498 Non.
1075 2445 1271 2513 Maiia.
1301 2447 1517 2516 7'regni
1552 2447 1640 2503 sui
1676 2445 1808 2520 (6'2).

484 2527 726 2595 (Chron.
747 2529 906 2596 Dio.)
933 2531 1352 2590 Karlomannus
1382 2534 1560 2604 igitur
1593 2540 1724 2605 post
1773 2535 2046 2594 adminis-

407 2620 627 2671 tratum
651 2618 1034 2674 communiter
1071 2620 1452 2688 quadriennio
1479 2637 1711 2691 regnum
1737 2623 2040 2680 dicessita.

403 2707 532 2768 771,
572 2703 755 2774 pridie
780 2704 898 2760 Kal.
932 2706 1261 2763 Decembris
1286 2726 1300 2773 ;
1323 2709 1562 2764 Carolus
1591 2709 1754 2766 solus
1804 2725 2043 2780 regnum

409 2789 684 2860 Optinuit.
723 2795 883 2848 Anno
916 2795 1077 2863 regni
1106 2794 1848 2866 suisecundo,dumadhuc
1866 2799 2046 2854 frater

409 2876 651 2947 viveret,
677 2879 890 2935 bellum
917 2881 1322 2951 Aquitanicum
1340 2899 1367 2938 a
1386 2889 1552 2956 patre
1573 2885 1926 2956 inchoatum,
1945 2885 2046 2942 sed

407 2963 662 3021 nondum
696 2965 941 3038 finitum,
975 2973 1131 3024 tanta
1167 2969 1447 3026 felicitate
1493 2973 1932 3041 consummavit,
1983 2977 2045 3030 ut

409 3065 634 3107 omnem
667 3057 726 3108 et
761 3055 1126 3124 Aquitaniam
1151 3061 1207 3112 et
1231 3059 1593 3113 Wasconiam
1620 3059 1728 3114 sibi
1763 3061 2043 3116 retineret

409 3143 468 3194 et
502 3139 611 3195 sibi
645 3141 982 3210 subjiceret.
1018 3144 1200 3212 Igitur
1230 3150 1358 3214 post
1380 3145 1730 3216 Stephanum
1749 3147 1818 3181 "°
1835 3147 2050 3206 Paulus

413 3225 565 3282 sedit
599 3227 791 3283 Romae
822 3229 988 3284 annis
1019 3235 1104 3299 10,
1138 3231 1232 3286 die
1264 3237 1314 3300 1,
1349 3232 1494 3288 obiit
1523 3248 1672 3290 anno
1709 3235 1868 3292 Dom.
1931 3236 2042 3292 inc.

414 3317 520 3370 767
553 3329 568 3378 ;
601 3319 734 3384 post
759 3329 925 3384 quem
956 3317 1282 3388 Stephanus
1313 3320 1478 3376 annis
1505 3325 1555 3391 3,
1610 3323 1902 3379 mensibus
1960 3329 2044 3394 10,

410 3399 619 3457 diebus
648 3403 734 3457 28.
772 3400 976 3469 (Gesta
991 3406 1150 3476 pont
1169 3406 1357 3473 Rom.)
1385 3408 1482 3463 Cui
1515 3410 1837 3467 succedens
1851 3411 2050 3468 Adria-

411 3500 542 3542 nus.
578 3488 688 3544 sub
723 3503 837 3559 quo
859 3490 1052 3546 habita
1087 3497 1176 3548 est
1211 3494 1510 3566 aquinque
1535 3497 2050 3570 patriarchisapud

407 3572 652 3630 Nicaeam
685 3577 1056 3648 synodusatio
1073 3581 1306 3636 Patrum
1346 3583 1706 3654 temporibus
1776 3586 2051 3642 Constan-

407 3659 516 3716 tini
549 3668 606 3717 et
633 3663 874 3735 liyrenaa
907 3667 1110 3722 matris
1143 3669 1750 3740 annoimperiieorum
1779 3673 2046 3745 septimo,

407 3749 571 3818 regni
605 3751 798 3806 Karoli
830 3753 1011 3823 Magni
1037 3753 1281 3824 decimo,
1317 3756 1388 3812 ab
1423 3757 1700 3814 inc.Dom.
1745 3763 1870 3830 778,
1896 3761 2050 3818 sedit

405 3837 570 3894 annis
600 3842 688 3910 24,
714 3841 1024 3911 mensibus,
1053 3846 1102 3910 3,
1129 3842 1336 3902 diebus
1371 3850 1454 3902 17.
1487 3845 1644 3904 Obiit
1673 3861 1822 3904 anno
1888 3849 2045 3904 Dom.

402 3922 514 3980 inc.
545 3929 668 3995 796,
699 3931 761 3982 et
781 3929 1066 3986 successit
1095 3931 1223 3988 Leo.

480 4011 726 4078 (Chron.
747 4015 914 4088 Dio.)
949 4017 1298 4088 Compositis
1325 4019 1519 4090 itaque
1542 4021 1788 4078 Karolus
1803 4022 2047 4080 rebusin

407 4098 741 4167 Aquitania,
777 4106 838 4155 et
868 4104 1028 4158 socio
1053 4105 1167 4174 jam
1191 4104 1486 4173 defuncto,
1523 4108 1796 4178 precibus
1811 4109 2046 4165 Adriani

408 4185 702 4254 pontificis
735 4187 974 4244 Romani
992 4189 1204 4246 bellum
1221 4197 1423 4248 contra
1449 4195 2042 4268 Langobardoscepit.

412 4273 576 4327 Anno
608 4277 713 4328 772
743 4274 990 4331 Karolus
1015 4275 1253 4334 intravit
1284 4278 1527 4351 Italiam,
1561 4287 1620 4337 et
1648 4283 1902 4354 suscepit
1931 4282 2048 4340 bel-

407 4356 524 4414 lum
549 4359 704 4428 quod
744 4374 773 4415 a
807 4369 975 4432 patre
1002 4377 1127 4432 suo,
1159 4365 1448 4438 Stephano
1478 4382 1624 4440 papa
1654 4370 2042 4442 supplicante,

407 4445 600 4502 fuerat
630 4455 990 4520 susceptum.
1023 4450 1262 4518 Quidam
1313 4461 1505 4511 autem
1560 4439 1637 4512 de
1697 4439 2128 4528 primoribusD

408 4532 761 4592 Francorum
795 4537 940 4594 adeo
964 4538 1251 4598 voluntati
1266 4542 1392 4612 ejus
1411 4543 1588 4600 renisi
1608 4550 1762 4615 sunt,
1797 4551 1859 4600 ut
1883 4559 1945 4602 se
1959 4561 2048 4604 re-

401 4633 530 4691 gem
565 4621 906 4682 deserturos
925 4631 982 4682 et
999 4626 1226 4685 domum
1245 4631 1782 4703 reversurosjlibere
1799 4648 2048 4703 pronun-

403 4707 653 4767 ciarent.
693 4713 954 4783 (Saeptum
985 4721 1177 4770 tamen
1201 4720 1310 4772 est.
1346 4718 1590 4774 Kaiolus
1615 4719 1793 4788 igitur
1813 4720 2048 4778 Deside-

409 4795 558 4852 rium
592 4797 1098 4870 Langobardorum
1134 4817 1326 4873 regem
1361 4819 1671 4874 paucorum
1703 4807 1925 4864 dierum
1949 4811 2047 4866 oh-

399 4882 635 4941 .sidione
657 4887 962 4959 compulit,
978 4893 1039 4944 et
1060 4889 1292 4946 obsides
1307 4891 1466 4962 dare,
1482 4897 1540 4949 et
1561 4899 1758 4965 erepta
1776 4895 2048 4955 Romanis

402 4971 927 5046 restituere,atque
941 4981 1006 5032 ut
1025 4991 1138 5033 non
1159 4983 1940 5050 repeterentursacramento
1956 4986 2046 5040 tir-

405 5071 579 5114 mare.
617 5060 788 5130 Papia
823 5069 1016 5120 autem
1039 5065 1256 5121 tradita
1279 5073 1374 5121 est
1397 5082 1546 5122 anno
1569 5068 1641 5124 ab
1666 5069 1776 5126 inc.
1801 5075 1924 5138 774,
1959 5087 2047 5128 se-

2153 1831 2382 1900 civitas,
2415 1836 2472 1886 ct
2505 1831 2581 1886 ob
2610 1832 2719 1888 hoc
2740 1831 3091 1888 Virdunensi
3123 1831 3464 1903 episc0patu
3479 1833 3797 1890 honoratus

2154 1921 2268 1974 est.
2305 1918 2569 1990 (F0161.)
2603 1919 2726 1985 Quo
2773 1919 2828 1974 in
2884 1923 3146 1989 tempore
3207 1923 3456 1990 praeerat
3525 1920 3796 1977 ecclesiae

2155 2005 2556 2064 sanctiVitoni
2586 2006 2814 2062 abbatis
2844 2005 3075 2062 nomine
3129 2012 3188 2062 et
3237 2006 3426 2062 ofﬁcio
3503 2007 3795 2064 Fretmodi

2155 2092 2435 2149 diaconus
2455 2097 2513 2148 ct
2543 2093 2742 2163 abbas,
2777 2093 2874 2164 qui
2911 2098 3040 2164 post
3055 2098 3320 2150 sanctum
3346 2093 3798 2151 Madelveumlo-

2153 2196 2280 2236 cum
2300 2180 2484 2250 ipsum
2502 2181 2816 2250 regendum
2839 2185 3200 2252 susceperat.
3221 2181 3604 2252 Temporibus
3619 2182 3799 2253 ipsius

2125 2320 2128 2324 .
2156 2268 2468 2336 Fretmodi,
2501 2269 2604 2324 hoc
2624 2274 2710 2323 est
2743 2269 2810 2322 14
2839 2283 2988 2324 anno
3013 2268 3172 2338 regni
3207 2268 3397 2324 Karoli
3445 2269 3544 2339 qui
3566 2275 3701 2324 erat
3733 2270 3800 2325 ab

2156 2355 2553 2410 incarnatione
2583 2355 2801 2410 Domini
2847 2369 2892 2410 a.
2927 2359 3052 2424 731,
3086 2354 3250 2410 dedit
3271 2356 3504 2425 quidam
3529 2357 3622 2411 vir
3646 2357 3802 2412 nobi-

2156 2442 2227 2499 lis
2251 2445 2434 2500 Bocco
2453 2443 2768 2499 canonicus
2801 2447 3004 2500 sancto
3017 2447 3076 2499 et
3092 2442 3507 2500 famulantibus
3531 2443 3667 2514 ejus
3701 2455 3800 2516 pro

2155 2529 2343 2586 anima
2375 2545 2478 2587 sua
2512 2534 2571 2586 et
2604 2545 2706 2602 pro
2764 2531 2951 2586 anima
3006 2530 3255 2601 Amlingi
3307 2531 3571 2600 germani
3601 2531 3696 2589 sui
3748 2531 3800 2588 in

2156 2617 2284 2689 ipso
2315 2617 2614 2688 cymiterio
2629 2617 2840 2688 sepulti
2863 2632 2958 2673 res
2984 2616 3362 2688 proprietatis
3387 2630 3508 2674 sua:
3530 2631 3684 2687 quas
3713 2619 3799 2674 ba-

2157 2705 2332 2761 bebat
2357 2705 2410 2761 in
2447 2719 2592 2776 pago
2617 2705 2986 2772 Vin-dunensi,
3017 2703 3146 2762 loco
3171 2705 3268 2776 qui
3293 2703 3510 2762 dicitur
3545 2705 3797 2762 Gailanaa

2157 2794 2344 2850 curtis
2370 2808 2548 2865 super
2580 2793 2816 2849 ﬂuvium
2842 2793 3034 2864 Agira,
3072 2793 3127 2848 id
3159 2798 3248 2849 est
3274 2791 3586 2848 ecclesiam
3616 2793 3678 2850 in
3711 2795 3798 2850 bo-

2158 2895 2297 2937 nore
2321 2880 2508 2936 sancti
2551 2880 2970 2952 ChristOphori,
3032 2895 3162 2937 cum
3219 2879 3488 2936 omnibus
3539 2895 3677 2950 quae
3733 2881 3794 2938 ad

2159 2968 2341 3040 ipsam
2367 2967 2558 3023 villam
2580 2968 2872 3038 pertinere
2899 2967 3267 3035 videbantur,
3292 2967 3444 3024 sicut
3498 2967 3557 3022 in
3597 2969 3794 3025 charta

2159 3055 2515 3112 continetur.
2548 3055 2921 3110 Postmodum
2945 3054 3278 3111 interventu
3308 3053 3378 3088 ²⁴¹
3393 3055 3556 3110 Petri
3579 3056 3796 3128 episco-

2160 3144 2213 3216 pi
2249 3143 2398 3198 idem
2423 3143 2728 3199 Fretmodo
2759 3142 2896 3198 fecit
2926 3141 3292 3212 praestarium
3317 3141 3658 3200 deRaherei
3679 3159 3795 3201 cur-

2160 3235 2218 3286 te
2240 3234 2299 3286 et
2322 3230 2393 3287 ad
2424 3243 2549 3286 eam
2577 3230 3008 3300 pertinentibus
3036 3229 3264 3286 cuidam
3285 3229 3519 3286 Bettoni
3579 3230 3792 3300 abbati,

2141 3319 2349 3389 ~qui....
2385 3321 2589 3373 sancto
2608 3318 2781 3372 Petro
2812 3320 2869 3372 et
2898 3320 3103 3372 sancto
3143 3317 3374 3372 Vitono:
3429 3317 3619 3387 quiet

2159 3403 2367 3461 Garani
2399 3411 2622 3462 curtem
2637 3419 2766 3460 cum
2789 3402 3234 3474 appendiciis,et
3259 3407 3390 3474 p0st
3406 3408 3662 3462 mortem
3684 3407 3798 3478 ejus

2159 3491 2496 3548 melioratas
2521 3491 2717 3548 curias
2741 3491 2872 3548 illas
2909 3497 3147 3547 sanctus
3175 3490 3437 3562 possedit
3483 3491 3790 3550 V...dinus.

2234 3577 2556 3653 [Bsnr.13.]
2580 3581 2732 3636 Tunc
2753 3578 3128 3650 episcopatus
3167 3577 3554 3636 Virduncusis
3603 3595 3716 3653 per
3741 3583 3796 3635 12

2161 3682 2344 3724 annos
2373 3681 2610 3736 vacuus,
2643 3666 2743 3723 sed
2775 3666 3006 3737 quidam
3040 3680 3245 3722 servus
3273 3665 3374 3722 Dei
3424 3667 3796 3726 Amalbertus

2162 3755 2410 3825 nomine,
2436 3753 2602 3824 juxta
2641 3768 2856 3810 morem
2887 3752 3171 3825 temporis
3202 3752 3359 3809 illius
3375 3753 3796 3828 factuscorepi-

2161 3858 2378 3914 scopus
2407 3842 2648 3912 regebat
2673 3841 2851 3914 ipsam
2868 3841 3211 3911 mcclesiam,
3245 3844 3303 3896 et
3333 3840 3388 3896 in
3410 3843 3670 3912 quodam
3687 3857 3799 3900 ora-

2161 3931 2314 3988 torio
2332 3930 2438 3987 sub
2470 3931 2688 3986 honore
2711 3929 2966 3986 omnium
2991 3928 3392 4000 apostolorum
3418 3932 3590 4000 quasi
3617 3931 3801 3990 solitae

2159 4019 2303 4074 riam
2337 4018 2516 4074 vitam
2540 4017 2810 4074 ducebat.
2843 4018 2912 4072 Et
2933 4020 3073 4072 tunc
3101 4017 3354 4088 perdidit
3380 4017 3506 4090 ipsa
3539 4019 3796 4077 aeccles‘a

2160 4105 2444 4176 quadam,
2481 4119 2610 4176 qua
2631 4103 2739 4160 sibi
2770 4103 2982 4160 collata
3007 4103 3318 4174 aliquando
3341 4105 3716 4177 possederat,
3746 4109 3796 4162 et

2159 4194 2269 4248 hoc
2302 4191 2358 4248 in
2391 4196 2653 4264 tempore
2685 4191 2878 4247 Karoli
2908 4191 3112 4262 Magni.
3136 4191 3274 4262 (16.,
3311 4195 3422 4264 14.)
3459 4193 3622 4250 Licet
3656 4195 3794 4251 enim

2159 4279 2660 4350 Petruspraal'atus
2673 4279 2759 4335 vir
2776 4278 3008 4336 Italicus
3027 4293 3128 4350 pro
3144 4279 3462 4336 traditione
3473 4281 3794 4339 Tharovisa

2160 4366 2232 4422 de
2264 4365 2390 4438 ipso
2417 4367 2762 4438 episcOpatu
2795 4366 3000 4424 fuisset
3033 4366 3187 4422 abeo
3201 4367 3544 4439 honoratus,
3564 4371 3702 4440 quia
3724 4374 3793 4426 ta-

2160 4469 2286 4512 men
2322 4467 2554 4526 semper
2572 4455 2832 4526 suspecti
2857 4457 2990 4511 sunt
3008 4454 3352 4525 traditores,
3380 4455 3434 4512 in
3451 4456 3791 4532 episcopatu

2161 4558 2264 4616 per
2291 4547 2528 4614 tempus
2557 4542 2964 4615 praescriptum
2999 4547 3272 4616 receptus
3293 4559 3405 4601 non
3438 4551 3551 4602 est.
3593 4547 3792 4604 Tamen

2160 4646 2230 4688 ne
2260 4630 2498 4687 verbum
2525 4630 2678 4700 regis
2705 4635 2861 4687 esset
2898 4631 3065 4687 inane
3087 4635 3144 4687 et
3174 4645 3438 4702 vacuum,
3491 4639 3628 4705 post
3663 4647 3794 4708 prae-

2157 4719 2440 4790 scriptum
2465 4732 2743 4774 annorum
2767 4719 3025 4790 spacium
3054 4733 3402 4776 concessum
3423 4725 3515 4778 est
3571 4721 3660 4780 illi
3721 4721 3788 4778 ci-

2155 4808 2397 4866 vitatem
2429 4805 2654 4876 ingredi
2685 4810 2740 4861 et
2769 4806 3109 4878 episCOpatu
3133 4806 3308 4877 potiri
3349 4822 3500 4866 anno
3552 4811 3630 4867 ab
3685 4811 3785 4868 inc.

2156 4897 2314 4952 Dom.
2349 4899 2456 4953 788
2483 4893 2573 4964 ω,
2599 4893 2822 4964 fuitque
2855 4909 2954 4966 per
2985 4898 3053 4950 25
3093 4908 3278 4952 annos
3313 4895 3446 4969 (16.)
3501 4901 3564 4953 et
3594 4911 3790 4970 passus

2155 4989 2244 5040 est
2274 4983 2453 5040 multa
2485 4981 2748 5038 adversa.
2787 4983 2957 5038 Certe
2979 4981 3152 5038 etiam
3178 4982 3590 5041 infidelitatem
3625 4987 3791 5058 impe-

2157 5071 2374 5128 ratoris
2449 5069 2789 5140 objecerunt
2847 5070 2952 5140 illi,
2986 5075 3047 5126 et
3101 5072 3176 5127 ob
3217 5071 3270 5125 id
3322 5086 3422 5142 per
3471 5073 3543 5130 12
3620 5087 3790 5131 annos

1234 5251 1239 5265 ,
1760 5195 1994 5252 νΑΒιιΕ
2035 5194 2432 5253 LECTIONES.

467 5290 954 5386 2::ciu.‘g€{€tgm:
985 5297 1200 5386 tra
1232 5301 1504 5386 deletam.
1547 5305 1616 5338 "°
1674 5305 1858 5378 [obiit]
1895 5309 2224 5382 Stephanus
2253 5308 2316 5363 ν.
2368 5305 2488 5364 Kal.
2521 5305 2646 5364 Maii
2683 5307 2844 5380 [ind].
2873 5308 2934 5362 Χ.
2968 5306 3036 5365 in
3062 5319 3253 5379 marg.
3278 5306 3348 5342 ²⁴¹
3369 5322 3488 5366 vos:
3518 5312 3791 5386 tota/ere

399 5364 605 5432 periit.
640 5363 710 5398 ²⁶²
733 5367 955 5424 lineola
979 5369 1198 5427 ultima
1210 5373 1420 5442 periit.

405 5495 410 5500 ’
469 5502 582 5578 (62)
615 5496 986 5578 RouquetV.,
1011 5499 1150 5580 732,

1987 5449 2228 5506 NOTE.-
2261 5509 2265 5512 .
