3898 6338
120 365 216 428 161
1353 352 1754 427 CHRONICC

1905 394 1982 407 --
2031 359 2184 422 LIB.
2230 358 2277 422 Ι.

3382 357 3498 420 162

115 514 214 555 non
236 498 339 555 fuit
366 488 551 555 ausus
574 496 985 568 imperatorem
1019 495 1233 553 videre.
1262 497 1368 553 Sed
1398 502 1599 569 postea
1623 511 1651 551 a
1678 494 1739 550 Ii-
1768 495 1819 553 Α
1855 498 1920 550 ut
1945 508 2073 550 cum
2097 498 2252 549 esset
2276 497 2445 549 antea
2471 506 2735 561 magnum
2754 496 2809 545 et
2832 492 3000 559 forte,
3027 491 3264 561 duplum
3292 489 3374 545 illi
3398 491 3492 547 ad-

116 586 203 643 liis
229 586 492 643 ecclesize
525 585 710 657 ipsius
739 600 936 641 coram
966 584 1223 655 principe
1270 589 1426 640 recte
1457 589 1739 655 purgatus

114 675 245 731 adiit
274 673 428 730 illius
477 672 869 745 praesentiam,
902 677 962 727 et
995 672 1047 726 in
1082 673 1289 729 diebus
1334 672 1459 741 ejus
1490 671 1737 751 ecclesia

116 762 215 818 sibi
245 777 350 817 non
382 761 577 817 solum
613 775 723 815 non
756 759 1091 830 adquisivit,
1126 760 1225 816 sed
1251 766 1307 816 et
1335 760 1589 831 perdidit
1620 758 1742 829 plu-

117 851 263 906 rima.
297 848 538 905 Difficile
562 849 714 905 enim
738 855 850 904 est.
878 852 939 903 ut
966 848 1115 904 bono
1136 848 1528 904 terminentur
1554 844 1737 915 exitii,

114 952 228 1008 quae
251 937 412 993 malis
430 941 574 993 sunt
594 936 859 992 inchoata
885 935 1206 1006 principiis.
1224 936 1441 991 Probat
1456 937 1559 990 hee
1576 935 1739 989 ruina

113 1038 205 1080 sua
252 1023 639 1080 Virduncnsis
686 1023 917 1091 civitas,
952 1037 1080 1092 quae
1123 1023 1370 1078 turrium
1422 1036 1742 1077 murorum-

114 1125 215 1182 que
243 1109 308 1143 1⁸³
337 1110 702 1166 solidissima
742 1111 984 1180 ambitu,
1022 1114 1225 1182 utpote
1258 1110 1471 1181 lapide,
1510 1109 1742 1179 plumbo

116 1199 366 1268 ferroque
399 1204 685 1254 conserto
731 1198 972 1267 munita,
1016 1196 1166 1253 unde
1198 1202 1253 1252 et
1293 1212 1495 1253 nomen
1532 1198 1739 1252 sortita

112 1292 212 1354 est,
234 1290 289 1341 ut
315 1290 638 1341 vocaretur
669 1285 810 1341 urbs
846 1283 1172 1353 Clavorum,
1198 1300 1297 1355 pro
1321 1284 1537 1340 tuenda
1560 1284 1740 1339 Italici

110 1371 668 1443 hujusinstabilitate
682 1375 742 1427 et
756 1376 994 1443 experta
1022 1371 1366 1427 inﬁdelitate
1382 1387 1411 1427 a
1428 1372 1630 1427 Carolo
1655 1372 1746 1427 de-

111 1465 338 1529 structa,
361 1475 515 1516 nunc
548 1459 805 1529 ingentis
836 1463 1061 1515 tantum
1239 1459 1308 1492 ³⁸⁸
1335 1460 1570 1530 przefert
1601 1459 1745 1513 indi-

110 1547 187 1603 cia
200 1551 253 1602 et
267 1547 362 1601 vix
376 1547 576 1617 aliqua
593 1548 848 1617 antiquae
866 1546 1025 1602 illius
1042 1546 1335 1603 firmitatis
1360 1547 1636 1615 retinet...
1653 1546 1741 1617 ³⁸⁵,

110 1634 343 1690 edocens
372 1649 581 1691 omnes
613 1650 721 1691 suo
756 1633 854 1690 tali
890 1634 1227 1705 infortunio,
1264 1649 1391 1704 qua)
1424 1635 1519 1688 Dei
1555 1639 1688 1690 sunt
1714 1650 1743 1689 a

111 1722 216 1776 Deo
244 1736 371 1778 esse
413 1721 755 1792 quaerenda.
806 1721 1000 1777 Sensit
1041 1722 1215 1776 etiam
1251 1737 1351 1776 rex
1381 1721 1744 1778 insensibilis

1854 582 2090 638 diderit.
2120 583 2355 638 Colebat
2371 596 2488 653 prae
2504 581 2770 636 omnibus
2794 579 2980 634 sacris
3000 578 3144 634 loc's
3167 577 3491 633 aacclesiam

1851 671 2036 726 sancti
2061 670 2215 724 Petri
2249 670 2401 741 apud
2433 671 2686 735 Romam,
2713 667 2804 722 cui
2837 667 3010 721 etiam
3042 664 3219 722 multa
3243 666 3491 721 contulit

1852 758 1905 812 in
1931 774 2073 814 auro
2088 761 2423 825 etargeuto.
2448 757 2527 812 Ad
2547 757 2652 811 hoc
2668 769 2900 825 semper
2925 754 3234 821 laboravit,
3262 758 3322 808 ut
3356 756 3495 808 urbs

1853 848 2102 901 Romana
2120 862 2225 902 suo
2242 845 2438 901 labore
2453 844 2636 900 veteri
2654 843 2900 915 polleret
2918 842 3272 899 auctoritate
3296 857 3495 912 :quam

1850 949 1977 1011 cum
2006 939 2166 987 tanto
2198 947 2394 988 amore
2426 932 2717 1000 diligeret,
2755 936 2963 1000 quater
2998 936 3219 986 tantum
3250 930 3305 984 in
3339 932 3494 985 omni

1855 1025 2115 1090 tempore
2143 1019 2436 1088 regiminis
2458 1019 2545 1073 sui
2570 1018 2669 1073 illo
2691 1018 2813 1073 ivit.
2844 1017 3025 1085 [EINIL
3066 1017 3199 1073 Vita
3223 1016 3321 1087 Δῖ]
3349 1018 3498 1073 Nun-

1853 1108 2006 1163 ciato
2030 1108 2137 1162 sibi
2167 1107 2397 1162 Adriani
2425 1106 2659 1161 Romani
2696 1105 2991 1175 pontificis
3022 1105 3186 1161 obitu
3212 1105 3289 1159 ita
3313 1105 3493 1174 flevit,

1854 1209 1917 1249 ac
1941 1196 1987 1250 si
2018 1195 2254 1250 fratrem
2287 1194 2651 1250 karissimum
2681 1192 2993 1248 amisisset.

1926 1282 2065 1352 (Fel.
2085 1285 2201 1352 60‘)
2225 1284 2475 1337 Domnus
2494 1282 2781 1335 Manasses
2804 1295 3018 1350 corpus
3036 1280 3219 1335 sancti
3242 1280 3494 1348 Prejecti

1854 1370 2126 1439 martyris
2153 1384 2183 1425 a
2218 1369 2492 1425 Volovico
2539 1368 2794 1423 delatum
2830 1367 3244 1423 Flaviniaeensi
3296 1367 3495 1423 intulit

1855 1457 2158 1525 zeeclesiae,
2195 1472 2363 1527 quam
2398 1457 2451 1511 in
2493 1457 2708 1512 honore
2739 1456 2923 1511 sancti
2958 1456 3111 1511 Petri
3142 1462 3201 1510 ct
3233 1456 3493 1524 ejusdem

1859 1546 2130 1615 martyris
2152 1545 2512 1600 fundaverat.
2542 1544 2816 1615 Exceptio
2839 1544 2964 1612 ejus
2988 1558 3083 1599 vni
3108 1544 3244 1600 Idus
3266 1545 3499 1599 Novem-

1860 1634 1981 1689 bris
1996 1632 2350 1688 celebratur.
2363 1634 2459 1688 llic
2474 1633 2592 1687 obti
2605 1648 2634 1686 n
2647 1633 2725 1687 uit
2743 1631 2894 1703 apud
2909 1630 3493 1701 Karlomannum(63),

1862 1726 1921 1776 ut
1948 1721 2000 1775 in
2028 1720 2369 1775 Corbiniaco
2392 1719 2525 1775 villa
2559 1719 2925 1775 ccnobiolum
2948 1725 3338 1775 construeret.
3374 1719 3498 1788 (Se-

114 1810 410 1880 perniciem
466 1809 615 1865 tanti
666 1808 989 1895 infortunii,
1026 1814 1090 1864 ut
1118 1824 1229 1864 non
1280 1808 1466 1865 minor
1509 1809 1603 1865 hic
1636 1810 1740 1866 nisi
1774 1809 1979 1895 Bries
2009 1807 2139 1863 abb.
2175 1808 2374 1879 Flar.)
2424 1808 2581 1861 Obiit
2630 1811 2695 1861 33
2745 1821 2895 1862 anno
2943 1805 3329 1861 ordinationis
3378 1819 3496 1861 suae

114 1896 233 1967 quia
266 1897 716 1967 praemeditatus
746 1893 1056 1952 accederet
1086 1896 1294 1966 hostis,
1325 1911 1495 1966 quam
1528 1898 1743 1953 dudum

114 1984 408 2040 Vandalica
440 1985 653 2055 pestis.
689 1985 757 2039 Et
792 1984 1031 2050 merito;
1067 1999 1195 2040 nam
1218 1986 1289 2040 ab
1314 1985 1457 2056 ipsis
1487 1984 1618 2041 fidei
1653 2001 1746 2041 ru-

114 2071 369 2127 dimentis
403 2086 598 2143 usque
631 2071 702 2126 ad
738 2077 965 2142 tempus
997 2071 1140 2127 illud
1173 2087 1404 2143 semper
1435 2073 1489 2128 in
1523 2074 1617 2128 Dei
1650 2089 1747 2129 ne-

117 2159 251 2215 mine
275 2159 571 2230 pontiﬁcis
605 2158 791 2215 valuit
812 2159 1024 2215 electio
1048 2159 1189 2214 cleri
1213 2165 1272 2215 et
1297 2159 1515 2231 populi,
1540 2166 1600 2215 et
1622 2160 1669 2215 si
1690 2160 1745 2215 in

116 2247 439 2317 quibusdam
486 2247 792 2318 principes
832 2246 1109 2317 leguntur
1151 2248 1404 2303 favorem
1428 2252 1748 2304 etconsen-

118 2350 227 2390 sum
260 2334 635 2406 praestitisse,
669 2349 953 2405 nusquam
985 2339 1176 2392 tamen
1213 2336 1479 2392 feruntur
1510 2335 1749 2391 electio-

120 2437 228 2477 nem
252 2424 511 2480 vetuisse
539 2422 842 2494 pontificis
863 2422 1190 2493 ordinandi,
1212 2429 1312 2478 aut
1338 2425 1544 2479 factam
1567 2424 1750 2479 inmu-

120 2514 276 2565 tasse.
312 2509 598 2581 Sepultus
628 2514 721 2565 est
752 2509 807 2564 in
839 2510 1089 2566 ecclesia
1122 2512 1347 2566 Sanctae
1389 2512 1579 2567 Maria:
1613 2517 1747 2567 ante

121 2595 284 2652 altare
306 2598 491 2654 sancti
520 2597 705 2652 Petri.
733 2599 776 2651 Α
794 2597 1119 2653 vastatione
1142 2603 1336 2654 autem
1360 2599 1519 2654 urbis
1544 2599 1749 2655 Virdu-

122 2684 266 2752 uicae,
290 2699 412 2755 quze
427 2686 587 2741 facta
602 2688 690 2741 est
707 2700 735 2741 a
750 2685 1023 2741 Vandalis
1038 2700 1223 2757 usque
1245 2687 1314 2741 ad
1332 2686 1748 2743 desolationem

124 2769 235 2839 ejus
256 2773 456 2828 factam
482 2774 604 2829 sub
627 2771 839 2827 Karolo
860 2771 1221 2842 colliguntur
1241 2773 1371 2828 anni
1397 2774 1516 2829 fere
1530 2778 1651 2830 380.
1670 2776 1749 2829 De

126 2859 337 2927 quadris
359 2867 557 2935 autem
573 2858 872 2930 lapidibus
892 2859 1102 2917 dirutae
1117 2860 1375 2917 civitatis
1400 2861 1747 2931 Aquisgrani

126 2946 323 3016 capella
351 2952 666 3004 exstructa
710 2952 823 3003 est.

188 3033 359 3104 [Βειιτ.
386 3037 495 3106 15.]
528 3038 675 3090 Post
705 3034 872 3104 cujus
898 3040 1145 3092 mortem
1169 3034 1475 3104 elegerunt
1502 3036 1611 3092 sibi
1637 3035 1751 3092 cle-

127 3136 214 3177 rus
232 3128 285 3178 et
306 3124 559 3195 populus
596 3123 934 3195 episc0pum
960 3124 1031 3180 de
1056 3124 1212 3194 regis
1237 3124 1454 3195 palatio
1477 3139 1625 3181 anno
1647 3128 1751 3180 81:5

128 3212 512 3282 .tustrannum,
536 3216 846 3267 cautorem
871 3212 1073 3282 ipsius,
1095 3212 1282 3267 virum
1308 3217 1631 3282 strenuum,
1655 3228 1753 3269 cu-

122 3294 204 3363 jus
221 3297 491 3355 industria
515 3302 847 3355 Bracenses
867 3299 1272 3369 negociatores
1289 3299 1546 3368 ejusdem
1566 3300 1753 3356 eccle-

127 3383 214 3439 siae
235 3384 432 3442 ditioni
483 3386 721 3444 redacti
769 3393 923 3443 sunt.
959 3388 1025 3442 Et
1060 3387 1152 3443 hic
1183 3388 1475 3458 superfuit
1496 3403 1677 3444 annos
1698 3394 1749 3444 5.

128 3470 410 3542 Requievit
429 3482 634 3532 autem
658 3488 808 3530 anno
830 3476 901 3531 ab
921 3475 1032 3531 inc.
1058 3477 1222 3532 Dom.
1254 3481 1378 3547 819,
1403 3480 1460 3532 et
1485 3476 1753 3547 sepultus

132 3558 176 3612 in
206 3560 431 3618 basilica
463 3562 664 3619 sancti
690 3562 847 3617 Petri
871 3562 1122 3633 apostoli
1148 3578 1275 3619 eum
1305 3563 1754 3633 praedecessori-

132 3645 224 3702 bus
242 3650 373 3705 suis.

193 3735 413 3806 (Chron.
447 3737 623 3807 Die.)
675 3738 1021 3809 Susceptum
1051 3752 1192 3808 ergo
1243 3741 1294 3795 bl
1319 3738 1457 3795 llum
1487 3754 1518 3795 a
1550 3739 1755 3795 Karolo

131 3829 311 3881 contra
340 3825 604 3883 Saxones
634 3840 736 3896 per
757 3830 824 3881 33
847 3840 1028 3881 annos
1060 3826 1277 3896 majore
1302 3829 1550 3898 dampno
1583 3828 1756 3884 Saxo—

133 3924 247 3966 num
277 3927 438 3983 quam
473 3917 835 3970 Francorum
872 3920 1100 3983 gestum
1129 3919 1241 3970 est.
1276 3915 1554 3971 Videntes
1584 3916 1755 3971 Saxo-

134 4010 223 4053 nes
248 4001 391 4069 quod
433 4002 728 4058 resistere
758 4015 868 4056 non
902 4006 1196 4072 poterant,
1234 4016 1428 4072 pacem
1463 4007 1749 4073 petentes,

137 4082 398 4155 baptizata
427 4094 523 4146 est
560 4088 878 4144 multitudo
915 4102 1136 4145 eorum.
1175 4092 1337 4145 Anno
1362 4104 1503 4160 ergo
1534 4091 1607 4146 ab
1637 4091 1749 4147 inc.

134 4171 272 4230 Dom.
302 4182 403 4235 780
434 4178 606 4235 venit
636 4177 881 4233 Karolus
904 4177 959 4232 in
985 4178 1287 4234 Saxoniam
1313 4179 1366 4233 in
1389 4179 1516 4235 loco
1540 4180 1635 4250 qui
1660 4196 1755 4235 vo-

135 4262 282 4315 catur
300 4263 748 4332 Patrisbronna,
764 4267 822 4318 et
838 4263 916 4319 ibi
939 4263 1142 4319 habuit
1165 4262 1439 4334 placitum
1465 4279 1751 4337 magnum,

138 4349 187 4398 et.
204 4346 274 4403 ibi
296 4355 701 4408 convenerunt
734 4351 991 4407 Saxones
1022 4350 1094 4405 ad
1128 4351 1500 4422 baptismum,
1536 4352 1756 4409 ditione

141 4444 165 4486 a
188 4447 307 4504 rege
336 4440 546 4509 posita,
580 4440 640 4494 ut
666 4437 867 4493 Franci
888 4444 945 4492 et
968 4438 1225 4493 Saxones
1258 4452 1407 4495 unus
1434 4445 1627 4496 essent
1660 4455 1760 4512 po-

1858 1897 1999 1951 Non.
2027 1896 2399 1960 Novembris;
2424 1896 2513 1949 cui
2539 1895 2821 1950 successit
2844 1893 3197 1949 Adalbertus
3222 1895 3308 1948 vir
3330 1907 3496 1949 vene-

1861 1983 2077 2039 randus
2107 1998 2254 2039 anno
2284 1988 2343 2039 le
2383 1982 2595 2049 Karoli,
2627 1987 2683 2036 et
2717 1987 2747 2035 5
2777 1996 2924 2036 anno
2964 1981 3349 2036 ordinationis
3380 1994 3498 2036 suae

1859 2070 2132 2140 decessit,
2156 2075 2216 2125 et
2246 2070 2297 2125 ei
2324 2070 2615 2125 successit
2653 2070 2858 2137 Zacho,
2886 2072 2946 2123 et
2972 2072 3180 2138 quarto
3209 2082 3357 2123 anno
3386 2083 3501 2123 mo-

1861 2158 2043 2223 ritur;
2069 2164 2128 2213 et
2151 2158 2283 2214 huic
2317 2157 2634 2213 Alcbuinus
2667 2156 3039 2212 succedens7
3062 2170 3209 2210 anno
3239 2154 3405 2224 obiit,
3440 2160 3496 2210 et

1859 2246 1946 2301 sic
1975 2250 2041 2300 35
2072 2261 2222 2301 anno
2255 2245 2482 2316 imperii
2527 2243 2715 2299 Karoli
2756 2244 3003 2299 domnus
3031 2242 3382 2313 Apollinaris
3408 2256 3499 2297 or-

1859 2334 2095 2391 dinatur
2127 2335 2308 2390 abbas
2357 2334 2507 2389 dono
2562 2333 2951 2403 imperatoris.
2993 2333 3092 2386 llic
3121 2331 3293 2387 etiam
3328 2330 3499 2386 abba-

1857 2414 1997 2478 tiani
2021 2422 2423 2477 Divionensem
2448 2427 2501 2477 et
2532 2422 2903 2475 Reomensem
2939 2420 3109 2486 rexit,
3136 2425 3195 2473 et
3217 2417 3498 2473 ecclesias

1859 2509 2095 2565 easdem
2127 2509 2600 2580 possessionibus
2632 2508 2815 2575 auxit,
2857 2495 3502 2575 sanctorum'reliquiis

1861 2598 2213 2667 honestavit,
2251 2597 2540 2668 przecipuc
2566 2600 2753 2649 tamen
2780 2594 3269 2677 Flaviniacensen;
3298 2607 3500 2663 prove-

1861 2686 1943 2740 xit
1974 2691 2031 2740 et
2065 2685 2243 2740 auxit.
2282 2684 2437 2738 Obiit
2470 2683 2654 2754 pridie
2685 2682 2807 2737 Kal.
2840 2680 3056 2751 Aprilis
3087 2695 3136 2737 a.
3174 2686 3241 2736 12
3272 2681 3496 2751 imperii

1863 2772 2157 2828 Ludovici.
2214 2772 2476 2826 Interfuit
2528 2768 2776 2825 concilio
2826 2769 3171 2838 Aquisgrani
3223 2768 3419 2822 habito
3467 2772 3517 2824 ιε

1863 2875 2011 2916 anno
2042 2858 2314 2915 Ludovici
2365 2858 2645 2929 ejusdem,
2678 2862 2739 2911 et
2768 2862 2898 2926 post
2927 2860 2961 2911 2
2990 2870 3172 2911 annos
3212 2856 3500 2911 successit

1863 2947 2108 3017 Vigilius
2159 2947 2360 3015 abbas,
2413 2961 2461 3000 a.
2519 2948 2583 2999 14
2631 2943 2925 2999 Ludovici.
2983 2942 3172 3015 [Aoo.]
3223 2943 3501 2998 Viennen-

1864 3050 1981 3091 sem
2009 3040 2146 3091 tunc
2167 3034 2451 3105 temporis
2475 3032 2781 3089 ecclesiam
2825 3033 3021 3099 Ursus,
3058 3031 3499 3100 Lugdunensem

1866 3124 1988 3179 Ado
2018 3123 2278 3193 regebat.
2332 3125 2471 3177 Post
2524 3122 2777 3177 Adonem
2826 3118 3131 3175 Ililduinus
3168 3132 3343 3189 nepos
3374 3118 3499 3187 ejus

1866 3212 2303 3280 Lugdunensem
2352 3210 2658 3265 ecclesiam
2694 3207 2987 3279 paululum
3035 3221 3143 3261 non
3189 3207 3499 3277 episcopus

1866 3300 2074 3369 tenuit,
2109 3304 2165 3355 et
2199 3299 2516 3354 abscedens
2566 3297 2774 3352 Lirinis
2821 3296 3135 3351 monachus
3167 3295 3355 3350 factus
3383 3300 3495 3349 est.

1865 3389 2002 3443 Post
2028 3402 2195 3457 quem
2223 3386 2657 3455 Lugdunensem
2689 3383 3007 3440 {ecclesiam
3036 3383 3350 3439 Laidradus
3379 3397 3503 3438 sus-

1866 3476 2021 3545 cepit
2056 3474 2260 3531 bonori
2293 3474 2375 3530 rei
2418 3472 2665 3544 publij
2708 3472 2909 3537 utilis;
2949 3471 3331 3526 Viennensem
3363 3484 3502 3526 vero

1867 3563 2086 3619 Vulferi
2120 3563 2397 3619 Bavarius
2437 3562 2589 3618 rexit
2618 3576 2669 3617 a.
2705 3565 2790 3630 lt,
2821 3560 2915 3616 cui
2946 3559 3229 3615 successit
3267 3560 3506 3614 Bernar-

1867 3650 1996 3707 dus.
2034 3650 2351 3706 Laidradus
2382 3664 2521 3705 vero
2554 3649 2608 3704 in
2642 3648 2807 3704 initio
2834 3646 3058 3718 imperii
3103 3646 3375 3702 Ludovici
3407 3646 3508 3701 im-

1869 3738 2159 3810 peratoris
2175 3738 2590 3794 Suessionense
2607 3736 3021 3791 monasterium
3038 3734 3288 3805 petiit,et
3306 3734 3359 3788 in
3376 3733 3505 3789 loco

1864 3840 1991 3896 ejus
2015 3825 2358 3894 Agobardus
2379 3823 2757 3879 substituitur
2770 3821 3029 3890 ejusdem
3047 3820 3314 3876 ecclesiae
3339 3834 3507 3877 core-

1868 3911 2586 3985 piscopus,consentiente
2618 3909 2970 3978 imperatore
3000 3913 3060 3962 et
3092 3907 3508 3964 omniGallica-

1867 4015 2069 4056 norum
2087 3999 2493 4070 episcoporum
2511 3994 2750 4065 synodo.
2768 3993 2931 4060 Quod
2947 3994 3177 4064 quidam
3194 3993 3505 4050 defendere

1865 4088 2148 4156 volentes,
2202 4086 2473 4140 dixerunt
2505 4099 2633 4139 eum
2666 4097 2696 4136 a
2729 4082 2919 4138 tribus
2945 4081 3241 4153 episcopis
3273 4082 3327 4136 in
3361 4082 3504 4139 sede

1868 4174 2235 4243 Lugdunensi
2254 4172 2497 4243 jubente
2521 4171 2803 4226 Laidrado
2829 4169 3008 4226 fuisse
3031 4169 3380 4226 ordinatum.
3404 4170 3507 4227 Hic

1868 4263 2049 4332 igitur
2066 4260 2409 4330 Agobardus
2431 4266 2491 4315 et
2517 4259 2765 4314 Bernard
2778 4273 2842 4314 us
2863 4257 3205 4314 Viennensis
3228 4259 3378 4328 apud
3405 4258 3510 4315 Lu-

1869 4349 2135 4407 dovicum
2169 4347 2449 4417 accusati,
2483 4346 2733 4404 desertis
2765 4344 3051 4416 ecclesiis,
3086 4346 3141 4401 in
3174 4345 3397 4401 Italiam
3432 4345 3505 4402 ad

1872 4437 2227 4494 Clotbarium
2258 4450 2320 4492 se
2353 4435 2759 4501 contulerunt;
2794 4434 2897 4490 sed
2929 4434 3238 4504 agentibus
3270 4433 3381 4505 pizs
3410 4433 3513 4489 im-

141 4520 308 4588 pulus.
333 4526 574 4582 Duobus
599 4525 796 4594 itaque
815 4524 1036 4595 przeliis
1059 4525 1138 4581 ita
1161 4526 1401 4581 contriti
1427 4533 1562 4583 sunt
1588 4529 1759 4584 Saxo-
1786 4524 1842 4586 D
1871 4525 2262 4598 peratoribus,
2299 4527 2546 4593 uterque
2579 4523 2773 4579 sedem
2809 4536 2972 4577 suam
3002 4521 3241 4591 recepit.
3274 4523 3341 4576 Et
3374 4525 3509 4591 post

140 4619 246 4677 nes,
276 4615 331 4666 ut
360 4612 618 4670 ulterius
654 4626 840 4682 neque
882 4627 1076 4682 regem
1129 4621 1541 4685 provocarent,
1577 4630 1760 4686 neque

142 4696 368 4755 venienti
400 4703 692 4758 resistere
729 4698 1029 4755 auderent.
1071 4700 1278 4758 Plures
1316 4706 1505 4758 tamen
1537 4702 1763 4759 nobiles

141 4793 201 4837 eo
221 4784 357 4842 bello
376 4787 715 4859 consumpti
751 4793 906 4843 sunt.

204 4872 350 4929 Anno
376 4880 481 4933 788
513 4873 853 4945 Hispaniam
897 4888 1208 4945 aggressus
1249 4875 1358 4931 sibi
1390 4876 1671 4946 subdidit,
1703 4881 1761 4933 et

145 4953 489 5017 Britanniam.
514 4956 631 5017 Per
654 4961 1037 5031 quadraginta
1058 4962 1209 5018 enim
1233 4968 1293 5018 et
1315 4967 1536 5034 septem
1557 4978 1761 5033 annos,

146 5044 332 5114 quibus
356 5048 649 5119 regnavit,
677 5048 758 5104 ita
789 5048 1084 5121 ampliavit
1116 5051 1467 5107 Francorum
1499 5064 1762 5122 regnum,

1873 4628 2089 4686 paucos
2118 4627 2298 4669 annos
2341 4609 2683 4680 Agobardus
2715 4610 2862 4680 apud
2898 4610 3217 4664 Sanctonas
3246 4608 3301 4662 in
3333 4621 3509 4678 expe-

1874 4702 2096 4759 ditione
2119 4700 2277 4770 regia
2297 4699 2653 4768 defungitur.
2674 4697 3000 4753 Bernardus
3015 4708 3245 4765 quoque
3266 4694 3431 4765 obiit,
3447 4699 3510 4750 et

1874 4788 2219 4860 Agylmarus
2251 4787 2650 4844 substituitur.
2686 4783 2888 4839 Amolo
2910 4796 3138 4852 quoque
3167 4779 3510 4850 Lugdunen-

1875 4892 1995 4933 sem
2019 4875 2421 4947 episcopatum
2446 4871 2729 4941 suscepit,
2756 4870 2923 4939 cujus
2947 4867 3512 4925 auctoritasetamor

1873 4961 2071 5020 Karoli
2095 4974 2234 5031 erga
2256 4975 2386 5017 eum
2410 4958 2654 5014 multum
2687 4957 2867 5014 valuit
2905 4960 3108 5012 sancto
3131 4969 3292 5026 papa
3315 4954 3509 5024 Leoni,

1876 5054 1939 5108 ut
1970 5051 2095 5122 ipse
2125 5048 2236 5106 hoc
2267 5052 2519 5105 testatur
2552 5045 2607 5101 in
2635 5043 2884 5116 epistola
2915 5042 2986 5100 ad
3014 5055 3146 5099 eum
3177 5042 3367 5102 missa.

1483 5189 1719 5246 VARIE
1759 5189 2156 5247 LECTIONES.

206 5290 268 5325 "'
291 5308 477 5353 uocem
507 5294 780 5355 excisam
803 5296 1089 5366 mppleei.
1122 5295 1191 5331 ²⁴⁴
1222 5294 1597 5351 munitionis?
1623 5294 1693 5329 ²⁴⁸
1713 5294 1995 5366 vestigia?

1706 5416 1928 5473 ΝΟΤιΕ.

190 5512 437 5607 ἀέξῃ-Ψ
465 5522 676 5607 cubarta
709 5518 896 5576 Caroli
928 5522 1086 5593 regis
1124 5522 1263 5581 data
1293 5533 1443 5579 anno
1474 5498 1635 5591 regni
1664 5524 1698 5579 8
1725 5520 1851 5579 sine
1880 5519 1973 5577 die
2003 5524 2063 5575 et
2094 5517 2240 5575 loco.
2292 5514 2599 5587 Plancher,
2629 5517 2886 5576 Histoire
2914 5515 2990 5607 de
3020 5516 3366 5591 Bourgogne
3396 5520 3442 5577 t.
3464 5520 3516 5593 ει,

152 5595 370 5652 preuves
396 5590 448 5662 p.
480 5596 532 5649 δ.
