3898 6366
363 376 480 444 163

1317 373 1686 438 HUGONlS
1728 368 2080 438 ABBATIS
2123 371 2803 440 FLAVINIACENSIS

3642 375 3776 444 164

427 505 572 578 (Fol.
596 509 712 580 61.)
742 501 1021 576 (Gestap.
1049 503 1160 573 1%.;
1187 501 1404 561 Chron.
1427 501 1594 572 Dio.)
1623 501 2003 558 Successerat
2035 505 2089 564 A
2119 518 2346 574 quoque
2381 501 2637 561 decessit
2664 519 2811 562 anno
2841 507 2913 562 ab
2943 505 3053 564 inc.
3082 507 3240 564 Dom.
3264 513 3323 566 81
3337 514 3388 582 δ,
3423 513 3604 568 etatis
3636 528 3774 570 suae

355 602 485 669 post
511 595 820 652 Adrianum
845 595 900 650 in
926 592 1271 665 pontiﬁcatu
1319 591 1574 646 Romano
1612 590 1724 645 Leo
1753 603 1904 645 anno
1935 590 2006 646 ab

355 685 752 741 incarnatione
775 682 998 738 Domini
1020 686 1142 752 796,
1161 681 1257 750 qui
1279 679 1434 735 sedit
1451 679 1505 732 in
1521 678 1722 732 eadem
1747 679 1888 734 sede
1913 693 2008 733 an-

357 774 448 829 nis
471 777 558 844 22,
586 772 886 828 mensibus
910 775 964 840 5,
988 770 1194 825 diebus
1217 771 1300 824 «15.
1337 768 1498 822 Hunc
1524 765 1763 820 Romani
1788 764 2006 820 letania

358 862 572 932 majore
606 865 841 932 captum
867 858 1065 914 multis
1089 856 1357 913 affectum
1383 852 1632 924 injuriis,
1659 851 1848 908 crutis
1873 867 2009 908 ocu-

358 948 448 1019 lis,
465 949 659 1018 lingua
673 951 995 1018 amputata,
1012 959 1162 1001 anno
1178 945 1334 999 Dom.
1363 942 1583 996 incarn.
1603 945 1710 996 799
1734 939 1904 996 ﬁdem
1921 953 2008 994 re-

355 1037 448 1107 gis
480 1035 792 1108 implorare
822 1031 1252 1104 compulerunt.
1291 1029 1480 1101 [Αοο.]
1518 1027 1729 1084 Missus
1761 1027 1914 1083 enim
1948 1026 2006 1081 in

358 1123 642 1194 custodia,
679 1137 781 1194 per
831 1135 1056 1178 murum
1107 1123 1282 1174 noctu
1335 1117 1560 1186 aufugit
1591 1117 1661 1172 ad
1695 1114 2003 1171 ecclesiam

361 1211 550 1268 sancti
571 1211 760 1276 Petri;
788 1209 920 1265 inde
945 1223 974 1266 a
1001 1207 1236 1264 Francis
1269 1206 1568 1276 Spoletum
1591 1203 1900 1271 deductus,
1939 1216 2004 1256 ac

363 1299 591 1356 demum
605 1299 677 1355 ad
690 1297 1110 1353 Palabronnam
1135 1293 1448 1351 honoriﬁce
1464 1308 1494 1348 a
1511 1305 1646 1361 rege
1669 1296 2001 1360 susceptus,

361 1392 572 1444 etcum
597 1387 817 1443 honore
845 1386 1082 1441 Romam
1105 1387 1195 1438 est
1220 1381 1522 1438 remissus.
1561 1379 1804 1447 (Chron.
1840 1377 2002 1447 Dio.)

363 1477 480 1532 Hec
503 1475 612 1531 fuit
631 1489 805 1531 causa
830 1473 1016 1529 ultimi
1044 1471 1326 1526 adventus
1349 1467 1542 1524 Karoli
1566 1468 1800 1522 Romam
1823 1465 1894 1520 ad
1918 1479 2006 1519 re-

364 1562 682 1634 parandum
707 1561 988 1618 aecclesiae
1037 1563 1271 1628 statum,
1303 1556 1398 1613 ubi
1421 1560 1607 1612 totum
1633 1553 1840 1609 hiemis
1864 1557 2005 1607 tem-

363 1665 472 1722 pus
495 1651 710 1720 exegit,
763 1664 876 1720 quo
901 1649 957 1704 in
983 1652 1239 1719 tempore
1288 1643 1658 1716 imperatoris
1680 1646 1738 1696 et
1767 1639 1999 1710 augusti

363 1753 567 1796 nomen
590 1738 900 1809 assumpsit
921 1741 1112 1805 a.799,
1139 1734 1253 1790 ind.
1272 1739 1323 1804 8,
1349 1731 1502 1803 quod
1527 1730 1730 1802 primis
1758 1728 2002 1786 multum

363 1826 596 1897 quidem
619 1829 925 1882 aversatus
948 1827 1055 1880 est.
1091 1823 1281 1896 [Ano.]
1315 1823 1452 1876 Tum
1475 1819 1672 1876 habita
1697 1816 2000 1888 questione

366 1914 437 1970 de
467 1913 573 1985 eis,
609 1913 702 1983 qui
735 1913 978 1968 Leonem
1023 1925 1227 1982 papam
1261 1910 1338 1964 ita
1375 1909 1684 1964 inhoneste
1713 1908 2004 1961 tractave-

367 2005 516 2072 rant,
541 2005 598 2054 et
623 1999 964 2070 deponendo
984 1996 1564 2065 contumeliaverant,
1591 1998 1654 2050 ut
1679 2008 1810 2048 reos
1833 1991 2004 2060 maje-

361 2088 534 2143 statis
553 2087 744 2158 capite
770 2086 1108 2158 plectendos
1125 2083 1326 2154 jussit.
1342 2085 1454 2139 Pro
1479 2082 1691 2152 quibus
1714 2079 1844 2151 pius
1867 2093 2004 2150 pon-

363 2174 508 2231 tifex
538 2175 892 2244 intercessit,
919 2179 976 2230 et
999 2188 1104 2228 rex
1124 2173 1209 2229 eis
1231 2172 1407 2228 vitam
1429 2175 1487 2226 et
1511 2169 1765 2225 membra
1799 2167 2003 2239 perdo-

363 2261 554 2330 navit;
586 2262 643 2316 in
670 2261 906 2318 exilium
935 2265 1131 2316 tamen
1163 2265 1303 2315 sunt
1333 2258 1514 2314 missi.

434 2351 596 2405 Anno
618 2351 690 2404 ab
713 2349 823 2404 inc.
846 2350 1004 2404 Dom.
1031 2351 1156 2416 803,
1183 2348 1500 2417 imperator
1524 2344 1871 2412 legationem
1894 2343 2003 2398 Ro-

368 2450 516 2491 mam
539 2435 696 2510 misit
722 2435 792 2490 de
819 2433 1160 2503 inquirenda
1196 2431 1463 2499 veritate,
1491 2431 1558 2500 si,
1586 2435 1650 2487 ut
1683 2431 1998 2500 ferebatur,

365 2523 602 2592 sanguis
637 2521 851 2578 Christi
876 2521 931 2576 in
954 2523 1181 2576 Mantua
1215 2519 1418 2574 fuisset
1452 2519 1740 2573 inventus.
1778 2517 1896 2582 Qua
1931 2517 2002 2572 de

363 2624 538 2667 causa
571 2610 682 2684 Leo
713 2609 769 2664 in
803 2609 1100 2666 Franciam
1135 2607 1312 2676 venit,
1348 2621 1516 2676 quem
1550 2607 1867 2676 imperator
1896 2606 2002 2659 Rc-

365 2713 587 2754 morum
610 2697 847 2754 civitate
871 2701 1228 2766 susceptum,
1254 2693 1504 2750 natalem
1527 2693 1750 2748 Domini
1779 2708 1907 2749 cum
1931 2707 2000 2747 eo

363 2785 654 2842 celebrem
677 2785 862 2855 duxit,
879 2791 938 2840 et
960 2785 1232 2840 donatum
1255 2781 1516 2838 maximis
1539 2781 1874 2836 muneribus
1897 2795 2000 2852 per

365 2874 662 2930 Bavariam
697 2873 778 2928 ire
811 2872 1100 2929 volentem
1151 2869 1360 2926 deduci
1405 2870 1538 2926 fecit
1573 2883 1754 2938 usque
1786 2870 2002 2924 Raven-

363 2975 514 3018 nam.

436 3048 626 3120 [Ano.]
677 3051 838 3104 Anno
870 3049 941 3104 ab
973 3048 1084 3104 inc.
1121 3049 1279 3102 Dom.
1313 3051 1416 3104 806
1460 3043 1652 3100 delata
1702 3049 1837 3101 sunt
1877 3059 2002 3101 cor-

366 3151 505 3208 pora
537 3142 597 3193 et
625 3151 760 3194 ossa
794 3136 980 3193 sancti
1013 3135 1268 3206 Cipriani
1291 3149 1320 3189 a
1345 3133 1691 3201 Carthagine
1715 3148 1844 3188 cum
1872 3131 2002 3186 reli-

364 3225 517 3296 quiis
547 3225 981 3281 Scillitanorum
1014 3228 1351 3293 martyrum,
1385 3223 1608 3292 Sperat:
1632 3226 1692 3275 et
1716 3221 1999 3276 sociorum

363 3313 509 3382 ejus,
525 3317 582 3368 et
599 3311 861 3381 Lugduni
878 3311 933 3366 in
947 3309 1193 3367 ecclesia
1218 3308 1403 3366 sancti
1423 3307 1702 3365 Johannis
1723 3297 2000 3378 Baptistae

287 3448 296 3454 .
367 3401 576 3472 posita.

437 3488 624 3558 (Emu.
659 3487 838 3554 Ann.)
888 3488 1051 3540 Anno
1097 3484 1170 3540 ab
1219 3483 1332 3540 inc.
1382 3483 1541 3540 Dom.
1586 3485 1690 3540 810
1720 3481 2000 3553 Pippinus

365 3573 550 3632 Italiae
575 3590 676 3630 rex
699 3573 1059 3643 defungitur,
1080 3573 1134 3628 in
1157 3571 1324 3641 cujus
1346 3585 1522 3640 regno
1555 3570 1797 3627 Karolus
1819 3569 1998 3626 ﬁlium

365 3661 492 3733 eius
514 3661 866 3718 Bernardum
893 3665 1160 3732 nepotem
1181 3674 1348 3719 suum
1371 3658 1698 3728 substituit,
1723 3662 1782 3714 et
1805 3671 1998 3727 regem

365 3747 649 3822 appellari
679 3747 1006 3806 constituit.

437 3839 601 3892 Anno
630 3837 703 3892 ab
743 3835 856 3891 inc.
907 3837 1064 3891 Dom.
1098 3839 1200 3894 813
1249 3835 1482 3906 quidam
1532 3833 1604 3890 de
1648 3833 2001 3904 primoribus

365 3926 750 3982 Romanorum
798 3923 1284 3995 conspiraverunt
1329 3923 1385 3979 in
1434 3921 1736 3978 interitum
1797 3921 2002 3977 Leonis

364 4027 548 4086 papae,
576 4013 672 4084 qui
704 4012 1108 4083 comprehensi
1136 4012 1303 4082 jussu
1326 4010 1486 4066 illius
1515 4010 1809 4066 interfecti
1841 4015 1996 4066 sunt.

365 4103 582 4158 Exacto
633 4115 771 4156 vero
813 4104 1060 4171 papatus
1106 4100 1195 4154 sui
1245 4113 1394 4155 anno
1445 4104 1542 4155 210
1571 4113 1702 4154 cum
1741 4099 2000 4167 graviter

365 4191 700 4259 aegrotaret,
753 4187 990 4242 Romani
1039 4185 1286 4242 collecta
1327 4200 1494 4241 manu
1537 4186 1726 4242 omnia
1758 4185 1998 4258 praedia,

365 4289 496 4347 quae
527 4275 584 4330 in
614 4273 860 4343 singulis
905 4273 1208 4329 civitatum
1259 4273 1577 4329 territoriis
1608 4273 1837 4330 novitcr
1865 4289 2001 4331 con-

367 4365 690 4428 struxerat,
751 4360 937 4431 primo
983 4359 1285 4431 diripiunt,
1338 4359 1548 4416 deinde
1600 4367 1992 4418 concremant.

366 4450 528 4518 Quos
556 4447 852 4520 prohibuit
875 4449 946 4504 ab
969 4448 1201 4518 incepto
1227 4449 1560 4506 Bernardus
1591 4448 1918 4522 italiaerex,
1937 4455 1998 4506 et

363 4538 566 4594 eodem
599 4550 750 4593 anno
779 4535 926 4593 obiit
954 4550 1100 4608 papa
1131 4538 1260 4593 Leo.
1363 4564 1365 4567 -

435 4624 676 4698 (Chron.
700 4625 862 4696 Dio.)
884 4625 1156 4680 Extremo
1175 4624 1308 4682 vitae
1331 4639 1452 4682 suas
1477 4631 1736 4698 tempore
1757 4640 1998 4696 congre-

360 4713 518 4784 gatis
547 4713 802 4770 omnium
836 4713 1185 4769 Francorum
1233 4713 1610 4784 primoribus,
1647 4712 1996 4769 Ludovicum

363 4800 544 4858 ﬁlium
576 4815 743 4858 suum
774 4807 1106 4857 consortem
1138 4800 1299 4870 regni
1321 4804 1378 4854 et
1401 4799 1720 4871 imperialis
1750 4800 2014 4858 nominis-

362 4889 499 4946 fecit
511 4887 1082 4960 heredem,imposito
1095 4887 1272 4958 capiti
1286 4886 1336 4956 ej
1347 4902 1412 4944 us
1424 4886 1767 4944 diademate.
1782 4887 1992 4960 [ΒΜ-[1.

361 4977 486 5046 Quo
517 4977 574 5032 in
601 4981 864 5047 tempore
900 4975 1248 5032 Herilandus
1283 4975 1542 5046 suscepit
1574 4975 1997 5032 Virdunensem

359 5063 786 5136 episcopatum.
819 5064 907 5120 vir
938 5052 1459 5132 multum‘simplex
1485 5067 1545 5117 et
1576 5061 1731 5118 ultra
1763 5063 1996 5119 modum

359 5151 654 5219 inﬁrmus;
677 5156 736 5208 et
757 5151 849 5207 hic
870 5150 1123 5222 expletis
1143 5150 1202 5204 in
1225 5149 1564 5220 episcOpatu
1583 5150 1750 5206 annis
1770 5155 1822 5221 7,
1849 5149 1993 5206 obiit

360 5239 563 5312 Aquis,
585 5242 644 5295 et
667 5237 892 5295 relatus
923 5238 1077 5309 inde,
1101 5235 1372 5308 sepultus
1399 5239 1492 5293 est
1519 5235 1686 5306 juxta
1717 5235 1998 5294 Anstran-

361 5341 499 5386 num
518 5325 578 5384 in
600 5324 844 5385 basilica
865 5325 1052 5382 sancti
1071 5324 1282 5382 Vitoni.
1304 5324 1546 5396 (Chron.
1566 5325 1730 5398 Dio.)
1750 5324 1998 5386 Karolus

2117 605 2147 645 a
2187 597 2275 661 72,
2319 591 2482 660 regni
2523 596 2608 662 47,
2653 599 2684 649 5
2723 593 2841 650 Kal.
2888 597 3207 667 Februarii,
3252 605 3310 654 et
3351 605 3444 654 est
3485 601 3774 671 sepultus

2119 679 2434 748 Aquigrani
2477 679 2693 750 palatio
2724 681 2777 736 in
2821 683 3108 755 aecclesia,
3145 701 3315 756 quam
3349 687 3474 758 ipse
3505 689 3772 744 aediﬁca-

2118 771 2302 821 verat.
2329 767 2620 822 Successit
2645 769 2970 826 Ludovicus
2993 776 3376 840 cognomento
3399 775 3557 845 Pius,
3574 779 3634 830 et
3654 791 3774 846 per

2119 868 2299 908 annos
2337 859 2404 908 25
2443 869 2648 924 magno
2689 855 3081 914 moderamine
3120 861 3270 915 rexit
3321 861 3648 932 imperium,
3701 875 3770 919 et

2118 941 2387 997 hostibus
2419 941 2668 998 fortibus
2702 943 2985 1000 resistens
3015 952 3291 1016 potenter
3313 963 3413 1004 eos
3441 950 3681 1005 terruit.

2190 1027 2372 1098 [ΕιΝιι.
2408 1029 2581 1098 Ann.|
2615 1031 2776 1085 Anno
2806 1035 2910 1088 8l6
2933 1033 3078 1088 obiit
3111 1035 3218 1089 Leo
3252 1050 3418 1106 papa.
3461 1041 3520 1092 et
3556 1051 3767 1093 succe-

2118 1114 2259 1171 dens
2289 1116 2617 1186 Stephanus
2648 1119 2918 1188 sequenti
2950 1135 3098 1176 anuo
3127 1121 3292 1194 obiit,
3326 1123 3419 1180 cui
3460 1127 3769 1181 successit

2115 1203 2429 1260 Paschalis.

2189 1294 2351 1347 Anno
2383 1294 2485 1348 817
2513 1292 2840 1350 Ludovicus
2877 1295 3184 1352 concilium
3226 1297 3426 1354 habuit
3468 1300 3541 1354 de
3583 1299 3769 1356 abba-

2114 1379 2275 1435 tibus
2305 1385 2366 1434 et
2407 1381 2720 1452 monachis,
2763 1381 2858 1437 ubi
2902 1383 3168 1440 interfuit
3211 1385 3568 1456 Apollinaris
3609 1388 3767 1443 abba

2115 1466 2586 1537 Flaviniacensis,
2623 1474 2682 1523 et
2715 1470 2877 1525 obbit
2907 1474 3028 1526 826.

2187 1555 2318 1626 (Ep.
2349 1557 2615 1627 Hincm.)
2649 1561 2811 1612 Anno
2845 1557 3032 1628 ipsius
3055 1559 3247 1616 domui
3287 1560 3564 1617 Ludovici
3598 1567 3653 1624 8.
3688 1564 3770 1618 ab

2115 1643 2334 1699 incarn.
2360 1645 2514 1699 Dom.
2543 1649 2664 1712 823,
2692 1649 2863 1702 natus
2883 1651 2977 1702 est
2996 1647 3049 1703 ei
3065 1647 3219 1704 ﬁlius
3239 1649 3486 1706 Karolus
3509 1651 3566 1705 in
3581 1651 3768 1706 Fran-

2113 1732 2422 1787 conofurth
2456 1732 2670 1802 palatio
2703 1747 2872 1803 novo,
2912 1739 2971 1790 et
3003 1735 3081 1791 ibi
3112 1736 3416 1793 ordinatus
3445 1741 3536 1794 est
3567 1739 3767 1810 pridie

2115 1819 2250 1875 Idus
2277 1819 2430 1876 Junii
2449 1822 2639 1890 Drogo
2666 1823 2858 1877 Karoli
2883 1824 3064 1892 Magni
3091 1824 3264 1895 ﬁlius,
3292 1831 3352 1880 et
3371 1826 3556 1882 datus
3581 1831 3680 1882 est
3702 1827 3756 1882 ei

2116 1908 2489 1978 episcopatus
2517 1911 2808 1981 Mctensis,
2841 1917 2901 1966 et
2922 1913 3240 1968 Humberto
3271 1915 3629 1984 praecentori
3663 1928 3764 1986 pa-

2115 1995 2238 2052 latii
2261 1997 2616 2068 episc0pium
2639 1998 2926 2054 Meldense
2951 1999 3228 2056 traditum
3250 2004 3360 2057 est.
3392 2002 3498 2066 Qui
3532 2001 3760 2058 invenit

2115 2084 2170 2138 in
2193 2085 2318 2154 ipsa
2341 2085 2599 2142 aacclesia
2626 2087 3142 2156 quaterniunculos
3165 2089 3234 2144 de
3254 2090 3371 2144 vita
3395 2090 3586 2146 sancti
3620 2093 3763 2146 San-

2113 2171 2273 2241 ctini,
2297 2173 2399 2228 sed
2425 2173 2591 2228 valde
2609 2174 2920 2229 contritos.
2949 2175 3162 2230 Eodem
3187 2191 3335 2232 anno
3359 2177 3415 2232 in
3442 2178 3758 2234 territorio

2111 2260 2383 2330 Tullensi,
2414 2260 2550 2316 villa
2585 2262 3032 2330 Commarciaco,
3060 2263 3251 2334 puella
3276 2265 3522 2321 sabbato
3548 2273 3763 2322 sancto

2113 2351 2241 2418 post
2291 2353 2588 2420 acceptam
2636 2349 3096 2406 communionem
3139 2351 3402 2422 jejunare
3451 2341 3657 2424 cmpit,
3705 2359 3762 2410 et

2113 2440 2235 2490 tres
2267 2451 2447 2492 annos
2480 2437 2702 2506 absque
2731 2437 2916 2492 omnis
2953 2437 3067 2492 cibi
3100 2443 3350 2508 etpotus
3382 2442 3766 2512 perceptione

2114 2538 2478 2594 permanens,
2497 2539 2547 2579 a.
2565 2529 2668 2580 826
2685 2525 2896 2580 iterum
2917 2525 3264 2581 manducare
3283 2528 3479 2598 coepit.
3509 2531 3760 2597 (C’Itron.

2110 2612 2270 2683 Dio.)
2303 2611 2514 2667 Habuit
2556 2612 2880 2668 Ludovicus
2909 2617 2966 2667 et
2995 2613 3141 2668 alios
3180 2618 3298 2670 tres
3329 2614 3508 2686 ﬁlios,
3545 2617 3764 2672 Lotha-

2115 2699 2284 2768 rium,
2337 2698 2690 2755 Ludovicum
2743 2704 2800 2755 et
2850 2699 3178 2770 Pippinum,
3211 2707 3266 2757 et
3298 2717 3370 2758 ex
3409 2703 3523 2759 alia
3576 2720 3765 2761 uxore

2107 2787 2416 2856 juniorem,
2455 2803 2622 2858 quem
2653 2787 2905 2844 diximus
2937 2787 3222 2852 Carolum.

2185 2875 2368 2946 (Em.
2399 2876 2577 2946 Ann]
2626 2876 2788 2931 Anno
2819 2880 2924 2931 824
2951 2876 3246 2933 Paschalis
3297 2892 3445 2950 papa
3497 2881 3673 2953 obiit,
3705 2887 3761 2938 et

2112 2963 2405 3031 Eugenius
2450 2963 2756 3032 successit,
2790 2970 2850 3018 et
2896 2963 3086 3019 tribus
3130 2966 3294 3021 annis
3344 2967 3760 3025 administrate

2115 3049 2458 3121 pontiﬁcatu
2489 3050 2764 3118 Romano,
2800 3049 3105 3106 Valentino
3139 3052 3332 3107 sedem
3368 3054 3630 3124 reliquit,
3660 3058 3754 3127 qui

2112 3136 2315 3192 eodem
2336 3151 2532 3192 mense
2554 3137 2721 3206 obiit,
2741 3143 2798 3192 et
2815 3138 3210 3207 GregoriusIV
3223 3142 3527 3196 successit.
3558 3141 3758 3212 (Gesta

2033 3201 2081 3262 C
2101 3238 2164 3294 ρ.
2191 3226 2291 3295 Β.)
2326 3225 2483 3280 Sedit
2516 3239 2566 3280 a.
2603 3227 2686 3280 19.
2710 3201 2810 3293 ’(Α.
2843 3201 3017 3281 paid.
3059 3229 3182 3295 833,
3215 3226 3366 3296 834.)
3399 3201 3586 3299 Hujus
3621 3201 3757 3288 tem-

2114 3324 2272 3381 pore,
2300 3315 2362 3366 ut
2393 3310 2447 3365 in
2471 3311 2663 3366 Gestis
2693 3311 3041 3390 Francorum
3075 3311 3309 3382 legitur,
3345 3313 3678 3372 Ludovicus
3702 3317 3752 3370 in

2111 3397 2407 3454 Elisatiam
2423 3399 2720 3470 profectus
2743 3399 3188 3454 occurrentibus
3214 3399 3290 3454 ibi
3324 3400 3459 3456 ﬁliis
3481 3404 3610 3459 suis
3626 3419 3752 3460 cum

2113 3487 2354 3556 praefato
2377 3485 2654 3555 Gregorio
2675 3487 2928 3541 Romano
2954 3486 3251 3556 pontiﬁce,
3281 3487 3508 3556 judicio
3531 3491 3753 3561 episco-

2112 3589 2318 3646 porum
2352 3588 2554 3629 nomen
2581 3573 2854 3644 deposuit
2879 3577 2934 3628 ct
2960 3573 3030 3628 ad
3055 3575 3436 3644 penitentiam
3469 3580 3749 3646 agendam

2111 3660 2410 3732 aliquanto
2435 3667 2694 3731 tempore
2716 3660 2982 3730 privatus
3000 3665 3052 3716 et
3083 3661 3342 3719 inclusus
3363 3663 3681 3722 victitavit.

2183 3749 2373 3820 [Aoo.]
2407 3750 2571 3804 Anno
2594 3751 2696 3802 828
2722 3762 2853 3804 cum
2885 3748 3070 3804 omnis
3101 3752 3366 3819 potestas
3395 3752 3748 3811 Francorum

2109 3837 2196 3892 Pii
2225 3836 2500 3892 Ludovici
2549 3835 2744 3891 studio
2792 3839 3028 3891 vacaret
3074 3837 3211 3905 otio,
3264 3837 3500 3906 quidam
3531 3845 3748 3897 tantam

2112 3926 2247 3982 boni
2281 3939 2438 3996 spem
2461 3923 2530 3957 ³⁸⁸
2551 3939 2661 3979 non
2694 3925 2970 3993 ferentes,
3005 3939 3242 3980 uxorem
3277 3925 3657 3997 imperatoris
3683 3931 3749 3986 ab

2110 4012 2235 4082 ejus
2267 4012 2448 4067 latere
2472 4011 2528 4066 in
2554 4010 2919 4080 Aquitaniam
2952 4011 3060 4066 sub
3090 4012 3360 4068 custodia
3393 4013 3682 4084 dirigunt.
3708 4022 3748 4072 Α

2113 4114 2248 4170 rege
2279 4113 2509 4170 quoque
2547 4099 2856 4154 universus
2905 4097 3156 4170 pepulus
3189 4098 3466 4156 deﬁciens
3497 4104 3570 4159 ad
3603 4105 3750 4160 ﬁlios

2110 4187 2236 4257 ejus
2257 4201 2318 4242 se
2344 4185 2650 4242 transtulit
2675 4204 2687 4239 :
2714 4186 2836 4257 ipse
2865 4184 3152 4242 custodiae
3184 4186 3438 4243 traditus
3469 4196 3582 4259 est,
3609 4206 3749 4248 uxor

2111 4275 2238 4345 ejus
2268 4274 2468 4330 itidem
2501 4272 2786 4330 custodiae
2832 4273 3157 4344 mancipata
3187 4278 3304 4338 est;
3341 4275 3444 4330 sed
3473 4283 3624 4335 nutu
3657 4278 3746 4335 Dei

2111 4368 2243 4436 post
2271 4361 2448 4419 tot"l
2475 4361 2718 4418 adversa
2752 4375 3036 4432 prospera
3067 4361 3412 4432 succedunt,
3445 4367 3650 4437 populi
3680 4367 3744 4424 ad

2110 4451 2488 4522 penitentiam
2535 4447 2604 4482 ²⁴⁸
2659 4452 3100 4517 convertuntur,
3154 4448 3340 4518 ipsum
3391 4450 3447 4506 in
3500 4455 3746 4524 pristino

2022 4539 2078 4602 D
2109 4539 2291 4610 gradu
2316 4540 2656 4595 revocantes
2685 4535 3022 4606 sublimant,
3049 4535 3150 4590 ﬁlii
3174 4537 3401 4594 nunciis
3423 4541 3625 4598 missis
3659 4557 3744 4600 vc-

2107 4625 2257 4682 niam
2273 4625 2803 4694 ﬂagitant,matrem
2817 4624 3121 4680 reducunt.
3140 4622 3424 4698 [Μίκκα]
3444 4627 3740 4686 Clothario

2100 4713 2217 4784 jam
2266 4714 2603 4785 imperatori
2634 4720 2698 4772 ut
2727 4719 2893 4772 extra
2921 4714 2990 4748 ²⁴⁹
3019 4717 3243 4775 Italiam
3293 4716 3402 4772 nisi
3450 4721 3623 4788 patre
3662 4718 3744 4789 ju-

2108 4803 2280 4859 bente
2309 4817 2421 4858 non
2453 4803 2798 4874 procederet
2817 4803 2887 4836 ’⁸ο
2909 4804 3202 4876 principes
3235 4807 3546 4877 imperant;
3583 4804 3740 4873 Quod

2107 4890 2301 4948 divina
2330 4889 2399 4923 ³⁸⁸
2429 4891 2649 4962 pietate
2676 4900 2734 4946 et
2766 4893 2956 4962 gratia
2987 4893 3202 4951 factum
3233 4899 3323 4952 est
3357 4893 3490 4964 quia
3524 4895 3653 4966 ipse
3681 4891 3742 4926 ³⁵³

2107 4979 2428 5050 imperator
2455 4978 2513 5034 in
2545 4980 3168 5050 sequentibusjudicio
3211 4981 3624 5054 episcoporum
3671 4980 3735 5039 ad

2105 5067 2492 5138 penitenciam
2537 5067 2950 5124 reconciliatus
2982 5073 3090 5126 est.
3125 5069 3253 5125 Fuit
3285 5075 3480 5125 autem
3514 5071 3624 5126 hcc
3653 5072 3743 5128 de-

2101 5154 2282 5224 jectio
2305 5153 2374 5186 ³⁸³
2396 5153 2640 5211 maxima
2663 5169 2735 5212 ex
2756 5161 2922 5226 parte
2955 5157 3106 5212 facta
3131 5172 3235 5228 pro
3260 5155 3604 5214 multimoda
3637 5159 3739 5216 for-

2106 5241 2398 5298 nicatione
2425 5242 2625 5299 Iudith
2655 5243 2856 5300 uxoris
2887 5243 3034 5313 ejus.

2179 5327 2396 5402 [BER‘L]
2429 5331 2594 5389 Anno
2623 5333 2730 5388 839
2757 5331 3068 5390 Lotharius
3119 5329 3324 5389 relicta
3366 5332 3610 5390 Francia
3642 5335 3738 5390 Ita-

1723 5453 1959 5509 VARUE
1997 5452 2396 5511 LECTIONES.

417 5555 500 5594 ³⁸⁸
528 5555 700 5615 bonis
728 5554 1017 5638 suppleat.
1051 5557 1120 5594 “7
1149 5573 1205 5631 p.
1241 5563 1286 5616 t.
1319 5571 1372 5614 a.
1405 5557 1696 5688 mlcet.
1727 5556 1800 5639 ’ξε
1830 5557 2066 5639 peniten
2111 5557 2402 5630 suppleri.
2436 5555 2508 5594 ⁸⁸9
2540 5561 2607 5616 ut
2652 5561 2819 5616 extra
2867 5557 3081 5618 deleta.
3112 5555 3185 5592 "°
3215 5555 3569 5629 procederet
3609 5557 3730 5620 duo

417 5641 508 5688 tot.
538 5625 609 5665 ³⁸⁸
639 5624 835 5688 divma
861 5625 1134 5688 dolatum.
1165 5627 1235 5665 ³⁸³
1261 5641 1412 5688 am
1537 5627 1652 5688 .3“
1679 5627 1931 5688 deiectio
1960 5627 2230 5688 doleam.

365 5627 508 5694 mm.
538 5625 609 5665 ³⁸⁸
639 5624 1134 5689 divina'dmmm.
1149 5624 1235 5665 ’³⁸³
1261 5641 1412 5702 nm

1571 5627 1652 5692 ,³⁸⁸
1679 5627 1931 5700 dejectio
1960 5627 2230 5690 dcam:
