3898 6334
116 360 216 424 165

1349 355 1851 427 CHRONICON.
1886 398 1965 411 --
1993 360 2147 430 LIB.
2195 364 2240 429 Ῑ.

3371 376 3485 443 166

111 496 230 553 liam
256 494 427 586 petit.
450 495 624 586 Ebbo
641 497 948 586 Remorum
980 495 1461 570 archiepiscopus
1499 497 1734 569 deponi-
1761 500 1817 561 A
1846 500 2003 557 Dom.
2040 502 2145 558 842
2179 500 2267 573 ²⁸⁴,
2302 505 2632 577 Normanni,
2668 505 2722 563 id
2755 502 3238 580 estaquilonares
3260 515 3479 586 p0puli,

105 589 215 655 tur,
239 590 291 640 et
318 584 482 641 multi
529 578 626 641 alii
657 584 840 642 exilio
872 585 1281 657 dampnantur,
1320 586 1451 657 quia
1490 586 1548 642 in
1580 586 1735 657 deje-

112 674 341 730 ctionem
374 673 745 744 imperatoris
794 673 1294 746 conspiraverant.
1330 676 1611 731 Defuncto
1639 691 1735 732 au-

103 766 207 816 tem
236 761 537 817 Herilando
584 761 870 829 antistite,
905 762 1046 818 abiit
1103 777 1239 834 pars
1272 762 1414 818 cleri
1448 767 1508 818 et
1544 762 1732 835 plebis

108 849 410 906 Virdunicaa
442 848 516 905 ad
542 849 927 906 Hludovicum
960 850 1376 921 imperatorem
1399 866 1548 908 anno
1570 852 1727 907 Dom.

109 934 204 991 inc.
235 938 352 1004 827,
384 938 441 990 et
478 936 780 1007 petierunt
815 935 924 993 sibi
975 936 1099 992 dari
1131 936 1400 993 domuum
1443 936 1728 993 llildinum

107 1022 169 1077 de
218 1021 566 1091 Alemannis,
618 1022 808 1079 virum
856 1022 1066 1079 bonum
1117 1027 1176 1078 et
1207 1028 1497 1092 sanctum,
1527 1024 1622 1093 qui
1674 1023 1730 1078 in

105 1109 421 1180 episcopatu
435 1124 544 1166 suo
559 1110 773 1167 multas
785 1111 1086 1168 aecclesias
1100 1112 1453 1181 construxit,
1470 1116 1528 1167 et
1551 1115 1728 1167 multa

107 1196 234 1252 bona
260 1204 534 1268 operatus
561 1202 649 1255 est
686 1198 932 1263 (01mm.
976 1200 1141 1271 Div.)
1177 1199 1500 1256 Ludovicus
1554 1200 1734 1269 igitur

107 1298 321 1354 regnum
351 1300 520 1343 suum
554 1286 710 1342 inter
757 1287 908 1343 ﬁlios
957 1302 1096 1344 suos
1127 1286 1411 1357 dividens,
1462 1288 1732 1344 Lothario

104 1372 188 1443 qui
215 1376 331 1428 erat
362 1373 545 1443 major
594 1378 734 1430 natu
763 1374 1013 1431 tradidit
1063 1374 1369 1445 imperium
1405 1379 1462 1431 et
1492 1390 1730 1446 regnum

103 1458 281 1530 Italiae,
304 1464 360 1515 et
384 1465 616 1530 partem
638 1462 896 1518 Francia;
918 1476 1089 1533 quam
1112 1463 1264 1518 Mosa
1289 1469 1348 1517 et
1365 1463 1559 1518 Renus
1582 1462 1733 1517 inter

101 1560 156 1602 se
183 1545 456 1617 dividunt,
509 1552 570 1603 et
606 1552 832 1620 partem
885 1548 1263 1619 Burgundiae;
1298 1549 1588 1606 Ludovico
1617 1551 1735 1604 tra-

110 1633 239 1689 didit
270 1636 611 1692 Bawariami
645 1638 972 1707 Saxoniam,
1007 1641 1062 1692 et
1099 1651 1271 1706 regna
1306 1652 1433 1708 quae
1488 1636 1733 1693 Karolus

99 1722 425 1793 subegerat;
480 1725 733 1796 Pippino
793 1725 1184 1796 Aqrtitaniam,
1247 1725 1609 1781 Wasconiam
1671 1731 1730 1780 et

100 1815 292 1866 terram
313 1811 417 1868 sibi
441 1812 773 1884 subjectam
805 1827 996 1884 usque
1014 1812 1069 1868 in
1095 1812 1458 1885 Hispaniam;
1484 1812 1732 1869 Karolus

98 1897 339 1955 minimus
369 1904 534 1970 natu,
581 1900 680 1970 qui
731 1899 944 1957 Calvus
973 1905 1061 1958 est
1095 1900 1308 1970 dictus,
1360 1900 1611 1972 adeptus
1638 1904 1729 1957 est

100 1986 389 2058 Franciam,
415 1987 833 2059 Burgundiam,
860 1989 1210 2045 Neustriam.
1244 1987 1408 2045 Unde
1447 1988 1729 2060 indignati

97 2080 215 2129 sunt
246 2076 474 2146 fratres,
505 2076 641 2147 quia
675 2076 954 2134 nolebant
1000 2091 1133 2134 eum
1165 2076 1276 2132 sibi
1335 2076 1575 2148 aquari,
1640 2075 1729 2132 vel

100 2163 218 2231 quio
243 2163 439 2221 melior
466 2179 610 2237 pars
637 2165 802 2236 regni
829 2166 882 2221 ei
924 2165 1140 2223 collata
1172 2165 1398 2222 fuisset.
1436 2164 1577 2235 (Fol.
1615 2166 1730 2235 62.)

98 2251 237 2307 Unde
268 2257 397 2322 post
428 2253 622 2323 patris
650 2252 873 2309 obitum
903 2267 1082 2323 grave
1110 2252 1264 2310 inter
1285 2267 1389 2310 eos
1417 2258 1609 2310 ortum
1635 2257 1727 2308 est

102 2337 309 2409 bellum,
339 2345 396 2395 et
426 2345 632 2396 tamen
678 2344 900 2397 statuta
930 2341 1117 2413 patris
1144 2340 1439 2398 immutari
1494 2355 1604 2397 non
1637 2355 1733 2396 va-

103 2424 331 2483 luerunt.
368 2427 453 2484 Ad
484 2432 818 2485 extremum
849 2428 1025 2485 etiam
1082 2428 1452 2499 Aquitaniam
1485 2426 1731 2484 Karolus

103 2512 345 2583 optinuit.
378 2515 632 2587 Pippino
663 2516 814 2573 enim
840 2519 976 2573 ante
1000 2521 1225 2589 patrem
1252 2516 1549 2586 defuncto,
1576 2515 1731 2572 illius

98 2600 344 2671 Pippinus
372 2603 677 2674 remansit,
711 2604 809 2675 qui
842 2605 976 2674 quia
1007 2605 1079 2662 ad
1129 2618 1371 2675 regnum
1401 2605 1733 2674 gubernan-

103 2686 219 2745 dum
268 2691 452 2748 minus
509 2691 623 2748 fuit
658 2691 838 2763 utilis,
901 2690 975 2749 ad
1005 2691 1280 2749 Karolum
1315 2706 1377 2747 se
1436 2691 1732 2763 principes

99 2778 463 2849 contulerunt,
499 2784 560 2836 et
622 2779 884 2849 regnavit
915 2778 1162 2837 Karolus
1194 2778 1405 2837 Calvus
1451 2778 1729 2835 annis.....

103 2864 242 2919 Anno
276 2867 495 2923 Domini
529 2870 640 2923 839
668 2882 889 2939 corpus
922 2868 1111 2924 sancti
1138 2867 1533 2923 Bartholomei
1558 2867 1734 2923 Bene-

100 2956 304 3009 ventum
331 2954 597 3011 delatum
627 2958 738 3010 est.
767 2954 923 3011 Obiit
950 2955 1306 3027 Apollinaris
1330 2956 1512 3012 abbas
1540 2953 1727 3010 Flavi-

102 3039 357 3099 niacensis
384 3043 574 3116 pridie
628 3043 864 3101 Kalend.
898 3044 1139 3116 Aprilis,
1193 3043 1541 3100 duodecimo
1573 3057 1725 3098 anno

104 3126 364 3200 Ludovici,
395 3135 451 3187 et
487 3133 622 3202 post
653 3129 800 3188 duos
829 3145 1013 3188 annos
1044 3131 1290 3202 Vigilius
1321 3129 1603 3189 successit
1637 3144 1734 3187 an-

1760 1858 1815 1918 Β

1844 595 2219 647 vastaverunt
2244 594 2643 665 Rotomagum,
2670 611 2817 653 anno
2845 601 2863 654 I
2892 598 3143 656 Lotharii
3175 608 3234 657 et
3270 604 3480 659 Karoli.

1917 714 2140 781 (Gesta.
2164 731 2220 786 ρ.
2249 717 2347 783 R.)
2372 719 2532 775 Anno
2556 723 2660 776 844
2684 727 2914 777 mortuo
2940 724 3221 793 Gregorio
3247 726 3486 794 Sergius

1847 814 1987 873 papa
2023 804 2308 874 succedit,
2341 812 2401 860 et
2432 810 2461 861 3
2491 821 2669 863 annos
2720 807 3124 867 administrate
3157 813 3486 869 sacerdotio

1844 888 2014 944 Leoni
2049 892 2117 945 IV
2168 892 2499 964 dereliquit,
2562 900 2617 949 et
2654 900 2784 967 post
2839 911 3036 955 annos.
3067 941 3078 953 .
3108 941 3120 955 .
3152 942 3164 955 .
3199 902 3483 957 successit

1844 978 2192 1036 Benedictus
2216 982 2475 1039 IlIannis
2508 988 2560 1053 2,
2595 990 2653 1039 ct
2677 984 2949 1041 Nicolaus
2977 988 3014 1041 I.
3051 987 3157 1054 Qui
3180 989 3483 1045 exactisin

1842 1065 2173 1123 sacerdotio
2206 1070 2272 1123 10
2303 1071 2468 1125 annis
2496 1072 2749 1128 Adriano
2773 1073 3111 1131 cathedram
3134 1076 3487 1147 reliquitan-

1843 1168 1913 1208 no
1946 1156 2017 1209 ab
2051 1156 2162 1212 inc.
2189 1157 2348 1214 Dom.
2373 1162 2496 1215 868.

1913 1280 2156 1343 (Ckron.
2193 1282 2355 1348 Dio.)
2390 1283 2696 1339 Lotharius
2746 1284 2927 1354 igitur
2959 1286 3141 1356 major
3171 1291 3311 1345 natu
3341 1289 3491 1361 opti-

1842 1378 1985 1421 nens
2018 1367 2341 1439 imperium,
2370 1372 2692 1426 Contentus
2719 1371 2827 1427 fuit
2850 1387 2915 1428 ea
2942 1379 3109 1443 parte
3134 1375 3292 1445 regni
3319 1390 3487 1446 quam

1842 1467 2014 1525 supra
2050 1455 2317 1526 diximus,
2367 1473 2495 1514 cum
2531 1460 2674 1514 urbe
2724 1460 2902 1515 Roma
2932 1466 2992 1517 et
3022 1462 3207 1519 Italia.
3242 1464 3490 1520 indictio

1842 1546 1908 1598 15
1940 1542 2046 1597 fuit
2079 1557 2262 1599 annus
2295 1544 2547 1600 Lotharii
2583 1545 2954 1617 imperatoris
3005 1548 3061 1603 in
3114 1550 3278 1605 Italia
3310 1554 3396 1621 33,
3431 1552 3489 1606 in

1843 1629 2081 1685 Francia
2114 1634 2198 1699 13,
2237 1631 2425 1702 [Ano.]
2460 1633 2668 1689 Habuit
2700 1634 2880 1690 lilium
2915 1635 3273 1692 Ludovicum
3304 1637 3401 1708 qui
3434 1638 3489 1692 in

1842 1717 1960 1772 vita
1995 1718 2178 1787 patris
2211 1719 2404 1775 Romae
2436 1734 2466 1774 a
2497 1721 2696 1789 Sergio
2749 1736 2893 1793 papa
2950 1728 3268 1780 coronatus
3297 1728 3356 1780 et
3391 1724 3491 1780 im-

1845 1810 2083 1876 perator
2101 1807 2431 1877 appellatus
2454 1814 2562 1864 est.
2598 1809 2813 1881 [Bent]
2840 1812 3101 1880 Regebat
3124 1814 3265 1869 tunc
3287 1812 3494 1869 Virdu-

1844 1908 2083 1948 nensem
2115 1894 2439 1951 ascclesiam
2467 1899 2753 1967 praefatus
2792 1898 3041 1955 domnus
3075 1898 3343 1957 Hildinus
3372 1902 3492 1971 epi-

1845 1995 2080 2053 scOpus,
2118 1983 2205 2038 vir
2237 1998 2340 2054 per
2372 1985 2559 2040 omnia
2586 1984 2919 2043 laudabilis.
2948 1987 3058 2043 Sed
3092 1988 3183 2043 hic
3214 1992 3349 2058 post
3371 1988 3490 2044 bel-

1844 2067 1960 2125 lum
1993 2070 2049 2125 in
2076 2071 2391 2127 Fontanido
2424 2077 2618 2127 actum
2651 2087 2856 2142 magno
2887 2073 3020 2129 odio
3049 2073 3287 2130 habitus
3327 2088 3357 2129 a
3389 2074 3490 2130 Lo-

1843 2158 2033 2214 thario
2065 2159 2438 2230 imperatore,
2471 2174 2619 2215 anno
2646 2162 2717 2215 ab
2768 2160 2878 2217 inc.
2924 2163 3081 2217 Dom.
3118 2166 3213 2219 851
3254 2162 3400 2218 obiit
3432 2162 3487 2217 in

1841 2246 1957 2301 ista
1986 2245 2229 2302 civitate
2262 2261 2392 2302 cum
2432 2261 2637 2317 magno
2666 2246 2870 2303 dolore
2892 2252 2949 2303 et
2982 2248 3227 2303 tristitia
3253 2249 3387 2304 ldus
3403 2250 3493 2305 Ja-

1841 2333 2048 2400 nuarii,
2080 2334 2304 2389 exactis
2346 2334 2400 2388 in
2432 2335 2777 2405 episcopatu
2809 2338 2879 2391 24
2909 2335 3097 2405 annis,
3132 2340 3192 2390 et
3224 2334 3493 2407 sepultus

1841 2419 1898 2475 in
1937 2420 2125 2492 cripta
2156 2422 2345 2478 sancti
2378 2423 2589 2478 Vitoni.
2628 2424 2766 2479 Post
2799 2422 2968 2492 cujus
2998 2437 3305 2479 excessum
3335 2422 3489 2478 ordi-

1841 2512 2012 2564 natus
2030 2512 2117 2564 est
2143 2508 2198 2563 in
2221 2509 2343 2579 ipsa
2367 2509 2631 2565 mcclesia
2655 2510 2884 2566 donnus
2909 2511 3101 2580 Ilatto,
3127 2515 3187 2565 et
3210 2524 3316 2582 pro
3341 2524 3488 2582 pm-

1842 2596 1999 2653 dicto
2014 2597 2384 2667 imperatoris
2398 2597 2763 2653 odioinvenit
2782 2599 3037 2654 tunicam
3062 2603 3277 2655 sanctae
3296 2598 3489 2655 Maria

1842 2698 1947 2756 per
1978 2684 2159 2740 multa
2181 2685 2425 2740 scissam
2457 2692 2516 2740 et
2539 2684 2887 2755 disruptam,
2915 2686 2969 2741 id
2995 2691 3081 2741 est
3107 2701 3203 2741 res
3233 2687 3490 2757 praefatae

1842 2771 2124 2828 ecclesiae
2154 2771 2390 2828 nimium
2425 2774 2758 2828 subtractas
2785 2776 2842 2827 et
2876 2772 3178 2829 alienatas.
3206 2774 3320 2829 Pro
3354 2789 3493 2844 qua-

1843 2873 1969 2916 rum
1988 2858 2339 2914 alienatione
2356 2862 2411 2913 et
2430 2872 2667 2914 suorum
2682 2858 2994 2914 afﬂictione
3007 2863 3134 2913 toto
3152 2860 3284 2915 nisu
3300 2859 3490 2915 erexit

1843 2962 1903 3003 se
1933 2950 2137 3003 contra
2173 2946 2438 3003 inimicos
2470 2945 2772 3017 mcclesite,
2806 2946 2991 3002 donec
3024 2946 3339 3002 miserante
3371 2947 3487 3003 Deo

1844 3035 1915 3092 ad
1947 3035 2257 3108 pristinum
2288 3038 2503 3091 statum
2565 3033 2754 3089 omnia
2806 3033 3114 3089 reduceret
3143 3038 3201 3089 et
3239 3034 3491 3090 redinte-

1841 3128 2060 3193 graret.
2094 3125 2337 3195 Insuper
2365 3122 2539 3178 etiam
2569 3121 2818 3193 optinuit
2854 3122 3007 3193 apud
3031 3122 3363 3177 Lotharium
3399 3121 3491 3191 ju-

106 3214 181 3269 nis
208 3220 283 3286 14,
313 3222 369 3272 et
399 3223 532 3290 post
562 3233 701 3275 eum
750 3218 1094 3277 Arewaldus
1143 3220 1496 3292 subrogatus
1521 3221 1611 3275 est
1644 3232 1736 3273 an-
1763 3202 1812 3265 C
1844 3213 2063 3269 niorem
2098 3225 2291 3281 regem
2326 3210 2497 3266 νίηεε
2556 3215 2614 3266 et
2648 3209 2865 3281 ριέεάίδ
2923 3207 3366 3280 quamplurima:
3426 3214 3491 3265 ιιι

107 3316 167 3357 no
190 3307 252 3360 25
280 3304 455 3377 ipsius
486 3305 785 3364 Ludovici.

166 3391 306 3449 Obiit
334 3400 524 3452 autem
555 3396 890 3453 Ludovicus
921 3398 989 3452 l2
1018 3394 1258 3453 Kalend.
1304 3393 1446 3452 Julii
1481 3408 1628 3451 anno
1665 3393 1735 3451 ab

106 3479 200 3536 inc.
230 3483 375 3540 Dom.
406 3486 533 3553 840,
567 3483 763 3556 [Ano.]
798 3483 1023 3554 imperii
1072 3483 1161 3540 sui
1209 3497 1358 3540 anno
1390 3487 1478 3540 25.
1514 3484 1737 3554 Corpus

107 3568 215 3637 ejus
248 3585 276 3626 a
299 3572 558 3643 Drogone
588 3572 769 3628 fratre
791 3571 1010 3628 Mettim
1032 3570 1284 3628 delatum
1310 3575 1367 3627 et
1392 3571 1447 3627 in
1484 3570 1735 3627 ecclesia

109 3657 272 3713 sancti
298 3658 515 3716 Arnulﬂ
550 3658 815 3731 positum
864 3663 975 3716 est.
1017 3659 1311 3716 Successit
1340 3658 1648 3715 Lotharius
1680 3658 1735 3713 in

114 3756 281 3814 regno.

175 3831 438 3908 [Rectum]
472 3837 642 3892 Anno
677 3834 749 3891 ab
781 3834 894 3891 inc.
943 3835 1104 3889 Dom.
1139 3836 1237 3890 841
1276 3833 1382 3891 fuit
1415 3834 1568 3905 apud
1598 3835 1741 3892 Fon-

116 3920 347 3980 tanidum
378 3922 599 3981 bellum
629 3921 1039 3993 gravissimum
1071 3923 1225 3979 inter
1244 3922 1457 3979 fratres
1472 3922 1622 3978 tilios
1638 3923 1742 3979 Lu-

118 4004 373 4080 dovici,et
390 4026 503 4070 non
526 4012 658 4069 sine
683 4025 889 4081 magno
905 4024 1144 4067 suorum
1164 4009 1471 4080 dispendio
1494 4009 1740 4067 Karolus

118 4098 165 4149 et
192 4097 500 4157 Ludovicus
537 4099 828 4156 vicerunt.
868 4100 1043 4166 (Ama.
1098 4098 1316 4170 Lugd.)
1348 4097 1561 4154 Eodem
1590 4112 1740 4154 anno

121 4183 429 4252 Agobardus
474 4187 886 4258 Lugdunensis
943 4186 1259 4258 episcopus
1293 4185 1471 4252 obiit;
1503 4189 1561 4242 et
1595 4184 1740 4241 illud

118 4273 453 4332 memorabile
511 4288 682 4347 opus,
715 4274 868 4345 quod
919 4273 1083 4330 stetit
1125 4288 1153 4329 a
1200 4278 1461 4344 tempore
1512 4272 1738 4342 Trajani

121 4354 457 4428 imperatoris
486 4367 546 4418 et
581 4363 789 4418 Forum
813 4368 984 4419 vetus
1004 4359 1432 4433 appellabatur,
1477 4359 1737 4430 Lugduni

120 4447 331 4504 corruit.
363 4449 609 4516 (σλγοπ.
643 4450 813 4516 Div.)
843 4450 986 4506 Dum
1008 4462 1150 4519 ergo
1174 4447 1422 4520 quisque
1454 4448 1565 4504 sibi
1606 4462 1742 4504 con-

1844 3301 2204 3358 demonstrat
2236 3302 2531 3355 cartarum
2590 3298 2818 3353 notitia.
2873 3298 3005 3352 Erat
3063 3298 3213 3352 enim
3244 3297 3491 3353 intentio

1845 3387 1972 3457 ejus
2004 3392 2059 3443 et
2097 3386 2262 3442 labor
2304 3386 2534 3456 nimius,
2597 3390 2657 3441 ut
2692 3384 2960 3442 aecclesia
3009 3384 3120 3440 sibi
3178 3383 3490 3441 commissa

1845 3475 2212 3533 exaltaretur
2238 3479 2297 3530 et
2332 3488 2472 3545 pace
2507 3476 2818 3530 frueretur.
2846 3471 3008 3538 Quod
3033 3476 3089 3527 et
3126 3472 3259 3528 fecit
3284 3471 3491 3527 diebus

1844 3562 1980 3620 vitae
2015 3562 2270 3619 Lotharii
2297 3562 2564 3633 junioris.
2588 3562 2692 3618 Hic
2721 3559 2946 3631 accepit
2968 3563 3192 3631 partem
3213 3557 3487 3629 reliquia-

1848 3666 1975 3707 rum
1998 3656 2334 3707 sanctorum
2353 3652 2748 3707 confessorum
2786 3648 3123 3720 pariterque
3146 3646 3489 3718 pontiﬁcum

1847 3740 2049 3810 Mauri,
2086 3739 2321 3809 Salvini,
2384 3738 2665 3807 .tratoris,
2702 3751 2948 3806 quorum
3005 3748 3253 3806 corpora
3287 3738 3490 3791 sancto

1849 3828 2094 3898 Agerico
2118 3826 2397 3894 revelata,
2423 3830 2482 3880 et
2504 3825 2576 3878 ab
2598 3824 2798 3879 eodem
2815 3824 3044 3879 fuerant
3066 3820 3493 3878 honorabiliter

1849 3920 1907 3973 et
1925 3914 2296 3972 sanctissime
2311 3913 2577 3968 ordinata
2603 3912 2657 3965 in
2678 3910 2879 3966 eadem
2894 3909 3156 3966 mcclesia
3181 3909 3278 3965 ubi
3304 3908 3492 3979 primo

1851 4005 2081 4061 fuerant
2101 4000 2408 4071 tumulata,
2433 3998 2622 4055 sancti
2643 3998 2803 4053 Petri
2826 3995 3079 4069 apostoli
3104 3997 3335 4052 nomine
3355 4010 3493 4051 con-

1852 4094 2102 4159 secrata,
2129 4090 2230 4145 sed
2258 4088 2510 4143 adomno
2534 4085 2765 4141 Hildino
2788 4085 2841 4139 in
2859 4100 3004 4141 nova
3027 4084 3212 4140 sancti
3230 4083 3488 4139 Medardi

1851 4177 2114 4236 aecclesia
2145 4179 2310 4232 erant
2335 4174 2641 4244 translata,
2664 4178 2726 4229 et
2760 4172 3025 4244 reposuit
3057 4172 3113 4226 in
3134 4170 3492 4228 monasterio

1851 4265 2005 4338 quod
2032 4263 2403 4334 Theolegium
2433 4261 2666 4331 dicitur,
2694 4260 2976 4318 aecclesiae
2994 4274 3115 4316 suae
3138 4259 3488 4330 subjectum.

1851 4353 2157 4410 Brachium
2187 4366 2326 4407 vero
2358 4350 2547 4419 sancti
2578 4349 2756 4405 Mauri
2791 4348 2847 4404 in
2877 4346 3141 4405 aecclesia
3173 4360 3343 4417 quam
3367 4345 3492 4417 ipse

1851 4444 1907 4499 in
1938 4440 2185 4499 castello
2214 4454 2384 4509 novo,
2416 4437 2569 4509 quod
2620 4452 2769 4493 nunc
2802 4437 3071 4493 Hattonis
3127 4440 3386 4491 castrum
3419 4433 3493 4489 ab

121 4533 257 4604 salit,
277 4543 417 4594 etne
433 4538 588 4595 alter
605 4537 718 4596 sibi
738 4538 1086 4609 prmferatur
1105 4540 1294 4608 cavet,
1320 4536 1545 4595 unitum
1568 4537 1741 4592 Fran-
1768 4544 1822 4605 1)
1851 4530 2112 4588 auctoris
2143 4527 2370 4584 nomine
2401 4528 2648 4584 vocatur
2671 4524 2803 4596 (64),
2822 4527 3252 4593 construxerat,
3280 4522 3390 4577 sub
3412 4519 3492 4575 al-

124 4632 295 4679 corum
323 4639 565 4696 regnum
598 4625 749 4681 raeda
780 4625 1038 4682 sectione
1065 4624 1389 4696 sciderunt,
1429 4627 1486 4680 et
1516 4624 1741 4680 exteris

127 4709 424 4770 nationibus
454 4713 825 4770 occasionem
873 4712 1197 4769 rebellandi
1231 4712 1626 4769 contulerunt.
1657 4712 1745 4766 In-

121 4799 432 4863 gruentibus
461 4801 618 4858 enim
660 4801 1024 4871 Normannis,
1078 4800 1253 4858 Danis
1282 4806 1339 4857 et
1385 4799 1739 4869 Britonibus,

124 4879 245 4940 ﬁunt
269 4886 715 4946 christianorum
747 4891 995 4960 strages,
1031 4887 1519 4960 deprmdationes,
1557 4891 1747 4943 vasta-

1852 4621 1963 4675 tari
1980 4616 2307 4674 recondidit
2322 4615 2392 4671 ad
2408 4614 2655 4671 salutem
2673 4617 2729 4668 et
2748 4612 3082 4683 praesidium
3098 4615 3488 4680 posterorum.

1854 4706 1994 4779 (Fol.
2028 4704 2159 4777 62’.)
2192 4703 2465 4759 Lothario
2495 4700 2883 4770 ergojuniore
2907 4712 3042 4767 rege
3092 4696 3210 4751 tilio
3239 4693 3493 4750 Lotharii

1854 4795 2005 4851 diem
2037 4793 2286 4849 obeunte
2319 4804 2467 4845 anno
2492 4789 2563 4843 ab
2585 4788 2695 4842 inc.
2733 4788 2894 4841 Dom.
2928 4787 3033 4842 874
3079 4783 3135 4837 in
3156 4795 3353 4838 mense
3381 4783 3495 4837 Au-

1854 4885 2050 4952 gusto,
2074 4878 2249 4935 etiam
2281 4878 2395 4932 iste
2427 4874 2573 4931 obiit
2622 4871 2858 4927 Kalend.
2890 4869 3166 4938 Januarii,
3199 4872 3259 4924 et
3287 4870 3376 4923 est
3406 4880 3495 4922 se-

123 4968 309 5044 tiones,
334 4975 723 5034 incensiones.
748 4978 864 5034 Hac
876 4954 957 5033 de
975 4954 1152 5034 causa
1175 4954 1561 5048 pacificantur
1592 4974 1746 5031 inter
1857 4968 2056 5042 pultus
2084 4967 2141 5022 in
2174 4962 2413 5021 basilica
2438 4959 2625 5017 sancti
2645 4957 2860 5048 Vitoni,
2884 4957 2941 5013 in
2963 4956 3150 5048 cripta
3178 4954 3344 5048 juxta
3367 4967 3496 5048 cor-

126 5070 178 5113 se
206 5074 375 5133 reges,
407 5069 465 5120 et
497 5065 636 5136 quia
660 5065 832 5122 armis
871 5081 982 5124 non
1001 5069 1267 5138 possunt,
1287 5062 1551 5136 pecuniis
1574 5077 1635 5120 se
1662 5076 1750 5124 re-

127 5145 323 5205 dimunt
352 5155 526 5217 (Ann.
560 5153 777 5221 Prud.)
807 5154 1020 5212 Eodem
1042 5166 1214 5223 anno,
1249 5150 1347 5223 qui
1375 5155 1502 5208 erat
1529 5149 1600 5207 ab
1632 5150 1744 5207 inc.

1859 5072 1966 5131 pus
2000 5053 2194 5111 domni
2225 5050 2438 5109 Hildini
2478 5046 2760 5121 episcopi,
2810 5044 3034 5102 exactis
3061 5044 3119 5131 in
3149 5042 3493 5115 episcopatu

1860 5130 1929 5205 23
1962 5142 2143 5200 annis.
2206 5139 2395 5212 [BER’L
2430 5140 2515 5196 18.
2521 5138 2541 5208 J
2572 5137 2701 5208 Ipse
2731 5133 2908 5191 etiam
2963 5130 3258 5190 inchoavit
3286 5141 3494 5188 novam

1452 5306 1687 5365 VARLE
1724 5302 2020 5362 LECTION
2024 5300 2124 5356 ES.

185 5416 246 5453 ια
271 5423 493 5496 corrige
510 5422 823 5481 ncccxm.

1679 5501 1909 5562 NOTE.

194 5619 296 5692 (δι)
322 5620 725 5684 Hattoncbatel
752 5637 784 5682 α
811 5625 1026 5688 dextra
1054 5624 1228 5685 Mosa
1258 5618 1416 5679 haud
1447 5617 1621 5692 proul
1650 5618 1724 5677 ab
1751 5613 1967 5690 oppido
1993 5611 2050 5671 S.
2082 5607 2274 5669 libet.
