3894 6314
418 312 524 374 171

1371 303 1732 368 HOGONIS
1775 303 2131 400 ABBATIS
2171 306 2849 371 FLAVINIACENSIS
3703 311 3800 374 172

417 449 630 506 minem
665 452 906 520 possent
951 446 1192 516 habere,
1246 445 1358 518 ipsi
1399 446 1488 503 fisi
1541 460 1646 502 sua
1704 444 2057 502 auctoritate
2089 442 2143 505 A
2174 445 2375 516 cessit,
2408 445 2576 516 cujus
2599 446 2758 503 fuere
2793 446 3007 502 fratres
3039 445 3366 504 Ludovicus
3421 451 3482 504 et
3517 447 3799 514 Karolus;

418 537 758 608 episcopum
792 539 1234 592 consecrarent.
1262 533 1553 606 Stephano
1601 533 1892 590 successit
1927 535 2061 589 For-

421 641 618 682 mosus
653 625 750 696 qui
786 623 1070 682 Silvester
1095 625 1162 679 II.
1193 624 1294 680 IIic
1327 623 1664 693 Augrimum
1701 622 1770 656 ³⁵⁸
1825 623 2061 692 Linguo—

422 730 654 772 nensem
694 714 1072 784 restauravit,
1136 712 1234 783 qui
1288 713 1565 768 defuncto
1623 711 1938 769 Aureliano
1993 711 2061 744 ²⁵⁹

419 803 790 875 Lugdunensi
809 803 864 858 in
880 801 1006 859 loco
1022 803 1150 872 ejus
1166 802 1548 858 substitutus.
1577 803 1887 858 Formosus
1904 801 2060 857 vices

421 909 557 950 suas
591 892 878 948 Barnoino
912 891 1224 947 Viennensi
1257 891 1546 946 commisit
1574 889 1777 962 πο,ᾳυί
1815 890 1917 947 fuit
1953 891 2062 946 fra-

421 987 513 1038 ter
549 981 794 1037 Bosonis
830 980 1002 1050 regis.
1033 981 1188 1048 (Ser.
1220 978 1350 1036 abb.
1398 978 1514 1050 Fl.)
1545 980 1859 1036 Formosus
1917 993 2060 1050 papa

421 1070 713 1126 Waloncm
735 1071 1056 1125 Eduensem
1081 1068 1485 1142 episcopatum
1520 1066 1632 1124 sibi
1655 1068 2060 1124 vendicantem

419 1156 1242 1226 exeommunicavit,quoniam
1257 1156 1562 1212 ordinator
1583 1157 2060 1228 archiepiSCOpus

421 1246 826 1316 Lugdunensis
845 1259 873 1301 a
908 1245 1200 1316 Stephano
1225 1259 1370 1316 papa
1397 1244 1720 1317 depositus,
1756 1251 1896 1300 seta
1927 1245 2062 1300 For-

423 1349 583 1390 moso
617 1338 1006 1401 restauratus,
1034 1348 1202 1390 suum
1244 1347 1358 1389 non
1391 1333 1634 1388 haberet
1685 1332 1922 1404 pallium
1954 1347 2062 1390 nec

424 1425 756 1482 restitutam
789 1422 898 1480 sibi
932 1422 1273 1492 dignitatem
1301 1440 1316 1488 ;
1342 1423 1439 1493 qui
1489 1427 1694 1494 posset
1724 1422 2059 1494 episcopum

424 1526 773 1570 consecrare
801 1512 824 1566 ?
851 1516 906 1568 et
933 1526 1064 1567 cum
1096 1511 1532 1568 contradiceret
1562 1510 2060 1567 consecrationem

423 1600 785 1658 Teutboldus
826 1599 1139 1672 episcopus
1169 1614 1238 1656 ex
1273 1603 1437 1670 parte
1463 1613 1643 1671 papae.
1665 1598 2064 1654 Excommuni-

425 1696 592 1748 catus
625 1693 711 1745 est
747 1693 939 1744 autem
975 1687 1535 1760 propterecclesiam
1559 1685 1918 1744 sanctiPetri
1943 1686 2064 1742 Fla-

2174 534 2439 603 rcgnavit
2463 533 2628 590 annis
2661 539 2693 590 5
2727 551 2740 601 ;
2772 535 2918 590 obiit
2963 536 3105 590 Non.
3139 535 3474 591 Decembris
3505 551 3660 592 anno
3689 539 3797 605 884,

2174 637 2288 692 quo
2303 638 2451 677 anno
2465 622 3180 692 NormanniBurgundiam
3222 623 3584 680 invaserunt.
3632 623 3801 695 [Racu-

2171 711 2290 782 κα]
2325 710 2590 780 Karolus,
2618 717 3006 781 cognomento
3041 712 3270 782 Calvus,
3316 712 3483 770 obitu
3499 713 3702 768 fratris
3721 729 3802 768 au-

2173 799 2318 869 dito,
2366 799 2588 856 Italiam
2609 800 2870 870 intravit,
2907 801 3006 857 sed
3062 817 3092 857 a
3137 800 3580 858 Knrlommanno
3605 807 3799 874 nepot:

2174 888 2683 958 territusfugit,et
2731 888 3124 960 eodemanno,
3162 893 3222 945 ut
3255 889 3656 961 prmdiximus,
3698 891 3798 946 vita

2173 976 2450 1032 decessit.
2472 977 2593 1047 (fol.
2613 979 2722 1047 63.)
2751 976 3171 1034 Karlomannus
3215 978 3552 1034 obiitNonis
3595 980 3801 1034 Decem.

2175 1065 2594 1135 brisann0884,
2638 1066 3247 1136 etsequentiKarolus
3289 1066 3607 1138 imperator
3646 1068 3802 1122 elfici-

2173 1156 2288 1223 tur,
2305 1158 2363 1209 et
2382 1153 2486 1210 hoc
2499 1157 2637 1224 post
2650 1168 2860 1210 annum
2879 1170 3054 1211 unum
3071 1155 3368 1226 defuncto,
3405 1155 3557 1211 alius
3571 1153 3802 1212 Karolus

2174 1241 2746 1313 Simpleximperium
2770 1243 3107 1314 assumpsit,
3136 1243 3512 1314 quiregnavit
3544 1244 3798 1300 29annis.

2173 1329 2500 1387 Ludovicus
2540 1335 2733 1387 autem
2770 1331 3139 1388 Karlomanni
3173 1332 3352 1388 frater
3396 1347 3500 1388 rex
3529 1333 3800 1390 Saxonum

2174 1417 2548 1488 constitutus,
2567 1417 2754 1475 adhuc
2767 1418 2969 1475 eodem
2987 1421 3166 1476 fratre
3181 1419 3412 1478 vivente
3427 1421 3726 1477 Bavariam
3741 1421 3803 1476 in-

2177 1506 2634 1572 travit.(Chron.
2667 1509 2838 1574 Die.)
2857 1509 3020 1564 Anno
3061 1508 3266 1566 abinc.
3311 1510 3614 1580 Dom.881,
3675 1511 3800 1566 Non.

2178 1597 2321 1664 Aug.
2341 1595 2614 1666 pugnavit
2631 1595 2960 1652 Ludovicus
2976 1596 3130 1654 filius
3146 1596 3420 1654 Ludovici
3435 1598 3600 1667 regis
3615 1605 3800 1655 contra

2179 1698 2432 1754 paganos
2454 1689 2513 1739 et
2537 1685 2814 1740 contrivit
2838 1684 2906 1718 “3
2926 1700 3061 1752 eos;
3093 1686 3363 1755 regnavit
3389 1691 3588 1742 autem
3609 1700 3735 1742 ann.
3758 1691 3798 1742 3.

424 1779 776 1834 viniacensis
807 1793 974 1848 quam
1010 1777 1322 1832 invaserat.
1377 1776 1924 1832 Exconnnunicntus
1974 1779 2060 1830 est
2095 1797 2148 1857 Β
2181 1771 2462 1843 [ΒΕΟΙΝο.]
2496 1773 2595 1828 llis
2616 1773 2842 1830 duobus
2867 1773 3166 1844 fratribus,
3194 1773 3484 1831 Ludovico
3510 1774 3736 1832 scilicet
3754 1781 3799 1831 et

427 1873 486 1922 et
519 1866 843 1922 Ilichardus
875 1866 1012 1934 dux,
1039 1870 1096 1920 et
1129 1866 1420 1920 Manasses
1451 1871 1507 1920 et
1562 1865 1926 1934 Ingelbertus
1957 1879 2063 1933 pro

429 1955 727 2010 invasione
752 1953 1144 2009 a‘cclesiarum
1175 1959 1234 2008 et
1253 1953 1495 2008 maxime
1520 1953 2064 2022 Eduensiumusquc

428 2043 496 2099 ad
524 2042 1001 2098 satisfactionem.
1035 2043 1335 2097 Invenitur
1382 2041 1491 2096 hoc
1524 2041 1578 2095 in
1611 2040 1828 2096 litteris
1858 2039 2064 2110 Aquini

427 2136 561 2187 ante
593 2129 888 2186 Walonem
923 2129 1166 2199 pctitiet
1191 2129 1364 2184 electi
1397 2127 2063 2199 EduensisepiSCOpi.Et

426 2217 715 2274 'l‘edaldus
745 2223 804 2273 lti
828 2217 948 2272 Kal.
981 2217 1339 2288 Septembris
1390 2217 1542 2272 dom.
1583 2215 1690 2271 inc.
1726 2218 1830 2270 856
1893 2229 2063 2284 anno,

429 2307 547 2362 ind.
586 2309 616 2360 4
658 2306 789 2372 ;cui
849 2306 1132 2361 successit
1195 2306 1354 2360 Isaac
1401 2308 1507 2358 880
1555 2303 1672 2360 ind.
1735 2309 1840 2369 13;
1890 2309 1946 2358 et
2015 2303 2067 2359 ei

431 2395 608 2464 chlo
643 2393 932 2449 successit
957 2393 1028 2448 de
1053 2393 1284 2448 abbatia
1330 2391 1743 2449 Flaviniacensi
1767 2396 2067 2464 promotus

431 2482 844 2553 inepiscopum
872 2481 1330 2550 Linguonensem
1371 2496 1520 2536 anno
1573 2481 1725 2536 dom.
1787 2480 1896 2537 inc.
1966 2483 2070 2536 880

432 2571 526 2626 ind
567 2575 627 2626 13
657 2569 746 2640 ²⁶¹,
777 2575 836 2626 et
869 2569 1298 2625 eiTeutbaldus
1353 2569 1444 2639 ²⁶²,
1498 2577 1557 2624 et
1635 2569 1687 2624 ei
1734 2569 2063 2639 Augrimus.

433 2661 742 2715 Warnerus
775 2659 920 2715 obiit
947 2661 1251 2715 908.Anno
1281 2657 1403 2715 879:
1443 2659 1566 2715 ind.
1601 2663 1685 2729 12,
1709 2658 1962 2730 suscepit
1983 2673 2070 2714 re-

429 2762 601 2817 gnum
635 2747 953 2804 Provinciae
977 2747 1046 2804 ad
1072 2747 1347 2804 Viennam
1375 2749 1523 2803 Boso
1555 2747 1752 2804 Idibus
1774 2747 2064 2817 Octobris,

430 2844 579 2908 post.
618 2879 632 2892 .
678 2878 690 2892 .
739 2880 750 2893 .
785 2837 900 2894 lum
928 2855 942 2903 ;
972 2837 1065 2894 cui
1099 2836 1385 2893 successit
1414 2835 1736 2892 Ludovicus
1765 2835 1920 2894 ﬁlius
1941 2835 2067 2907 ejus

427 2929 550 2995 89f,
580 2925 766 2982 adhuc
791 2925 1045 2997 juvenis,
1071 2925 1427 2982 auctoritate
1461 2940 1622 2996 papa:
1654 2923 1928 2995 Stephani
1959 2924 2068 2980 sub

431 3015 726 3072 tutoribus
753 3013 1044 3070 Richardo
1063 3013 1210 3070 duce
1241 3018 1297 3068 et
1333 3013 1550 3081 regina.

499 3103 741 3175 (Chron.
775 3105 1016 3174 Die.)ln
1035 3101 1300 3174 partibus
1319 3102 1499 3170 igitur
1523 3101 1780 3157 Bavarite
1803 3104 1860 3156 et
1894 3101 2070 3156 Saxo-

430 3192 618 3248 xonite
653 3195 709 3246 et
743 3191 922 3247 Italia;
957 3189 1331 3261 imperatoris
1361 3187 1634 3244 Ludovici
1666 3189 1750 3244 Pii
1800 3188 2070 3246 filiusLu-

430 3279 692 3348 dovicus,
727 3284 786 3335 et
811 3277 1118 3334 Lotharius
1158 3277 1433 3346 Lotharii,
1496 3276 1866 3348 imperatoris
1915 3276 2070 3335 filius

433 3367 728 3423 tenebant.
753 3367 887 3422 Post
907 3366 1129 3422 obitum
1145 3380 1344 3422 eorum
1369 3364 1467 3422 filii
1491 3364 1674 3436 ipsius
1698 3365 2070 3422 Ludovicire-

430 3457 779 3524 gnaverunt.
795 3455 934 3510 Nam
962 3453 1473 3523 Lothariusjunior
1495 3468 1594 3509 rex
1611 3453 1891 3510 obiitsine
1913 3452 2064 3512 filiis.

433 3541 949 3614 [Bnn1'.]Lud0vici
981 3542 1160 3612 igitur
1193 3543 1704 3613 temporeannoab
1749 3539 1860 3598 inc.
1905 3543 2065 3598 Dom.

432 3633 555 3700 875,
584 3630 700 3687 ind.
730 3633 782 3700 8,
811 3635 939 3702 post
971 3645 1278 3687 excessum
1311 3630 1509 3686 domni
1535 3630 1804 3687 Hattonis
1824 3629 2070 3687 domnus

431 3725 488 3774 ct
525 3718 1030 3777 sanctissimusvir
1072 3718 1403 3775 Berhardus
1463 3717 1881 3775 acclamatione
1923 3717 2070 3774 cieri

430 3811 487 3864 et
519 3808 716 3880 populi
742 3809 930 3866 factus
944 3811 1034 3864 est
1052 3806 1780 3879 episcopusVirdunensis,
1805 3806 2073 3876 cujusin-

431 3900 527 3953 ten
540 3896 615 3953 tio
631 3903 690 3954 et
709 3897 968 3954 studium
985 3895 1416 3953 sanctissimum
1443 3896 1550 3952 fuit
1573 3895 1862 3967 inceptam
1877 3895 2073 3952 basili-

429 3999 552 4042 cam
572 3985 644 4042 ad
662 3985 985 4057 perfectum
1012 3999 1195 4056 usque
1237 3983 1579 4056 perducere.
1623 3983 1784 4050 Quod
1817 3988 1874 4039 et
1933 3983 2069 4039 fecit

432 4075 545 4129 Deo
578 4073 913 4130 miserante.
949 4071 1118 4141 Signa
1149 4071 1392 4142 grandia
1419 4075 1476 4128 et
1509 4071 1943 4130 bonorabiliaet
1969 4073 2071 4130 mi-

432 4174 573 4215 nora
603 4157 774 4217 valde
807 4159 953 4216 bona
995 4157 1074 4214 ibi
1129 4172 1260 4215 esse
1314 4158 1644 4229 constituit,
1715 4159 2069 4230 pontificalia

432 4247 808 4318 vestimenta,
840 4251 898 4302 et
931 4250 1270 4304 ornamenta
1310 4245 1732 4304 ecclesiastica
1773 4248 2072 4321 quamplu-

433 4335 596 4406 rima,
622 4337 977 4393 etferetrum
1002 4335 1097 4393 ubi
1121 4335 1538 4408 suntreliquite
1589 4341 1924 4396 sanctorum
1963 4353 2073 4397 aec-

431 4415 630 4482 CIesite
653 4438 774 4482 suae
789 4423 1059 4482 contulit.
1081 4423 1400 4482 Canonicos
1417 4439 1553 4484 suos
1575 4426 1852 4484 canonice
1874 4426 2072 4486 vivere

2100 3147 2150 3211 C

2176 1861 2582 1930 Karlomanno,
2615 1861 2773 1918 intra
2804 1863 3260 1934 quinquennium
3295 1863 3612 1932 defunctis,
3640 1864 3708 1920 ad
3731 1864 3801 1933 ju-

2179 1949 2400 2005 nioreni
2425 1949 2697 2006 Iiarolum
2723 1965 2916 2007 rerum
2941 1966 3159 2007 summa
3183 1952 3468 2023 pervenit,
3494 1953 3596 2024 qui
3624 1967 3804 2008 conse-

2176 2042 2378 2094 cratus
2400 2043 2493 2094 est
2515 2055 2544 2094 a
2565 2039 2822 2095 Iohanne
2848 2055 2992 2111 papa
3016 2040 3352 2110 imperator.
3385 2041 3638 2110 (Chron.
3659 2043 3799 2108 Dio.)

2179 2128 2378 2182 Annus
2427 2131 2549 2197 885,
2600 2126 2918 2184 indictione
2960 2131 3010 2198 4,
3057 2143 3243 2185 annus
3290 2130 3399 2184 fuit
3447 2129 3802 2200 imperatoris

2178 2214 2370 2271 Karoli
2396 2215 2451 2270 in
2473 2215 2640 2271 Italia
2663 2221 2714 2287 5,
2741 2216 2796 2271 in
2825 2216 3096 2272 orientali
3131 2217 3367 2274 Francia
3390 2219 3442 2288 4,
3469 2219 3526 2272 in
3562 2217 3736 2274 Gallia
3757 2224 3800 2273 1.

2181 2303 2398 2375 [Bent]
2425 2304 2801 2376 Temporibus
2825 2304 3004 2374 igitur
3025 2305 3299 2361 Ludovici
3322 2306 3649 2362 Germanici
3673 2307 3804 2374 regis

2178 2392 2336 2448 Dado
2369 2393 2631 2464 suscepit
2661 2393 3058 2464 episcopatum
3085 2393 3416 2450 Virdunicae
3448 2393 3641 2461 urbis,
3675 2408 3802 2450 anno

2181 2481 2252 2536 ab
2284 2481 2395 2536 inc.
2431 2483 2591 2537 Dom.
2627 2485 2750 2552 885,
2784 2497 2914 2538 cum
2955 2495 3066 2552 qua
3107 2481 3363 2554 optinuit
3393 2482 3668 2552 plurima.
3699 2481 3804 2548 Quo

2180 2573 2410 2624 mortuo
2442 2569 2703 2638 Karolus,
2743 2575 2804 2625 ut
2835 2569 3109 2639 diximus,
3145 2570 3543 2625 monarcbiam
3577 2569 3803 2641 adeptus

2179 2663 2290 2712 est.
2324 2656 2482 2714 Dado
2514 2658 2826 2729 episcopus
2854 2657 3237 2714 Virdunensis
3259 2663 3393 2714 ante
3417 2659 3800 2730 episcepatum

2182 2745 2415 2817 praefuit
2447 2746 2698 2802 abbatiae
2729 2746 2913 2802 sancti
2937 2746 3152 2816 Vitoni,
3178 2761 3346 2817 quam
3376 2748 3558 2803 etiam
3592 2751 3799 2819 sumpto

2180 2833 2526 2905 episcopatu
2556 2849 2666 2890 non
2699 2834 2928 2902 omisit;
2964 2835 3062 2906 qui
3091 2834 3407 2904 adquisivit
3438 2835 3708 2892 ecclesia:
3734 2833 3798 2889 illi

2181 2922 2451 2993 plurima,
2495 2923 2663 2992 cujus
2701 2922 2968 2980 ecclesize
3018 2923 3334 2980 canonicus
3381 2925 3724 2981 Bertharius
3759 2923 3797 2976 in

2181 3011 2444 3082 ejusdem
2485 3010 2748 3068 ecclesite
2789 3011 3106 3082 requiescit
3157 3012 3464 3069 cimiterio.
3512 3015 3678 3069 Anno
3707 3013 3792 3067 inc.

2179 3099 2342 3155 verbi
2373 3098 2498 3167 887,
2528 3100 2840 3156 Normanni
2882 3100 3088 3172 pagani
3131 3099 3523 3158 Flaviniacum
3566 3106 3794 3158 castrum

2181 3203 2284 3245 seu
2315 3189 2646 3246 coenobium
2680 3189 2950 3261 ingressi,
2971 3189 3313 3246 occiderunt
3342 3191 3664 3247 monachos
3690 3203 3794 3244 cum

2179 3277 2412 3334 famulis
2443 3281 2476 3333 8
2505 3276 2572 3310 ’⁸⁸
2614 3291 2876 3348 numero,
2919 3281 2980 3334 et
3019 3283 3353 3334 manserunt
3399 3278 3530 3335 dies
3575 3282 3642 3334 14
3676 3277 3798 3346 ’“,a

2180 3370 2211 3420 3
2245 3365 2382 3423 ldus
2411 3365 2668 3423 Januarii
2706 3380 2890 3436 usque
2921 3369 2955 3422 8
2985 3365 3108 3422 Kal.
3145 3366 3465 3423 Februarii.

2253 3455 2443 3528 [BEBT.
2471 3453 2671 3528 pref]
2697 3455 2756 3510 In
2781 3453 2989 3511 diebus
3017 3453 3198 3526 igitur
3227 3455 3615 3526 pontificatus
3635 3454 3798 3512 domni

2179 3543 2455 3614 Dadonis,
2485 3558 2616 3600 cum
2647 3543 2776 3614 ejus
2809 3543 2961 3599 bono
2991 3542 3186 3599 studio
3217 3548 3277 3598 et
3309 3542 3512 3600 inclita
3549 3545 3691 3601 fama
3722 3557 3801 3614 per

2183 3637 2249 3688 35
2272 3647 2453 3689 annos
2475 3631 2655 3688 multa
2669 3630 2956 3688 meclesiae
2974 3631 3084 3688 sibi
3099 3631 3424 3688 commissa:
3448 3630 3800 3703 provenerint

2182 3735 2484 3792 prospera,
2505 3735 2635 3777 cum
2654 3724 2720 3776 36
2743 3735 2892 3776 anno
2912 3718 3252 3792 principalis
3272 3719 3544 3776 aecclesia
3572 3716 3803 3792 peccatis

2183 3808 2556 3878 exigentibus
2586 3808 2719 3879 igne
2748 3813 3112 3879 consumpta,
3140 3807 3274 3864 libri
3297 3811 3356 3864 et
3380 3809 3678 3865 memoriae
3703 3819 3805 3862 san-

2185 3902 2411 3953 ctorum
2443 3902 2676 3969 patrum
2710 3897 2954 3953 maxima
2978 3912 3049 3953 ex
3074 3901 3240 3968 parte
3262 3895 3449 3952 eidem
3483 3901 3684 3954 essent
3714 3901 3804 3949 tra-

2185 3983 2344 4054 ditas,
2379 3983 2722 4040 Bertharius
2763 3985 3090 4056 presbyter,
3126 3998 3196 4040 ne
3224 3990 3570 4040 sanctorum
3602 3989 3802 4056 patrum

2185 4071 2636 4135 Vindunensium
2677 4071 3013 4144 pontificum
3051 4077 3427 4130 sacrosancta
3459 4071 3731 4130 memoria
3757 4072 3799 4122 et

2184 4161 2520 4218 venerabile
2549 4160 2808 4217 studium
2833 4165 2891 4216 et
2915 4161 3180 4232 operatio
3205 4166 3407 4216 sancta
3425 4161 3668 4232 penitus
3686 4155 3802 4216 obli-

2185 4249 2339 4306 vioni
2371 4249 2726 4319 traderetur,
2763 4263 2890 4319 quae
2913 4249 2985 4306 de
3007 4249 3229 4306 sanctis
3259 4263 3463 4306 eorum
3495 4250 3723 4306 actibus
3742 4244 3803 4298 le-

2183 4343 2371 4410 gerat,
2390 4337 2654 4394 breviato
2668 4351 2932 4394 sermone
2949 4337 3412 4409 comprehendit,
3433 4336 3800 4409 praesentibus

2185 4431 2438 4498 gratum,
2473 4426 2730 4498 posteris
2761 4425 2923 4482 utile.
2959 4424 3202 4496 (Chron.
3226 4426 3388 4498 Div.)
3417 4426 3670 4484 Karolus
3689 4434 3802 4491 ergo

432 4512 1224 4586 fecit,villanispresbyteris
1261 4513 1667 4584 viamjustitiae
1689 4514 1944 4572 viriliter
1981 4531 2073 4574 os-
2101 4498 2156 4560 D
2185 4515 2368 4572 Italiae
2419 4519 2478 4572 et
2527 4514 2790 4572 Saxoniae
2842 4514 3090 4586 adeptus
3140 4513 3470 4585 imperium,
3520 4518 3800 4586 postquam

432 4602 641 4674 tendit,
676 4602 1032 4674 etpuerosin
1053 4602 1340 4660 diviniset
1361 4603 1630 4660 humanis
1674 4602 1844 4660 libris
1867 4620 1970 4676 per
2012 4619 2072 4663 se

428 4696 486 4747 et
509 4706 612 4764 per
637 4691 786 4750 alios
805 4707 935 4750 cum
952 4706 1170 4749 summa
1193 4691 1755 4751 caritateinstruxit.
1802 4693 1959 4750 Obiit
2014 4694 2069 4750 in

427 4779 735 4847 Theolegio
753 4779 1125 4850 monasterio,
1153 4779 1321 4836 ubiet
1354 4794 1570 4852 corpus
1619 4779 1746 4851 ejus
1773 4780 2070 4840 conditum

429 4872 518 4924 est
545 4867 730 4939 pridie
755 4866 1598 4936 Kalend.Januarias.(Chr0n.
1634 4867 1798 4938 Dio.)
1839 4867 1966 4924 Fuit
2013 4868 2070 4923 in

430 4955 770 5027 episcopatu
786 4955 986 5011 decem
1006 4955 1190 5011 annis.
1210 4954 1366 5010 Obiit
1389 4954 1568 5024 igitur
1611 4954 1936 5012 Ludovicus
1949 4957 2068 5028 jus-

433 5047 596 5100 tuset
612 5050 853 5101 sanctus
875 5043 1192 5114 imperator
1215 5041 1469 5098 Lotharii
1488 5041 1860 5114 imperatoris
1889 5044 2072 5101 senio-

431 5130 513 5189 ris
535 5131 691 5190 fllius
713 5135 771 5188 et
787 5131 968 5187 frater
987 5130 1235 5200 junioris
1249 5129 1503 5187 Lotliarii
1527 5133 1559 5186 4
1578 5129 1715 5188 Idus
1732 5132 1948 5204 Aprilis
1977 5148 2073 5190 an-

432 5235 506 5277 no
527 5221 599 5277 ab
631 5219 917 5276 inc.Dom.
965 5223 1086 5275 878.
1115 5218 1537 5277 Karlomannus
1559 5217 1714 5278 illius
1759 5219 1886 5291 ejus
1943 5237 2073 5278 suc-

2185 4603 2568 4671 Normannos,
2595 4601 2692 4672 qui
2715 4603 2791 4657 Pa
2801 4601 3019 4658 risius7
3032 4615 3313 4657 annorum
3333 4600 3650 4658 obsidione
3668 4594 3803 4656 attri-

2184 4694 2411 4761 verant,
2446 4690 2557 4746 sibi
2587 4690 2872 4761 subdidit,
2903 4689 3048 4746 obiit
3081 4703 3229 4745 anno
3260 4688 3331 4745 ab
3364 4689 3476 4747 inc.
3509 4691 3670 4746 Dom.
3701 4685 3799 4742 888.

2186 4779 2301 4835 ind.
2336 4781 2390 4850 6,
2426 4777 2614 4850 pridie
2644 4779 2834 4834 Nonas
2867 4777 3160 4848 Octobris,
3196 4792 3345 4832 anno
3387 4777 3622 4849 imperii
3656 4773 3736 4830 sui
3761 4775 3798 4825 t.

2185 4867 2474 4942 [Emme]
2505 4869 2642 4923 Post
2677 4881 2846 4938 quem
2889 4865 3117 4938 accepit
3148 4865 3427 4922 Arnulfus
3461 4881 3648 4938 nepos
3675 4861 3802 4918 illius

2185 4970 2427 5025 regnum
2463 4970 2612 5012 anno
2647 4955 2718 5010 ab
2750 4953 2861 5011 inc.
2893 4955 3050 5010 Dom.
3077 4956 3201 5024 888,
3230 4953 3346 5010 ind.
3375 4957 3428 5022 6,
3452 4953 3656 5009 eodem
3680 4945 3801 5007 scili-

2184 5049 2281 5101 cet
2313 5059 2483 5114 anno,
2511 5043 2669 5100 filius
2691 5041 3062 5099 Karlomanni
3087 5040 3188 5098 filii
3212 5041 3490 5098 Ludovici
3524 5042 3802 5113 imperato-

2187 5133 2268 5190 ris
2295 5132 2438 5202 justi
2471 5136 2532 5189 et
2563 5131 2771 5188 sancti.

2258 5221 2501 5290 (Chron.
2534 5220 2700 5292 Div.)
2740 5221 2956 5276 lterum
2989 5217 3046 5275 in
3084 5223 3434 5275 Francorum
3478 5231 3659 5288 regno
3693 5213 3802 5269 Kor-

1785 5342 2022 5400 VARIrE
2065 5344 2466 5402 LECTIONES.

500 5455 774 5530 ’r‘siAugr.
797 5455 1066 5529 suppleat
1093 5471 1170 5515 ea:
1192 5455 1675 5530 Serieqhbotmn.
1707 5455 1786 5530 “'_
1807 5457 1896 5530 ito
1926 5470 2004 5530 ea;
2027 5458 2203 5530 Seria
2228 5457 2482 5530 restitui
2498 5475 2532 5530 ,1
2545 5456 2842 5530 reparavit
2870 5455 2996 5530 in.sz
3033 5455 3152 5530 legi
3179 5453 3436 5530 videtur.
3473 5455 3545 5530 ’σεξ
3579 5447 3795 5530 ominjsit

429 5501 780 5586 anteiri-1
797 5501 1364 5600 mamma}:
1377 5501 1899 5584 "sanatum-.222".
1926 5501 2006 5562 ιῖε
2027 5501 2744 5600 Ἷὶἑιῖιὶῷῇὶὲὃῗῖδίῠῗῖέ

427 5599 670 5659 nanum
696 5601 742 5658 ν
767 5608 1060 5672 apparare
1091 5597 1351 5658 videtur.

2791 5539 2885 5584 :c.
2909 5525 2999 5559 εισι
3057 5523 3144 5582 ita
3193 5523 3434 5596 supplao
3471 5526 3584 5593 ;in
3638 5523 3799 5583 codice
