3894 6346
127 353 217 412 173

1337 337 1836 404 CHRONICON.
1872 373 1948 384 -—
1976 339 2130 402 LIB.
2161 341 2210 401 Ι.

3362 350 3474 411 174

120 481 279 538 manui
302 481 627 550 insurgunt,
663 483 720 536 et
745 493 894 536 anno
919 479 990 534 ab
1013 477 1124 534 inc.
1162 477 1322 533 Dom.
1354 481 1476 546 891,
1514 476 1713 532 indict.
1750 468 1805 528 A
1837 474 2133 546 plectitur.
2165 475 2320 544 (Cat.
2333 475 2808 548 pont.)Formoso
2823 485 3233 537 successerunt
3251 483 3476 540 Bonifa-

119 569 397 640 9,Gallias,
444 569 777 641 Hispanias,
831 564 1050 622 ltaliam
1104 565 1402 622 Franciam
1445 569 1506 620 et
1535 567 1720 622 totum

121 658 526 715 christianorum
560 661 791 714 vastant
828 671 1085 726 regnum.
1123 654 1403 712 Civitates
1441 653 1718 724 Parisius,

124 746 382 816 Belvacus,
415 746 686 802 Carnotis
719 750 774 801 et
809 744 1008 800 Meldis
1040 749 1098 800 et
1128 743 1368 814 reliqua:
1401 758 1512 799 non
1547 758 1720 798 secus

125 835 340 906 undique
357 833 624 892 civitates
643 833 1022 905 diripiuntur,
1043 837 1349 889 vastantur
1371 837 1427 887 et
1453 837 1724 887 evertun-

117 927 219 993 tur,
237 937 465 994 corpora
488 927 826 979 sanctorum
862 922 1006 980 infra
1040 936 1234 978 muros
1261 920 1624 991 recipiuntur
1657 917 1724 973 ti-

121 1026 253 1068 more
280 1009 541 1069 hostium.
579 1013 802 1084 Corpus
844 1010 1029 1068 sancti
1064 1009 1321 1080 Bcnigni,
1357 1006 1723 1064 Divionensis

118 1098 349 1156 ecclesize
371 1101 620 1172 patroni,
645 1101 960 1174 Linguonis
986 1100 1191 1156 fertur.
1224 1100 1472 1156 Sanctus
1503 1095 1723 1152 Sancti-

119 1203 210 1244 nus
230 1187 410 1246 Meldis
429 1189 486 1244 in
511 1189 764 1246 ecclesia
796 1189 1012 1258 majore
1036 1187 1268 1260 positus
1293 1202 1322 1244 a
1345 1185 1724 1243 Virdunensi-

117 1277 208 1333 bus
233 1277 465 1336 maximo
502 1279 694 1350 pretio
726 1278 968 1335 Virduni
1003 1277 1225 1334 relatus
1247 1275 1363 1346 jam
1398 1278 1522 1330 erat
1553 1287 1724 1342 supe-

117 1363 267 1421 rioris
309 1365 448 1436 fugae
480 1365 551 1400 ’⁸⁸
583 1371 865 1438 tempore,
909 1380 960 1422 a.
994 1369 1119 1424 866.
1152 1362 1462 1420 Normanni
1509 1360 1724 1417 Gallias

115 1458 496 1524 pervagantur,
535 1454 860 1526 Hispanias,
896 1454 1132 1523 adeunt,
1167 1452 1469 1510 Rodanum
1503 1450 1723 1504 intrant

113 1539 338 1612 fluvium,
382 1541 608 1600 Italiam
647 1541 1023 1614 populantur,
1057 1547 1116 1598 et
1150 1545 1336 1598 totum
1375 1537 1722 1596 christiano-

111 1641 218 1684 rum
239 1631 625 1700 pessundatur
647 1645 907 1702 regnum.
933 1633 1162 1686 Interea
1185 1626 1521 1698 congregati
1551 1627 1721 1679 Fran-

107 1717 198 1773 cize
218 1718 499 1790 principes
520 1719 828 1777 concilium
855 1720 924 1776 de
949 1719 1171 1790 magnis
1195 1719 1368 1774 rebus
1391 1717 1612 1782 ineunt,
1639 1717 1717 1782 et,

1834 564 1979 633 cius,
2014 565 2360 636 Stephanus,
2387 564 2745 632 Theodorus,
2777 567 3068 624 Iohannes
3101 571 3188 628 IX.

1907 656 2068 708 Anno
2103 657 2225 723 910,
2261 654 2626 711 constructio
2675 656 3012 712 monasterii
3057 657 3472 730 Cluniacensis,

1835 747 1892 798 et
1923 746 2026 799 918
2057 741 2204 797 obiit
2237 742 2557 800 Willelmus
2600 744 2715 801 dux
2746 751 3120 803 constructor
3155 747 3328 808 illius.

1907 829 2058 900 (Ser.
2087 829 2214 887 ahh.
2243 832 2365 905 FZ.)
2400 836 2560 888 Anno
2583 838 2704 904 913,
2739 835 2902 890 Walo
2935 837 3222 892 Eduensis
3253 840 3480 910 episco-

1837 935 1943 988 pus
1967 919 2132 989 oliiit,
2153 919 2250 990 qui
2274 919 2506 992 prtefuit
2531 921 2695 978 annis
2716 927 2784 976 20
2807 924 2916 979 sub
2941 924 3146 980 Carolo
3170 925 3476 998 Simplicc;

1833 1010 1890 1061 et
1924 1008 2184 1065 llcrveus
2221 1009 2532 1065 successit.

1907 1096 2124 1167 [non]
2160 1100 2320 1152 Anno
2353 1102 2475 1166 919,
2511 1098 2722 1154 cecidit
2762 1100 2957 1158 Remis
2988 1103 3212 1172 grando
3245 1104 3478 1162 mirabi-

1836 1180 1910 1238 lis
1939 1197 2108 1240 ovum
2141 1184 2371 1253 gallina}
2406 1200 2690 1257 superans
2720 1189 3475 1261 magnitudiue,Llatitudine

1837 1270 2086 1327 medium
2123 1272 2344 1343 palmm.
2379 1275 2541 1330 Auno
2565 1277 2830 1346 sequenti
2855 1278 2966 1333 mel
2991 1279 3043 1334 in
3069 1279 3248 1351 spicis
3279 1281 3476 1338 inven-

1835 1361 1955 1413 tum
1989 1363 2078 1415 est
2109 1364 2164 1416 et
2201 1361 2372 1418 ﬂores
2405 1361 2460 1418 in
2503 1362 2818 1421 arboribus
2859 1367 3106 1424 maturis
3139 1367 3257 1438 jam
3302 1371 3477 1440 frugi-

1835 1445 1960 1504 bus.

1906 1538 2066 1592 Anno
2100 1539 2172 1593 ab
2204 1538 2312 1594 inc.
2347 1541 2506 1595 Dom.
2543 1545 2665 1613 917,
2711 1543 2998 1601 Rodulfus
3049 1561 3152 1601 rex
3193 1548 3476 1604 constitu-

1832 1626 1930 1679 tus
1963 1629 2074 1694 est,
2101 1631 2160 1681 ct
2192 1631 2253 1682 21
2291 1629 2448 1698 regni
2485 1629 2574 1686 sui
2608 1645 2758 1688 anno
2791 1633 2863 1688 ab
2894 1635 3106 1702 Ungris
3140 1633 3195 1688 id
3227 1640 3318 1691 est
3351 1636 3478 1691 Sar-

1836 1713 2064 1768 racenis
2098 1713 2444 1772 interfectus
2473 1722 2584 1788 est,
2620 1724 2680 1775 et
2709 1720 2868 1776 Ebbo
2910 1720 3028 1777 dux
3058 1723 3240 1778 castri
3271 1724 3479 1780 Dolen-

109 1805 975 1878 utprwdiximusﬁdonemlicet
995 1807 1376 1864 reluctantem
1393 1804 1501 1861 sub
1517 1797 1720 1858 Carolo
1749 1816 1806 1878 Β
1834 1799 1946 1866 sis;
1979 1803 2034 1854 et
2068 1801 2285 1858 invasit
2309 1818 2547 1872 regnum
2577 1809 2739 1876 [Iugo
2762 1807 2897 1878 dux,
2923 1809 3161 1880 capiens
3193 1811 3248 1867 in
3281 1811 3477 1868 vincu-

105 1895 440 1950 constituunt
476 1909 696 1966 regem.
729 1895 902 1961 (Ann.
957 1895 1216 1968 Vedast.)
1248 1893 1452 1950 Indict.
1491 1897 1576 1962 10,
1615 1889 1722 1947 fuit

106 1995 270 2038 annus
291 1982 511 2054 primus
544 1984 770 2055 imperii
802 1984 1060 2042 Widonis
1089 1983 1344 2052 augusti,
1370 1981 1466 2052 qui
1494 1995 1594 2052 per
1619 1979 1724 2034 Ga-

106 2067 275 2126 loaem
315 2071 774 2143 Linguonensem
815 2073 1155 2145 episcopum
1195 2071 1556 2128 constitutus
1597 2082 1718 2139 rex,

104 2172 216 2213 cum
255 2159 514 2218 audisset
558 2161 814 2218 Odonem
855 2176 1047 2230 regem
1088 2162 1323 2230 factum,
1357 2173 1488 2214 cum
1522 2159 1725 2212 Beren-

103 2248 248 2316 gario
275 2263 407 2320 rege
430 2247 622 2306 Italia:
654 2249 832 2306 multa
857 2249 1006 2306 bella
1035 2248 1240 2318 gessit,
1261 2253 1319 2304 et
1343 2247 1530 2303 vietor
1561 2257 1724 2300 reve-

103 2333 248 2391 niens
278 2336 601 2408 imperator
639 2341 875 2394 creatus
901 2343 1012 2393 est.
1046 2337 1259 2393 Eodem
1292 2349 1440 2390 anno
1471 2331 1624 2404 apud
1653 2327 1723 2362 "7

103 2421 301 2480 Tullum
322 2429 379 2481 et
399 2425 562 2482 circa
595 2425 770 2498 Alpes
791 2424 944 2482 ultra
965 2427 1166 2482 Jurum
1196 2422 1482 2480 Rodulfus
1511 2435 1615 2476 rex
1647 2419 1724 2474 fa-

105 2515 220 2566 ctus
244 2516 329 2568 est
351 2516 418 2570 92
436 2529 616 2570 anno.
652 2513 893 2583 (Chron.
919 2515 1082 2587 Dio.)
1113 2517 1274 2570 Anno
1309 2511 1489 2580 igitur
1511 2511 1583 2566 ab
1606 2508 1716 2563 inc.

104 2597 244 2656 Dom.
274 2604 393 2672 893,
430 2601 556 2658 ind.
585 2607 672 2672 11,
699 2602 895 2659 Odonc
928 2605 1206 2672 regnante
1238 2601 1296 2656 in
1328 2598 1586 2668 Francia,
1623 2599 1726 2652 Ar-

104 2685 243 2742 nulfo
266 2691 317 2746 in
345 2691 508 2748 italia
531 2694 595 2746 et
617 2691 882 2761 Saxonia,
908 2690 1154 2748 Karolus
1167 2691 1284 2762 jam
1302 2686 1534 2760 juvenis
1555 2687 1725 2740 Fran-

104 2785 280 2832 corum
311 2779 532 2849 repetit
559 2783 814 2850 sceptra,
847 2783 904 2834 et
939 2781 1294 2836 memoratus
1321 2774 1599 2833 Arnulfus
1625 2771 1726 2826 im-

104 2863 229 2932 perii
276 2865 484 2922 invasit
538 2866 952 2937 monarcbiam,
1005 2868 1240 2923 Romam
1296 2879 1426 2921 eum
1480 2875 1723 2919 assensu

105 2949 333 3010 Formosi
362 2970 534 3028 papae
567 2955 824 3026 capiens,
859 2969 889 3012 a
920 2971 1034 3026 quo
1063 2955 1118 3010 in
1153 2955 1562 3026 imperatorem
1595 2963 1728 3021 pro-

102 3045 272 3098 motus
316 3045 426 3100 est.
481 3043 776 3116 [Haemo]
826 3045 980 3100 Tunc
1029 3043 1276 3116 primum
1310 3057 1340 3098 a
1377 3043 1724 3096 Francorum

1835 1887 1907 1944 lis
1939 1889 2208 1946 Karolum
2259 1892 2488 1948 Rodulﬁ
2539 1893 2752 1962 ﬁlium;
2785 1899 2842 1952 et
2874 1899 3141 1968 regnavit
3191 1914 3372 1970 usque
3405 1901 3473 1956 ad

1835 1991 2043 2034 annum
2078 1979 2230 2036 dom.
2275 1980 2389 2037 ine.
2425 1985 2544 2038 981.

1906 2067 2118 2123 Eodem
2167 2073 2342 2124 etiam
2393 2085 2541 2127 anno
2591 2071 2688 2142 qui
2737 2077 2864 2129 erat
2903 2073 2974 2129 ab
3008 2074 3120 2131 inc.
3155 2076 3314 2132 Dom.
3349 2080 3472 2134 920.

1832 2154 1978 2211 obiit
2008 2155 2175 2212 Rollo
2216 2159 2672 2216 Normannorum
2715 2161 3010 2234 princeps,
3045 2169 3104 2218 et
3149 2163 3475 2222 Willelmus

1834 2241 1986 2300 ﬁlius
2018 2244 2144 2314 ejus
2177 2248 2486 2318 successit,
2513 2249 2611 2318 qui
2635 2249 2768 2306 dolo
2792 2251 3025 2308 occisus
3055 2257 3141 2308 est
3167 2267 3316 2312 anno
3349 2257 3474 2325 943,

1832 2336 1892 2387 et
1924 2333 2250 2390 Richardus
2283 2335 2437 2391 ﬁlius
2469 2337 2596 2407 ejus
2629 2339 2936 2394 successit.

1906 2419 2148 2490 (Chron.
2183 2422 2346 2496 Dio.)
2376 2426 2590 2481 Exorta
2624 2441 2764 2498 ergo
2796 2427 3089 2486 discordia
3121 2429 3277 2486 inter
3309 2431 3478 2488 Caro-

1834 2507 2019 2566 rolum
2043 2515 2103 2565 et
2126 2512 2286 2582 regni
2314 2513 2628 2586 principes,
2652 2515 2797 2572 ﬁunt
2821 2515 2957 2572 lites
2978 2520 3035 2574 et
3059 2517 3232 2582 bella,
3259 2519 3476 2592 rapina

1833 2602 1892 2652 et
1945 2597 2227 2670 incendia,
2272 2605 2332 2656 et
2372 2601 2671 2658 innumera
2723 2604 2978 2675 undique
3023 2605 3255 2663 seviunt
3301 2605 3472 2664 mala.

1832 2686 2082 2744 Tandem
2106 2703 2207 2743 rex
2235 2689 2368 2744 facti
2392 2690 2664 2762 penitens
2687 2691 2983 2764 principes
3007 2693 3078 2750 ad
3101 2695 3476 2752 concordiam

1833 2781 2177 2846 commovet,
2231 2791 2548 2848 pacemque
2597 2784 2933 2849 exoptatam
2983 2796 3112 2838 cum
3145 2782 3231 2840 eis
3261 2782 3472 2840 ﬁrmat.

1833 2863 2160 2920 Riehardus
2177 2864 2373 2936 igitur,
2392 2866 2487 2936 qui
2503 2867 2574 2924 ab
2588 2868 3244 2938 exequutionejustitiae
3265 2885 3479 2941 cogno-

1836 2966 1964 3007 men
1999 2956 2324 3024 acceperat,
2353 2953 2628 3024 quamdiu
2661 2954 2823 3026 vixit,
2853 2955 3060 3014 Carolo
3090 2957 3212 3026 regi
3245 2972 3478 3029 semper

1837 3039 2027 3098 ﬁdelis
2047 3043 2275 3110 extitit;
2311 3058 2426 3114 quo
2451 3047 2677 3100 mortuo
2701 3057 2852 3102 anno
2875 3049 2999 3116 922,
3025 3045 3222 3102 Odonc
3245 3061 3476 3118 quoque

102 3128 315 3226 regibus
328 3131 399 3188 ad
413 3137 740 3188 extraneos
764 3132 1110 3189 translatum
1126 3136 1213 3188 est
1230 3129 1553 3226 imperium,
1574 3125 1726 3226 prin-
1756 3161 1808 3226 Ο
1839 3146 1972 3202 rege
2004 3131 2298 3202 defuncto,
2323 3131 2541 3188 Kalend
2561 3132 2817 3190 Januarii
2841 3134 3160 3205 praedictus
3183 3134 3476 3191 Robertus

99 3215 307 3286 cipibus
328 3220 492 3289 regni
519 3221 1087 3292 parvipendentibus
1109 3219 1378 3276 Karolum
1397 3218 1471 3275 ob
1497 3221 1550 3272 ta
1562 3217 1724 3272 rdum

101 3306 289 3362 mentis
312 3307 634 3379 ingenium.
655 3309 896 3378 (Chron.
911 3310 1076 3383 Div.)
1099 3306 1564 3366 Zendebolcusin
1583 3319 1728 3376 prm-

97 3395 263 3450 sentia
287 3397 468 3467 patris
493 3396 592 3454 sui
618 3396 836 3454 Odonis
859 3397 1016 3468 regis
1034 3411 1137 3454 rex
1155 3397 1226 3453 ab
1247 3395 1487 3452 Arnulfo
1507 3391 1726 3450 consti-

97 3482 260 3552 tutus,
286 3484 375 3539 cui
401 3483 690 3542 Arnulfus
705 3499 947 3556 regnum
971 3484 1227 3541 Lotbarii
1250 3483 1508 3554 dedit,et
1525 3485 1724 3554 postea

97 3566 234 3625 ﬁlius
270 3571 391 3642 ejus
429 3571 754 3644 occiditur,
783 3577 839 3628 et
874 3573 1000 3646 ipse
1029 3573 1178 3630 obiit
1205 3587 1354 3630 anno
1386 3577 1509 3628 901.
1546 3571 1720 3640 (Ann.

107 3655 342 3732 Vedast.)
394 3659 603 3718 Odonc
651 3675 792 3731 ergo
837 3675 986 3718 anno
1034 3661 1200 3730 regni
1247 3661 1337 3717 sui
1386 3665 1472 3732 12,
1507 3660 1578 3716 ab
1609 3659 1719 3716 inc.

99 3742 238 3800 Dom.
284 3751 386 3806 899
435 3749 744 3820 defuncto,
795 3749 1158 3821 reciprocate
1209 3750 1624 3805 Normanorum
1665 3751 1723 3803 et

100 3830 362 3892 Danorum
403 3842 722 3908 emergunt
759 3837 1012 3904 fluctus;
1061 3837 1274 3908 Ungari
1317 3838 1388 3893 ab
1429 3836 1720 3908 aquilone.

99 3919 347 3980 Saraceni
373 3941 403 3982 a
429 3925 681 3982 meridie
703 3929 762 3982 et
791 3926 1004 3982 ﬁnibus
1034 3925 1321 3998 Hispaniae
1348 3940 1728 3998 prorumpen-

100 4011 560 4072 tesiniuteritum
586 4015 910 4084 conﬂigunt
927 4013 1125 4070 Galliae
1151 4014 1392 4081 (Chron.
1411 4013 1592 4087 Dio).
1619 4015 1729 4070 Per

97 4099 265 4155 omnia
297 4102 450 4160 sevit
481 4103 742 4174 gladius,
787 4106 998 4160 cuneta
1031 4102 1248 4160 dantur
1278 4103 1565 4172 incendio,
1600 4117 1730 4158 san-

95 4189 301 4243 ctorum
345 4189 473 4247 loca
531 4190 850 4248 traduntur
896 4190 1262 4247 exterminio.
1321 4190 1440 4261 (fol.
1475 4189 1604 4263 63’.)
1653 4191 1730 4246 Eo

95 4284 231 4332 anno
259 4278 598 4349 Burgundia
651 4281 882 4336 vastata
909 4283 1002 4335 est
1036 4293 1066 4336 a
1099 4279 1483 4345 Normannis;
1519 4279 1732 4348 quibus

95 4375 391 4424 occurrens
405 4367 741 4425 Ricbardus
763 4367 1248 4440 duxjustitiarius
1263 4367 1415 4424 bello
1434 4382 1534 4425 eos
1559 4367 1728 4437 fudit,

97 4454 151 4504 et
171 4455 317 4510 retro
340 4456 542 4513 redire
565 4455 780 4526 coegit.
817 4458 1030 4514 lterum
1053 4455 1206 4528 apud
1231 4457 1542 4513 Carnotum
1569 4455 1732 4511 socio

1838 3221 2018 3278 frater
2057 3222 2184 3292 ejus
2223 3235 2466 3292 sperans
2496 3225 2554 3278 et
2587 3221 2828 3294 cupiens
2865 3237 2991 3279 eam
3034 3227 3255 3295 partem
3288 3223 3474 3294 regni,

1837 3323 2006 3378 quam
2039 3309 2164 3380 ipse
2194 3312 2486 3381 tenuerat,
2523 3309 2655 3380 quia
2679 3311 2785 3366 eia
2811 3310 3016 3368 Carolo
3049 3310 3341 3384 Simplice,
3378 3312 3476 3382 qui

1834 3398 2018 3454 totius
2047 3398 2208 3466 regni
2241 3403 2367 3454 erat
2407 3398 2697 3468 dominus,
2731 3413 2843 3456 non
2875 3399 3252 3468 reddebatur,
3286 3399 3476 3472 palam

1837 3486 2045 3542 invasit
2063 3486 2447 3557 tyrannidem,
2469 3491 2571 3543 eta
2589 3486 2935 3558 quibusdam
2954 3487 3248 3560 episcopis
3282 3487 3482 3543 diade-

1834 3577 1988 3630 mate
2010 3575 2172 3644 reg'o
2187 3574 2455 3631 coronari
2469 3578 2528 3629 et
2543 3577 2780 3645 sceptro
2796 3575 2956 3646 regni
2977 3575 3237 3645 insigniri
3263 3575 3476 3645 partim

1835 3661 2164 3732 blandiciis,
2218 3661 2428 3734 partim
2467 3661 2638 3718 minis
2679 3662 2948 3733 extorsit,
2980 3663 3080 3719 sed
3115 3677 3478 3736 nequaquam

1833 3749 2006 3820 hujus
2033 3750 2534 3822 prmrsumptioms
2565 3750 2712 3806 ictos
2743 3749 2938 3806 exitus
2969 3751 3190 3807 habuit.

1909 3839 2187 3911 [Rmmo]
2223 3840 2382 3894 Anno
2415 3839 2487 3894 ab
2522 3838 2632 3893 inc.
2666 3839 2823 3893 Dom.
2857 3841 2962 3895 900
3000 3838 3276 3894 Arnulfus
3303 3839 3483 3910 impe—

1837 3932 2000 3984 rator
2027 3926 2192 3996 obiit,
2223 3930 2279 3980 et
2314 3925 2640 3981 Ludovicus
2691 3923 2844 3980 ﬁlius
2876 3925 3003 3995 ejus
3033 3926 3339 3982 successit.
3375 3927 3482 3984 Hic

1837 4015 2139 4072 duodecim
2168 4013 2333 4072 annis
2357 4012 2768 4069 administrate
2791 4012 3035 4084 imperio
3067 4012 3232 4085 obiit,
3259 4018 3318 4070 et
3341 4015 3484 4071 Con-

1839 4103 1980 4160 rado
2010 4102 2127 4158 filio
2159 4101 2407 4158 Conradi
2427 4101 2592 4158 ducis
2614 4101 2776 4171 regni
2798 4107 3032 4174 sceptra
3061 4100 3297 4173 reliquit
3331 4117 3486 4160 anno

1840 4195 1912 4250 ab
1943 4193 2055 4248 inc.
2082 4193 2242 4247 Dom.
2269 4194 2393 4248 911.
2423 4191 2520 4246 llic
2553 4191 2727 4246 etiam
2761 4191 3027 4260 regnavit
3057 4191 3224 4248 annis
3253 4189 3498 4264 novem,’

1840 4285 1897 4339 et
1927 4281 2234 4337 Heinricus
2281 4279 2504 4351 primus
2552 4281 2837 4337 successit
2888 4295 3132 4350 magnus
3166 4280 3484 4354 imperator

1843 4385 1992 4427 anno
2021 4374 2143 4426 920.
2182 4368 2396 4442 [FLOD.]
2429 4370 2509 4426 Eo
2537 4383 2686 4424 anno
2714 4368 2866 4426 inter
2892 4368 3228 4426 Hilduinum
3259 4369 3487 4441 episco-

1843 4473 1976 4530 pum
2027 4461 2086 4514 et
2132 4457 2464 4514 Richarium
2516 4457 2787 4514 abbatem
2836 4457 2908 4514 de
2955 4457 3301 4529 episcopatu
3348 4458 3488 4512 Tuu-

94 4537 334 4599 Roberto
356 4543 532 4616 duce,
562 4513 782 4600 Odovnis
804 4543 962 4614 regis
992 4513 1194 4614 fratre,
1220 4543 1372 4600 idem
1402 4543 1730 4600 Richardus
1759 4513 1814 4574 D
1841 4513 2036 4617 grensi
2069 4545 2265 4603 habita
2286 4513 2387 4603 est,
2401 4545 2720 4615 contentio,
2748 4513 3031 4616 siquidem
3057 4513 3344 4600 rex'illum
3367 4543 3486 4614 cpi-

96 4639 212 4684 cum
233 4630 584 4690 Normannis
609 4631 926 4702 dimicavit,
952 4635 1011 4687 et
1034 4631 1338 4688 immanem
1362 4647 1564 4689 eorum
1589 4629 1734 4688 mul-

98 4713 385 4776 titudinem
411 4720 660 4778 occidit.
688 4717 900 4776 Habuit
927 4723 1051 4776 tres
1077 4719 1246 4791 ﬁlios,
1272 4719 1604 4790 Rodulfum,
1633 4718 1732 4789 qui

96 4801 190 4858 fuit
211 4821 310 4862 rex
333 4810 720 4879 Francorum,
742 4809 1044 4878 Bosonem,
1070 4807 1167 4880 qui
1187 4807 1386 4865 Gallize
1411 4807 1734 4880 superioris

95 4905 210 4961 quae
239 4895 477 4954 Comata
513 4897 758 4968 dicitur,
782 4895 838 4952 id
863 4902 954 4954 est
985 4897 1355 4968 Burgundiaa,
1387 4896 1614 4968 accepit
1647 4910 1736 4952 re-

93 4991 273 5052 gnum,
306 4986 559 5042 tertium
591 4986 888 5054 llugonem
918 4985 1142 5058 Capito,
1174 4985 1273 5058 qui
1303 4984 1411 5042 fuit
1445 4984 1562 5041 dux
1593 4983 1736 5040 infc-

95 5067 253 5128 rioris
284 5071 666 5145 Burgundize.

158 5157 441 5232 [Baetae]
477 5163 650 5220 Anno
673 5160 748 5217 ab
771 5158 882 5218 inc.
914 5163 1072 5219 Dom.
1108 5165 1232 5235 904,
1269 5162 1378 5220 fuit
1409 5160 1624 5219 bellum
1659 5161 1742 5216 in-

97 5245 176 5299 ter
205 5247 533 5316 Conradum
583 5245 792 5304 ducem
822 5254 882 5304 et
913 5250 1316 5322 Adalbertum,
1359 5250 1416 5308 in
1451 5265 1564 5322 quo
1597 5251 1739 5308 Con-

97 5330 258 5394 radus
286 5335 528 5408 cecidit,
567 5337 634 5392 et
663 5347 814 5394 anno
858 5338 1120 5412 sequenti
1163 5337 1518 5398 Adalbertus
1543 5337 1738 5410 capite

1845 4640 2151 4706 scopatum
2177 4634 2450 4690 Ricbario
2481 4633 2662 4704 dedit,
2695 4632 2828 4703 quia
2862 4632 3188 4701 Hilduinus,
3215 4631 3307 4686 cui
3341 4628 3484 4686 ἱΙιυά

1847 4723 2010 4794 prius
2032 4722 2296 4794 dederat,
2319 4737 2348 4778 a
2367 4737 2431 4778 se
2455 4721 2722 4778 descivit.
2751 4720 3138 4775 Herimannus
3161 4733 3298 4774 vero
3325 4715 3488 4773 Colo-

1845 4811 2064 4868 niensis
2086 4811 2583 4882 archiepiscopus,
2603 4809 2854 4878 cligente
2876 4807 3034 4864 clero
3051 4809 3112 4862 et
3137 4805 3364 4861 favente
3390 4818 3477 4876 po-

1849 4899 2004 4970 pulo,
2057 4913 2280 4955 necnon
2313 4903 2368 4954 et
2404 4896 2749 4966 Gisleberto,
2799 4908 2967 4966 quem
3017 4891 3249 4965 plurimi
3281 4891 3489 4948 Letha-

1849 4987 2071 5044 ricnses
2099 4987 2306 5043 relicto
2332 4985 2536 5042 Carolo
2563 4983 2885 5057 principem
2910 4981 3346 5054 ordinaverant,
3373 4979 3491 5038 Hil-

1851 5075 2084 5131 duinum
2146 5075 2224 5131 ibi
2277 5073 2572 5130 ordinavit
2637 5072 2996 5144 episcopum,
3057 5085 3188 5127 cum
3245 5069 3491 5128 Carol's

1849 5163 2038 5234 ipsum
2057 5163 2482 5234 episcopatum,
2503 5160 2677 5216 etiam
2701 5157 3311 5227 Lothariensibusjam
3334 5157 3404 5216 ad
3427 5173 3492 5215 se

1851 5249 2106 5306 reversis
2128 5264 2256 5306 cum
2281 5248 2610 5304 Gisleberto
2641 5247 2810 5315 duce,
2836 5243 3104 5301 Ricbario
3129 5245 3327 5302 abbati
3358 5259 3495 5303 con~

1852 5336 2122 5404 sentiret,
2147 5337 2522 5406 quamobrem
2547 5332 2784 5404 utrique
2804 5333 3039 5388 Romam
3067 5332 3314 5404 profecti
3335 5337 3491 5390 sunt.

1453 5503 1691 5562 VARle
1732 5452 2130 5584 moriones.

157 5623 222 5662 ’“
248 5627 284 5686 1‘.
323 5644 337 5684 :
369 5645 384 5685 :
420 5639 526 5710 ac.
615 5621 689 5673 ‘97
715 5625 866 5696 apud
895 5627 1163 5692 dolatum.
