3894 6342
390 375 504 442 1Ἷό

1365 373 1739 442 HUGONIS
1779 371 2133 440 ABBATIS
2173 370 2854 440 FLAVINIACENSIS

3669 359 3767 444 1'76

391 519 552 569 Anno
581 515 704 582 921,
738 509 934 570 habita
966 515 1056 570 est
1091 511 1346 584 synodus
1379 511 1530 584 apud
1563 508 1904 582 Trosleium,
1939 509 2030 568 cui
2061 512 2115 572 A
2153 509 2390 582 (Chron.
2417 509 2580 583 Die.)
2613 507 2777 577 Quod
2809 509 2891 566 illi
2923 516 3260 586 renuentes,
3284 527 3390 586 pro
3417 512 3662 573 Rodulfo
3687 514 3768 571 Ri-

393 603 663 674 przesedlt
692 603 974 659 Heriveus
1001 604 1306 658 Remorum
1332 602 1830 674 archiepiscopus,
1857 601 1952 658 ubi
1973 607 2030 656 et

390 691 631 746 Carolus
655 691 954 755 interfuit;
983 691 1078 760 qui
1104 691 1238 746 inde
1263 690 1566 761 digressus
1591 691 1645 746 in
1670 705 1906 760 regnum
1933 691 2034 745 Lo-

389 779 563 835 tharii
589 780 752 848 abiit,
775 783 832 835 et
860 781 1010 836 facta
1037 780 1304 850 pactione
1326 796 1454 836 cum
1477 779 1746 835 Heinrico
1771 779 2030 850 principe

387 868 798 924 Transrenensi
825 868 1156 924 Laudunum
1175 868 1369 938 rediit,
1391 869 1758 939 postmodum
1774 882 1910 924 vero
1938 882 2031 938 pa-

387 971 512 1012 cem
537 971 664 1012 cum
687 971 756 1012 eo
782 957 1050 1014 firmavit.
1074 957 1382 1012 Normanni
1409 957 1576 1012 fidem
1603 956 1814 1013 Christi
1839 971 2030 1012 susce-

390 1051 602 1117 perunt
648 1050 895 1114 cogente
941 1046 1200 1100 Roberto
1247 1046 1489 1111 comite;
1527 1045 1632 1101 hoc
1669 1045 1844 1100 etiam
1879 1059 2027 1099 anno

388 1132 710 1190 Richardus
731 1133 1090 1202 justitiarius
1119 1134 1287 1190 obiit.

460 1221 676 1293 [FLon.]
727 1225 887 1277 Anno
937 1222 1200 1292 sequenti
1255 1236 1493 1290 regnum
1535 1221 1907 1276 Lothariense
1951 1220 2026 1274 ob

385 1310 897 1381 persequutionem
919 1309 1226 1366 Gisleberti
1247 1315 1304 1365 et
1331 1310 1564 1366 Ottonis
1587 1310 1823 1380 rapinis,
1850 1308 2026 1364 sacri-

386 1399 576 1469 legiis,
605 1399 909 1469 incendiis,
935 1399 1110 1454 etiam
1137 1404 1398 1469 tempore
1424 1399 1904 1468 quadragesimae,
1930 1413 2025 1454 va-

385 1492 593 1544 statur.
656 1488 982 1555 Richarius,
1037 1488 1132 1557 qui
1184 1488 1418 1542 Romam
1477 1487 1778 1558 profectus
1834 1487 2023 1541 fuerat

389 1581 630 1647 propter
661 1577 1018 1647 episcopium
1059 1576 1412 1646 Tungrense,
1447 1589 1722 1632 reversus
1751 1577 1838 1631 est
1869 1574 2024 1630 ordi-

384 1667 558 1720 natus
590 1678 618 1718 a
647 1663 904 1720 Iohanne
953 1678 1101 1734 papa
1141 1665 1210 1718 IX
1243 1663 1574 1734 episcopus,
1631 1661 1902 1718 IIilduino
1950 1663 2022 1716 ab

385 1751 514 1822 ipso
546 1765 691 1823 papa
724 1752 1242 1808 excommunicato.
1270 1753 1458 1820 Drogo
1478 1750 1768 1806 Tullensis
1799 1751 2024 1821 episco-

2145 599 2349 656 cbardi
2367 599 2674 670 justitiarii
2694 601 2810 656 filio
2826 601 2880 656 in
2898 603 3286 672 Burgundiam
3309 605 3762 669 transmiserunt,

2146 689 2241 758 qui
2275 703 2454 760 ocyus
2481 703 2610 744 cum
2653 688 2832 746 multa
2874 704 3114 747 suorum
3159 705 3327 748 manu
3357 691 3476 748 illis
3506 692 3762 762 occurrit,

2141 780 2198 831 et
2227 776 2436 832 Carolo
2455 781 2621 832 trans
2645 778 2854 833 Mosam
2879 779 3224 847 refugiente,
3252 779 3376 850 ipse
3400 793 3505 836 rex
3522 781 3672 851 apud
3689 795 3765 836 ur-

2143 865 2268 920 bem
2314 864 2742 922 Suessionicam
2785 866 3151 923 constitutus
3187 872 3298 937 est,
3333 873 3391 924 et
3425 869 3575 924 Boso
3604 869 3764 924 frater

2139 953 2266 1022 ejus
2291 968 2392 1009 rex
2415 953 2616 1009 Gallia:
2639 955 2966 1026 superioris
2994 970 3122 1026 quae
3156 956 3391 1012 COmata
3414 956 3630 1013 dicitur
3649 971 3765 1013 con-

2140 1041 2387 1098 stitutus
2416 1047 2529 1112 est,
2567 1041 2624 1096 id
2654 1049 2747 1098 est
2778 1043 3125 1113 Burgundize
3157 1045 3504 1115 superioris,
3529 1050 3590 1102 et
3619 1046 3764 1116 [Iugo

2139 1128 2342 1199 Capito
2375 1129 2491 1185 dux
2535 1130 2882 1199 Burgundize
2915 1131 3231 1187 inferioris.
3267 1131 3418 1188 Socii
3451 1147 3591 1188 vero
3625 1133 3765 1190 defe-

2135 1215 2346 1272 ctionis
2370 1216 2612 1273 interitu
2635 1218 2876 1273 Roberti
2901 1233 3264 1290 nequaquam
3292 1220 3510 1291 territi,
3527 1220 3764 1292 perﬁdiae

2136 1318 2254 1361 sua:
2275 1319 2388 1360 non
2416 1305 2730 1362 deseruere
2751 1296 3199 1376 contumaciam,
3227 1322 3398 1378 quam
3423 1309 3624 1381 potius
3644 1311 3768 1366 Her-

2137 1396 2338 1450 bertus
2389 1394 2624 1450 infando
2658 1395 2880 1451 scelere
2915 1395 3250 1452 traditionis
3280 1397 3578 1453 dominum
3611 1413 3762 1454 suum

2137 1496 2448 1554 regemque
2499 1483 2684 1539 totius
2735 1483 2989 1540 Franciae
3043 1484 3309 1539 Carolum
3360 1484 3496 1542 dolo
3543 1491 3763 1557 captum

2135 1570 2500 1642 vinculisque
2545 1571 2858 1642 irretitum,
2909 1573 3224 1628 Parronam
3267 1572 3434 1628 duxit
3463 1575 3765 1630 tenebroso

2133 1660 2388 1716 carceris
2417 1659 2711 1716 domicilio
2744 1661 3181 1716 recludendum.
3214 1663 3283 1716 Et
3312 1661 3446 1731 quia
3469 1662 3636 1732 regni
3666 1667 3766 1719 sta-

2136 1751 2235 1802 tus
2287 1748 2412 1804 sine
2462 1748 2723 1818 principe
2771 1749 3055 1817 agebatur
3086 1748 3142 1803 in
3175 1749 3483 1820 incertum,
3535 1751 3766 1806 maxime

383 1854 496 1910 pus
523 1840 698 1904 obiit;
733 1840 1042 1896 Gauzlinus
1067 1840 1377 1909 successit,
1400 1839 1495 1909 qui
1521 1839 1692 1895 etiam
1717 1839 2022 1894 ordinatus
2050 1859 2106 1920 B
2137 1851 2264 1892 cum
2299 1836 2523 1906 Hugoni
2565 1837 2804 1894 Roberti
2849 1836 2984 1908 fllio,
3019 1837 3114 1908 qui
3149 1841 3280 1909 post
3317 1839 3518 1908 probis
3548 1839 3767 1896 actibus

382 1931 472 1982 est
493 1931 559 1981 16
583 1927 704 1984 Kal.
732 1928 966 1999 Aprilis.
1003 1927 1122 1997 (fol.
1149 1929 1264 2000 64.)
1297 1928 1420 1993 Quo
1444 1927 1618 1983 etiam
1645 1942 1794 1982 anno
1824 1941 2024 1982 conse-

379 2019 580 2071 cratus
617 2015 671 2070 in
705 2030 897 2085 regem
945 2015 1256 2074 Robertus.
1301 2018 1364 2071 ut
1399 2015 1797 2086 praediximus,
1836 2014 2022 2086 palam

379 2103 593 2160 invasit
623 2102 1009 2173 tyrannidem.
1048 2104 1330 2160 Heriveus
1380 2104 1688 2158 Remorum
1742 2101 2024 2173 archiepi-

379 2205 593 2262 scopus
616 2191 708 2247 die
733 2193 905 2247 tertia
932 2197 1069 2262 post
1096 2191 1594 2247 consecrationem
1617 2191 1854 2246 Roberti
1879 2190 2026 2245 obiit

378 2283 546 2334 sexto
578 2281 769 2336 Nonas
797 2279 952 2350 Julii,
987 2284 1297 2349 antequam
1318 2283 1387 2332 22
1407 2279 1494 2334 sui
1525 2279 1900 2350 epiSCOpatus
1929 2293 2024 2334 ex-

379 2366 568 2436 pleret
595 2381 826 2432 annum;
859 2367 951 2423 cui
985 2367 1280 2424 successit
1313 2367 1542 2422 Seulqu
1573 2371 1710 2422 tunc
1739 2366 2023 2423 archidia-

378 2469 580 2510 conus.
619 2455 912 2511 Robertus
946 2454 1125 2510 filium
1158 2470 1324 2512 suum
1357 2457 1648 2524 I-Iugonem
1691 2456 1746 2510 in
1779 2469 2019 2524 regnum

378 2541 638 2598 Lotharii
663 2543 862 2598 mittit.
893 2542 998 2608 Qui
1026 2544 1284 2614 acceptis
1304 2543 1653 2599 obsidibusa
1671 2543 2018 2613 quibusdam

381 2631 882 2702 Lothariensibus,
941 2632 1011 2687 ad
1061 2637 1284 2702 patrem
1338 2631 1638 2687 remeavit.
1693 2631 2017 2687 Obsederat

379 2719 531 2774 enim
556 2719 804 2777 Karolus
830 2721 1277 2791 Capraemortem
1303 2726 1560 2776 castrum
1585 2719 1920 2790 Gisleberti,
1947 2719 2018 2774 ad

379 2807 530 2878 quod
558 2806 921 2865 liberandum
957 2808 1274 2880 praedictus
1318 2810 1480 2878 Hugo
1513 2809 1726 2865 missus
1752 2813 1864 2877 est,
1903 2824 2016 2878 quo

375 2900 696 2968 comperto,
727 2896 972 2954 Karolus
1000 2896 1364 2953 obsidionem
1399 2897 1657 2968 reliquit.

447 2985 609 3041 Anno
641 2985 753 3042 inc.
778 2987 934 3042 Dom.
971 2988 1093 3055 922,
1131 2984 1280 3056 apud
1325 2987 1695 3042 Cameracum
1740 2984 1850 3040 visi
1883 2990 2014 3041 sunt

375 3077 498 3129 tres
527 3072 681 3130 soles
702 3072 759 3128 in
781 3072 908 3129 celo
937 3073 1102 3142 quasi
1136 3087 1439 3144 apparere,
1466 3072 1558 3127 vel
1581 3071 1669 3127 sol
1691 3076 1816 3128 tres
1845 3073 2018 3128 orbes

370 3175 400 3216 a
427 3175 490 3218 se
515 3162 761 3218 invicem
791 3162 1082 3217 distantes
1111 3160 1345 3231 habere,
1373 3161 1488 3217 duo
1523 3175 1756 3232 quoque
1790 3162 2014 3232 spicula

372 3251 430 3302 et
461 3246 576 3302 duo
609 3245 842 3316 stipites
871 3246 979 3302 visi
1009 3251 1145 3302 sunt
1193 3245 1302 3300 sibi
1337 3246 1800 3317 propinquantes
1828 3247 2016 3303 donec

373 3337 508 3390 sunt
542 3334 837 3404 cooperti;
869 3337 926 3390 et
960 3338 1318 3389 terremotus
1342 3334 1548 3390 factus.

449 3420 605 3492 (Cat.
659 3421 846 3492 pont.)
896 3421 1141 3476 Iohanni
1190 3421 1330 3476 VIIII
1380 3436 1542 3493 papa:
1601 3428 2018 3480 successerunt

378 3509 748 3580 Benedictus,
771 3508 903 3580 Leo,
928 3508 1350 3581 Christol‘orus,
1372 3511 1624 3582 Sergius,
1651 3513 2014 3582 Anastasius,

381 3597 591 3667 Laudo,
625 3597 916 3654 Iohannes
945 3598 1011 3653 Χ.

448 3684 667 3758 [πιθα]
724 3687 886 3742 Anno
936 3685 1008 3741 ab
1059 3685 1171 3742 inc.
1219 3687 1378 3742 Dom.
1422 3691 1543 3757 923,
1578 3687 1895 3744 indictione
1926 3694 2014 3759 11,

374 3775 669 3832 Robertus
724 3774 1024 3847 profectus
1071 3774 1126 3830 in
1180 3790 1417 3845 regnum
1465 3775 1842 3832 Lothariense
1886 3791 2015 3833 cum

371 3864 643 3920 Heinrico
668 3868 902 3935 pactum
930 3863 1076 3931 iniit,
1101 3867 1156 3919 et
1183 3863 1338 3919 datis
1363 3864 1654 3935 utrimque
1679 3865 2016 3923 muneribus

372 3952 696 4010 discessum
729 3956 850 4018 est;
891 3951 992 4009 ubi
1043 3952 1219 4008 etiam
1270 3953 1502 4024 quidam
1553 3952 2014 4010 Lothariensium

371 4041 608 4098 obsides
635 4041 893 4097 Roberto
921 4039 1232 4109 dederunt,
1259 4045 1314 4095 et
1342 4040 1604 4098 inducias
1637 4046 2009 4113 acceperunt.

373 4128 616 4186 Carolus
636 4142 776 4185 vero
798 4143 927 4184 cum
949 4127 1073 4184 suis
1098 4128 1577 4186 Lothariensibus
1596 4129 1860 4186 inducias
1881 4145 2014 4186 con-

373 4216 764 4286 fringentibus
809 4217 1024 4271 Mosam
1073 4216 1384 4286 transiens,
1437 4218 1547 4273 sub
1579 4219 1723 4274 urbe
1755 4218 2014 4275 Suessio-

372 4303 524 4373 nica,
555 4303 649 4360 ubi
682 4303 1002 4359 Robertum
1035 4303 1240 4358 sedere
1269 4311 1633 4375 compererat
1669 4306 1834 4376 abiit,
1865 4311 1921 4362 et
1956 4307 2011 4362 in

369 4391 695 4449 crastinum
729 4391 822 4446 die
853 4389 1160 4461 dominica,
1186 4391 1326 4447 hora
1351 4397 1516 4448 sexta
1541 4393 1656 4462 jam
1687 4395 2008 4466 praeterita,

2051 3211 2099 3272 C

2136 1923 2320 1992 Magni
2352 1939 2558 1979 nomen
2611 1924 2952 1995 promeruit,
3009 1925 3252 1996 puerilis
3287 1926 3612 1982 obsisteret
3641 1932 3766 1984 tetas

2137 2012 2446 2080 quominus
2497 2012 2689 2082 regias
2727 2017 3056 2069 assumeret
3107 2013 3351 2083 infulas,
3405 2019 3462 2070 et
3506 2016 3764 2072 Herberti

2133 2103 2382 2154 cunctos
2413 2105 2668 2156 moveret
2705 2101 2921 2170 odium,
2949 2101 3194 2158 maxime
3225 2117 3370 2172 quos
3397 2103 3765 2160 humanitatis

2135 2192 2405 2257 respectu
2440 2188 2509 2242 ad
2545 2187 3003 2244 miscricordiam
3034 2203 3306 2245 aerumma
3338 2191 3624 2261 principis
3653 2205 3766 2262 per-

2135 2276 2423 2345 movebat,
2461 2275 2712 2346 tandem,
2750 2281 2813 2332 ut
2846 2276 3070 2347 praefati
3114 2292 3336 2347 sumus,
3371 2277 3661 2336 Rodulfus
3691 2293 3767 2335 re-

2131 2363 2334 2432 gendae
2355 2364 2674 2434 praeficitur
2695 2365 2970 2434 Franciae,
2989 2369 3046 2419 et
3063 2365 3144 2421 sic
3160 2380 3398 2435 regnum
3423 2367 3764 2424 Francorum

2134 2451 2205 2506 ad
2235 2455 2577 2508 extraneum
2629 2453 3002 2508 transfertur.
3055 2453 3161 2520 Qui
3208 2454 3458 2525 adeptus
3492 2456 3658 2526 regni
3687 2470 3768 2512 so-

2131 2538 2292 2609 lium,
2327 2545 2385 2594 et
2417 2541 2472 2595 in
2506 2540 2980 2597 malefactoribus
3008 2541 3113 2597 fuit
3147 2540 3303 2598 ultor
3337 2557 3608 2614 severus,
3633 2547 3688 2600 et
3717 2545 3763 2598 in

2130 2628 2476 2684 coercendis
2495 2629 2766 2685 hostibus
2791 2643 3086 2700 regnoque
3109 2630 3324 2686 tuendo
3339 2632 3760 2701 sagacissimus.

2130 2715 2268 2783 Ejus
2303 2715 2358 2770 in
2393 2715 2599 2772 diebus
2643 2719 2927 2773 Danorum
2961 2723 3018 2772 et
3051 2719 3512 2776 Normannorum
3562 2720 3762 2777 iterum

2130 2803 2448 2860 adveniunt
2481 2804 2820 2875 phalanges,
2851 2811 2910 2861 et
2943 2821 3056 2862 non
3097 2807 3281 2863 solum
3317 2807 3644 2880 Franciam,
3675 2809 3766 2866 sed

2130 2897 2190 2946 et
2223 2898 2400 2947 totam
2437 2906 2781 2963 percurrere
2803 2895 3211 2964 Burgundiam.
3241 2896 3454 2952 Contra
3487 2911 3644 2967 quos
3675 2899 3768 2953 Ro-

2132 2979 2328 3036 dulfus
2356 2981 2607 3052 sumptis
2649 2982 2827 3038 armis
2858 2983 2938 3038 ita
2968 2989 3276 3054 protervos
3313 2999 3516 3041 eorum
3546 3001 3770 3061 compe-

2131 3066 2284 3121 scuit
2321 3067 2594 3138 impetus,
2622 3073 2686 3125 ut
2720 3083 2902 3139 usque
2931 3085 3080 3126 nunc
3109 3069 3324 3125 Gallias
3355 3070 3427 3126 ab
3457 3085 3668 3128 eorum
3699 3073 3767 3127 in-

2130 3154 2404 3210 cursione
2439 3155 2610 3211 faciat
2643 3171 2875 3212 manere
2904 3157 3158 3228 quietas.
3208 3159 3360 3214 Tunc
3393 3158 3662 3217 delatum
3687 3165 3769 3218 est

2129 3258 2346 3313 corpus
2377 3243 2567 3300 sancti
2593 3245 2836 3314 Benigni
2881 3246 3154 3315 martyris
3185 3246 3334 3302 infra
3368 3262 3573 3304 muros
3600 3249 3764 3306 castri

2130 3331 2520 3402 Divionensis,
2553 3338 2612 3388 et
2645 3332 2719 3387 ibi
2753 3337 3047 3390 servatum
3073 3334 3126 3388 in
3152 3334 3397 3390 ecclesia
3432 3337 3628 3392 sancti
3650 3337 3764 3392 Vin-

2129 3419 2328 3475 centii.
2367 3421 2584 3492 [FLon.]
2617 3419 2738 3477 Illis
2772 3421 2968 3492 itaque
2993 3423 3170 3478 rebus
3200 3423 3461 3480 intentus
3491 3425 3770 3484 Rodulfus

2130 3507 2360 3578 legatos
2393 3509 2596 3565 habuit
2624 3510 3085 3567 Lothariensium
3111 3525 3169 3568 se
3193 3515 3252 3568 et
3276 3527 3375 3568 sua
3409 3512 3494 3568 illi
3521 3514 3771 3571 subden-

2132 3597 2298 3652 tium.
2335 3596 2456 3668 (fol.
2491 3595 2622 3669 ϐότ’.)
2653 3599 2824 3655 Juxta
2873 3599 3188 3655 Mosomum
3221 3614 3362 3670 ergo
3395 3602 3767 3660 obviantibns

2130 3684 2215 3739 illi
2247 3684 2746 3751 Lothariensibus,
2772 3687 3177 3759 suscipiuntur
3199 3701 3229 3743 a
3252 3689 3508 3758 Wigerio
3536 3690 3768 3747 Metten-

2128 3771 2275 3828 sium
2329 3773 2598 3844 praesule,
2629 3777 2690 3828 et
2720 3788 2867 3830 uxor
2915 3774 3042 3844 ejus
3090 3776 3283 3832 Emma
3335 3776 3491 3846 regis
3533 3778 3766 3836 Roberti

2129 3860 2264 3931 filia,
2302 3861 2531 3917 interim
2557 3877 2584 3917 a
2610 3861 2806 3919 Seulfo
2829 3867 3209 3920 consecratur
3234 3865 3452 3934 regina.
3487 3865 3768 3924 Rodulfus

2129 3963 2160 4006 a
2189 3949 2668 4008 Lothariensibus
2700 3950 3046 4022 quibusdam
3068 3951 3370 4009 obsidibus
3392 3956 3660 4026 acceptis
3690 3968 3764 4012 re-

2127 4039 2397 4095 vertitur.
2440 4039 2518 4094 Eo
2559 4054 2708 4094 anno
2753 4039 2910 4096 Dado
2961 4039 3413 4098 Virdunensium
3459 4044 3767 4116 episcopus

2125 4127 2269 4182 obiit
2301 4128 2524 4184 exactis
2551 4128 2604 4184 in
2631 4129 2974 4200 episcopatu
3001 4131 3070 4184 38
3088 4129 3272 4200 annis,
3305 4135 3363 4185 et
3394 4130 3551 4188 inter
3585 4132 3766 4206 sepul-

2123 4231 2221 4272 cra
2255 4217 2751 4287 praedecessorum
2783 4232 3020 4274 suorum
3051 4218 3465 4290 episcoporum
3498 4221 3557 4276 in
3587 4222 3766 4280 eccle-

2124 4303 2208 4360 sia
2260 4305 2445 4360 sancti
2499 4305 2689 4361 Vitoni
2739 4305 3085 4376 condignam
3131 4306 3497 4379 sepulturam
3537 4310 3763 4368 meruit.

2123 4392 2511 4464 Episcopatus
2533 4393 2916 4450 Virdunensis
2931 4395 3154 4465 Hugoni
3169 4410 3200 4450 a
3215 4395 3466 4452 Rodulfo
3485 4411 3627 4468 rege
3643 4413 3768 4456 con-

369 4479 609 4536 Francis
631 4479 900 4551 proelium
931 4493 1044 4534 non
1069 4479 1461 4551 sperantibus,
1490 4480 1756 4552 plurimis
1780 4497 2010 4554 quoque
2039 4562 2083 4569 _
2120 4481 2370 4552 ceditur,
2405 4481 2618 4552 quique
2652 4486 2784 4554 post
2817 4483 2941 4540 haec
2968 4483 3163 4569 Rem-is
3193 4499 3225 4541 a
3259 4483 3456 4543 Seulfo
3487 4487 3768 4560 archiepi-

368 4567 816 4640 prandentibus,
843 4568 1097 4622 Axonam
1128 4567 1382 4638 transiit,
1409 4571 1464 4624 et
1490 4584 1666 4641 super
1688 4571 2008 4627 Robertum
2039 4562 2091 4622 D
2123 4584 2302 4641 scopo
2332 4573 2736 4627 consecratur.

367 4653 560 4711 irruit.
583 4656 655 4709 At
679 4651 777 4709 ille
803 4653 1042 4708 armatis
1063 4653 1149 4710 eis
1169 4669 1316 4724 quos
1341 4670 1537 4711 secum
1571 4655 1842 4727 habebat,
1875 4671 2012 4712 con-

370 4747 459 4798 tra
486 4743 800 4814 processit,
817 4743 1249 4813 commissoque
1271 4742 1472 4814 praelio
1495 4743 1696 4800 multis
1715 4744 2010 4816 utrimque

369 4830 738 4901 cadentibus,
759 4831 1053 4888 Robertus
1072 4846 1303 4904 quoque
1321 4833 1541 4889 lanceis
1563 4833 1860 4905 perfossus
1881 4847 2013 4904 pro-

370 4919 592 4975 cubuit.
620 4919 686 4974 Ili
709 4923 905 4976 tamen
931 4919 1026 4991 qui
1051 4925 1218 4976 erant
1251 4936 1380 4977 cum
1416 4921 1694 4991 Roberto,
1719 4923 1882 4990 Hugo
1903 4920 2010 4978 sci-

367 5003 508 5062 licet
532 5005 686 5064 ﬁlius
707 5006 851 5080 ejus,
867 5013 924 5064 et
949 5009 1297 5066 Heribertus
1320 5023 1517 5066 comes
1534 5009 2004 5081 Vermandensis,

365 5109 496 5150 cum
517 5095 752 5151 caeteris
798 5097 1041 5153 victoria
1094 5097 1290 5168 potiti,
1319 5097 1588 5154 Carolum
1637 5113 1767 5154 cum
1805 5099 2010 5154 Lotha-

367 5181 660 5239 riensibus
692 5183 745 5238 in
781 5185 971 5254 fugam
1017 5188 1288 5251 vertunt;
1339 5184 1444 5240 sed
1473 5186 1546 5240 ob
1578 5190 1820 5240 mortem
1852 5186 2008 5256 regis

369 5270 460 5326 sui
479 5271 748 5342 persequi
765 5271 1144 5341 destiterunt,
1159 5287 1424 5344 campum
1445 5272 1854 5340 obtinuerunt;
1876 5288 2009 5346 spo-

364 5355 442 5413 lia
473 5373 505 5414 a
537 5359 855 5415 rusticanis
893 5358 1121 5430 direpta
1162 5365 1318 5416 sunt.
1364 5361 1770 5418 Lotharienses
1801 5362 2008 5419 relicto

361 5445 514 5502 intra
547 5461 788 5517 regnum
824 5448 1080 5504 Francia:
1105 5448 1334 5520 Carolo,
1367 5453 1744 5507 revertuntur
1779 5451 1850 5506 ad
1881 5467 2004 5522 sua,

359 5533 456 5604 qui
475 5533 678 5591 multis
702 5533 1094 5602 legationibus
1111 5535 1461 5592 Herbertum
1483 5537 1753 5594 comitem
1774 5543 1832 5594 et
1856 5537 2012 5596 Seul-

357 5623 474 5680 ufm
508 5621 1033 5694 archiepiscopum,
1071 5629 1134 5680 ut
1158 5624 1230 5680 ad
1254 5639 1356 5682 sua
1380 5630 1756 5684 revertantur
1777 5634 2001 5685 exorat.

2193 4661 2357 4714 Anno
2411 4661 2532 4714 924.
2579 4657 2897 4718 indictione
2938 4659 3024 4730 12,
3064 4661 3320 4732 Hungari
3377 4661 3563 4719 ductu
3617 4662 3764 4734 regis

2122 4747 2478 4817 Berengarii,
2525 4761 2692 4818 quem
2732 4747 3092 4818 Langobardi
3147 4749 3508 4823 repulerant,
3545 4750 3763 4808 Italiam

2120 4833 2570 4906 depOpulantur,
2607 4835 2840 4906 Papiam
2875 4851 3106 4908 quoque
3147 4839 3348 4894 urbem
3382 4839 3764 4910 populosissi-

2119 4937 2267 4979 mam
2299 4927 2355 4978 et
2389 4923 2894 4995 opulentissimam
2928 4925 3058 4995 igne
3089 4926 3472 4998 succendunt,
3500 4927 3602 4984 ubi
3627 4941 3762 5000 opes

2118 5011 2350 5084 periere
2391 5012 2728 5084 innumerae,
2771 5013 3034 5071 ecclesiae
3082 5014 3468 5085 quadraginta
3513 5021 3762 5088 quatuor

2120 5098 2252 5168 igne
2265 5099 2757 5170 succensaa,urbis
2774 5101 2957 5172 ipsius
2969 5101 3427 5174 episcopuscum
3439 5101 3767 5161 Vercellen-

2119 5203 2203 5257 se,
2233 5187 2330 5258 qui
2355 5203 2550 5245 secum
2575 5193 2723 5258 erat,
2745 5189 2876 5259 igne
2901 5191 3173 5262 fumoque
3195 5195 3441 5250 necatus
3454 5197 3570 5262 est,
3593 5199 3763 5264 atque

2118 5289 2191 5332 ex
2221 5275 2320 5331 illa
2351 5290 2498 5346 pene
2530 5276 2934 5332 innumerabili
2969 5277 3344 5336 multitudine
3375 5278 3623 5338 ducenti
3647 5285 3764 5338 tan-

2119 5368 2240 5420 tum
2265 5364 2628 5434 superfuisse
2653 5371 3066 5439 memorantur,
3095 5367 3192 5439 qui
3213 5381 3286 5424 ex
3308 5366 3581 5440 reliquiis
3605 5369 3763 5429 urbis

2119 5451 2392 5523 incensae,
2428 5467 2572 5522 quas
2605 5453 2760 5509 inter
2789 5454 3018 5512 cineres
3047 5454 3330 5527 legerant,
3367 5457 3601 5515 modios
3633 5464 3760 5516 octo

2118 5539 2409 5596 dederunt
2435 5541 2740 5614 Hungaris,
2766 5543 2946 5600 vitam
2964 5547 3022 5600 et
3045 5559 3244 5604 muros
3269 5544 3534 5605 civitatis
3564 5561 3760 5606 vacua:

2120 5628 2490 5687 redimentes.
2509 5629 2732 5696 Quibus
2743 5631 3016 5704 expletis,
3031 5647 3138 5706 per
3149 5634 3403 5706 abrupta
3419 5635 3762 5710 gradientes
