3894 6328
139 312 251 377 ΓΠ

1368 312 1861 383 CHRONICON.
1897 354 1972 367 —
2004 317 2156 384 LIB.
2190 315 2235 385 Ῑ.

3436 333 3549 399 178

127 440 198 535 ad
212 441 599 535 Alpiumjuga
625 442 1282 518 perveniunt.Redulfus
1306 461 1446 505 vero
1470 449 1780 522 Cisalpinae
1812 453 1866 516 A
1897 457 2076 516 fuisse
2110 459 2164 516 in
2195 472 2508 519 carcerem.
2546 458 2762 535 [From]
2794 464 2928 522 Post
2962 463 3086 523 haec
3127 464 3450 528 Herbertus
3481 483 3544 527 se

132 532 329 591 Galliae
364 549 493 603 rex,
522 537 580 590 et
610 536 773 606 Huge
802 550 903 591 rex
934 536 1275 594 Viennensis
1306 535 1458 594 inter
1479 540 1781 608 angustias

133 622 369 679 collium
385 622 730 694 Alpinorum
746 639 849 681 eos
863 625 1298 695 cencluserunt,
1316 627 1466 683 unde
1485 629 1712 699 inopina
1727 635 1782 686 te

134 708 261 766 loco
293 726 397 782 per
428 710 596 767 devia
628 712 965 782 evadentes,
993 713 1254 769 Gothiam
1290 714 1595 786 impetunt.
1627 716 1782 782 QuoS

132 799 359 869 sequuti
386 798 656 870 praedicti
674 799 1783 871 duces,sternuntquesinvenerunt.ln-

132 891 287 942 terea
318 888 714 957 Berengarius
745 903 775 943 a
810 890 932 945 suis
956 891 1279 960 perimitur,
1307 893 1617 948 Normanni
1651 908 1780 950 cum

130 974 361 1031 Francis
384 979 621 1046 pactum
649 976 870 1047 ineunt,
890 978 1023 1033 data
1048 982 1220 1048 pacto
1245 979 1405 1050 pacis
1426 985 1580 1036 terra
1607 982 1781 1052 Cyne-

132 1063 423 1118 mannensi
458 1067 522 1117 et
553 1063 869 1133 Bajecensi,
906 1066 1157 1134 Hungari
1204 1082 1343 1123 vero
1376 1082 1501 1123 sese
1536 1074 1591 1123 et
1627 1071 1781 1141 capi-

130 1152 247 1204 tum
262 1149 570 1206 inflatione
583 1166 649 1206 ac
664 1151 996 1221 dysenteria
1013 1155 1206 1209 cuncti
1225 1171 1386 1225 paene
1408 1157 1774 1213 interierunt.

196 1239 358 1293 Anno
397 1239 670 1309 sequenti
713 1239 943 1296 Seulfus
975 1241 1122 1297 obiit
1153 1244 1463 1299 Remorum
1496 1244 1779 1315 archiepi-

128 1339 335 1395 scopus
391 1328 624 1382 exactis
660 1328 714 1383 in
747 1329 1087 1400 episcOpatu
1131 1331 1297 1387 annis
1332 1333 1541 1399 tribus,
1575 1332 1781 1389 diebus

130 1414 397 1485 quinque.
474 1415 646 1472 Relle
727 1418 1185 1475 Normannorum
1266 1421 1777 1490 Rotomagensium

130 1502 398 1573 princeps
433 1504 675 1559 Francia
721 1504 1053 1575 depraedata
1106 1522 1302 1577 pacem
1352 1509 1546 1578 fregit,
1575 1514 1775 1565 contra

128 1605 292 1661 quem
325 1592 533 1649 Franci
566 1596 825 1650 castrum
868 1596 1090 1665 Augum
1122 1597 1379 1668 capiunt.

194 1680 467 1736 Heinrice
488 1696 725 1751 quoque
754 1683 950 1738 cuncti
983 1698 1046 1738 se
1078 1685 1484 1741 Letharienses
1516 1687 1778 1741 commit-

1895 548 2143 605 Redulfo
2188 553 2571 622 commendat,
2607 554 2850 609 reducto
2884 555 3093 611 iterum
3128 558 3235 613 sub
3267 560 3537 615 custodia

1896 638 2120 706 Carolo,
2155 643 2211 693 et
2260 656 2391 696 cum
2446 640 2545 696 ille
2596 643 2987 713 proficiscitur
3036 646 3264 701 obviam
3316 649 3539 717 Hugoni

1894 727 2014 796 regi
2042 726 2239 783 ltalizc.
2264 730 2773 787 BenneMette’nsis
2795 733 3109 804 episcopus
3131 734 3541 807 insidiisappe-

1892 814 2056 883 titus,
2085 816 2347 873 eviratus
2381 823 2437 873 et
2473 816 2789 875 luminibus
2813 821 3076 892 privatus
3108 827 3217 879 est.
3254 824 3542 882 Rodulfus

1893 908 2085 959 autem
2102 921 2201 959 rex
2218 906 2411 961 missis
2428 908 2648 963 nuntiis
2667 924 2861 979 pacem
2882 911 3013 965 fecit
3030 926 3157 967 cum
3176 913 3542 983 Carolo,red-

1891 992 2033 1047 dcns
2056 992 2137 1047 illi
2174 995 2548 1063 Attiniacum,
2570 1001 2628 1051 et
2659 999 2998 1055 muneribus
3030 1000 3322 1056 henerans
3353 1001 3534 1059 illum.

1966 1085 2125 1137 Anno
2149 1085 2567 1153 929,.lehannes
2590 1100 2736 1156 papa
2761 1088 2802 1141 X
2826 1087 2881 1142 in
2896 1088 3160 1144 custodia
3178 1090 3534 1160 defungitur.

1891 1171 2160 1226 Succedit
2194 1173 2483 1229 Iohannes
2516 1175 2604 1229 ΧΙ.
2635 1175 2876 1231 Carolus
2902 1192 3130 1247 quoque
3156 1178 3538 1249 apudParen-

1891 1272 2017 1312 nam
2045 1260 2210 1329 obiit,
2231 1261 2325 1329 qui
2352 1262 2617 1327 animam,
2639 1278 2748 1317 non
2772 1279 2987 1334 corpus
3010 1267 3273 1321 custodia
3298 1268 3532 1323 exemit.

1893 1346 2135 1411 (Chron.
2153 1348 2317 1415 Die.)
2334 1350 2434 1405 Hie
2457 1351 2589 1406 dum
2609 1351 2850 1421 viveret,
2871 1353 3120 1425 Simplex
3143 1354 3335 1411 dictus
3355 1357 3536 1411 estob

1892 1433 2309 1503 benignitatem
2344 1437 2535 1507 animi,
2563 1453 2715 1494 nunc
2747 1445 2986 1495 sanctus
3020 1446 3181 1497 recte
3214 1446 3404 1513 potest
3438 1459 3537 1499 ve-

1889 1522 2031 1591 cari,
2062 1524 2332 1593 quoniam
2366 1525 2579 1593 injuste
2612 1528 2683 1582 ab
2704 1528 3035 1584 inﬁdelibus
3060 1530 3183 1585 suis
3202 1535 3256 1585 et
3287 1532 3539 1602 perjuris

1889 1610 2061 1679 longe
2092 1614 2349 1669 carceris
2391 1616 2662 1684 squalore
2712 1617 2982 1688 afllietus,
3015 1620 3400 1675 transmissus
3443 1625 3532 1676 est

1886 1699 2022 1755 vita)
2041 1707 2359 1771 perpetuze.
2387 1703 2489 1759 Hic
2515 1704 2750 1775 reliquit
2774 1706 2951 1761 filium
2974 1708 3321 1765 Ludovicum
3345 1709 3537 1766 Ultra-

129 1771 274 1838 tunt,
298 1772 360 1824 et
382 1770 511 1840 ipse
543 1770 829 1826 Bernuino
862 1772 1112 1828 Dadonis
1141 1774 1395 1845 episcepi
1429 1775 1626 1846 nepoti
1659 1776 1777 1846 epi-

1947 1770 2168 1845 arinum
2185 1805 2256 1845 ex
2271 1791 2519 1861 Eadgiva
2536 1794 2851 1862 Anglorum
2868 1796 3024 1865 regis
3041 1797 3155 1852 lilia
3172 1802 3531 1869 susceptum,

129 1861 430 1928 scepatum
473 1858 901 1915 Virdunensem
956 1861 1244 1931 concedit,
1279 1864 1374 1933 qui
1423 1869 1480 1918 et
1531 1864 1775 1935 expulso

130 1944 380 2015 Hugene,
409 1945 505 2001 cui
527 1945 813 2002 Rodulfus
838 1946 979 2002 illud
1012 1947 1274 2019 dederat,
1302 1950 1512 2006 ibidem
1546 1952 1776 2008 ordina-

132 2033 224 2087 tur
249 2032 575 2103 episcopus
602 2047 751 2089 anno
777 2033 900 2104 925,
935 2035 1254 2093 indictione
1286 2042 1368 2094 l3.
1400 2040 1621 2095 Abhinc
1652 2040 1776 2096 Vir-

130 2117 334 2176 dunum
363 2125 423 2177 et
453 2120 591 2177 alire
623 2122 893 2179 civitates
916 2138 943 2179 a
972 2138 1148 2194 regno
1174 2128 1519 2183 Francorum
1551 2128 1776 2185 defece-

128 2213 273 2263 runt.
306 2210 475 2278 Hnge
509 2224 654 2265 vero
701 2211 1011 2282 presbyter
1056 2213 1313 2269 Virduiio
1362 2215 1590 2286 pulsus,
1626 2231 1774 2273 anno

128 2297 387 2367 sequenti
411 2300 691 2353 mortuus
710 2302 797 2353 est
818 2315 831 2363 ;
855 2314 969 2369 quo
1001 2300 1174 2355 etiam
1206 2317 1355 2357 anno
1390 2303 1599 2359 timere
1626 2307 1775 2361 Hun-

127 2398 385 2453 garerum
420 2400 650 2456 corpus
682 2388 869 2442 sancti
902 2388 1145 2458 Remigii
1168 2394 1229 2444 et
1253 2391 1495 2447 alierum
1531 2393 1772 2463 pignora

129 2476 449 2529 sanctorum
481 2473 685 2530 Remis
708 2473 900 2530 delata
925 2482 1081 2532 sunt.
1106 2480 1266 2546 llugo
1290 2478 1441 2534 filius
1464 2482 1651 2537 Bcrtaa
1672 2498 1772 2537 rex

129 2560 295 2618 italiae
328 2562 743 2631 constituitur,
775 2564 1021 2635 expulso
1053 2565 1357 2637 Cisalpina;
1404 2568 1601 2626 Gallia)
1636 2585 1771 2642 rege

124 2648 355 2706 Redulfo
414 2650 589 2720 regni
652 2650 940 2721 invasere,
976 2654 1072 2723 qui
1134 2660 1267 2709 ante
1326 2657 1768 2724 quadriennium

126 2733 339 2795 electus
366 2740 440 2795 ab
471 2739 569 2795 eis
601 2741 793 2795 tuerat
824 2740 1054 2811 abjecte
1095 2756 1229 2811 rege
1260 2745 1626 2814 Berengario.
1661 2748 1771 2803 An-

131 2838 232 2881 nus
256 2830 374 2896 928,
410 2826 739 2883 indictione
772 2828 954 2899 prima
1002 2845 1187 2886 annus
1220 2832 1441 2903 primus
1473 2835 1628 2904 regis
1659 2837 1761 2891 Hu-

125 2913 278 2982 genis
306 2915 493 2986 ipsius
517 2915 772 2972 exstitit.
802 2919 962 2987 Huge
987 2933 1220 2989 quoque
1244 2921 1499 2989 Magnus,
1525 2922 1766 2979 Roberti

125 3002 266 3069 regis
297 3002 473 3073 filius,
510 3002 695 3059 filiam
734 3004 987 3061 Eduardi
1039 3008 1192 3075 regis
1237 3009 1572 3080 Anglorum,
1609 3025 1769 3067 sore-

127 3103 232 3145 rem
264 3092 535 3163 conjugis
572 3091 785 3163 Caroli,
811 3092 972 3149 duxit
1007 3110 1266 3152 uxorem.

128 3214 161 3233 ..
191 3182 345 3235 Anno
367 3160 494 3251 92:7,
522 3181 716 3251 pestis
737 3160 901 3252 quasi
928 3182 1103 3238 febris
1124 3188 1179 3239 et
1208 3185 1388 3243 tussis
1414 3187 1591 3244 mixta
1622 3203 1769 3267 mer-
1798 3160 1847 3222 Ο

124 3265 338 3324 talitate
361 3268 417 3324 in
431 3272 689 3326 cunctas
705 3269 1023 3327 Germaniae
1047 3271 1362 3343 Galliaeque
1383 3279 1591 3342 gentes
1607 3265 1769 3347 gras-

124 3358 292 3425 satur,
325 3372 433 3427 qua
468 3370 803 3429 percussus
834 3358 1144 3415 Widiricus
1178 3361 1480 3418 Mettensis
1512 3366 1768 3422 antistes

124 3441 463 3517 defungitur,
535 3451 597 3500 et
655 3447 883 3501 evocati
942 3446 1011 3502 ad
1069 3447 1423 3519 colloquium
1510 3452 1766 3509 Heinrici

118 3532 267 3587 trans
307 3532 578 3589 Rhenum
627 3533 948 3590 Herbertus
991 3549 1188 3590 comes
1243 3542 1301 3591 et
1326 3538 1487 3607 Huge
1532 3539 1768 3609 Magnus

121 3617 336 3674 Roberti
370 3620 558 3689 ﬁlius,
586 3636 725 3692 pace
787 3621 1032 3693 firmata,
1061 3625 1403 3681 muneribus
1436 3626 1766 3684 Heinricum

127 3704 412 3779 honorant,
435 3714 493 3766 et
534 3709 902 3766 honorantur
931 3711 1001 3767 ab
1034 3711 1154 3768 ille.
1188 3712 1266 3767 ibi
1301 3714 1604 3773 Heinricus
1636 3732 1769 3772 cen-

130 3795 324 3867 templa
337 3797 639 3854 electione
653 3797 888 3869 civium,
905 3800 1265 3871 episcopium
1281 3804 1585 3860 Mettensis
1607 3805 1770 3861 urbis

130 3882 340 3940 cuidam
374 3900 557 3943 servo
589 3886 707 3956 Dei,
741 3891 806 3942 ut
836 3888 1155 3959 ferebatur,
1191 3890 1351 3945 dedit
1382 3884 1767 3961 cognomento

124 3969 372 4030 Benneni.
409 3975 744 4032 Herbertus
777 3976 1044 4033 Carelum
1069 3977 1139 4032 de
1165 3979 1435 4035 custodia
1459 3980 1652 4049 ejecit,
1681 3996 1769 4038 se-

128 4071 356 4132 cumque
396 4078 594 4135 usque
646 4063 717 4119 ad
771 4064 1045 4120 Sanctum
1103 4065 1441 4131 Quintinum
1499 4068 1763 4126 deduxit.

124 4145 297 4206 Mettis
322 4154 378 4207 et
406 4166 512 4223 per
543 4149 785 4206 Galliam
809 4152 1020 4209 timore
1044 4153 1449 4224 Hungarorum
1474 4158 1624 4227 fugae
1649 4158 1767 4228 agi-

128 4235 329 4309 tantur,
387 4240 628 4296 scilicet
688 4254 791 4310 per
847 4241 1145 4297 Franciam
1201 4247 1261 4298 et
1320 4244 1764 4316 Letharingiam.

127 4322 235 4388 (fol.
255 4327 549 4397 65.)Anno
564 4328 835 4397 sequenti
859 4328 1143 4387 Rodulfus
1165 4332 1364 4388 audita
1390 4333 1766 4391 restitutione

130 4409 301 4468 Caroli
331 4429 460 4471 cum
494 4415 705 4471 hostili
738 4431 909 4473 manu
934 4417 1005 4473 de
1027 4419 1360 4489 Burgundia
1388 4421 1442 4474 in
1470 4423 1765 4478 Franciam

1888 1877 1984 1946 qui
2010 1884 2273 1934 metuens
2297 1879 2509 1935 involvi
2531 1881 2885 1938 calamitatis
2910 1884 3114 1953 patrize
3139 1886 3431 1956 procellis,
3460 1887 3529 1942 ad

1888 1965 2106 2034 Angles
2124 1966 2670 2024 Saxonesmaterna}
2693 1970 2991 2025 allinitatis
3022 1973 3209 2040 gratia
3240 1989 3302 2029 se
3329 1978 3533 2031 centu-

1887 2053 1973 2107 lit.
1999 2055 2322 2111 Herbertus
2343 2061 2403 2111 et
2425 2058 2586 2127 Huge
2609 2058 2852 2113 comites
2873 2065 3075 2115 contra
3102 2063 3403 2131 Bosonem,
3426 2064 3533 2141 Re,

1887 2142 2026 2198 dulfi
2045 2144 2200 2213 regis
2226 2144 2486 2215 fratrem,
2514 2146 3019 2217 presficiscuntur,
3038 2151 3415 2219 quamobrem
3436 2152 3534 2206 Re-

1888 2246 1949 2287 se
1970 2231 2241 2287 Heinrico
2260 2248 2455 2303 pacem
2470 2233 2489 2301 j
2503 2249 2669 2290 urare
2682 2234 3072 2306 compellitur.
3095 2237 3383 2294 Adalbere
3398 2240 3534 2293 Met-

1886 2324 2112 2374 tensem
2143 2321 2548 2392 episcopatum
2587 2323 2955 2393 adipiscitur,
2990 2325 3249 2381 Benneni
3297 2326 3530 2382 abbatia

1887 2408 2133 2478 quadam
2156 2424 2433 2465 concessa
2462 2412 2915 2468 sustentationis
2929 2416 3151 2469 tenore.
3170 2414 3287 2471 Viae
3304 2414 3530 2485 Alpium

1884 2500 2019 2553 tunc
2042 2512 2147 2569 per
2166 2498 2515 2555 Sarracenos
2529 2501 2809 2570 obsessa),
2828 2516 2856 2556 a
2874 2502 3085 2571 quibus
3106 2501 3273 2557 multi
3298 2504 3529 2559 Romam

1888 2584 1971 2639 ire
2002 2586 2266 2642 volentes
2298 2587 3001 2658 impeditixevcrtuntur.
3040 2592 3174 2645 Post
3228 2591 3335 2647 hoc
3385 2592 3531 2649 Bose

1887 2673 2087 2742 frater,
2124 2689 2259 2742 rege
2291 2675 2540 2730 Henrico
2575 2675 2800 2745 relicto,
2836 2677 2906 2731 ad
2938 2677 3247 2733 Rodulfum
3282 2679 3455 2734 redit.

1958 2763 2117 2817 Anne
2148 2764 2270 2831 932,
2307 2762 2632 2818 Bernuinus
2673 2762 3054 2820 Virdunensis
3102 2765 3438 2837 episcopus,
3471 2773 3532 2823 et

1883 2850 2031 2904 Beso
2062 2850 2242 2905 frater
2275 2850 2448 2919 regis.
2487 2865 2589 2904 rex
2622 2850 2820 2905 Galliae
2853 2866 2979 2920 quae
3014 2853 3247 2908 Comata
3287 2853 3523 2925 dicitur,

1882 2936 2168 2993 incendiis
2199 2938 2351 2992 inter
2384 2952 2447 2992 se
2470 2937 3123 3009 depraedationibusque
3148 2940 3526 3009 bacchantur,

1881 3026 2256 3095 quamobrem
2292 3027 2432 3081 urbs
2464 3025 2586 3095 ipsa
2621 3025 2863 3082 multum
2908 3025 3011 3082 fuit
3046 3027 3277 3083 amicta.

1954 3112 2172 3184 [FLen.]
2209 3115 2371 3169 Anne
2403 3113 2668 3182 sequenti
2700 3114 2917 3171 Vienna
2948 3114 3196 3171 Redulfe
3238 3115 3359 3184 regi
3410 3120 3528 3172 tra-

1880 3201 2059 3270 ditur,
2086 3205 2145 3255 et
2175 3201 2501 3257 Willelmus
2533 3204 2991 3259 Normannorum
3019 3203 3291 3275 princeps
3314 3204 3366 3260 ei
3390 3205 3527 3260 sub-

1881 3290 2060 3358 ditur,
2095 3294 2154 3345 et
2188 3291 2349 3359 Hugo
2382 3304 2485 3345 rex
2516 3290 2696 3346 Italiae
2724 3291 2962 3347 Romam
2992 3291 3247 3347 obsidet.
3292 3290 3530 3348 Fulber-

1878 3383 1977 3434 tus
2002 3379 2511 3434 Cameracensium
2534 3379 2839 3435 ordinatur
2857 3380 3170 3451 episcopus
3191 3381 3264 3436 ab
3288 3379 3528 3437 Artalde

1880 3469 2185 3522 Remorum
2222 3467 2685 3538 archiepiscopo.

1952 3556 2122 3609 Anne
2145 3556 2413 3625 sequenti
2445 3555 2643 3625 ignitae
2673 3555 2728 3610 in
2753 3554 2896 3611 caele
2919 3555 3075 3612 acies
3090 3555 3231 3611 visae
3253 3560 3387 3612 sunt
3412 3554 3529 3612 dis-

1878 3656 2140 3713 currere,
2165 3647 2223 3698 et
2258 3643 2422 3712 quasi
2450 3657 2693 3714 serpens
2712 3643 2934 3713 igneus,
2960 3647 3020 3699 et
3042 3643 3304 3713 quaedam
3330 3643 3524 3714 jacula

1881 3732 2017 3787 ferri
2041 3732 2227 3803 pridie
2250 3730 2386 3787 Idus
2409 3731 2681 3787 Octobris
2704 3746 2869 3787 mane
2900 3735 3035 3785 ante
3067 3731 3215 3787 lucis
3236 3736 3522 3788 exortum.

1879 3822 2005 3876 Mox
2030 3821 2388 3889 subsequuta
2413 3823 2507 3873 est
2529 3820 2713 3889 pestis
2735 3818 2985 3873 diversis
3009 3819 3253 3874 humana
3277 3833 3525 3890 corpora

1880 3908 2138 3964 afficiens
2170 3906 2424 3973 morbis;
2459 3921 2567 3975 qua
2594 3905 2929 3976 pestilentia
2955 3919 3274 3975 percussus
3296 3906 3526 3974 quidam

1880 3997 2163 4053 diaconus
2188 3994 2585 4063 Virdunensis,
2604 3992 2835 4048 nomine
2860 3992 3224 4063 Adelmarus,
3247 3993 3527 4061 languore

1879 4085 2213 4156 depressus,
2241 4082 2509 4155 spiritum
2543 4080 2736 4137 amisit
2763 4082 2897 4146 ;sed
2931 4086 3241 4151 antequam
3273 4081 3529 4152 impone-

1880 4177 2044 4229 retur
2068 4173 2307 4241 feretro,
2334 4184 2606 4226 reversus
2632 4169 2709 4225 ita
2734 4170 2987 4225 surrexit
3005 4168 3257 4239 validus,
3285 4175 3348 4225 ut
3369 4169 3529 4225 vide-

1880 4265 2043 4318 retur
2068 4261 2177 4317 sibi
2206 4259 2350 4315 nihil
2373 4258 2738 4329 aagritudinis
2754 4273 2815 4314 se
2840 4258 3022 4314 fuisse
3048 4273 3405 4330 perpessum,
3428 4260 3525 4329 qui

1880 4365 1943 4407 se
1975 4350 2205 4406 diversa
2235 4348 2652 4420 suppliciorum
2683 4346 2775 4404 vel
2806 4346 3093 4417 refrigerii
3145 4346 3272 4402 loca
3305 4346 3527 4404 vidisse

1881 4442 2134 4495 testatus
2163 4442 2273 4508 est,
2306 4451 2484 4506 seque
2515 4436 2701 4508 ipsum
2736 4436 2862 4491 loco
2888 4434 3121 4506 poeniali
3156 4436 3522 4506 deputatum,

127 4500 270 4595 ξθηίί
297 4502 620 4574 Ρηὲάθηάο
653 4508 712 4559 et
742 4504 868 4561 1003
897 4506 1183 4595 Quadam
1236 4508 1638 4576 incendendo;
1670 4500 1764 4567 cui
1797 4512 1850 4573 D
1881 4527 1976 4582 Dei
2003 4540 2142 4582 vero
2166 4500 2471 4595 genitricis
2488 4500 2553 4580 et
2569 4500 3339 4594 beatiMartiniprecibusad
3354 4500 3526 4591 agen;

127 4584 270 4658 [lnge
305 4591 554 4648 Roberti
586 4591 747 4648 illius
775 4592 1000 4669 ebviam
1035 4593 1119 4649 ire
1152 4602 1337 4667 parat,
1372 4600 1430 4652 ct
1462 4598 1768 4655 venientes

130 4687 288 4747 super
316 4680 540 4737 Isaram
573 4680 732 4736 inter
757 4681 1067 4739 Redulfum
1098 4698 1292 4753 regem
1325 4691 1384 4740 et
1418 4686 1765 4743 llerbertum

129 4765 376 4822 comitem
408 4775 730 4840 sequester
761 4773 817 4824 et
853 4770 1074 4827 medius
1113 4773 1239 4827 fuit.
1277 4773 1598 4831 Herbertus
1627 4790 1766 4831 vero

131 4849 268 4910 datis
294 4856 607 4915 obsidibus
642 4872 823 4927 usque
882 4859 951 4915 ad
1004 4859 1434 4919 denominatum
1490 4863 1766 4934 placitum

130 4936 304 5000 Remis
333 4960 464 5002 cum
500 4944 715 5002 Carolo
745 4946 902 5002 venit
940 4947 1188 5020 indeque
1228 4950 1459 5006 litteras
1487 4952 1767 5009 Johannis

132 5041 276 5100 papa:
295 5033 472 5089 mittit
499 5034 576 5090 de
602 5034 978 5092 restitutione
1000 5040 1060 5092 et
1083 5036 1302 5094 honore
1325 5038 1535 5110 Caroli,
1575 5044 1633 5095 ut
1658 5041 1765 5098 sibi

130 5116 226 5201 sub
247 5119 726 5180 interminatiene
748 5126 1368 5183 excommunicationis
1381 5132 1762 5201 praeceperat.

133 5200 407 5266 Reversus
455 5214 656 5268 autem
715 5211 926 5268 missus
970 5214 1262 5271 nunciavit
1317 5215 1507 5286 ipsum
1563 5231 1767 5289 papam

132 5290 426 5354 Iohannem
461 5313 493 5354 a
527 5299 773 5355 Widone
829 5302 1009 5358 fratre
1041 5304 1301 5374 Hugenis
1340 5304 1497 5375 regis
1527 5308 1769 5377 propter

136 5377 442 5443 simultates
480 5387 763 5459 quasdam
814 5388 967 5447 inter
1013 5405 1118 5448 eos
1173 5396 1413 5451 exertas
1472 5398 1768 5451 retrusum

1882 4615 2009 4671 dam
2027 4613 2427 4685 paenitentiam
2451 4613 2586 4669 vitae
2612 4611 2888 4683 praesenti
2913 4609 3225 4666 redditum.
3246 4608 3366 4680 (fol.
3391 4608 3525 4681 ὅδ’.)

1880 4702 2262 4769 Quamobrem
2296 4700 2469 4770 hujus
2499 4700 2764 4773 exemplo
2820 4696 3121 4770 provocati
3170 4696 3401 4766 quidam
3433 4711 3527 4753 ea-

1880 4791 2222 4847 nonicerum
2239 4792 2457 4845 sanctae
2470 4789 2660 4844 Mariae
2674 4786 2949 4844 smculum
2965 4785 3368 4853 deseruere,et
3390 4783 3522 4854 quia

1880 4880 1933 4934 in
1967 4878 2168 4953 eadem
2198 4876 2438 4953 civitate
2470 4876 2848 4953 congregatio
2898 4872 3314 4953 monachorum
3365 4871 3524 4953 nulla

1877 4954 2005 5006 erat
2039 4948 2151 5020 (74)
2172 4979 2243 4988 —
2266 4948 2319 5003 in
2350 4946 2617 5003 aecclesia
2649 4946 2800 5001 enim
2834 4945 3018 5001 sancti
3050 4945 3207 5001 Petri
3239 4945 3296 4998 et
3330 4945 3520 4999 sancti

1878 5037 2070 5094 Viteni
2100 5035 2300 5092 clerici
2326 5034 2733 5091 deserviebant
2754 5064 2844 5102 —,
2868 5032 3093 5089 Tullum
3118 5031 3361 5103 petiere,
3385 5034 3447 5086 et
3468 5030 3524 5087 in

1879 5125 2234 5183 monasterio
2263 5122 2450 5180 sancti
2484 5121 2623 5192 Apri
2656 5124 2879 5176 mutate
2900 5121 3104 5176 habitu
3128 5119 3405 5176 saeculum
3430 5119 3526 5174 de-

1879 5228 2077 5272 serere
2108 5217 2168 5269 et
2200 5212 2429 5269 Christo
2461 5210 2692 5266 domine
2725 5208 3107 5280 incerperari,
3156 5213 3217 5264 ut
3266 5208 3521 5264 membra

1880 5303 2072 5360 fidelia
2102 5302 2306 5372 capiti,
2329 5300 2630 5356 studuere.
2657 5298 2794 5364 Quae
2827 5312 2921 5354 res
2951 5297 3199 5352 maxime
3229 5300 3354 5353 erat
3388 5310 3526 5351 mee-

1879 5392 1995 5448 reri
2032 5389 2310 5463 pontifici,
2346 5387 2643 5445 canonicis
2673 5400 2905 5458 quoque
2946 5384 3201 5443 residuis
3228 5390 3288 5442 et
3321 5398 3523 5456 proce-

1708 5516 1932 5574 NOT/E.

205 5618 307 5691 (74)
336 5623 415 5682 Cf.
451 5627 627 5684 Gesta
659 5641 788 5700 epp.
823 5630 1062 5689 Virdun.
1099 5634 1324 5690 Contin.
1367 5648 1442 5703 c.,
1474 5638 1508 5690 2
1532 5637 1591 5690 et
1617 5632 1855 5689 Joannis
1896 5629 2231 5715 Gerziensis
2262 5629 2389 5685 Vita
2421 5642 2549 5698 cap.
2582 5632 2669 5699 21,
2703 5630 2770 5684 23
2804 5640 2932 5698 sqq.
2969 5627 3064 5684 SS.
3099 5631 3236 5682 tom.
3268 5626 3357 5679 IV.
