3894 6314
381 297 492 360 179

1353 289 1722 356 HUGONIS
1765 291 2112 356 ABBATIS
2152 287 2834 352 FLAVINIACENSIS

3663 287 3778 350 180

378 424 544 482 ribus
562 421 784 496 populi,
811 421 943 492 quia
969 422 1242 493 Optarent
1266 434 1367 478 eos
1391 421 1588 494 potius
1609 421 1667 498 in
1691 422 1893 480 eodem
1918 421 2019 480 mi-
2048 422 2102 482 A
2135 423 2298 492 llugo
2329 435 2432 477 rex
2461 421 2643 478 Italiae
2675 433 2706 476 a
2739 421 2916 477 Roma
2969 417 3219 490 recedit,
3248 430 3394 490 pace
3451 417 3602 476 facta
3647 430 3776 476 cum

379 513 550 568 litare
581 510 900 582 episcopio,
939 523 1110 580 quam
1141 509 1213 565 ad
1259 509 1415 564 aliud
1467 509 1812 579 demigrare.
1847 510 2019 568 Bonis

382 605 572 658 tamen
603 605 658 655 et
694 597 1086 654 laudabilibus
1124 611 1325 654 eorum
1373 597 1584 653 studiis
1631 603 1691 653 et
1737 597 2021 668 exemplis

383 687 588 757 religio
635 687 852 755 regulae
906 686 1338 755 monachorum,
1374 689 1431 741 et
1468 687 1661 742 fervor
1709 685 1932 742 ordinis
1965 686 2019 740 in

381 777 585 832 eodem
617 773 884 832 coenobio
914 776 973 829 et
1004 773 1058 828 in
1093 772 1440 844 quibusdam
1490 773 1620 830 aliis
1648 788 1754 845 per
1779 789 2018 843 regnum

383 863 763 921 Lothariense
797 865 1122 933 reparatur.
1157 861 1383 916 Interea
1415 876 1649 917 emenso
1692 871 1841 918 anno
1876 863 2021 916 Boso

386 953 566 1008 frater
589 951 743 1020 regis
761 965 890 1006 cum
913 949 1186 1004 llcinrico
1210 951 1631 1020 pacatur,etab
1655 965 1725 1006 eo
1749 953 2022 1020 receptus

383 1047 492 1098 est.
528 1037 815 1095 Rodulfus
847 1052 1076 1108 quoque
1104 1051 1206 1092 rex
1238 1038 1490 1094 Franciae
1520 1043 1579 1094 et
1610 1037 1896 1094 llodulfus
1921 1051 2023 1092 rex

382 1127 648 1186 Jurensis
679 1141 808 1183 cum
843 1141 910 1182 eo
939 1125 1251 1182 amicitiam
1284 1127 1682 1196 paciscuntur.
1709 1127 1853 1182 Boso
1886 1141 2024 1182 vero

387 1217 438 1272 in
465 1215 838 1289 expeditione
853 1213 1176 1270 obsidionis
1199 1215 1380 1270 castri
1405 1215 1597 1289 sancti
1624 1214 1882 1280 Quiutini
1911 1229 2026 1270 mo-

387 1287 559 1373 ritur,
591 1307 648 1360 et
683 1302 879 1358 Remis
913 1302 982 1357 ad
1025 1303 1297 1358 Sanctum
1341 1287 1663 1371 Remigium
1715 1301 2019 1372 sepelitur.

389 1392 654 1466 (fol.(ilt.)
697 1391 948 1460 Ilungari
1000 1405 1106 1462 per
1157 1391 1545 1458 Burgundiam
1597 1389 2020 1460 diffunduntur,

391 1481 624 1554 praedis,
657 1479 940 1536 incendiis
971 1484 1027 1534 et
1058 1478 1337 1547 caedibus,
1373 1493 1483 1534 non
1532 1477 1630 1534 diu
1682 1483 1894 1548 tamen,
1931 1477 2027 1532 dc-

391 1568 657 1626 bacchati
677 1585 690 1634 ;
707 1571 1005 1638 comperto
1021 1565 1242 1622 Rodulfi
1260 1566 1420 1636 regis
1435 1565 1707 1636 adventu,
1726 1566 1783 1621 in
1802 1564 2024 1621 Italiam

390 1660 772 1714 transmeant.
821 1655 958 1726 (Cfr.
991 1657 1124 1712 Ser.
1159 1653 1288 1712 abb.
1319 1655 1441 1724 FZ.)
1473 1656 1698 1710 Ilerveo
1747 1653 2025 1724 episcopo

393 1745 732 1815 decedente,
751 1743 1086 1800 Romuudus
1105 1743 1213 1800 sub
1229 1742 1477 1799 Rodulfo
1494 1757 1628 1812 rege
1645 1742 2029 1799 substituitur

395 1834 491 1904 qui
529 1833 916 1890 Colticensem
948 1831 1236 1887 abbatiam
1269 1831 1381 1902 (75)
1413 1831 1742 1901 destruens,
1775 1829 2029 1887 Colticas

394 1927 651 1981 castrum
696 1921 1008 1992 edificavit,
1041 1923 1097 1976 et
1149 1921 1460 1977 Curensem
1511 1919 2030 1990 similiter,'Petrae

395 2017 695 2082 pertusum
727 2009 1038 2080 exstruxit,
1066 2013 1124 2064 et
1159 2009 1293 2065 filiis
1325 2013 1382 2064 et
1418 2007 1695 2064 ﬁlialibus
1728 2008 1853 2064 suis
1885 2009 2030 2064 bona

393 2099 789 2158 aecclesiarum
821 2101 880 2155 et
911 2102 1110 2154 castra
1137 2111 1265 2168 quae
1305 2097 1526 2153 fecerat
1573 2095 1734 2151 dedit
1765 2097 1898 2168 (76).
1931 2098 2033 2155 llic

396 2195 524 2261 post
554 2187 734 2244 multa
767 2185 916 2242 mala
951 2189 1181 2258 patrata
1213 2199 1244 2241 a
1277 2187 1480 2241 sancto
1511 2185 1790 2255 Gregorio
1841 2185 2036 2256 ﬂagel-

394 2277 551 2333 latus
584 2275 830 2332 interiit.

468 2365 588 2436 (fol.
621 2362 752 2434 ὅδ’.)
786 2366 950 2418 Anno
981 2363 1052 2418 ab
1082 2362 1300 2418 incarn.
1334 2362 1493 2417 Dom.
1528 2365 1650 2432 936,
1685 2377 1789 2418 rex
1823 2364 2036 2421 Rodul-

399 2457 491 2512 fus
521 2454 742 2523 absque
771 2449 974 2507 liberis
1002 2449 1357 2520 defungitur,
1379 2464 1507 2506 nam
1532 2451 1858 2510 Ludovicus
1880 2453 2034 2511 ﬁlius

397 2542 542 2612 ejus,
578 2555 749 2612 quem
777 2539 979 2596 habuit
1019 2554 1090 2595 ex
1133 2540 1326 2594 Emma
1377 2539 1597 2610 regina,
1633 2545 1767 2597 ante
1812 2542 2034 2598 obitum

401 2629 587 2702 patris
627 2634 720 2685 est
769 2629 1078 2685 defunctus
1127 2627 1368 2697 (Chron.
1402 2626 1583 2699 Dia).
1625 2629 1841 2700 [FLon.]
1872 2633 2034 2702 Hugo

398 2720 636 2789 Magnus
658 2731 850 2774 comes
873 2721 1035 2773 trans
1057 2730 1215 2772 mare
1237 2717 1418 2772 mittit
1440 2733 1548 2788 pro
1565 2719 1944 2776 accersiendo
1962 2721 2032 2778 ad

401 2808 560 2881 regni
591 2807 812 2879 apicem
861 2806 1150 2863 Ludovico
1197 2806 1386 2862 Caroli
1430 2807 1566 2878 filio,
1605 2822 1773 2878 quem
1807 2824 1912 2864 rex
1942 2809 2036 2864 Al-

399 2901 644 2954 stanuus
675 2894 997 2952 avunculus
1044 2895 1228 2967 ipsius
1275 2900 1518 2968 accepto
1563 2897 1944 2968 jurejurando
2005 2911 2034 2954 a

397 2986 750 3042 Francorum
783 2981 994 3055 legatis
1040 2983 1338 3040 Franciam
1379 2999 1510 3041 cum
1542 2985 1888 3055 quibusdam
1917 2987 2036 3058 cpi-

397 3073 592 3146 scopis
615 3078 673 3130 et
699 3073 830 3130 aliis
853 3072 1126 3130 fidelibus
1147 3072 1272 3129 suis
1286 3072 1506 3142 dirigit.
1527 3073 1627 3130 Cui
1653 3075 1881 3130 obviam
1907 3091 2036 3147 pro-

399 3167 588 3224 fectus
609 3167 698 3220 est
723 3165 886 3232 [Iugo
907 3177 1038 3218 cum
1065 3163 1411 3217 Francorqu
1427 3163 1792 3233 proceribus.
1810 3165 1869 3218 In
1897 3165 2038 3236 ipsis

401 3253 658 3310 littoreis
689 3251 886 3308 arenis
914 3250 1068 3321 apud
1093 3249 1411 3306 Bononiam
1435 3265 1498 3306 se
1521 3249 1606 3305 illi
1639 3252 2031 3325 committunt,

399 3346 461 3399 ut
494 3345 619 3398 erat
655 3339 931 3408 utrinque
950 3341 1202 3409 pactum.
1227 3337 1364 3394 Inde
1391 3338 1725 3396 Laudunum
1752 3340 2041 3402 deductus

399 3446 466 3486 ac
489 3427 672 3498 regali
697 3425 1104 3483 benedictione
1127 3427 1370 3496 ditatus,
1390 3427 1626 3496 ungitur
1649 3432 1704 3484 et
1727 3435 2042 3488 coronatur

405 3519 476 3575 ab
499 3515 744 3572 Artaldo
761 3514 1029 3570 Remensi
1053 3514 1514 3588 archiepiscopo,
1540 3518 1933 3588 praesentibus
1954 3535 2042 3575 rc-

401 3605 501 3676 gni
534 3604 890 3676 primoribus
908 3618 973 3660 ac
997 3603 1291 3676 episcopis
1315 3604 1522 3674 viginti
1540 3608 1600 3661 et
1621 3606 1893 3678 amplius.
1913 3609 2042 3664 Mox

407 3692 799 3763 Burgundiam
831 3693 1068 3762 adeunt,
1102 3697 1160 3748 et
1206 3692 1407 3749 urbem
1454 3693 1838 3763 Linguonum,
1869 3711 2042 3766 quam

405 3785 569 3852 Hugo
586 3781 812 3853 Capito,
830 3781 1010 3837 frater
1022 3782 1178 3852 regis
1195 3781 1442 3852 Rodulﬁ,
1459 3787 1721 3854 ceperat,
1739 3783 2043 3852 obsident;

405 3869 878 3943 fugientibusque
892 3871 1259 3943 custodibus,
1277 3870 1402 3928 sine
1419 3871 1569 3928 bello
1581 3887 1708 3930 eam
1729 3873 1909 3945 recipi
1921 3877 2042 3944 unt,

403 3959 781 4032 acceptisque
813 3959 1119 4017 obsidibus
1157 3961 1229 4016 ab
1261 3961 1554 4032 episcopis
1604 3965 1662 4018 et
1697 3962 2046 4033 primatibus

405 4048 776 4119 Burgundize,
810 4048 1078 4104 Parisius
1108 4049 1376 4105 redeunt.
1423 4051 1588 4120 Hugo
1633 4051 1869 4120 Magnus
1915 4067 2045 4108 cum

404 4139 643 4207 Hugone
676 4135 878 4208 Capito
911 4135 1184 4191 Richardi
1219 4134 1355 4206 filio,
1383 4137 1596 4208 partita
1629 4138 1784 4193 inter
1812 4154 1874 4195 se
1904 4140 2050 4195 Bur-

404 4223 643 4294 gundia,
670 4237 869 4293 pacem
890 4221 1381 4292 faciunt.(0'lzron.
1406 4225 1570 4296 Die.)
1592 4226 1732 4282 Post
1755 4228 2047 4296 llugonem

409 4311 616 4382 Capito
645 4309 1009 4367 Gislebertus
1033 4309 1306 4368 ducatum
1331 4312 1604 4369 obtinuit.
1630 4313 1922 4373 Ludovico
1945 4316 2050 4387 igi-

408 4403 507 4456 tur
541 4397 704 4468 regni
727 4397 1288 4455 administrationem
1311 4414 1431 4456 suaa
1453 4401 1867 4460 dominationis
1885 4419 2048 4461 exer-

2065 3123 2116 3186 C

2134 511 2406 566 Alberico
2435 509 2706 580 patricio.
3009 565 3016 572 ,

2206 603 2368 655 Anno
2401 599 2472 654 ab
2501 599 2612 654 inc.
2650 599 2808 654 Dom.
2842 599 2966 666 937,
3001 594 3326 652 Ludovicus
3355 609 3461 650 rex
3489 596 3562 651 ab
3589 597 3777 665 Hugo-

2134 687 2222 742 nis
2253 702 2312 742 se
2345 685 2756 757 procuratione
2787 687 3038 755 separat.
3075 685 3154 738 Eo
3185 697 3335 738 anno
3361 683 3489 738 caeli
3523 697 3663 754 pars
3693 699 3775 738 ar-

2134 777 2274 832 dere
2305 775 2444 843 visa,
2479 779 2539 829 ct
2571 774 2642 830 ab
2673 774 2874 830 eadem
2918 775 3086 843 parte
3133 773 3536 840 llungarorum
3583 786 3775 842 persc-

2135 863 2340 935 quutio
2373 863 2679 932 insequuta
2705 864 2818 930 est,
2847 875 2957 930 qua
2983 859 3134 916 villae
3167 863 3226 914 et
3255 859 3381 928 agri
3410 857 3772 930 depopulati,

2135 951 2341 1008 domus
2376 951 2748 1020 basiliczeque
2779 949 3178 1018 conflagratae,
3206 948 3571 1018 captivorqu
3598 947 3775 1003 abdu-

2135 1046 2229 1095 cta
2256 1040 2586 1096 multitudo.
2607 1037 3128 1094 Nonnullastamcn
3143 1035 3424 1093 ecclesias
3439 1035 3676 1104 ignibus
3689 1051 3780 1107 ap-

2138 1128 2356 1199 plicitis
2389 1126 2748 1184 succendere
2782 1125 3192 1196 nequiverunt.
3215 1127 3275 1180 In
3307 1123 3562 1180 ecclesia
3593 1125 3774 1180 sancti

2135 1215 2331 1273 Basoli
2362 1230 2494 1272 cum
2535 1215 2766 1286 quidam
2799 1216 3204 1284 lluugarorum
3251 1213 3570 1269 ascendere
3603 1227 3776 1284 super

2139 1305 2324 1360 altare
2355 1305 2546 1360 nitens
2577 1318 2776 1360 arcum
2802 1317 2972 1358 manu
2996 1301 3400 1373 applicuisset,
3425 1316 3637 1360 manus
3659 1301 3779 1371 ejus

2137 1393 2387 1450 adhaesit
2417 1391 2616 1463 lapidi,
2651 1406 2756 1448 nec
2783 1391 3016 1448 omnino
3049 1389 3234 1460 quivit
3263 1389 3456 1458 avelli,
3479 1390 3672 1446 donec
3699 1405 3782 1448 ce-

2142 1481 2286 1538 teris
2302 1497 2502 1536 saxum
2517 1481 2674 1536 circa
2689 1494 2918 1536 manum
2934 1480 3115 1550 ipsam
3133 1477 3532 1535 incidentibus
3555 1484 3776 1550 partem

2142 1569 2323 1641 ipsam
2361 1569 2574 1640 lapidis
2607 1569 2663 1623 in
2695 1569 2948 1624 omnium
2978 1567 3362 1626 admiratione
3399 1567 3670 1638 perferre
3697 1583 3783 1624 co-

2140 1662 2382 1728 geretur
2395 1657 2684 1713 ethnicus.
2705 1656 2946 1722 Quidam
2961 1656 3270 1726 presbyter
3291 1659 3502 1727 captus
3525 1657 3600 1712 ab
3625 1655 3711 1713 eis
3725 1662 3778 1712 et

2142 1745 2401 1803 vinculis
2437 1745 2735 1816 alligatus,
2760 1743 3121 1801 revelatione
3153 1743 3342 1800 divina
3367 1749 3456 1800 est
3481 1743 3778 1801 liberatus.

2145 1834 2250 1900 Qui
2288 1839 2598 1906 postquam
2630 1833 2883 1904 patriam
2913 1833 3264 1902 domumque
3297 1831 3558 1904 repetiit,
3587 1833 3780 1889 retulit

2146 1922 2202 1976 in
2234 1922 2436 1977 eadem
2466 1920 2813 1992 captivitate
2862 1920 3038 1977 fuisse
3083 1919 3424 1976 monachum
3475 1919 3778 1990 quendam,
3835 1951 3842 1957 -

2145 2010 2507 2067 Hucbaldum
2528 2009 2780 2079 nomine,
2799 2007 3430 2078 Orbacensiscmnobii,
3449 2023 3625 2078 quem
3649 2010 3781 2065 mul-

2145 2099 2326 2155 toties
2357 2097 2574 2153 ethnici
2606 2097 2903 2155 trucidare
2935 2095 3266 2166 voluerunt,
3297 2101 3358 2152 et
3399 2111 3639 2154 carnem
3669 2097 3782 2166 ejus

2145 2187 2404 2244 incidere
2433 2201 2546 2244 non
2575 2187 2902 2243 valuerunt.
2929 2185 3151 2242 Nudum
3182 2200 3322 2254 ergo
3346 2199 3480 2241 eum
3503 2186 3562 2242 in
3589 2185 3770 2242 medio

2146 2276 2398 2348 positum
2431 2275 2666 2344 sagittis
2687 2275 3005 2346 appetiere,
3027 2289 3132 2330 nec
3157 2273 3362 2330 saltem
3383 2279 3584 2331 cutem
3600 2275 3783 2332 value-

2148 2367 2284 2420 runt
2303 2377 2594 2434 rumpere.
2621 2362 2978 2419 Resilicbant
3003 2362 3075 2418 ab
3096 2361 3225 2432 ejus
3256 2377 3501 2434 corpore
3529 2363 3778 2434 sagitta,

2150 2453 2312 2522 quasi
2343 2452 2414 2508 ab
2453 2455 2760 2507 adamante
2813 2449 3084 2522 repulsae,
3118 2464 3225 2507 nec
3273 2451 3500 2520 signum
3555 2451 3782 2522 aliquod

2150 2541 2471 2613 apparebat
2501 2541 2558 2596 in
2591 2544 2747 2597 cute.
2785 2539 2988 2596 Gladio
3018 2555 3149 2596 eum
3198 2554 3328 2596 cum
3377 2541 3530 2596 omni
3580 2547 3781 2597 conatu

2149 2630 2258 2688 nisi
2284 2635 2421 2686 sunt
2445 2633 2774 2700 percutere,
2800 2632 2860 2684 et
2881 2627 3256 2686 nihilominus
3279 2643 3417 2685 caro
3442 2629 3781 2686 intemerata

2151 2719 2484 2791 permansit.
2509 2716 2792 2774 Radulfus
2815 2717 3083 2774 Jurensis
3115 2716 3424 2788 Cisalpinae
3456 2717 3661 2775 Gallia:
3693 2733 3782 2773 rex

2148 2807 2334 2873 obiit;
2377 2806 2676 2863 Couradus
2720 2799 3002 2863 s'uccedit.
3058 2807 3221 2874 Hugo
3270 2821 3500 2876 quoque
3549 2806 3781 2863 Roberti

2149 2895 2305 2952 illius
2336 2909 2595 2951 sororem
2629 2894 2895 2964 Othonis,
2921 2893 3077 2964 regis
3098 2893 3352 2951 Heiurici
3389 2893 3588 2965 filiam,
3625 2895 3781 2951 sorti-

2147 2989 2247 3041 tur
2270 2999 2509 3040 uxorem
2543 2983 2786 3054 (C’ltron.
2815 2982 2982 3055 Die.)
3017 2986 3180 3039 Anno
3211 2981 3468 3038 secundo
3503 2983 3782 3050 Ludovici,

2149 3071 2248 3128 ﬁlii
2271 3071 2461 3128 Caroli
2481 3071 2796 3142 Simplicis,
2823 3071 3136 3126 ordinatus
3153 3074 3245 3126 est
3281 3069 3532 3126 domnus
3566 3071 3788 3128 Fulche-

2147 3161 2268 3218 rius
2283 3160 2464 3216 abbas
2485 3159 3066 3230 Flaviniaccnsis,qui
3081 3159 3258 3216 etiam.
3277 3158 3430 3216 rexit
3452 3160 3785 3217 Divioncnse

2150 3248 2483 3319 quindecim
2515 3247 2699 3304 annis.
2737 3247 2891 3317 (Ser.
2929 3247 3057 3304 abb.
3092 3247 3210 3316 FZ.)
3245 3248 3346 3303 Hic
3377 3253 3592 3306 octavo
3645 3262 3776 3305 anno

2151 3337 2452 3407 regiminis
2481 3335 2922 3393 Hierosolimam
2958 3337 3260 3407 profectus
3293 3341 3402 3406 est,
3438 3340 3496 3392 et
3527 3335 3780 3407 reliquiis

2150 3425 2430 3500 pretiosis
2479 3439 2752 3482 reversus
2799 3423 3016 3481 ditavit
3057 3424 3364 3481 ecclesiam
3425 3440 3616 3483 suam.
3649 3423 3782 3481 Obiit

2153 3519 2364 3586 quarto
2391 3513 2678 3571 Kalendas
2706 3513 2856 3583 Maii,
2875 3513 2969 3570 cui
2991 3513 3274 3570 successit
3300 3513 3432 3570 Milo
3467 3515 3784 3584 Magabren-

2155 3605 2262 3675 sis,
2295 3607 2353 3660 et
2387 3601 2756 3676 privilegium
2789 3617 2820 3658 a
2852 3616 2998 3674 papa
3029 3602 3304 3673 optinuit.

2227 3695 2390 3749 Anno
2414 3696 2537 3762 939,
2555 3689 3783 3762 BernuinusVirdunensisepiscopusobiit;

2153 3786 2215 3838 et
2248 3781 2657 3838 Lotharienses
2687 3779 2969 3836 Othonem
3004 3794 3197 3849 regem
3223 3794 3392 3836 suum
3417 3779 3717 3848 deserunt,
3735 3783 3785 3832 et

2157 3870 2448 3928 Ludovico
2481 3883 2545 3925 se
2574 3869 2942 3926 committere
2977 3871 3202 3940 parant,
3237 3868 3332 3938 qui
3381 3883 3486 3926 eos
3539 3871 3783 3940 recipere

2158 3959 2390 4016 distulit
2417 3959 2491 4015 ob
2523 3957 2834 4014 amicitiam
2864 3963 3096 4029 pactam
3129 3957 3282 4012 inter
3309 3971 3374 4014 se
3404 3961 3462 4014 et
3485 3957 3781 4015 Othonem.

2157 4051 2376 4106 lterum
2409 4061 2638 4119 quoque
2669 4061 2946 4118 proceres
2975 4045 3159 4117 regni,
3195 4046 3566 4104 Gislebertus
3596 4047 3709 4104 dux
3735 4048 3784 4100 et

2161 4137 2410 4194 comites
2433 4135 2828 4208 quamplures,
2853 4135 2924 4192 ad
2951 4150 3078 4192 eum
3101 4135 3362 4206 veniunt,
3379 4139 3439 4191 et
3457 4150 3521 4192 se
3545 4135 3630 4191 illi
3653 4147 3784 4192 eom-

2163 4226 2421 4282 mittuut.
2439 4225 2713 4296 Episcopi
2737 4239 2874 4281 vero
2898 4225 3181 4280 Othonem
3207 4237 3322 4280 non
3344 4221 3780 4293 deseruere,qui

2161 4329 2362 4371 eorum
2417 4327 2612 4370 secum
2668 4313 2973 4369 detinebat
3025 4311 3376 4368 obsidatum.
3437 4311 3546 4378 Qui
3606 4313 3782 4369 Rheno

2164 4402 2510 4459 transmisso
2533 4415 2774 4473 regnum
2789 4401 3166 4458 Lothariense
3182 4399 3526 4472 perlustrat,
3543 4403 3783 4457 etincen-

408 4501 542 4544 cere
573 4486 854 4558 cupienti,
875 4486 1111 4543 nimium
1135 4485 1233 4544 illa
1257 4487 1546 4546 laboriosa
1592 4491 1720 4563 fuit,
1748 4496 1864 4548 tam
1907 4492 1992 4549 sui
2015 4507 2046 4549 a
2075 4495 2130 4557 D
2165 4492 2278 4549 diis
2311 4491 2643 4564 przedisque
2669 4490 2931 4562 qumdam
2981 4489 3109 4546 loca
3155 4489 3448 4546 devastat.
3498 4492 3580 4547 Eo
3610 4493 3778 4545 autem

409 4575 690 4633 Tetbaldo
713 4575 1157 4633 Carnotensium
1179 4577 1389 4635 comite
1411 4579 1700 4651 captione,
1724 4595 1892 4650 quam
1918 4585 2046 4653 post

409 4666 573 4736 regni
605 4665 1114 4736 recuperationem
1148 4665 1310 4724 vario
1329 4666 1624 4725 instabilis
1649 4669 1896 4725 fortuna)
1919 4685 2050 4741 pro-

408 4761 604 4813 ventu.
641 4753 862 4826 [Fnom]
893 4754 1167 4811 Heinrico
1213 4754 1397 4826 igitur
1443 4770 1652 4826 magno
1693 4757 2049 4828 imperatore

409 4843 516 4902 sub
529 4843 733 4902 iisdem
753 4843 961 4902 diebus
973 4843 1251 4914 obeunte,
1268 4845 1569 4900 contentio
1585 4845 1738 4902 inter
1757 4845 1909 4903 ﬁlios
1923 4847 2050 4919 ejus

409 4931 480 4986 de
504 4945 683 5001 regno
705 4931 982 5002 agitatur.
1011 4930 1224 4988 Othoni
1247 4935 1438 4989 tamen
1471 4936 1612 4989 natu
1637 4933 1837 5004 majori
1858 4949 2050 4992 rerum

409 5033 630 5075 summa
658 5019 914 5076 obvenit.
949 5019 1070 5090 (fol.
1106 5021 1222 5092 66.)
1251 5021 1509 5078 Iohanne
1527 5037 1759 5093 quoque
1783 5039 1928 5096 papa
1962 5025 2054 5082 Al-

413 5106 597 5162 berici
631 5107 867 5179 patricii
899 5108 1081 5164 fratre
1130 5108 1425 5182 defuncto,
1459 5109 1572 5168 Leo
1602 5111 1645 5167 V
1674 5112 1960 5184 succedit,
1993 5117 2052 5170 et

2159 4585 2325 4638 trans
2373 4581 2634 4636 Rhenum
2681 4593 2970 4649 regresso,
3004 4578 3330 4635 Ludovicus
3380 4578 3779 4635 Virdunensem

2163 4670 2308 4742 petit
2345 4683 2572 4742 pagum,
2599 4673 2658 4724 et
2690 4668 3036 4740 quibusdam
3066 4666 3358 4738 episcopis
3381 4671 3442 4723 et
3460 4665 3783 4739 primatibus

2163 4757 2435 4830 receptis,
2453 4757 2790 4815 revertitur.
2814 4755 3182 4813 Gislebertus
3205 4755 3324 4812 dux
3344 4759 3515 4812 trans
3546 4757 3779 4812 Rhenum

2162 4847 2488 4919 praedatum
2503 4847 2822 4918 profectus,
2841 4845 2976 4901 dum
2999 4845 3338 4915 revertitur,
3357 4844 3782 4916 insequentibus

2163 4951 2227 4992 se
2259 4934 2635 5005 adversariis,
2659 4935 2715 4990 in
2735 4935 2955 4992 Renum
2977 4949 3107 4992 cum
3124 4949 3276 5005 equo
3297 4934 3567 5006 insilivit,
3593 4939 3652 4989 et
3672 4942 3782 4988 ene-

2165 5027 2336 5082 catus
2360 5023 2512 5080 ultra
2535 5023 2780 5094 reperiri
2802 5037 2914 5078 non
2940 5023 3150 5094 potuit.
3167 5022 3452 5078 Relictam
3465 5024 3614 5094 ejus,
3631 5020 3782 5077 Otho-

2167 5113 2254 5172 nis
2283 5113 2440 5185 rcgis
2467 5127 2744 5185 sororem,
2779 5113 3107 5171 Ludovicus
3139 5111 3369 5184 accepit
3399 5127 3658 5170 uxorem.
3692 5110 3780 5164 Du-

1997 5245 2223 5304 NOTAE.

482 5361 596 5430 (75)
629 5359 910 5418 Couches.

485 5430 598 5506 (76)
628 5430 1370 5506 Romundum'episcopum
1421 5435 1704 5506 languore
1753 5437 2054 5494 detentum

412 5501 626 5583 saecula
635 5501 818 5583 ribus,
839 5503 934 5583 qui
962 5501 1130 5583 bona
1145 5501 1493 5583 monasterii
1508 5501 1854 5583 diriperent,
1878 5509 2060 5583 resis-

411 5577 538 5628 tere
569 5586 680 5632 nou
715 5575 983 5644 potuisse
1005 5579 1214 5632 auctor
1235 5579 1326 5634 est
1348 5575 1666 5638 Walterius
1687 5575 1978 5638 Eduéusis
1999 5579 2056 5636 in

2163 5368 2363 5426 tabula
2393 5383 2505 5448 qua
2534 5369 2693 5448 bona
2713 5368 2784 5426 ab
2815 5368 3070 5448 Amadeo
3091 5366 3543 5448 __lj‘la_viniaeensi
3585 5364 3770 5448 abbate

2166 5433 2516 5519 recuperata
2545 5439 3031 5519 confirmatanno
3081 5439 3434 5519 1§_lloberti
3488 5440 3660 5510 regis.
3693 5433 3779 5489 lla-

2170 5509 2372 5568 billou.
2410 5513 2552 5568 Ann.
2589 5509 2826 5581 Bened.,
2862 5511 2898 5566 S
2927 5511 2994 5566 IV
3033 5526 3087 5582 p.
3120 5510 3241 5564 644.
3276 5510 3338 5564 Κ.
