3894 6322
141 297 239 357 181
1407 295 1748 360 CHRONIC

1968 331 2021 343 —
2049 297 2202 359 LIB.
2237 298 2285 359 Ι.

3421 298 3537 360 18⁵2

139 436 332 489 catum
352 431 505 489 Otho
523 430 767 502 accepit.
798 413 949 488 Otho
971 445 1111 488 vero
1133 434 1380 489 cunctos
1399 430 1469 488 ad
1494 445 1557 487 se
1583 431 1777 488 redire
1809 430 1857 492 A
1893 432 2192 489 Remensis
2220 432 2526 505 episcopii,
2562 432 3060 504 conquerentibus
3097 433 3330 491 clericis
3358 440 3534 506 atque

138 520 323 591 coegit
372 520 800 589 Lotliarienses,
833 524 890 576 et
933 520 1200 591 sequenti
1252 535 1401 577 anno
1451 520 1778 576 Conradum

142 609 487 678 Burgundiaa
509 623 705 678 regem
728 607 861 664 dolo
877 608 1057 680 cepit,
1084 608 1461 680 reliquosque
1496 609 1779 681 primates

143 698 247 753 sibi
290 696 639 768 pacificavit.

208 789 368 843 Anno
399 790 521 855 940,
558 786 878 843 indictione
904 786 1405 853 13,intronizatus
1438 791 1528 843 est
1553 787 1608 843 in
1641 801 1783 858 pon-

141 876 357 932 tificatu
392 875 775 931 Virdunensis
818 875 978 931 urbis
1010 875 1065 931 in
1102 875 1369 947 partibus
1413 876 1675 933 Saxoniaa
1710 890 1782 931 cx

142 969 471 1033 magnatum
502 970 670 1020 ortus
707 963 974 1035 prosapia
1008 963 1257 1020 domnus
1292 965 1697 1035 Bercngarius,
1725 969 1781 1020 et

209 1055 414 1109 Factus
446 1050 755 1123 apostolici
788 1066 1029 1109 consors
1061 1056 1119 1108 et
1151 1068 1387 1125 compar
1420 1053 1673 1124 honoris,

211 1140 400 1197 Laude
431 1140 576 1196 cleri
609 1144 667 1196 et
704 1140 900 1212 populi

206 1230 378 1286 Duxit
406 1228 787 1301 apostolicam
820 1229 991 1285 factis
1021 1233 1079 1285 et
1112 1230 1340 1286 nomine
1370 1229 1568 1287 vitam.

138 1321 267 1374 Erat
301 1318 458 1373 enim
490 1332 741 1389 corpore
765 1323 988 1388 castus,
1014 1321 1206 1374 mente
1240 1319 1509 1388 devotus,
1537 1317 1785 1375 affabilis

140 1407 410 1478 alloquio,
443 1407 643 1464 clarus
675 1406 943 1476 consilio,
973 1408 1279 1478 prudentia
1314 1408 1618 1478 praeditus,
1648 1415 1785 1464 tem-

138 1498 398 1568 perentia
431 1495 751 1565 discretus,
781 1496 1005 1552 interna
1034 1496 1377 1553 fortitudine
1412 1498 1631 1566 firmus,
1654 1512 1787 1553 cen-

136 1600 263 1644 sura
292 1586 548 1655 justitiaa
580 1585 832 1657 stabilis,
889 1586 1328 1656 longanimitate
1361 1586 1654 1656 assiduus,
1690 1601 1786 1657 pa-

138 1676 333 1731 tientia
359 1675 670 1745 robustus,
696 1674 1025 1731 humilitate
1051 1679 1412 1745 mansuetus,
1438 1690 1576 1745 erga
1602 1675 1785 1731 delin-

138 1768 378 1835 quentes
403 1780 511 1835 per
533 1763 993 1835 eompassionem
1023 1764 1239 1834 socius,
1266 1779 1369 1835 per
1392 1763 1579 1820 zelum
1612 1764 1782 1821 recti-
1811 1788 1864 1847 Β

135 1853 347 1908 tudinis
377 1858 639 1908 erectus.
676 1851 796 1922 (fol.
824 1851 956 1923 66’.)
990 1852 1322 1923 Apparebat
1351 1852 1405 1907 in
1431 1852 1628 1909 verbis
1652 1853 1780 1922 ejus

138 1940 478 1997 inconcussa
504 1939 720 1995 mentis
736 1943 1065 1996 constantia
1084 1939 1543 2012 resplendebant
1562 1940 1617 1996 in
1641 1939 1781 1997 acti-

136 2030 240 2086 bus
270 2035 326 2084 et
362 2028 633 2085 moribus
674 2028 802 2098 ejus
833 2028 1119 2084 virtutum
1154 2028 1424 2099 insignia,

204 2118 489 2174 Omnibus
522 2117 760 2189 hospitii
796 2116 1127 2188 perlargum
1162 2117 1412 2189 przebuit
1449 2132 1635 2186 usum,

203 2209 373 2263 Nemo
403 2213 500 2263 est
533 2210 839 2277 exceptus,
868 2220 1184 2277 perpessus
1217 2221 1384 2262 nemo
1411 2205 1707 2277 repulsam

137 2294 421 2351 Christum
458 2294 608 2351 totis
635 2294 965 2350 visceribus
1005 2294 1272 2366 diligens,
1307 2299 1364 2350 et
1397 2294 1666 2350 caritatis
1699 2294 1783 2350 in-

137 2388 310 2441 ternae
360 2383 698 2441 visceribus
732 2382 990 2453 afﬂuens,
1027 2398 1132 2454 pro
1167 2383 1523 2455 pauperibus
1554 2398 1783 2455 semper

136 2477 253 2528 erat
283 2472 605 2541 sollicitus,
631 2474 691 2527 et
715 2470 848 2541 quia
883 2472 1035 2527 sicut
1064 2472 1284 2527 Martha
1316 2470 1548 2526 Christo
1580 2485 1783 2542 corpo-

139 2561 270 2619 ralia
290 2561 748 2619 subministrare
772 2560 1073 2630 nequibat,
1093 2560 1148 2615 in
1162 2560 1363 2630 egenis
1380 2559 1542 2635 illum
1567 2560 1783 2617 cotidie

140 2651 451 2707 reficiebat.
492 2651 699 2704 Sermo
728 2649 856 2719 ejus
888 2648 1011 2704 sale
1043 2648 1338 2720 conditus,
1378 2664 1493 2719 quo
1526 2648 1783 2720 pondere

140 2739 321 2795 brevis
333 2742 390 2795 et
409 2753 606 2807 rarus,
625 2752 693 2792 eo
712 2736 982 2808 prudenti
1000 2736 1631 2793 suavitatehabebatur
1653 2751 1785 2808 pre-

139 2828 343 2884 ciosus.
394 2825 699 2895 Diligebat
753 2825 985 2881 sincero
1033 2829 1089 2880 et
1145 2825 1396 2881 unanimi
1450 2824 1785 2882 dilectionis

138 2916 334 2973 affectu
369 2916 535 2973 inter
562 2914 673 2971 alia
708 2915 963 2970 membra
999 2914 1214 2970 Christi
1245 2915 1515 2970 domnum
1548 2913 1787 2971 Fulber-

142 3012 251 3061 tum
285 3008 765 3061 Cameracensem
796 3002 1160 3074 episcopum,
1202 3018 1333 3059 cum
1365 3017 1478 3074 quo
1505 3003 1642 3073 juge
1673 3003 1783 3059 sibi

139 3108 355 3166 semper
378 3093 490 3150 fuit
510 3091 798 3160 studium,
817 3089 1086 3148 veritatis
1108 3090 1479 3147 adversarios
1501 3095 1627 3147 toto
1652 3091 1784 3148 nisu

139 3182 488 3254 impugnare,
521 3181 668 3237 utin
692 3179 1074 3251 sequentibus
1098 3178 1343 3250 quilibet
1365 3183 1557 3251 potest
1582 3180 1787 3237 adver-

139 3277 271 3327 tere.
307 3271 398 3339 (G.
437 3269 610 3328 νίφα.
637 3270 714 3340 2.)
748 3268 874 3324 Fuit
900 3272 1095 3325 autem
1130 3272 1392 3339 tempore
1427 3268 1684 3339 Ottonis,
1712 3269 1783 3325 de

138 3376 242 3432 quo
270 3361 488 3419 dictum
524 3363 621 3416 est
645 3357 797 3430 quod
824 3358 895 3415 ad
920 3357 1277 3429 triumphum
1309 3357 1575 3414 ecclesiae
1605 3359 1786 3430 coepit

138 3450 266 3505 Otto
286 3463 590 3519 crescere,
617 3448 711 3505 cui
731 3446 1018 3504 successit
1044 3445 1339 3505 secundus
1362 3446 1502 3502 Otto
1518 3447 1588 3503 ad
1608 3446 1788 3519 impe-

138 3538 295 3609 rium,
330 3544 393 3595 ut
425 3539 676 3595 ﬂoreret
708 3534 1002 3593 saeculum.

205 3628 413 3699 [ηοω]
450 3630 625 3683 Anno
659 3625 782 3696 ipso
812 3623 1202 3680 ordinationis
1226 3638 1347 3680 suzc
1372 3624 1556 3680 fomes
1579 3624 1788 3694 iniqui-

139 3715 268 3772 tatis
288 3718 451 3786 Hugo
476 3717 723 3784 Magnus
754 3728 884 3770 cum
914 3712 1261 3784 quibusdam
1288 3712 1542 3769 Francia:
1566 3718 1624 3769 et
1650 3715 1791 3770 Bur-

137 3804 359 3872 gundiae
381 3802 690 3875 episcopis
710 3807 766 3859 et
793 3800 1147 3875 primoribus
1169 3801 1332 3872 regni
1358 3802 1666 3858 Remorum
1690 3801 1787 3858 ob-

143 3892 280 3949 sidet
304 3893 508 3951 urbem
526 3911 542 3959 ;
559 3907 674 3963 qua
698 3892 937 3948 obtenta
962 3894 1131 3948 sexto
1147 3890 1474 3947 obsidionis
1499 3889 1592 3946 die
1614 3891 1781 3948 Artal

142 3980 267 4037 dum
281 3983 629 4054 episcopum
646 3996 675 4036 a
691 3980 1105 4051 procuratione
1119 3984 1176 4036 et
1192 3982 1487 4050 potestate
1505 3978 1786 4051 episeopii

137 4066 457 4135 iuramento
473 4085 539 4127 se
560 4068 840 4139 compulit
866 4068 1158 4139 abdicare,
1186 4082 1463 4124 concessa
1483 4068 1534 4124 ei
1554 4067 1785 4123 abbatia

141 4160 313 4214 sancti
337 4159 532 4216 Basoli
558 4162 620 4215 et
645 4162 953 4215 Avennaco
988 4158 1359 4229 monasterio,
1387 4162 1443 4213 et
1467 4158 1553 4214 sic
1582 4156 1787 4214 relicto

144 4246 254 4302 lilio
274 4240 571 4304 lleriberti
596 4248 834 4316 Hugone
852 4246 969 4317 jam
994 4246 1218 4318 pridem
1250 4247 1446 4303 Remis
1468 4247 1538 4303 ad
1562 4246 1787 4318 episeo-

145 4339 328 4406 patum
350 4336 570 4407 electo,
595 4336 669 4393 ad
693 4335 1054 4392 obsidionem
1073 4335 1332 4392 Lauduni
1361 4339 1658 4407 properat.
1686 4337 1789 4392 Lu-

144 4422 336 4480 dovico
367 4441 511 4482 vero
536 4440 568 4482 a
598 4424 927 4493 Burgundia
960 4424 1266 4494 redeunte,
1292 4430 1350 4479 et
1371 4427 1671 4494 assumpto
1701 4437 1789 4480 se-

1818 3140 1866 3202 Ο

1893 520 2188 578 nobilibus
2219 520 2386 578 laieis
2409 521 2506 578 diu
2535 527 2769 593 pastore
2791 520 2989 577 sedem
3014 521 3199 592 ipsam
3220 538 3451 592 vacare,
3475 531 3537 580 e‘.

1894 609 2241 667 definierunt
2259 610 2740 682 quemadmodum
2759 609 3364 682 Artalduscpiscopus
3382 613 3539 683 jura-

1892 703 2076 769 verat,
2112 699 2268 770 quod
2303 713 2613 770 numquam
2640 698 2709 753 de
2738 699 2861 769 ipso
2882 698 3228 770 episcopatu
3262 714 3327 756 se
3358 700 3539 758 intro-

1893 787 2225 858 mittere,ad
2240 788 2423 859 ipsius
2436 787 2921 858 gubernationem
2939 788 3155 844 reverti
3172 803 3282 844 non
3298 788 3535 859 debere,

1890 880 1950 931 et
1974 881 2031 931 ut
2058 877 2222 946 [Iugo
2254 876 2545 932 lleriberti
2582 876 2757 946 filius,
2793 875 2890 947 qui
2922 876 3088 947 prius
3112 878 3184 932 ad
3210 877 3393 948 ipsum
3419 878 3540 950 epi-

1893 966 2196 1032 scopatum
2226 963 2413 1019 fuerat
2435 963 2595 1020 clero
2620 962 2953 1034 populoque
2976 967 3213 1034 petente
3233 969 3534 1036 evocatus,

1893 1049 2268 1107 ordinaretur
2299 1050 2627 1123 episcopus.
2656 1053 2722 1106 Et
2745 1052 2828 1108 sic
2860 1052 3073 1108 Remos
3105 1052 3391 1109 adeuntes
3420 1055 3541 1126 epi-

1896 1138 2056 1208 scopi
2106 1140 2400 1208 Hugonem
2453 1139 2787 1211 pontificem
2837 1145 3209 1198 consecrant.
3266 1143 3538 1200 Canonici

1893 1227 2372 1298 Montisfalconis,
2399 1228 2779 1300 oppressione
2802 1228 2987 1299 ipsius
3009 1229 3392 1287 Virduneusil
3418 1232 3541 1302 epi-

1894 1317 2053 1387 scopi
2076 1320 2138 1372 ut
2156 1318 2499 1373 asserebant
2518 1317 2891 1388 prmgravati,
2911 1319 3239 1375 coenobium
3260 1334 3428 1377 suum
3449 1320 3540 1377 de-

1894 1411 2116 1475 serunt,
2143 1410 2199 1461 et
2223 1406 2419 1462 Remis
2439 1421 2656 1478 corpus
2681 1407 2869 1463 sancti
2902 1407 3151 1464 Baldrici
3184 1410 3412 1480 patroni
3446 1410 3537 1466 sui

1895 1495 2192 1551 deserunt.
2230 1494 2504 1551 Artaldus
2537 1495 2807 1553 omnibus
2831 1496 3081 1567 perditis
3107 1512 3233 1566 quae
3259 1498 3533 1569 habebat,

1895 1582 2049 1638 datis
2093 1583 2477 1639 sacramentis
2518 1583 2740 1654 IIugoni
2787 1584 3064 1655 episcopo
3106 1589 3165 1640 et
3204 1585 3533 1657 lleriberto,

1896 1676 2067 1743 prout
2098 1673 2169 1727 ab
2203 1687 2272 1727 eo
2303 1672 2682 1743 quaesierunt,
2726 1672 3093 1744 redditisque
3128 1674 3239 1730 sibi
3280 1676 3538 1732 abhatiis

1896 1761 2083 1817 sancti
2133 1760 2325 1817 Basoli
2356 1765 2415 1817 et
2445 1764 2754 1818 Avennaco
2797 1777 2926 1818 cum
2980 1762 3118 1819 villa
3168 1763 3533 1835 Vindenissa,

1893 1865 2091 1921 pacem
2127 1849 2259 1905 fecit
2293 1864 2423 1906 cum
2453 1850 2558 1921 eis,
2586 1855 2646 1907 et
2677 1850 2748 1906 ad
2780 1853 3046 1908 sanctum
3080 1852 3346 1911 Basolum
3379 1853 3538 1910 habi-

1897 1941 2127 1993 taturus
2155 1936 2405 1992 devenit.

1962 2027 2083 2081 Non
2119 2024 2301 2082 multo
2334 2031 2490 2097 post,
2525 2041 2674 2083 anno
2706 2026 2777 2082 ab
2810 2026 2920 2083 inc.
2953 2028 3111 2084 Dom.
3147 2031 3271 2099 9&2,
3306 2028 3535 2100 legatus

1894 2114 2167 2186 Stephani
2202 2129 2385 2186 papa),
2413 2116 2644 2171 nomine
2673 2118 2970 2186 Damasus,
2994 2117 3309 2189 episcOpus
3340 2121 3535 2177 Romae

1892 2203 1961 2259 ad
1988 2204 2134 2259 hanc
2156 2204 2507 2273 legationem
2540 2205 2925 2275 peragendam
2958 2204 3284 2276 ordinatus,
3306 2207 3538 2266 litteras

1894 2292 2236 2363 apostolica:
2268 2292 2426 2348 sedis
2447 2292 2646 2349 attulit
2675 2293 3037 2365 principibus
3065 2296 3438 2367 Francorum,
3473 2303 3537 2355 ut

1895 2382 2226 2453 reciperent
2248 2396 2443 2451 regem
2467 2398 2630 2439 suum
2662 2383 3034 2439 Ludovicum.
3066 2383 3187 2453 (fol.
3222 2388 3337 2456 67.)
3370 2387 3536 2453 Quod

1894 2468 1939 2527 si
1974 2469 2388 2542 neglexissent,
2413 2476 2472 2527 et
2492 2486 2623 2527 eum
2656 2472 2907 2543 amplius
2936 2473 3234 2529 hostiliter
3265 2477 3536 2547 persequi

1895 2558 2236 2627 voluissent,
2261 2559 2884 2617 excommunicationis
2906 2560 3316 2622 interminatus
3337 2569 3429 2621 est
3455 2565 3541 2622 ul-

1899 2644 2129 2701 tionem.
2166 2646 2361 2716 Legati
2406 2647 2583 2703 etiam
2632 2647 2937 2704 Remensis
2984 2648 3255 2707 ecclesiae
3300 2653 3539 2708 Romam

1896 2733 2060 2789 missi
2093 2733 2395 2791 redierunt
2426 2734 2626 2790 eadem
2659 2735 3003 2806 referentes,
3031 2742 3095 2793 ut
3121 2745 3255 2794 ante
3290 2740 3539 2796 natalem

1895 2821 2117 2878 Domini
2166 2836 2269 2877 rex
2299 2822 2372 2878 ab
2400 2822 2486 2879 eis
2526 2822 2890 2893 reciperetur
2937 2825 3046 2881 sub
3093 2826 3540 2883 comminatione

1896 2910 2305 2981 anathematis,
2340 2911 2436 2982 qui
2470 2916 2529 2968 et
2560 2911 2797 2982 pallium
2830 2913 3053 2983 Hugoni
3084 2928 3114 2969 a
3139 2915 3277 2972 sede
3309 2921 3542 2987 aposto-

1896 2999 2004 3055 lica
2038 2998 2395 3056 detulerunt.
2426 2999 2751 3057 Ludovicus
2775 3000 2955 3070 igitur
2976 3002 3206 3058 obviam
3237 3004 3539 3074 profectus

1897 3088 2106 3144 Othoni
2129 3088 2272 3158 regi,
2300 3088 2612 3145 amicitiam
2638 3088 2908 3145 firmavit.
2930 3090 3082 3146 Otho
3103 3105 3333 3162 quoque
3353 3095 3541 3163 llugo-

1896 3192 2024 3233 nem
2048 3178 2310 3248 Magnum
2335 3178 2459 3248 regi
2486 3177 2781 3235 conciliat.
2816 3180 2933 3235 Hoc
2955 3194 3104 3235 anno
3127 3180 3373 3237 domnus
3392 3182 3536 3252 Odo,

1896 3265 2250 3323 venerabilis
2284 3266 2599 3323 multorum
2634 3268 3119 3325 monasteriorum
3150 3274 3537 3341 restaurator,

1895 3370 2028 3411 cum
2059 3354 2305 3412 multum
2337 3350 2667 3412 laborasset
2699 3356 2755 3412 in
2786 3357 3182 3430 componenda
3214 3373 3352 3430 pace
3386 3359 3541 3415 inter

1895 3444 2194 3514 Hugonem
2237 3458 2431 3515 regem
2470 3444 2652 3501 Italize
2684 3449 2740 3501 et
2775 3445 3106 3504 Albericum
3149 3448 3540 3505 Romanorum

1900 3533 2231 3605 patricium,
2276 3534 2421 3590 obiit
2464 3534 2725 3604 Turonis,
2771 3534 3156 3607 sepultusque
3188 3540 3275 3593 est
3310 3537 3381 3593 ad
3414 3552 3543 3594 san-

1899 3625 2056 3679 ctum
2089 3623 2416 3693 Martinum,
2441 3627 2501 3680 et
2523 3624 2809 3681 successit
2830 3624 2882 3680 ei
2902 3625 3167 3681 Heimard
3180 3641 3244 3682 us
3267 3625 3354 3682 vir
3375 3642 3543 3684 vene-

1898 3711 2137 3767 randus.
2182 3713 2336 3767 Tunc
2376 3710 2480 3767 fuit
2528 3712 2708 3767 fames
2753 3726 2959 3781 magna
2998 3727 3102 3785 per
3142 3714 3442 3770 Franciam
3482 3719 3541 3771 et

1897 3800 2308 3869 Burgundiam.

1971 3890 2134 3943 Anno
2156 3887 2227 3942 ab
2251 3887 2361 3942 inc.
2389 3887 2547 3940 Dom.
2584 3887 2706 3955 943,
2740 3885 3066 3943 Willelmus
3094 3887 3355 3945 Rollonis
3387 3889 3543 3947 filius

1899 3976 2134 4032 occisus
2180 3978 2291 4045 est,
2335 3980 2393 4029 et
2436 3974 2761 4031 Riehardus
2820 3974 3041 4044 primus
3090 3977 3391 4041 successit.
3443 3980 3540 4049 qui

1898 4063 2306 4121 Normanniam
2353 4061 2505 4118 dono
2548 4061 2701 4132 regis
2732 4061 3005 4120 Ludovici
3055 4064 3326 4122 obtinuit.
3380 4068 3543 4138 ilugo

1896 4154 2135 4222 Magnus
2168 4149 2515 4207 Normannis
2535 4149 2607 4206 ad
2631 4149 3028 4222 paganismum
3054 4153 3268 4208 reverti
3302 4154 3543 4210 volenti-

1900 4242 2010 4298 bus
2067 4238 2469 4310 congreditur,
2505 4244 2565 4295 et
2605 4252 2675 4296 eo
2707 4254 2857 4295 anno
2917 4238 3166 4297 ducatus
3225 4242 3480 4300 Francia:
3510 4257 3541 4298 a

1900 4328 2192 4387 Ludovico
2220 4327 2562 4385 conceditur
2590 4328 2662 4384 ei.
2702 4330 2863 4385 Anno
2900 4330 3167 4401 sequenti
3202 4332 3543 4390 lleribertus

1900 4418 2063 4475 obiit.
2088 4417 2214 4473 Filii
2238 4418 2384 4489 ejus,
2402 4416 2797 4474 mediautibus
2811 4417 3032 4474 Othone
3047 4419 3191 4475 duce
3208 4420 3543 4476 Lotharien-

142 4528 263 4568 cum
295 4514 545 4571 Artaldo
576 4513 878 4585 episcopo,
920 4512 1173 4569 transito
1207 4516 1408 4569 Axona
1444 4512 1617 4570 fluvio
1650 4513 1789 4569 Lau-
1818 4506 1869 4567 D
1900 4507 2047 4563 sium
2081 4511 2140 4561 et
2171 4506 2535 4562 Adalberone
2583 4506 2863 4577 episcopo
2910 4507 3176 4564 Mettensi
3215 4511 3273 4563 et
3306 4510 3542 4578 llugone

144 4599 347 4658 dunum
378 4602 689 4671 tendente,
727 4603 888 4672 [Iugo
920 4616 1049 4658 cum
1075 4602 1197 4658 suis
1221 4602 1429 4659 relicta
1461 4601 1784 4671 obsidione,

146 4688 344 4747 Othoni
395 4692 522 4762 regi
571 4690 800 4746 obviam
845 4690 1315 4762 proficiscuntur,
1352 4696 1413 4747 et
1453 4690 1505 4748 ei
1542 4705 1605 4747 se
1638 4705 1790 4747 com-

147 4777 391 4835 mittunt.
411 4780 521 4846 Qui
542 4778 816 4835 lleinrico
837 4779 1001 4835 fratri
1020 4794 1127 4836 suo
1149 4793 1389 4849 regnum
1414 4778 1786 4835 Lothariense

146 4866 530 4937 committens,
564 4881 696 4923 cum
729 4866 1087 4924 diversarum
1117 4866 1379 4936 gentium
1412 4865 1788 4923 multitudine

147 4952 487 5013 Ludovicum
531 4955 592 5011 in
629 4954 1013 5025 Burgundiam
1066 4954 1536 5027 proﬁciscentem
1590 4968 1791 5025 prose-

148 5041 354 5113 quitur,
388 5044 620 5100 habens
650 5057 844 5100 secum
875 5044 1224 5114 Conradum,
1250 5042 1477 5100 Rodulfi
1511 5043 1668 5113 regis
1696 5044 1791 5098 Ju-

149 5132 331 5187 rensis
382 5132 591 5201 filium,
644 5146 811 5201 quem
863 5132 1079 5189 dudum
1128 5132 1261 5189 dolo
1310 5135 1547 5204 captum
1591 5145 1788 5188 secum

150 5219 456 5291 retinebat,
478 5226 540 5277 et
565 5218 1280 5295 obsidibusaquibusdam
1305 5225 1566 5293 acceptis
1587 5219 1659 5276 ad
1684 5234 1790 5276 sua

153 5308 480 5365 revertitur.

217 5398 371 5452 Anno
427 5397 504 5453 ab
565 5396 677 5451 inc.
740 5397 888 5455 Dom.
950 5400 1052 5460 941
1106 5399 1409 5457 Remensis
1465 5398 1790 5456 diceceseos

152 5482 401 5555 episcopi
434 5482 849 5541 convenientes
869 5489 1023 5563 apud
1051 5488 1429 5545 Suessionem
1453 5487 1511 5543 in
1533 5485 1790 5543 ecclesia

154 5574 477 5629 sanctorum
513 5569 761 5640 Crispini
783 5575 835 5628 et
860 5575 1214 5651 Crispiniani
1248 5566 1506 5635 tractant
1529 5575 1602 5631 de
1625 5578 1785 5633 statu

1903 4594 2072 4665 duce,
2092 4610 2123 4651 a
2148 4594 2436 4651 Ludovico
2465 4594 2847 4666 recipiuntur.
2876 4596 3038 4665 Hugo
3061 4611 3129 4652 eo
3151 4600 3354 4651 tenore
3377 4598 3449 4652 ab
3471 4610 3541 4654 eo

1901 4687 2214 4754 susceptus
2232 4687 2349 4754 est,
2372 4687 2433 4740 ut
2459 4684 2511 4739 ci
2534 4682 2690 4740 aliud
2721 4683 3080 4755 episCOpium
3108 4684 3539 4755 provideretur,

1902 4772 2143 4828 Artaldo
2184 4774 2465 4829 Remense
2503 4770 2869 4828 redderetur.
2921 4771 3191 4827 Posthaec
3242 4772 3392 4827 Otho
3424 4772 3543 4830 dux

1903 4860 2372 4917 Lothariensium
2389 4860 2556 4929 obiit,
2572 4858 2946 4916 etConradus
2968 4857 3238 4915 ducatum
3263 4858 3536 4916 obtinuit.

1972 4950 2135 5005 Anno
2149 4952 2273 5021 946,
2294 4948 2547 5005 Marinus
2569 4961 2715 5020 papa
2739 4946 3087 5011 decessit,et
3107 4946 3387 5018 Agapitus
3414 4964 3544 5006 suc-

1900 5037 2114 5108 cessit;
2146 5052 2295 5094 anno
2326 5041 2517 5094 autem
2546 5035 2849 5109 praeterito
2877 5034 3203 5091 Ludovicus
3234 5037 3542 5094 Remorum

1901 5126 2217 5184 obsederat
2243 5127 2463 5198 urbem,
2490 5129 2546 5182 et
2571 5123 2829 5196 acceptis
2852 5123 3200 5180 obsidibusa
3219 5126 3453 5195 llugone
3473 5127 3543 5183 de

1904 5215 2198 5273 reddenda
2221 5214 2473 5287 ratione,
2489 5214 2559 5272 de
2574 5214 2788 5286 quibus
2803 5213 3290 5284 interrogaretur,
3308 5216 3380 5271 ab
3395 5216 3545 5271 obsi-

1902 5305 2075 5362 dione
2098 5308 2443 5360 recesserat.
2476 5304 2691 5376 [ἢθη]
2718 5302 2855 5359 Inde
2874 5302 3194 5359 Rodomum
3220 5304 3539 5375 profectus,

1902 5394 2038 5450 dolo
2070 5396 2279 5464 captus
2307 5396 2396 5448 est
2419 5407 2451 5448 a
2475 5391 2746 5448 fidelibus
2776 5392 2899 5450 suis
2925 5396 2984 5449 et
3014 5392 3120 5449 sul)
3150 5392 3416 5449 custodia
3450 5393 3545 5447 de-

1904 5486 2122 5541 tentus.
2150 5483 2315 5550 Hugo
2341 5494 2571 5551 quoque
2587 5479 2771 5537 Italiaa
2793 5496 2823 5536 a
2847 5481 2971 5539 suis
2993 5495 3169 5550 regno
3190 5480 3394 5551 pulsus
3419 5485 3542 5544 est;

1878 5573 1883 5585 ‘
1902 5570 1994 5628 cui
2026 5568 2319 5628 successit
2340 5560 2649 5625 Lotharius
2673 5566 2829 5626 filius
2852 5570 2998 5641 ejus,
3033 5567 3253 5638 Ilugoni
3278 5581 3415 5624 vero
3434 5567 3541 5621 Ma-
