3894 6338
355 307 462 370 183

1301 301 1664 366 HUGONIS
1706 300 2060 364 ABBATIS
2103 298 2782 363 FLAVINIACENSIS

3649 295 3782 358 184

347 459 460 516 gno
478 444 548 501 de
563 442 717 511 regis
741 442 1041 517 ereptione
1068 443 1392 515 laborante,
1411 443 1562 504 datis
1585 444 1889 504 obsidibus
1911 442 1993 502 di-
2020 430 2077 498 Α
2109 445 2348 516 Agapeti
2374 459 2543 514 anno,
2570 441 2728 514 regni
2753 441 2906 512 regis
2931 437 3175 500 Othonis
3195 445 3280 513 l3,
3306 437 3588 500 Ludovici
3617 450 3778 510 quo-

353 537 626 605 mittitur,
661 540 716 590 et
752 539 1065 606 susceptus
1098 535 1168 591 ab
1190 551 1258 591 co
1278 535 1575 593 Tetbaudo
1608 537 1992 593 committitur

2107 551 2216 603 que
2255 540 2334 604 l3,
2370 550 2544 591 causa
2579 534 2954 590 maximarum
2999 532 3426 589 dissensionum
3460 532 3626 587 inter
3655 531 3774 588 Lu-

355 625 796 684 Carnotensium
831 625 1049 696 comiti,
1075 632 1133 681 et
1158 631 1291 698 post
1313 641 1520 683 annum
1548 643 1725 693 regno
1757 627 1993 684 restitu-
2015 644 2039 659 -
2105 625 2370 680 doricum
2416 638 2608 694 regem
2637 627 2696 678 et
2725 625 3019 692 llugonem
3061 623 3404 694 principem,
3449 623 3610 678 inter
3655 625 3771 677 Ar-

354 722 468 773 tus.
496 715 892 772 Ludovicuset
911 716 1048 772 Otto
1063 715 1436 786 simuljuncti
1457 717 1759 773 Remorum
1790 719 1990 774 urbem

353 805 656 860 obsidione
678 804 1042 872 circundant,
1069 809 1129 860 et
1152 807 1388 875 llugone
1409 807 1682 876 episcopo
1702 807 1877 862 tertio
1895 808 1994 861 ob-

357 893 604 949 sidionis
619 893 710 948 die
729 909 857 948 cum
884 893 1004 950 suis
1023 909 1282 963 egresso,
1305 895 1596 950 Robertus
1618 896 1992 950 Treverensis

355 989 416 1039 et
449 983 778 1038 Fridericus
827 982 1319 1051 Mogunciacensis
1369 983 1692 1053 Artaldum,
1744 984 1874 1054 quia
1909 985 1993 1040 sic

359 1072 516 1128 sedis
546 1074 813 1128 Romanm
847 1072 1170 1128 auctoritas
1201 1073 1691 1143 promulgaverat,
1720 1073 1772 1128 in
1801 1072 1991 1128 sedem

358 1163 698 1218 restituunt.

434 1253 594 1307 Anno
629 1251 895 1321 sequenti
929 1251 1160 1321 utrique
1191 1266 1360 1317 reges
1395 1251 1573 1322 Aquis
1607 1252 1812 1321 pascha
1846 1254 1994 1308 cele-

362 1340 548 1394 brant.
605 1339 867 1409 Synodus
898 1338 1245 1394 denunciata
1295 1339 1448 1394 circa
1502 1340 1748 1395 medium
1785 1342 1996 1396 mensis

360 1427 700 1484 Novembris
725 1427 1097 1482 Virdnniscst
1126 1426 1342 1497 habita,
1369 1428 1714 1498 przesidente
1740 1430 1994 1484 Roberto

359 1516 680 1572 Trevirensi
711 1533 840 1572 cum
885 1516 1124 1572 Artaldo
1164 1517 1454 1584 Remensi,
1498 1518 1843 1582 Berengario
1877 1517 1996 1572 Vir-

362 1606 629 1674 duncnsi,
670 1605 940 1661 Odalrico
984 1607 1261 1674 Aquensi,
1306 1605 1666 1662 Adalberone
1709 1606 1992 1671 Mettensi,

363 1695 613 1749 Gosleno
628 1693 898 1761 Tullensi,
918 1693 1276 1749 llildebaudo
1292 1695 1764 1762 Transrhenensi,
1784 1694 1995 1750 lsraele

2107 714 2323 770 taldum
2359 728 2589 784 quoque
2630 715 2967 767 Remensem
3010 711 3513 783 archiepiscopum
3545 715 3611 767 et
3643 713 3769 767 Hu-

2103 820 2307 874 goncm
2333 803 2536 859 illicite
2560 803 2942 858 substitutum
2977 803 3334 872 episcopum,
3361 817 3492 872 quae.
3517 805 3767 874 pertur-

2108 895 2384 950 baverant
2418 907 2584 947 omne
2618 907 2856 961 regimm
2888 894 3259 947 Francormn.
3295 891 3380 948 Ad
3411 892 3558 946 hanc
3583 907 3767 961 syno-

2107 981 2238 1038 dum
2288 984 2682 1038 convencrunt
2735 980 2973 1049 triginta
3015 979 3130 1037 duo
3161 980 3420 1052 episcopi
3455 979 3663 1036 Gallia:
3695 986 3767 1036 et

2107 1071 2444 1138 Germanizr,
2479 1087 2626 1139 quos
2659 1069 2891 1138 dignum
2935 1069 3327 1138 judicavimus
3359 1069 3771 1126 subteranno-

2108 1164 2278 1214 tare:
2324 1159 2615 1214 Robcrtus
2657 1159 3038 1226 Trevirensis,
3093 1158 3370 1214 Artaldus
3418 1159 3760 1228 Bernensis,

2107 1249 2248 1305 Fred
2295 1251 2450 1305 ricus
2473 1247 2981 1316 .‘llogonciacensis,
3008 1247 3326 1316 Wigfridus
3351 1246 3760 1316 Coloniensis,

2109 1337 2479 1392 Adaldochus
2518 1335 3083 1404 llammaburgensis,
3130 1334 3513 1391 llildeboldus
3553 1336 3769 1390 Mimo-

2106 1424 2646 1490 garnorverdensis,
2669 1423 3273 1491 Gosleims'l’ullensis,
3300 1422 3590 1477 Adalbero
3615 1423 3766 1478 Met-

2108 1513 2312 1583 tensis,
2349 1513 2732 1580 Berengarius
2764 1512 3164 1576 Virdunensis,
3208 1511 3521 1567 Fulbertus
3553 1511 3770 1566 Came-

2110 1603 2385 1669 racensis,
2411 1601 3122 1664 RodulfusLauduncnsis,
3145 1600 3362 1656 Richoo
3380 1602 3772 1656 Wormacen-

2110 1691 2212 1758 sis,
2249 1691 2624 1746 Reimboldus
2664 1690 2972 1760 Spirensis,
3009 1692 3207 1760 Poppo
3235 1688 3766 1757 Wirsiburgensis,

365 1783 942 1853 Brittonr,pr:esente
964 1783 1453 1838 Brunoncabbate
1469 1784 1645 1837 fratre
1661 1783 1997 1850 regisOtho-
2026 1790 2079 1850 Β
2111 1779 2450 1836 Chonradus
2491 1778 2972 1846 (Ionstantiensis,
3017 1778 3299 1833 Odericus
3342 1778 3765 1845 Auguste-usis,

360 1871 468 1932 nis.
507 1871 801 1939 Agenoldo
823 1876 879 1926 et
914 1869 1176 1934 Odilone,
1207 1887 1334 1927 eum
1369 1871 1499 1926 aliis
1533 1872 1878 1941 quibusdam
1913 1886 2000 1925 ve-

363 1960 720 2015 nerabilibus
751 1959 1079 2016 abbatibus.
1118 1961 1379 2030 Synodus
1408 1966 1598 2015 autem
1632 1960 1753 2016 haec
1786 1962 1858 2016 ob
1889 1962 1997 2014 hoc

361 2047 601 2103 Virduni
625 2048 971 2103 denunciata
997 2049 1123 2118 fuit,
1147 2054 1207 2104 ut
1231 2049 1313 2104 sic
1333 2047 1522 2104 saltim
1545 2048 1852 2103 interesset
1875 2064 2000 2102 con-

362 2137 559 2192 vcntui
584 2137 993 2208 episcoporum
1021 2139 1299 2208 prmfatus
1319 2137 1698 2192 Virdunensis
1720 2138 2000 2204 Berenga-

361 2225 506 2293 rius,
537 2225 704 2293 cujus
735 2230 894 2280 tanta
927 2231 1089 2280 esset
1127 2224 1468 2292 auctoritas,
1504 2228 1564 2280 ut
1595 2224 1888 2294 inprobari
1921 2223 2000 2278 vi-

364 2313 623 2381 deretur,
643 2313 792 2382 quod
809 2315 1131 2370 constantis
1147 2313 1295 2368 simze
1321 2312 1644 2368 nobilitatis
1663 2313 1788 2382 ejus
1805 2317 2001 2367 auten-

367 2401 478 2456 tica
523 2403 837 2471 przesentia
886 2417 998 2456 non
1052 2403 1448 2457 roboraretur.
1506 2401 1588 2457 Ad
1641 2417 1808 2471 quam
1843 2403 2000 2468 llugo

367 2496 644 2545 evocatus
665 2489 941 2546 missisad
959 2505 1087 2546 cum
1105 2489 1503 2545 deduéendum
1519 2489 1816 2560 episcopis
1838 2491 2003 2544 Adal-

367 2577 585 2634 berone
609 2581 666 2633 ct
692 2578 955 2646 Cosleno,
989 2579 1188 2634 venire
1221 2576 1425 2634 noluit.
1453 2579 1730 2634 Universa
1755 2592 1892 2634 vero
1915 2593 2004 2647 sy-

367 2667 554 2723 nodus
589 2667 828 2722 Artaldo
862 2669 1141 2722 Remense
1187 2667 1476 2738 adjudicat
1531 2667 1910 2739 episcopium,
1945 2670 2000 2722 et

372 2756 580 2810 iterum
613 2756 888 2812 indicitur
921 2756 1173 2826 synodus
1207 2757 1404 2812 Idibus
1439 2756 1718 2826 Januarii,
1751 2771 1878 2827 quas
1909 2755 2002 2811 die

370 2849 588 2899 statuta
620 2845 912 2900 cnlebrata
955 2851 1039 2900 est
1077 2845 1129 2900 in
1163 2845 1407 2901 ecclesia
1451 2845 1634 2902 sancti
1675 2845 1833 2900 Petri
1869 2850 2002 2900 ante

368 2939 741 3003 prospectum
765 2933 944 2988 castri
967 2934 1201 2989 Mosomi
1217 2950 1244 2989 a
1263 2935 1470 2989 domno
1492 2933 1746 2988 Roberto
1769 2933 2004 2988 ceteris-

369 3037 478 3090 que
509 3021 870 3078 Trevircnsis
903 3023 1228 3078 direceseos
1257 3021 1547 3092 episcopis
1575 3023 1631 3077 et
1657 3021 1998 3090 quibusdam

2109 1868 2432 1924 Tctbardus
2449 1867 2992 1937 llildinchemensis,
3011 1867 3342 1921 Bernardus
3359 1866 3484 1920 Alfu
3496 1865 3773 1920 rsteden-

2111 1958 2206 2025 sis,
2235 1957 2394 2013 Dudo
2419 1957 2978 2024 Paderbrunnensis,
3006 1958 3074 2010 Pa
3087 1955 3357 2011 rabertus
3374 1955 3763 2024 Tungrcnsis,

2114 2047 2423 2118 Lioptacus
2443 2045 2815 2114 Ribunensis,
2832 2043 3071 2100 Michael
3095 2043 3578 2113 Radisponensis,
3607 2043 3767 2097 Dod-

2111 2135 2185 2191 do
2201 2134 2726 2202 Osneburggmsis,
2743 2133 2943 2189 Everis
2960 2132 3292 2201 Mindensis,
3311 2130 3770 2186 BaldricusTra-

2104 2222 2711 2290 jeetensis,lleroldus
2739 2220 3197 2288 Salebnrgensis,
3227 2219 3581 2275 Adalhertus
3617 2221 3767 2274 Baz-

2112 2311 2358 2378 socnsis,
2404 2311 2798 2365 Starchannus
2841 2309 3204 2377 Eistetensis,
3249 2307 3468 2364 liorath
3516 2307 3768 2363 Sleowi-

2109 2399 2322 2467 censis,
2356 2399 2700 2474 Wiehardus
2747 2397 3102 2466 Basiliensis,
3154 2397 3383 2452 Liefdac
3417 2397 3760 2468 Ripuensis.

2113 2489 2233 2551 (fol.
2270 2492 2382 2558 68.)
2418 2487 2834 2542 Residentibus
2867 2501 3006 2555 ergo
3025 2486 3113 2542 his
3134 2485 3490 2558 praesulibus
3522 2486 3578 2541 in
3613 2501 3770 2557 pra).

2113 2577 2268 2633 dieta
2283 2576 2530 2632 ecclesia
2559 2581 2691 2647 post
2719 2575 3052 2646 praemissas
3077 2574 3614 2646 preeessecundum
3631 2590 3770 2631 con-

2113 2667 2480 2723 suetudinem
2502 2665 2834 2721 celebrandi
2859 2663 3110 2734 concilii,
3131 2669 3190 2720 et
3213 2669 3350 2736 post
3366 2663 3655 2720 lectiones
3679 2680 3770 2721 sa-

2113 2771 2229 2812 crze
2247 2755 2644 2824 auctoritatis,
2669 2755 2950 2824 ingressis
2971 2753 3247 2823 gloriosis
3265 2753 3506 2824 regibus
3529 2754 3765 2810 Othone

2113 2851 2170 2900 et
2208 2845 2496 2901 Ludovico
2526 2847 2583 2899 et
2619 2843 2785 2900 simul
2825 2843 3239 2914 residentibus,
3279 2849 3413 2915 post
3451 2842 3765 2900 allocutio-

2117 2947 2242 2989 nem
2269 2933 2466 2989 Marini
2491 2932 2649 2990 sedis
2673 2931 3010 3004 apostolicae
3036 2932 3232 3002 legati,
3260 2946 3508 3002 surgens
3531 2947 3634 2990 rex
3657 2933 3764 2990 Lu-

2116 3022 2358 3078 dovicus
2389 3037 2419 3076 a
2453 3021 2636 3077 latere
2669 3026 2726 3077 et
2755 3036 3035 3078 consessu
3067 3021 3261 3076 domui
3295 3021 3544 3077 Othonis
3577 3023 3756 3092 regis,

368 3110 684 3166 Remensis.
725 3111 804 3166 Ad
837 3127 1005 3180 quam
1046 3110 1280 3166 veniens
1321 3113 1484 3180 llugo
1530 3109 1713 3164 noluit
1755 3108 1998 3179 ingredi,
2036 3146 2083 3208 Ο
2118 3111 2594 3184 proclamationis
2625 3125 2744 3166 sure
2777 3110 3194 3180 querimoniam
3224 3108 3526 3181 propalam
3558 3125 3759 3166 coram

369 3199 472 3254 sed
495 3199 722 3254 litteras
748 3197 903 3252 misit
923 3199 1031 3254 sub
1057 3198 1284 3253 nomine
1310 3197 1551 3268 Agapeti
1577 3212 1742 3268 papa:
1765 3213 1868 3268 per
1891 3198 2005 3254 cle-

371 3287 554 3342 ricum
602 3301 790 3355 suum,
825 3287 920 3355 qui
954 3301 1054 3342 eas
1086 3288 1260 3342 Roma
1297 3287 1607 3354 detulerat,
1641 3286 1747 3342 hoc
1779 3291 2004 3342 tantum

371 3373 760 3442 continentes,
783 3379 841 3428 ut
864 3373 913 3428 ei
936 3375 1214 3430 Remensc
1250 3373 1596 3429 redderetur
1625 3373 2004 3445 episcopium.

375 3463 390 3520 (
403 3461 498 3516 fol.
519 3460 649 3530 67’.)
675 3463 818 3528 Quia
844 3477 980 3518 vero
1003 3463 1294 3519 Robertus
1310 3463 1690 3532 Trevircnsis,
1710 3462 2008 3518 deferente

373 3549 680 3605 Frederico
697 3551 1154 3620 Mogunciacensi
1179 3567 1372 3607 coram
1398 3551 2011 3622 regibusetepiscopis

375 3635 571 3690 Galliae
587 3641 642 3691 et
657 3637 973 3693 Germaniae
991 3637 1318 3694 mandatum
1341 3639 1647 3709 legationis
1671 3639 2011 3711 apostolicze

376 3727 734 3796 susceperat,
753 3730 1046 3796 etpartem
1066 3726 1468 3798 jussionisjam
1487 3727 1843 3799 expleverat,
1861 3743 2013 3784 cem-

374 3813 528 3870 muni
565 3813 802 3870 decreto
827 3815 1109 3872 sancitum
1135 3821 1222 3872 est
1251 3822 1312 3872 ut
1337 3817 1486 3887 quod
1525 3817 1874 3887 regulariter
1905 3833 2015 3872 coe-

376 3907 536 3972 ptum
572 3903 778 3972 fuerat,
807 3904 1088 3960 canonice
1116 3909 1599 3976 pertractaretur.
1629 3906 1836 3976 Sicque
1868 3905 2014 3962 reci-

375 3995 498 4047 tato
519 3991 778 4062 capitulo
809 3990 872 4046 t9
893 3993 1369 4062 Carthaginensis
1391 3994 1621 4050 concilii
1645 3983 2012 4051 deaccusato

373 4086 433 4137 et
463 4087 826 4149 accusatore,
851 4082 1168 4138 secundum
1197 4083 1380 4154 ipsius
1399 4084 1641 4154 capituli
1665 4085 2012 4142 sententiam

375 4169 680 4224 difﬁnit'zm
707 4173 883 4224 estut
910 4170 1150 4226 Artaldo
1179 4173 1518 4228 Remensem
1555 4179 1786 4228 tenente
1820 4188 2016 4244 parro-

376 4257 565 4312 chiam
594 4257 756 4324 Hugo
780 4271 808 4310 a
832 4258 1236 4314 communione
1266 4265 1326 4315 et
1357 4261 1635 4330 regimine
1667 4261 2010 4332 abstineret,

379 4343 562 4399 donec
586 4343 655 4400 ad
679 4343 1063 4400 universalem
1089 4347 1369 4415 synodum
1393 4347 1660 4406 Kalendis
1683 4350 1925 4420 Augusti
1949 4364 2014 4406 se

380 4437 738 4506 purgaturus
772 4438 1128 4490 occurreret.
1173 4433 1335 4501 Quod
1379 4437 1694 4509 capitulum
1730 4439 1784 4494 in
1810 4439 2014 4496 charta

2118 3201 2310 3270 legato
2327 3199 2662 3270 ceterisque
2687 3197 3132 3256 considentibus
3155 3197 3454 3270 episcopis
3476 3199 3764 3270 referens,

2120 3289 2370 3360 qualiter
2395 3288 2716 3345 accersitus
2739 3289 2859 3344 sita
2877 3288 3283 3344 transmarinis
3303 3287 3642 3358 regionibus
3664 3302 3766 3359 per

2121 3379 2346 3448 legatos
2378 3377 2638 3446 Hugonis
2661 3381 2716 3431 et
2747 3376 3069 3448 principum
3105 3376 3358 3433 Francia;
3383 3377 3456 3433 ad
3479 3377 3769 3449 accipien-

2121 3465 2252 3520 dum
2273 3469 2532 3536 paternae
2552 3463 2916 3520 baereditatis
2940 3479 3200 3534 regnum,
3228 3468 3284 3520 et
3303 3468 3653 3521 cunctorum
3678 3481 3769 3522 vo-

2119 3554 2198 3610 tis
2210 3559 2267 3610 et
2284 3552 2802 3609 acclamationibus
2825 3559 3206 3610 consecratus
3219 3553 3290 3609 ad
3303 3553 3530 3625 apicem
3551 3554 3766 3624 regalis

2122 3641 2533 3699 moderaminis
2553 3641 2952 3709 obtinendum,
2979 3646 3179 3712 postea
3202 3656 3339 3697 vero
3361 3641 3436 3697 sit
3462 3656 3492 3696 a
3520 3645 3766 3714 praefato

2121 3733 2359 3800 Hugone
2401 3729 2552 3786 dolis
2591 3729 2911 3802 appetitus,
2945 3733 3000 3785 et
3036 3730 3516 3802 comprehensus,
3558 3734 3616 3786 et
3661 3747 3766 3804 per

2125 3835 2331 3876 annum
2363 3819 2652 3888 integrum
2687 3819 2792 3874 sub
2823 3817 3091 3874 custodia
3125 3819 3420 3874 detentus.
3447 3820 3528 3874 De
3555 3819 3768 3890 quibus

2123 3909 2393 3965 omnibus
2425 3907 2592 3964 malis
2625 3907 2670 3963 si
2705 3907 2836 3978 quis
2864 3907 3148 3976 objiceret
3179 3906 3334 3977 quod
3365 3907 3454 3964 sui
3493 3908 3769 3966 facinoris

2123 4011 2299 4054 causa
2333 3997 2444 4052 ista
2474 3995 2662 4052 omnia
2695 4009 3006 4068 perpessus
3034 3999 3216 4063 esset,
3243 3994 3374 4050 inde
3399 4009 3460 4052 se
3485 3997 3654 4067 juxta
3681 4012 3769 4068 sy-

2124 4085 2330 4144 nodale
2349 4084 2628 4158 judicium
2643 4084 2872 4154 etregis
2889 4083 3134 4140 Othonis
3159 4083 3611 4155 praeceptionem
3635 4101 3767 4158 pur-

2123 4179 2310 4246 garet,
2332 4178 2432 4230 aut
2449 4172 2766 4230 certamine
2787 4173 3068 4242 singulari
3091 4171 3452 4228 defenderet.
3477 4175 3619 4230 Post
3641 4175 3765 4232 haec

2125 4262 2402 4320 Artaldus
2423 4259 2726 4317 Remensis
2747 4260 2894 4316 dixit
2918 4274 3152 4316 causam
3177 4260 3298 4315 litis
3322 4260 3478 4317 inter
3495 4262 3688 4334 ipsum
3709 4268 3767 4320 et

2125 4354 2418 4421 Hugonem
2443 4349 2646 4406 illicite
2670 4347 2778 4405 sibi
2801 4348 3187 4405 substitutum
3209 4349 3575 4422 episc0pum.
3613 4352 3767 4421 inge-

2127 4445 2256 4497 stus
2276 4440 2471 4510 itaque
2495 4438 2726 4510 quidam
2747 4437 3006 4508 Ilugonis
3023 4435 3274 4494 clericus
3286 4437 3491 4494 attulit
3517 4438 3764 4509 litteras,

377 4521 760 4594 descriptum,
786 4525 844 4578 et
868 4523 918 4578 ci
946 4523 1183 4580 missum
1215 4530 1328 4596 est,
1353 4525 1623 4595 adjuncta
1656 4527 2009 4584 definitione.
2043 4517 2098 4578 D
2127 4543 2397 4586 asserens
2445 4527 2554 4584 sibi
2587 4541 2686 4582 eas
2715 4525 2883 4580 datas
2913 4525 2985 4580 ab
3015 4525 3144 4596 ipso
3187 4525 3410 4582 vicario
3459 4527 3678 4597 Romae,
3713 4541 3766 4582 in

378 4613 556 4680 Quam
589 4615 820 4684 postera
855 4612 948 4668 die
979 4613 1474 4687 retransmittens,
1511 4616 1801 4673 mandavit
1831 4631 1889 4672 se
1921 4630 2016 4671 ne-

376 4716 663 4773 quaquam
705 4701 1099 4758 obediturum.
1144 4703 1374 4760 Interea
1418 4704 1895 4776 proclamationis
1925 4704 2017 4759 lit-

375 4794 520 4846 terze
551 4805 582 4846 a
615 4791 824 4847 domno
855 4790 1098 4848 Artaldo
1127 4792 1459 4862 diriguntur
1494 4793 1562 4849 ad
1595 4794 1788 4850 sedem
1817 4794 2018 4848 Roma-

374 4893 524 4934 nam.
561 4881 816 4936 Domnus
846 4879 1024 4950 igitur
1056 4881 1339 4952 Agapitus
1370 4897 1512 4956 papa
1538 4882 1818 4938 vicarium
1852 4895 2016 4936 suum

377 4967 654 5022 Marinum
683 4968 1020 5040 episcopum
1049 4970 1229 5025 mittit
1254 4971 1326 5026 ad
1351 4971 1632 5026 Othonem
1663 4984 1857 5040 regem
1892 4983 2020 5040 pro-

380 5057 512 5124 pter
559 5056 983 5124 aggregandam
1037 5057 1369 5126 generalem
1429 5057 1732 5128 synodum.
1785 5057 2018 5112 Littera

382 5155 614 5210 quoque
664 5142 852 5212 ipsius
901 5145 1205 5215 speciatim
1256 5146 1448 5202 missae
1491 5150 1626 5202 sunt
1675 5145 2020 5217 quibusdam

381 5227 584 5284 Galliae
614 5232 674 5284 et
715 5230 1034 5297 Germaniae
1071 5233 1384 5305 episcopis,
1426 5238 1488 5290 ut
1529 5234 1907 5291 convenirent
1949 5236 2018 5292 ad

378 5317 620 5374 eandem
651 5318 952 5387 synodum.
1461 5333 1468 5341 υ

450 5407 778 5476 Aggregata
799 5409 1049 5477 estergo
1073 5410 1352 5480 praedicta
1386 5412 1638 5482 synodus
1668 5412 1722 5468 in
1758 5412 2023 5482 Engilen-

379 5492 530 5548 heim
553 5491 772 5564 palatio
795 5493 974 5563 regali
993 5494 1044 5548 in
1059 5496 1308 5553 ecclesia
1334 5498 1520 5553 sancti
1547 5499 2022 5571 Remigii,7ldus

375 5581 550 5651 Junii,
585 5595 634 5636 a.
681 5583 804 5650 948,
855 5581 1172 5640 indictione
1203 5588 1258 5655 6,
1300 5585 1480 5640 tertio
1531 5591 1780 5658 papatus
1828 5587 2021 5643 domni

2129 4618 2342 4689 quibus
2373 4616 2656 4689 scriptum
2680 4620 2807 4670 erat
2831 4612 2985 4684 quod
3006 4613 3202 4670 cuncti
3232 4614 3539 4672 Remensis
3561 4615 3766 4672 dicace-

2129 4721 2262 4764 seos
2283 4704 2542 4777 episcopi
2563 4719 2668 4776 pro
2687 4702 3122 4760 restauratione
3142 4703 3404 4772 Hugonis
3420 4703 3658 4761 easdem
3679 4705 3766 4760 lit-

2129 4799 2288 4852 teras
2317 4795 2510 4850 Romze
2549 4791 2905 4848 direxerant.
2943 4790 3102 4857 Quod
3139 4806 3271 4846 mox
3303 4792 3638 4849 refutarunt
3669 4795 3767 4849 Ar-

2129 4883 2324 4940 taldus
2355 4881 2657 4938 Remensis
2685 4884 2740 4936 et
2775 4879 3086 4936 Fulbertus
3105 4880 3548 4937 Cameracensis
3577 4885 3635 4938 et
3666 4881 3768 4937 Ro-

2130 4972 2346 5040 dulfus,
2365 4970 2460 5042 qui
2478 4971 2532 5026 in
2547 4968 2764 5025 eisdem
2781 4967 3000 5024 litteris
3016 4953 3495 5039 nominabantur,
3510 4974 3768 5026 astruen-

2130 5063 2221 5114 tes
2245 5055 2398 5128 quod
2415 5070 2514 5112 eas
2536 5068 2825 5125 nunquam
2850 5057 3015 5110 antea
3037 5052 3457 5108 audieruntvel
3478 5052 3767 5124 viderunt,

2131 5159 2316 5216 neque
2341 5145 2397 5200 in
2417 5158 2615 5200 earum
2645 5142 3011 5212 delegatione
3045 5155 3347 5198 assensum
3370 5143 3766 5212 praabuerunt.

2130 5236 2445 5306 Postquam
2465 5246 2606 5302 ergo
2625 5231 2856 5288 delator
2873 5230 3024 5286 idem
3045 5228 3277 5301 publice
3298 5231 3648 5288 confutatus
3664 5235 3770 5300 est,

2133 5321 2449 5378 secundum
2468 5319 2748 5392 judicium
2768 5332 3052 5375 canonum
3077 5317 3424 5374 diaconatus
3442 5333 3560 5389 quo
3585 5320 3771 5389 funge-

2133 5411 2308 5467 batur
2337 5409 2524 5466 ofllcio
2557 5407 2858 5476 multatus,
2887 5421 2915 5462 a
2941 5419 3221 5462 consessu
3255 5406 3462 5477 synodi
3497 5407 3772 5465 abscessit

2133 5497 2503 5570 reprobatus.
2527 5494 2768 5551 Artaldo
2795 5494 2974 5565 igitur
2994 5493 3232 5567 praesuli
3251 5493 3538 5552 Remense
3559 5495 3772 5566 episco-

2135 5587 2290 5660 pium
2329 5583 2722 5655 adjudicatum
2753 5587 2845 5640 est
2869 5584 3039 5654 juxta
3077 5591 3363 5639 canonum
3407 5583 3673 5640 instituta
3712 5587 3766 5638 et
