3894 6324
86 328 194 392 185

1345 329 1842 396 ΟΗΗΟΝΙΟΟΝ.
1878 366 1953 377 -
1989 330 2137 394 LIB.
2182 332 2224 395 l.

3385 324 3498 391 186

79 467 423 525 sanctorum
458 470 691 541 patrum
726 464 983 526 decreta.
1025 465 1284 527 Secunda
1330 467 1614 529 sessionis
1646 469 1739 531 die
1770 468 1825 532 A
1865 472 2140 532 mundum
2163 487 2277 532 non
2300 486 2429 533 esse
2455 489 2599 542 :non
2625 473 2867 535 timebat
2892 480 3233 550 egestatem,
3258 476 3392 551 quia
3413 473 3500 535 ni-

81 558 472 627 suggestione
505 558 745 613 Roberti
777 557 1134 615 Trevircnsis
1168 564 1224 614 et
1261 561 1591 629 Berengarii
1618 563 1741 617 Vir-

83 644 368 702 dnnensis
395 646 451 701 in
476 648 770 715 Hngonem
794 648 1097 703 Remensis
1122 650 1279 703 sedis
1305 650 1631 705 invasorcm
1651 667 1741 721 sy-

82 733 291 788 nodale
313 738 624 804 peractum
650 735 1061 804 estjudicium.
1092 738 1226 791 Nam
1262 738 1581 794 secundum
1613 754 1742 794 san-

83 826 305 877 ctorum
341 821 618 879 instituta
651 838 956 895 canonum,
993 826 1229 881 decreta
1265 831 1494 897 patrum
1545 828 1741 883 beato-

87 926 206 966 rum
240 911 410 981 Sixti,
436 912 777 983 Alexandri,
804 915 1144 982 Innocentii,
1170 916 1404 986 Zosimi,
1438 917 1737 987 Bonifacii,

86 999 397 1069 Caelestini,
430 1001 660 1070 Leonis,
685 1002 1005 1071 Symmachi
1040 1006 1096 1056 ct
1129 1008 1478 1060 czctcrorum
1511 1020 1742 1060 excom-

86 1088 533 1143 municaverunt
568 1094 629 1144 et
664 1104 692 1144 a
726 1091 949 1159 gremio
981 1092 1185 1146 matris
1213 1092 1479 1148 ecclesia)
1514 1094 1742 1163 repule-

85 1181 216 1230 runt
239 1178 613 1245 eum,donec
644 1178 714 1233 ad
744 1178 1146 1249 paenitentiam
1180 1184 1236 1233 et
1263 1180 1491 1248 dignam
1514 1182 1742 1237 veniret

85 1266 568 1321 satisfactionem.
596 1267 839 1323 C:‘eteris
862 1267 1069 1323 diebus
1093 1268 1294 1337 synodi
1320 1273 1635 1325 tractatum
1652 1276 1742 1326 est

86 1353 152 1408 de
173 1353 419 1409 incestis
431 1354 730 1424 conjugiis
744 1359 798 1410 et
815 1354 1084 1410 ccclesiis
1099 1372 1226 1425 qua)
1242 1357 1552 1427 dabantur,
1570 1357 1741 1413 immo

88 1441 490 1499 vendebantur
526 1444 891 1514 presbyteris
925 1444 979 1498 in
1014 1444 1281 1515 partibus
1306 1447 1645 1515 Germania),
1682 1452 1743 1502 et

89 1530 375 1586 dabantur
406 1532 584 1587 laicis
617 1532 841 1600 illicito,
878 1539 936 1587 et
968 1533 1326 1603 prohibitum
1358 1549 1421 1589 ac
1454 1540 1738 1591 statutum

86 1634 151 1673 nc
181 1619 234 1675 id
268 1621 509 1676 omnino
554 1624 1007 1691 prmsumorctur
1044 1621 1114 1675 ab
1156 1621 1369 1691 aliquo.
1405 1625 1738 1679 Tractatum

86 1711 172 1761 est
204 1714 260 1763 et
297 1709 370 1764 de
399 1709 540 1765 aliis
575 1709 775 1764 multis
808 1709 1073 1765 ecclesia!
1114 1710 1490 1767 utilitatibus.

156 1797 378 1853 Interea
415 1813 524 1853 rex
561 1798 712 1852 Otho
744 1803 984 1867 rogatus
1023 1813 1051 1853 a
1087 1799 1380 1855 Ludovico
1414 1800 1739 1856 Conradum
1774 1838 1825 1897 Β

85 1883 283 1941 ducem
315 1902 450 1943 eum
484 1887 975 1943 Lothariensibus
996 1887 1047 1942 in
1073 1902 1200 1956 ejus
1228 1889 1407 1943 mittit
1432 1889 1741 1955 auxilium,

89 1978 140 2027 et
172 1974 302 2031 dum
336 1980 743 2045 congregatur
791 1976 1107 2044 exercitus,
1140 1976 1419 2033 Artaldus
1481 1982 1745 2033 moratur

88 2076 207 2117 eum
227 2065 604 2135 Trevirense,
625 2079 725 2119 rex
750 2064 1080 2120 Ludovicus
1107 2080 1237 2121 cum
1264 2065 1429 2135 duce,
1458 2066 1747 2122 Rodnlfus

90 2151 483 2208 Laudunensis
506 2167 645 2208 cum
679 2152 970 2208 Alberone
1003 2153 1295 2209 Mettensi.
1322 2155 1627 2210 Exercitus
1653 2155 1749 2207 I.o..

92 2241 459 2299 thariensium
512 2243 831 2297 Mosomum
880 2242 1059 2312 capit,
1094 2247 1151 2297 et
1190 2242 1566 2299 munitionem
1619 2258 1748 2313 qum

89 2328 292 2386 dicitur
321 2333 486 2386 Mons
538 2333 753 2386 acutus
786 2334 924 2385 ante
964 2331 1298 2386 Laudunum
1349 2332 1528 2402 capit.
1565 2333 1748 2387 Porro

92 2420 331 2493 episcopi
351 2420 778 2476 Lotharienses
801 2420 1139 2476 Laudunum
1164 2420 1430 2490 veniunt,
1451 2423 1745 2489 Hugonem

95 2522 160 2563 ex
192 2515 351 2579 parte
382 2508 600 2565 Marini
632 2514 860 2576 vocant,
889 2514 946 2563 et
972 2508 1056 2563 sic
1082 2509 1152 2564 ad
1187 2522 1287 2565 sua
1324 2508 1590 2565 redeunt.
1621 2510 1740 2575 (fol.

96 2595 214 2668 68’.)
230 2599 389 2667 Hugo
411 2612 565 2653 vero
588 2596 863 2667 princeps
887 2596 1314 2653 Snessionicam
1341 2598 1539 2653 urbem
1563 2613 1747 2669 oppu-

98 2691 243 2755 gnat,
268 2690 515 2741 matrem
549 2684 854 2740 ecclesiam
873 2701 1001 2740 cum
1031 2689 1194 2755 parte
1220 2684 1480 2741 civitatis
1508 2699 1747 2741 succen-

105 2774 268 2844 dit,in
289 2773 576 2830 Remensi
602 2773 901 2829 territorio
925 2773 1095 2829 villas
1117 2788 1243 2829 cum
1268 2774 1596 2830 hominibus
1620 2788 1746 2830 suc-

109 2862 308 2932 cendit,
332 2866 387 2918 et
416 2861 612 2918 multa
648 2862 794 2917 mala
827 2862 965 2931 agit.
991 2864 1101 2917 Pro
1127 2862 1340 2932 quibus
1364 2868 1421 2916 et
1446 2861 1577 2917 aliis
1605 2861 1747 2917 mul-

100 2950 187 3021 tis,
204 2956 261 3006 et
283 2952 417 3022 quia
434 2954 693 3008 vocatus
706 2951 774 3005 ad
800 2950 1111 3007 concilium
1140 2950 1336 3006 venire
1358 2950 1565 3019 noluit,
1583 2965 1612 3005 a
1637 2951 1745 3005 Ma-

106 3039 221 3094 rino
238 3045 293 3095 et
316 3039 449 3096 aliis
470 3039 779 3112 episcopis
801 3039 1055 3094 Francize
1074 3042 1130 3094 et
1146 3040 1404 3094 Roberto
1416 3039 1743 3095 Trevirensi

106 3130 356 3198 sequenti
402 3128 635 3199 synodo
673 3128 1207 3184 excommunicatur
1249 3127 1401 3198 apud
1452 3127 1740 3183 Treviros.

1855 563 1972 619 chil
2002 563 2248 635 sapienti
2281 564 2485 621 deesse
2517 566 2759 635 sciebat,
2795 570 2851 623 et
2892 567 2985 623 eui
3034 572 3199 624 totus
3244 565 3494 624 mundus

1855 651 2017 707 locus
2046 652 2123 708 sit
2146 653 2498 711 divitiarum.
2528 655 2822 711 Laudabat
2854 656 3042 712 virum
3077 657 3171 727 qui
3206 671 3347 713 auro
3380 670 3498 711 mo—

1855 740 1974 794 veri
2010 742 2284 811 nesciret,
2311 746 2707 813 contemptum
2733 744 2978 799 haberet
3011 744 3365 807 divitiarum.
3396 744 3492 815 qui

1852 827 2016 883 velut
2037 843 2108 883 cx
2131 844 2262 885 arce
2287 830 2530 899 quadam
2555 832 2882 903 despiceret
2902 833 3192 889 hominum
3208 832 3496 904 cupidita-

1853 920 1964 985 tes,
1992 922 2052 972 et
2080 933 2207 973 cum
2236 920 2515 989 propheta
2542 920 2595 974 in
2624 919 2891 976 laudibus
2911 921 3065 978 illius
3088 921 3449 977 exclamabat
3478 940 3489 975 :

1858 1004 2003 1069 Quis
2024 1005 2126 1061 est.
2156 1005 2441 1077 inquiens,
2467 1009 2525 1063 et
2551 1008 2929 1066 laudabimus
2955 1018 3123 1067 eum?
3142 1008 3310 1066 Fecit
3336 1011 3495 1067 enim

1849 1093 2164 1150 mirabilia
2188 1095 2256 1149 in
2280 1096 2407 1151 cita
2428 1110 2539 1153 sua
2569 1098 2759 1159 (Eccli
2790 1114 2940 1163 xxxr,
2968 1103 3043 1163 9).
3063 1090 3489 1153 'Admirandum

1854 1180 2084 1237 dicebat
2117 1183 2211 1253 qui
2247 1184 2482 1240 divitias
2508 1191 2832 1257 sperneret,
2858 1201 3004 1257 quas
3030 1186 3295 1257 plerique
3320 1184 3497 1242 saluti

1854 1271 2103 1341 proprize
2126 1272 2531 1341 praetulerunt.
2552 1274 2887 1330 Declinabat
2909 1275 3235 1344 avaritiam,
3260 1279 3322 1330 et
3340 1273 3494 1330 omni

1854 1358 2048 1415 studio
2067 1360 2406 1416 intendebat
2420 1377 2489 1417 ne
2505 1362 2642 1431 quid
2659 1364 2873 1419 faceret
2889 1362 3491 1433 adversusjustitiam,

1854 1447 1954 1502 sed
1982 1447 2035 1501 in
2062 1449 2330 1504 omnibus
2354 1451 2629 1520 operibus
2649 1452 2976 1507 custodiret
2999 1466 3144 1508 eam.
3162 1451 3498 1521 Redargue-
3571 1486 3578 1493 ~

1856 1534 1955 1589 bat
1986 1534 2411 1606 delinquentes,
2440 1539 2657 1595 nullius
2684 1540 2736 1594 in
2766 1540 2988 1609 judicio
3021 1555 3329 1613 personam
3352 1540 3498 1595 acci-

1855 1623 2071 1693 piebat,
2098 1625 2283 1703 gratia
2310 1626 2533 1697 aberat,
2556 1642 2863 1685 causarum
2889 1629 3098 1684 merita
3118 1627 3497 1694 decernebat,

1854 1712 2260 1779 gravissimum
2288 1713 2558 1782 judicans
2618 1732 2927 1787 pauperem
2986 1718 3351 1773 innocentem
3408 1730 3497 1771 ar-

1856 1813 2054 1869 guere,
2083 1800 2318 1857 divitem
2350 1816 2630 1859 excusare
2663 1820 2823 1861 reum
2857 1805 3063 1876 culpa}.
3085 1808 3143 1860 In
3168 1818 3341 1861 causa
3373 1803 3493 1872 Dei,

1858 1888 1955 1942 ubi
1989 1890 2410 1946 communionis
2444 1892 2765 1961 periculum
2808 1898 3068 1961 noverat,
3104 1893 3278 1949 etiam
3329 1891 3497 1947 dissi-

1859 1975 2079 2031 mulare
2112 1984 2414 2048 peccatum
2447 1979 2679 2036 dicebat
2709 1995 2819 2036 non
2851 1980 2974 2037 leve
3002 1998 3016 2047 ;
3049 1978 3492 2036 commendabat

1860 2065 2012 2119 omni
2034 2066 2345 2123 sedulitate
2367 2068 2854 2127 existimationem
2879 2083 3060 2138 suam,
3078 2072 3142 2125 ut
3160 2068 3499 2123 obstruere-

1862 2157 1957 2209 tur
1978 2169 2043 2209 os
2074 2157 2325 2210 omnium
2352 2156 2543 2225 iniqua
2570 2156 2725 2226 loqui
2744 2155 3082 2212 volentium.
3110 2154 3498 2225 Spectabatur

1859 2242 1932 2296 ab
1955 2242 2220 2298 omnibus
2236 2243 2618 2299 admiratione
2633 2240 3495 2315 sapientiaeetamorejustitiee,

1861 2329 2225 2400 prudentiam
2253 2332 2471 2387 habens
2494 2333 2657 2388 vocis
2681 2332 3015 2388 testimonio
3040 2346 3170 2386 reos
3193 2330 3498 2386 confutare

1858 2425 1917 2473 et
1948 2419 2314 2489 convincere,
2333 2420 2621 2490 justitiam
2656 2435 2883 2491 quoque
2910 2423 3187 2476 nocentes
3212 2417 3500 2489 supplicio

1858 2508 2017 2576 dare,
2056 2508 2398 2564 innocentes
2432 2509 2779 2566 subducere.
2809 2509 2891 2565 Ad
2914 2509 3102 2564 omnia
3124 2505 3498 2563 habundabat

1858 2596 2029 2651 animi
2064 2596 2191 2665 ejus
2222 2584 2444 2653 directa
2470 2597 2833 2668 simplicitas,
2859 2598 3132 2653 vincebat
3154 2596 3209 2651 in
3232 2594 3501 2651 omnibus

1857 2686 2136 2755 operibus
2167 2685 2293 2754 ejus
2324 2686 2638 2741 utilitatem
2671 2686 2966 2754 honestas,
2990 2700 3103 2740 non
3134 2684 3500 2739 honestatem

1859 2773 2101 2830 utilitas.
2122 2773 2306 2830 Nichil
2333 2773 2386 2828 in
2410 2788 2479 2829 eo
2504 2777 2629 2829 arte
2650 2772 3120 2841 elicitum,nichil
3146 2776 3275 2827 erat
3298 2770 3500 2828 fraude

1856 2862 2264 2932 compositum,
2318 2861 2470 2931 quod
2519 2865 2746 2918 careret
2794 2859 3001 2916 merito
3077 2858 3493 2930 simplicitatis.

1858 2949 1978 3017 (fol.
2013 2953 2127 3021 69.)
2160 2951 2439 3006 Servabat
2474 2964 2643 3020 quam
2694 2949 2935 3005 maxime
2985 2946 3336 3004 naturaliter
3362 2944 3500 3002 insi-

1854 3042 1972 3094 tam
2006 3038 2117 3094 sibi
2150 3038 2406 3109 regulam
2434 3038 2681 3109 justitiaa
2704 3052 2815 3093 non
2840 3036 3135 3093 declinare
3154 3050 3185 3090 a
3206 3049 3366 3104 vero,
3389 3047 3494 3089 vas

1857 3142 2024 3184 suum
2041 3127 2095 3182 in
2114 3127 2429 3183 sanctitate
2448 3126 3135 3199 possidere,honestatem
3150 3121 3495 3195 opibus,.ho-

107 3192 453 3275 Casteroruni
459 3233 610 3274 vero
624 3216 1034 3288 episcoporum
1060 3192 1522 3272 Lothariensium
1537 3220 1593 3272 et
1611 3218 1747 3271 Ger-
1774 3192 1823 3254 Ο
1857 3216 2121 3285 noribus,
2139 3192 2526 3285 dignitatibus
2548 3192 2859 3286 praeferre;
2885 3212 3061 3269 nichil
3084 3213 3140 3267 in
3164 3192 3225 3268 se
3247 3224 3377 3267 esse
3404 3223 3498 3281 pa-

107 3319 383 3364 manorum
414 3306 626 3363 nullus
658 3306 737 3360 ibi
761 3306 944 3361 affuit.
972 3305 1195 3371 Quibus
1217 3305 1472 3376 expletis
1492 3304 1745 3361 Marinus

104 3394 249 3451 vadit
279 3395 591 3452 Saxoniam
626 3392 698 3449 ad
732 3394 1234 3450 consecrationem
1287 3392 1600 3448 Vuldensis
1630 3408 1747 3449 mo-

105 3485 352 3555 nasterii,
386 3486 444 3540 et
491 3484 580 3541 sic
617 3484 851 3538 Romam
903 3483 1242 3538 revertitur.

170 3575 322 3628 Anno
344 3570 627 3643 sequenti
652 3570 904 3625 domnus
929 3572 1223 3641 Agapetus
1246 3583 1392 3640 papa
1405 3570 1746 3625 Romaacon-

107 3658 285 3716 cilium
317 3660 544 3729 habuit,
580 3659 640 3713 in
675 3673 785 3728 quo
816 3658 1180 3714 confirmavit
1210 3672 1272 3714 ea
1319 3672 1446 3727 quae
1495 3658 1550 3713 in
1602 3672 1747 3729 prae-

110 3748 213 3804 fata
243 3750 462 3820 synodo
496 3754 635 3806 acta
670 3751 825 3804 sunt.
851 3747 1068 3819 [Face]
1092 3749 1234 3802 Post
1265 3747 1386 3803 haec
1416 3746 1746 3804 Ludovicus

109 3841 157 3890 et
184 3838 338 3907 Hugo
364 3841 664 3908 pacantur
707 3836 777 3890 ad
825 3835 1093 3899 invicem,
1128 3834 1519 3891 mediantibus
1570 3838 1745 3905 atque

112 3926 414 3995 sequestris
440 3927 558 3981 Con
573 3923 718 3980 rado
732 3924 898 3991 duce,
918 3925 1152 3992 Hugone
1166 3923 1360 3993 Nigro,
1381 3923 1745 3979 Adalberone

112 4017 163 4066 et
184 4014 451 4069 Fulberto
475 4011 805 4085 episcopis.
824 4011 974 4066 Otho
999 4025 1230 4081 quoque
1253 4027 1356 4066 rex
1379 4011 1665 4068 Wenedos
1686 4015 1743 4067 et

113 4101 394 4172 Iluugaros
412 4102 525 4159 sibi
560 4100 783 4157 subdit.
815 4099 1196 4169 Berengarius
1219 4099 1451 4168 quidam
1473 4100 1745 4171 princeps

114 4189 297 4259 Italiae,
322 4206 573 4259 veneno,
597 4194 659 4244 ut
679 4189 884 4256 fertur,
905 4192 1111 4243 necato
1135 4187 1408 4243 Lothario
1435 4202 1569 4257 rege
1592 4189 1748 4257 regis

114 4278 349 4347 Hugonis
379 4279 520 4348 ﬁlio,
561 4292 670 4333 rex
696 4275 944 4332 efficitur
983 4274 1185 4331 Italiae.
1223 4276 1404 4331 Porro
1446 4290 1549 4331 rex
1595 4276 1744 4331 Otho

118 4366 329 4435 Papiam
351 4367 532 4439 cepit.
551 4368 695 4421 Cum
719 4364 871 4420 enim
897 4364 1007 4419 iret
1031 4364 1086 4419 in
1112 4364 1356 4434 Italiam,
1394 4364 1744 4433 Berengario

117 4455 341 4521 prmfato
374 4456 430 4511 in
458 4455 593 4525 ejus
624 4453 877 4509 adventu
913 4452 1191 4522 fugiente,
1225 4467 1329 4507 rex
1358 4451 1618 4507 eamdem
1654 4467 1747 4508 ur-

120 4540 232 4597 bem
262 4544 613 4613 ingreditur,
640 4546 701 4597 et
733 4554 969 4597 uxorem
1003 4539 1259 4596 Lotharii
1285 4540 1440 4609 regis
1462 4539 1742 4610 defuncti,
1775 4544 1829 4604 D

121 4642 358 4686 sororem
392 4630 650 4688 Conradi
685 4629 842 4698 regis
866 4629 1148 4698 Jurensis,
1183 4628 1485 4699 conjugem
1518 4628 1748 4700 accepit

123 4716 501 4775 Adheleidam.
539 4717 744 4789 Sopita
776 4716 955 4787 igitur
986 4715 1410 4789 aliquantulum
1440 4730 1748 4787 perverso-

126 4817 233 4858 ium
262 4806 598 4876 insolentia,
617 4806 849 4860 donnus
874 4805 1260 4874 Berengarlus
1281 4803 1612 4861 commissis
1636 4803 1748 4859 sibi

122 4891 309 4949 ovibus
329 4894 636 4966 exemplar
647 4897 705 4949 et
720 4893 1018 4964 speculum
1039 4893 1220 4950 totius
1234 4892 1536 4963 religionis
1550 4896 1611 4947 et
1625 4906 1752 4947 san-

124 4979 326 5038 ctitatis
349 4983 562 5053 factus,
590 4981 869 5038 studebat
894 4981 949 5036 in
979 4997 1042 5038 se
1072 4981 1317 5052 primum
1348 4984 1405 5036 et
1433 4979 1595 5037 sicin
1620 4978 1753 5035 sub-

126 5065 265 5125 ditos
282 5070 448 5126 noxia
481 5075 539 5126 et
573 5070 868 5141 superflua
904 5083 1189 5139 resecare,
1224 5070 1541 5140 depravata
1573 5067 1753 5123 corri-

124 5167 266 5224 gere,
290 5163 511 5227 sancta,
538 5158 790 5214 honesta
813 5163 872 5211 et
899 5157 1060 5213 utilia
1086 5162 1385 5229 appetere.
1410 5155 1752 5212 Preferebat

129 5256 337 5315 semper
368 5247 680 5302 honestum
714 5243 845 5301 utili
871 5263 885 5312 ;
917 5246 1075 5302 nullo
1104 5249 1353 5315 terrore,
1379 5243 1541 5301 nullo
1572 5244 1748 5314 metu,

130 5342 156 5383 a
176 5331 318 5388 nulla
343 5333 684 5390 adulatione
700 5346 730 5388 a
745 5331 1332 5390 vero-deﬂectendum
1348 5332 1613 5403 putabat.
1630 5332 1751 5386 Non

131 5419 437 5490 refugiebat
461 5420 727 5489 exilium,
758 5420 890 5491 quia
921 5426 1161 5479 noverat
1212 5421 1460 5494 sapienti
1504 5417 1750 5491 patriam

1856 3304 2114 3361 tiebatur
2128 3304 2461 3361 simulatum
2476 3308 2533 3360 et
2555 3304 2774 3374 fletum,
2793 3302 2942 3374 quod
2968 3302 3107 3358 licet
3129 3302 3185 3356 in
3211 3298 3498 3372 principio

1856 3397 2150 3464 vernaret,
2184 3394 2238 3448 in
2272 3408 2553 3464 processu
2586 3392 2974 3464 dissiparetur
3023 3394 3082 3447 ut
3127 3388 3406 3445 ﬂosculus
3435 3390 3496 3443 et

1856 3481 2205 3552 solveretur,
2241 3481 2379 3552 quin
2411 3482 2608 3553 potius
2638 3496 2838 3537 verum
2897 3484 2957 3536 et
3007 3478 3298 3535 sincerum
3344 3475 3499 3547 quod

1857 3569 1974 3625 alta
1999 3570 2195 3626 radice
2218 3569 2585 3626 fundaretur.
2604 3569 2694 3626 Sic
2717 3585 2821 3640 per
2837 3567 3117 3625 exercitia
3144 3565 3278 3622 boni
3300 3564 3497 3636 operis

1858 3660 2096 3715 formam
2120 3659 2295 3715 dabat
2320 3658 2575 3714 subditis
2608 3657 2681 3714 ad
2714 3656 3050 3713 felicitatem
3079 3653 3321 3710 tendere
3351 3665 3498 3708 sem-

1854 3748 2103 3821 piternae
2126 3746 2359 3817 quietis.
2389 3748 2551 3801 Anno
2577 3746 2758 3815 igitur
2773 3744 3149 3815 episcopatus
3167 3742 3257 3798 sui
3280 3738 3499 3797 duode-

1856 3836 2032 3903 cimo,
2075 3836 2147 3891 ab
2195 3833 2591 3889 incarnatione
2640 3831 2860 3887 Domini
2909 3833 3033 3898 951,
3068 3828 3363 3884 indict.....
3404 3824 3495 3894 ⁸⁸⁸,

1858 3924 2064 3980 videns
2078 3922 2227 3978 filios
2242 3936 2382 3977 suos
2398 3924 2458 3976 ut
2486 3925 2699 3975 terram
2725 3916 3027 3974 fecundam
3051 3917 3286 3972 sincero
3308 3914 3495 3970 tritici

1854 4024 2037 4082 grano
2052 4010 2414 4077 seminatam,
2429 4012 2486 4063 et
2506 4006 2797 4078 puriorem
2812 4009 2871 4060 et
2896 4003 3227 4061 uberiorem
3246 4014 3498 4057 messem

1858 4098 2317 4170 promittentem,
2345 4094 2790 4166 multiplicatum
2809 4091 3059 4148 reddere
3082 4089 3238 4162 quod
3261 4103 3502 4160 accepe-

1859 4189 2009 4256 rant,
2027 4190 2084 4242 et
2104 4184 2311 4240 dolens
2329 4184 2609 4254 quosdam
2632 4196 2835 4238 eorum
2860 4179 3226 4252 perfectioris
3246 4177 3381 4234 vitae
3405 4176 3507 4233 de-

1859 4274 2077 4330 siderio
2106 4278 2166 4329 et
2194 4272 2424 4329 altioris
2451 4270 2734 4343 propositi
2758 4282 2952 4325 amore
2976 4265 3408 4324 ferventissimo
3430 4264 3504 4320 ad

1858 4362 2080 4419 vicinas
2110 4361 2378 4417 dioceses
2406 4359 2790 4429 commigrare
2828 4361 2886 4413 et
2932 4355 3319 4413 monasticum
3348 4353 3506 4411 ordi-

1859 4466 2009 4519 nem,
2031 4449 2162 4522 quia
2188 4450 2242 4505 in
2270 4449 2391 4520 ipsa
2416 4447 2766 4504 Virdunensi
2791 4447 2933 4504 urbe
2955 4459 3067 4502 non
3090 4442 3501 4501 inveniebatur

1861 4540 1954 4607 (θ.
1994 4540 2155 4597 Vird.
2180 4542 2263 4608 2),
2288 4536 2425 4593 alibi
2442 4540 2742 4607 expetere,
2759 4534 3185 4591 communicato
3207 4529 3350 4586 cleri
3372 4543 3505 4600 pro-

1860 4641 2178 4698 cerumque
2210 4624 2458 4682 consilio
2490 4624 2547 4679 in
2579 4623 2836 4695 sepefata
2868 4619 3134 4677 mcelesia
3164 4620 3501 4675 sanctorum

1861 4714 2262 4787 apostolorum
2286 4712 2444 4769 Petri
2466 4717 2525 4768 et
2548 4710 2941 4767 Paulihonore
2955 4706 3244 4775 dedicata,
3261 4702 3505 4774 ubipre—

1861 4803 2056 4860 ciosus
2078 4801 2300 4859 Domini
2334 4801 2638 4858 confessor
2666 4798 2913 4853 Vitonus
2940 4808 3070 4851 cum
3102 4792 3227 4849 suis
3255 4790 3507 4861 quiescit

1862 4896 1923 4948 et
1946 4894 2261 4946 veneratur
2279 4885 2807 4959 praedecessoribus
2827 4887 2882 4938 et
2900 4878 3369 4948 successoribus,
3387 4891 3507 4934 mo-

1863 4980 2178 5035 nachorum
2211 4976 2427 5046 delegit
2458 4972 2772 5031 turmulam
2803 4982 3141 5040 aggregare,
3168 4966 3265 5039 qui
3290 4967 3348 5021 et
3372 4979 3504 5037 pro-

1865 5066 2104 5139 pensius
2152 5064 2366 5121 divinis
2412 5062 2777 5119 deservirent
2824 5056 3107 5125 cultibus,
3139 5059 3196 5111 et
3226 5052 3504 5110 omnibus

1865 5153 2097 5210 Christo
2115 5153 2396 5208 adherere
2418 5148 2754 5206 volentibus
2774 5147 3013 5201 formam
3036 5143 3244 5199 darent
3272 5139 3506 5197 humili-

1865 5241 2005 5298 tatis
2033 5245 2092 5296 et
2123 5237 2441 5311 patientia),
2468 5240 2529 5293 ut
2562 5235 2652 5292 vel
2677 5236 2763 5292 sie
2786 5247 2898 5289 non
2920 5232 3272 5302 cogerentur
3294 5226 3365 5283 ad
3387 5226 3501 5283 alia

1865 5328 2144 5385 secedere
2159 5324 2829 5397 quihaberentparatum
2853 5334 2973 5391 prae
2995 5316 3184 5375 oculis
3207 5314 3502 5387 specimen

1867 5414 2189 5485 religionis.
2223 5413 2294 5467 Et
2328 5412 2542 5467 factum
2573 5412 2661 5464 est
2693 5408 2887 5463 divina
2934 5406 3286 5477 cooperante
3313 5400 3503 5472 gratia

1468 5531 1706 5589 VARIAE
1748 5526 2143 5585 LECTIONES.

197 5628 260 5663 ³⁸⁸
285 5645 564 5690 numerus
593 5630 690 5689 IX
715 5628 876 5687 deest
893 5632 961 5690 in
984 5621 1031 5690 ὸ.
