3894 6334
375 333 486 396 18³1

1307 319 1676 385 HUGONIS
1718 317 2075 380 ABBATIS
2119 313 2830 378 FLAVINIACENSES

3671 313 3808 373 188

373 469 434 523 et
465 463 556 522 sui
587 458 915 519 sacerdotis
943 455 1143 515 cordis
1166 450 1814 526 intimaperiustrante,
1837 454 1901 505 ut
1924 447 2019 504 de-
2049 447 2101 508 A
2128 449 2401 506 ciderunt
2432 447 2523 504 vel
2556 445 2857 516 sanguinis
2890 443 2986 515 qui
3009 442 3228 500 effusus
3252 442 3454 511 fuerit,
3481 441 3610 498 sive
3637 441 3803 496 vice-

373 551 657 610 siderium
681 550 971 615 sanctum,
996 543 1151 616 quod
1176 541 1401 599 diutina
1425 537 1803 594 meditatione
1819 550 2021 593 conce-

379 646 538 714 ptum
562 636 843 694 dilatione
857 637 1146 701 creverat,
1166 623 2021 714 felixconsequereturetceler

377 713 642 794 effectus,
674 727 730 780 et
765 720 1044 779 desiderii
1073 719 1164 776 sui
1197 721 1340 788 quot
1369 720 1576 779 testes,
1613 719 1702 769 tot
1731 713 2016 769 inveniret

381 817 802 886 cooperatores
815 814 873 866 et
891 809 1204 878 adjutores.
1223 803 1497 876 Expulsis
1507 817 1646 872 ergo
1659 801 2022 858 clerisismo-

380 902 592 959 nachos
605 898 952 966 introduxit,
969 896 1181 966 quibus
1194 897 1252 950 et
1276 907 1348 949 ex
1365 907 1465 949 sua
1482 891 1845 962 proprietate
1867 894 1927 944 et
1951 887 2020 944 de

381 992 559 1050 rebus
591 987 796 1046 matris
825 984 1111 1043 acclesia
1141 997 1362 1039 annuos
1396 982 1715 1052 proventus
1729 977 2018 1034 redituum

381 1083 438 1137 et
470 1079 665 1138 victus
697 1075 1064 1145 vestitusque
1112 1071 1440 1128 necessaria
1489 1065 1928 1140 praerdinavit,
1961 1069 2022 1120 et

381 1181 639 1238 congrua
673 1165 1030 1222 officinarum
1075 1158 1409 1218 habitacula
1441 1155 1814 1229 praparavit,
1847 1154 2023 1223 magi-

381 1259 540 1313 stros
573 1254 772 1326 operis
803 1249 1184 1308 conducendo
1205 1253 1264 1304 et
1285 1259 1573 1318 expensas
1603 1242 1935 1311 tribuendo,
1959 1245 2020 1298 ut

383 1341 892 1402 inveniretanima
917 1354 1038 1396 sua
1060 1337 1321 1408 requiem
1345 1339 1478 1406 post
1501 1333 1757 1388 laborem
1781 1331 1838 1386 in
1857 1330 2025 1386 atriis

381 1431 770 1500 Hierusalem,
788 1443 914 1501 qua
940 1427 1224 1484 utcivitas
1237 1423 1564 1488 edificatur,
1579 1418 2024 1491 etpartieipatio

383 1523 514 1594 ejus
544 1520 602 1575 in
654 1518 711 1574 id
758 1518 963 1590 ipsum.
1025 1515 1306 1572 Abbatem
1355 1523 1586 1582 quoque
1630 1509 1717 1564 eis
1767 1507 2026 1562 instituit

384 1609 786 1678 Humbertum,
814 1605 885 1662 de
906 1603 1150 1662 cenobio
1181 1600 1369 1658 sancti
1401 1598 1540 1670 Apri
1573 1597 1759 1654 virum
1793 1595 2028 1665 religio-

383 1712 532 1767 sum,
568 1701 630 1752 ut
677 1695 733 1752 in
783 1693 986 1751 charta
1036 1705 1206 1747 manu
1253 1688 1381 1759 ejus
1431 1687 1658 1757 signata
1707 1684 2022 1754 invenitur,

386 1800 556 1857 quam
587 1783 761 1840 etiam
795 1781 891 1838 hic
919 1781 1270 1838 subnectere
1301 1789 1478 1848 opere
1507 1773 1769 1846 precium
1805 1771 2030 1843 judica-

384 1874 590 1930 vimus.
625 1874 724 1927 Est
755 1874 947 1927 autem
983 1865 1312 1939 hujusmodi
1345 1884 1358 1919 :
1989 1914 1992 1916 ν

459 1979 488 2014 «
520 1957 758 2017 Noverit
786 1957 1039 2015 omnium
1063 1954 1489 2013 catholicorum
1513 1956 1629 2008 tam
1650 1949 2027 2022 praesentium

386 2064 556 2122 quam
580 2051 909 2105 futurorum
931 2044 1239 2114 industria,
1265 2041 1420 2118 quod
1441 2055 1548 2112 ego
1579 2041 1641 2095 Β.
1667 2041 1886 2096 sancta
1909 2037 2031 2092 Vir-

385 2136 664 2195 dunensis
693 2134 962 2192 ecclesia
995 2133 1390 2189 nomine’non
1439 2129 1650 2185 merito
1697 2126 2028 2198 episcopus,

388 2241 539 2283 anno
567 2239 712 2282 mea
742 2221 1134 2280 ordinationis
1165 2218 1534 2287 duodecimo,
1569 2229 1789 2273 memor
1818 2218 2032 2271 nostra

385 2313 656 2371 ecclesia
690 2313 956 2380 fratrum,
991 2323 1238 2380 quorum
1269 2305 1516 2363 maxima
1567 2319 1702 2376 pars
1747 2303 2034 2360 dominica

387 2403 566 2459 verba
580 2399 782 2472 sepius
797 2399 1155 2468 sequebatur
1173 2395 1446 2452 dicentia:
1465 2393 1752 2450 «Vendite
1764 2407 1892 2463 qua
1908 2406 2036 2463 pos-

389 2488 616 2558 sidetis,
651 2491 707 2543 et
741 2487 876 2543 date
907 2483 1280 2544 elemosinam
1315 2485 1474 2551 (Luc.
1511 2497 1610 2552 xu,
1642 2486 1760 2551 33),
1789 2485 1850 2536 et
1871 2479 2038 2537 habe-

389 2578 533 2635 bitis
580 2577 924 2633 thesaurum
973 2574 1032 2629 in
1079 2572 1244 2641 calo,
1297 2576 1358 2628 et
1403 2570 1709 2641 sequimini
1745 2583 1835 2624 me
1869 2570 2030 2635 (Luc.

389 2681 551 2736 xvm,
575 2669 691 2733 22).
727 2683 756 2716 n
792 2663 1082 2733 fugientes
1113 2665 1347 2718 terrena
1375 2665 1433 2716 et
1463 2664 1722 2716 amantes
1749 2657 2032 2727 calestia,

394 2758 611 2812 nostra
659 2751 1137 2823 congregationis
1181 2749 1373 2807 locum
1425 2749 1720 2817 deserere,
1754 2751 1811 2802 et
1843 2759 2038 2802 mona-

390 2843 610 2901 chicam
661 2841 843 2898 vitam
897 2844 1215 2910 sumentes,
1258 2837 1500 2894 cenobia
1549 2840 1719 2892 extra
1774 2839 2036 2892 nostram

392 2929 764 3004 parrochiam
825 2928 1188 3000 temptabant
1248 2927 1451 2992 adire;
1507 2940 1577 2982 ne
1646 2925 1702 2982 in
1780 2926 2038 2994 postmo-

390 3019 525 3078 dum
559 3024 758 3076 nostra
791 3017 1038 3074 ecclesia
1071 3017 1143 3073 de
1178 3015 1418 3088 proprio
1450 3014 1730 3070 thesauro
1753 3027 1857 3070 suo
1877 3015 2039 3082 pate-

391 3112 554 3172 retur
587 3108 923 3180 dampnum:
955 3105 1077 3175 (fol.
1111 3104 1243 3175 69’.)
1280 3103 1506 3158 favente
1553 3101 1786 3158 seniore
1831 3103 2037 3157 nostro

2131 535 2534 605 dominarium,
2569 534 2866 606 placitum,
2899 537 2958 588 et
2991 545 3228 588 cursum
3249 543 3437 600 aqua,
3461 544 3568 585 seu
3587 543 3799 585 corrc;

2130 625 2385 696 ptionem
2410 622 2664 679 omnium
2685 634 3110 686 mensurarum,
3129 618 3394 689 exceptis
3417 617 3636 673 alodiis
3661 633 3796 687 qua

2128 714 2394 771 homines
2429 715 2627 768 tenent
2661 709 2733 766 ad
2767 709 3047 781 placitum
3077 707 3352 778 generale
3372 707 3795 778 respicientes,

2127 808 2184 859 et
2246 800 2494 873 publica
2548 799 2656 856 via
2703 797 3058 861 transitum;
3111 797 3183 853 ad
3252 795 3514 852 Ballonis
3559 802 3797 852 curtem

2129 904 2327 948 mansa
2361 903 2501 956 sex;
2525 889 2595 944 ad
2631 886 2973 943 Frasnidum
3009 899 3206 941 mansa
3231 889 3528 955 quatuor;
3555 885 3628 939 ad
3655 886 3800 942 Cru-

2127 997 2251 1037 cem
2271 977 2585 1035 ecclesiam
2609 989 2780 1033 unam
2801 993 2815 1042 ;
2835 975 2906 1030 ad
2933 973 3203 1030 Castonis
3226 976 3449 1029 curtem
3476 973 3796 1029 ecclesiam

2129 1083 2297 1126 unam
2327 1085 2341 1133 ;
2373 1066 2444 1122 ad
2476 1067 2691 1121 Novam
2723 1063 2920 1119 villam
2938 1061 3270 1119 acclesiam
3294 1075 3466 1116 unam
3490 1076 3625 1116 cum
3653 1061 3800 1118 dua-

2132 1159 2241 1214 bus
2290 1154 2535 1226 capellis
2586 1153 2708 1210 suis
2753 1155 2810 1208 et
2845 1167 2975 1208 cum
3009 1165 3120 1208 una
3151 1149 3400 1206 ecclesia
3435 1149 3492 1204 in
3525 1150 3794 1206 Marcum

2131 1246 2266 1303 villa
2298 1244 2411 1302 sita
2443 1242 2513 1298 ad
2549 1242 2847 1314 prafatam
2884 1241 3057 1296 Nova
3091 1237 3244 1296 villa
3275 1239 3577 1294 abbatiam
3612 1241 3799 1309 perti-

2133 1340 2342 1399 nente;
2375 1333 2430 1389 in
2463 1331 2664 1388 eadem
2699 1327 2955 1386 Marcum
2988 1332 3156 1385 curte
3179 1341 3378 1383 mansa
3405 1327 3517 1382 tria
3542 1343 3679 1384 eum
3698 1329 3801 1383 sil-

2134 1425 2224 1481 vis
2255 1428 2311 1479 et
2345 1421 2551 1493 pratis,
2586 1423 2648 1475 et
2676 1419 2748 1474 ad
2781 1419 2996 1474 Novam
3029 1417 3227 1476 villam
3285 1430 3482 1473 mansa
3532 1421 3799 1488 quatuor

2135 1527 2264 1569 cum
2297 1509 2461 1567 silvis
2490 1512 2549 1565 et
2584 1507 2770 1580 pratis
2811 1507 2882 1563 ad
2929 1505 3188 1562 eamdem
3231 1505 3562 1562 acclesiam
3613 1506 3802 1576 perti-

2137 1599 2413 1656 nentibus
2439 1603 2500 1653 et
2523 1596 2750 1668 pictura
2780 1595 2962 1652 vinea
2986 1609 3098 1652 una
3119 1597 3178 1649 et
3202 1592 3536 1650 molendino
3561 1608 3682 1650 uno
3704 1610 3800 1650 su-

2141 1703 2243 1761 per
2274 1687 2471 1744 Elnam
2503 1685 2802 1742 ﬂuviolum
2836 1683 2950 1740 sito
2977 1727 2992 1752 ,
3023 1687 3080 1739 et
3115 1682 3186 1738 ad
3229 1681 3428 1739 villam
3477 1683 3796 1739 Parridum

2139 1775 2492 1833 nominatam
2523 1772 2828 1831 ecclesiam
2862 1787 3031 1828 unam
3063 1786 3193 1828 cum
3225 1771 3444 1828 mensis
3491 1772 3796 1828 sexdecim

2141 1865 2294 1921 inter
2325 1863 2649 1921 Cosantiam
2679 1867 2736 1918 et
2773 1861 3011 1917 Buniam
3043 1861 3175 1917 sitis
3203 1863 3264 1915 et
3304 1859 3649 1917 molendino
3683 1876 3798 1918 uno

2140 1957 2198 2010 et
2233 1952 2377 2010 silva
2411 1951 2638 2022 pratis;
2667 1955 2728 2006 et
2757 1949 2830 2005 ad
2861 1949 3114 2005 llarbodi
3149 1947 3347 2004 villam
3379 1947 3436 2004 in
3466 1950 3668 2022 Vapra
3707 1965 3801 2006 ec-

2141 2041 2376 2098 clesiam
2405 2053 2576 2095 unam
2607 2042 2665 2094 et
2699 2050 2897 2093 mansa
2930 2036 3044 2092 duo
3075 2039 3133 2092 et
3167 2035 3538 2107 quartarinm
3575 2051 3760 2093 unum
3787 2056 3801 2102 ;

2140 2133 2197 2186 et
2234 2129 2305 2185 ad
2337 2128 2630 2184 Liniacum
2663 2129 2928 2197 quartam
2963 2128 3187 2196 partem
3228 2124 3400 2182 unius
3428 2124 3714 2183 ecclesia
3747 2131 3802 2182 et

2143 2232 2404 2274 mansum
2437 2230 2610 2272 unum
2637 2219 2698 2270 et
2731 2214 3012 2285 quartarii
3045 2217 3168 2271 tres
3199 2217 3257 2269 et
3290 2213 3698 2271 molendinum
3725 2215 3805 2270 di-

2142 2306 2380 2364 midium
2405 2319 2533 2362 cum
2559 2303 2700 2360 silva
2727 2308 2788 2358 et
2813 2302 2997 2374 pratis
3023 2319 3036 2368 ;
3061 2302 3194 2358 etin
3220 2301 3492 2360 Barrensi
3513 2303 3803 2361 comitatu

2145 2409 2342 2452 mansa
2374 2393 2490 2450 duo
2522 2392 2577 2447 in
2601 2391 2738 2448 villa
2760 2391 2978 2447 Villare
3004 2391 3319 2449 nominata.
3345 2391 3626 2450 Dedimus
3653 2409 3806 2465 pra.

2144 2489 2306 2541 terea
2337 2497 2409 2538 ex
2436 2484 2604 2554 parte
2635 2483 2854 2536 nostra
2886 2479 3154 2536 ecclesia
3199 2480 3269 2535 de
3314 2481 3560 2536 abbatia
3603 2483 3798 2538 sancti

2148 2571 2396 2629 Amantii
2413 2583 2613 2627 mansa
2627 2569 2827 2626 decem
2841 2584 2971 2625 cum
2987 2569 3274 2626 sedilibus
3287 2569 3356 2624 ad
3374 2569 3582 2626 eadem
3599 2585 3800 2628 mansa

2146 2659 2598 2734 pertinentibus,
2625 2663 2682 2713 et
2708 2657 2778 2713 ad
2802 2657 3188 2714 Flaviniacum
3215 2657 3596 2728 piscatoriam
3617 2663 3802 2716 tota

2143 2755 2205 2806 et
2235 2749 2478 2805 alteram
2515 2746 2887 2818 piscatoriam
2916 2745 2988 2802 ad
3004 2745 3278 2802 Tiliacum
3307 2746 3732 2817 pertinentem,
3748 2753 3797 2804 et

2147 2837 2430 2895 decimam
2462 2835 2694 2891 illorum
2722 2835 2972 2891 arietum
3002 2835 3100 2904 qui
3131 2839 3350 2891 nostra
3372 2835 3650 2892 ecclesia
3679 2852 3802 2908 per-

2145 2926 2457 2983 solvuntur
2487 2939 2558 2981 ex
2583 2923 2857 2980 Bracensi
2882 2923 3242 2992 centenaria,
3261 2927 3320 2979 et
3344 2923 3632 2980 decimam
3657 2926 3803 2982 fora-

2145 3016 2248 3072 tici
2280 3019 2499 3072 nostra
2531 3012 2791 3070 civitatis
2821 3011 2892 3067 de
2923 3011 3098 3077 vino;
3131 3011 3440 3068 ecclesiam
3477 3027 3721 3084 quoque
3753 3015 3799 3069 in

2147 3103 2455 3160 Amonzeia
2486 3101 2624 3159 villa
2658 3101 2850 3171 sitam,
2875 3103 2934 3157 et
2986 3099 3371 3157 Flaviniacam
3423 3099 3624 3158 villam
3673 3118 3800 3159 cum

385 3195 818 3269 gloriosissimo
852 3208 991 3264 rege
1023 3193 1267 3260 Othone,
1294 3205 1362 3247 ac
1393 3190 1655 3246 Conrado
1679 3189 1932 3246 Lotharii
1951 3203 2038 3246 re-
2067 3181 2116 3246 C
2144 3193 2394 3250 ecclesia
2427 3207 2540 3249 una
2567 3195 2626 3247 et
2661 3191 2972 3262 piscatoria
2995 3194 3053 3246 et
3077 3189 3428 3246 molendinis
3459 3195 3522 3247 et
3555 3191 3731 3249 silvis
3752 3199 3803 3248 et

387 3285 489 3356 gni
520 3285 668 3341 duce
693 3278 1526 3353 magniﬁco,congregatisque
1539 3281 1755 3335 nostra
1772 3276 2038 3335 ecclesia

391 3373 668 3430 fidelibus
699 3370 934 3428 clericis
965 3374 1022 3424 et
1057 3368 1222 3427 laicis
1247 3367 1372 3440 pari
1394 3371 1530 3424 voto
1551 3372 1726 3438 atque
1747 3365 2038 3423 communi

391 3460 670 3518 consultu
701 3457 1070 3515 decrevimus
1102 3457 1158 3513 in
1191 3461 1394 3512 nostro
1423 3455 1724 3527 episcopio
1748 3453 2037 3526 quoddam

393 3547 810 3606 monasterium
840 3549 959 3602 Deo
980 3549 1272 3602 annuente
1293 3543 1578 3614 stabilire,
1605 3545 1660 3599 in
1687 3559 1799 3614 quo
1823 3547 2038 3599 nostra

391 3636 662 3694 ecclesia
677 3636 890 3692 fratres
902 3635 1148 3691 activam
1167 3633 1346 3690 vitam
1362 3633 1670 3703 fugientes,
1688 3631 2040 3703 contempla-

393 3726 532 3782 tiva
566 3724 700 3782 vita
735 3722 1004 3780 solatium
1037 3722 1250 3780 futuris
1281 3721 1646 3793 temporibus
1679 3720 1940 3776 valerent
1959 3719 2042 3775 in-

401 3813 618 3872 venire.
651 3815 807 3870 Tunc
837 3811 1124 3869 communi
1175 3809 1424 3868 consilio
1467 3808 1840 3866 evocavimus
1884 3807 2042 3865 dom-

394 3917 530 3962 uum
561 3903 943 3959 Humbertum
975 3900 1312 3970 religiosum
1345 3900 1636 3968 abbatem,
1665 3897 1761 3969 qui
1793 3898 1865 3953 ab
1898 3897 2040 3969 ipsis

392 3990 651 4048 infantia
679 3989 1030 4047 rudimentis
1062 3989 1118 4044 in
1152 3993 1351 4045 nostra
1382 3987 1632 4044 ecclesia
1684 3987 1871 4044 fuerat
1903 3985 2043 4042 edu-

389 4085 580 4150 catus,
600 4085 658 4135 et
683 4079 994 4150 prabenda
1020 4081 1235 4134 nostra
1252 4077 1552 4133 canonica
1575 4075 1918 4146 perfruitus,
1944 4090 2044 4131 no-

395 4167 695 4224 strietiam
709 4165 994 4237 episcOpii
1018 4164 1356 4236 baptizatus
1379 4168 1555 4234 atque
1578 4163 2040 4234 parreechianus,

395 4256 582 4314 donec
633 4254 782 4310 infra
829 4253 1114 4323 scriptum
1165 4251 1413 4308 aliorum
1464 4253 1706 4308 fratrum
1753 4255 2044 4322 sequutus

395 4340 748 4414 exemplum,
774 4356 880 4412 pro
903 4345 1105 4396 eterna
1127 4341 1524 4398 retributione
1545 4341 1940 4397 monachicam
1963 4340 2047 4399 vi-

396 4437 516 4490 tam
549 4429 818 4502 sumpsit,
840 4443 908 4486 ac
939 4428 1226 4486 communi
1251 4429 1392 4486 cleri
1425 4433 1486 4486 et
1518 4428 1705 4502 plebis
1729 4429 2044 4487 concordia

2147 3283 2334 3356 pratis
2362 3281 2631 3338 omnibus
2659 3284 2720 3336 et
2759 3279 3028 3336 omnibus
3058 3277 3406 3348 adjacentiis
3438 3280 3512 3336 ad
3541 3282 3801 3337 eamdem

2147 3370 2340 3428 villam
2361 3368 2813 3442 pertinentibus.
2833 3366 2956 3436 (fol.
2977 3369 3092 3439 70.)
3119 3366 3203 3422 Ad
3231 3382 3402 3437 quam
3427 3368 3626 3424 villam
3651 3371 3806 3442 aspi-

2146 3459 2306 3515 ciunt
2361 3473 2555 3514 mansa
2609 3455 2812 3526 viginti
2865 3470 3007 3522 sex;
3051 3460 3112 3510 et
3161 3455 3234 3511 ad
3276 3455 3474 3511 villam
3509 3458 3802 3515 Marleiam

2149 3561 2329 3620 prope
2351 3547 2541 3602 Nettis
2563 3545 2862 3602 civitatem
2885 3543 3056 3600 sitam
3079 3543 3390 3600 ecclesiam
3426 3559 3602 3602 unam
3626 3547 3686 3602 in
3715 3548 3805 3602 ho-

2149 3649 2292 3692 nore
2319 3635 2503 3692 sancti
2539 3633 2750 3690 Briccii
2775 3636 3200 3689 constructam.
3223 3631 3406 3688 Simili
3431 3634 3613 3690 etiam
3639 3637 3807 3692 modo

2149 3723 2548 3793 delegavimus
2598 3722 2785 3778 eidem
2832 3721 3184 3778 monasterio
3235 3719 3306 3776 ad
3359 3723 3804 3792 praeparandum

2149 3812 2440 3884 hospitale
2471 3811 2782 3868 ecclesiam
2819 3810 3006 3867 sancti
3027 3811 3186 3866 Petri
3211 3810 3268 3865 in
3291 3811 3579 3867 suburbio
3603 3812 3806 3868 Virdu-

2149 3901 2348 3958 nensis
2378 3899 2560 3957 castri
2584 3899 2754 3956 sitam
2774 3914 2906 3955 cum
2929 3897 3147 3955 mansis
3170 3897 3445 3968 quinque,
3475 3904 3646 3970 prato
3670 3916 3803 3969 uno,

2151 3994 2208 4046 et
2241 3989 2512 4046 omnibus
2547 3989 2856 4059 utriusque
2889 4001 3068 4044 sexus
3103 3987 3173 4043 ad
3203 3987 3464 4043 eamdem
3497 3988 3802 4045 ecclesiam

2153 4077 2621 4150 pertinentibus;
2648 4076 2702 4131 in
2726 4075 2852 4132 Piet
2877 4075 3012 4132 villa
3037 4075 3345 4132 ecclesiam
3371 4077 3650 4140 unam;in
3665 4079 3805 4134 Don-

2153 4181 2299 4224 naus
2328 4165 2658 4224 acclesiam
2692 4179 2900 4232 unam;
2933 4165 2988 4220 in
3009 4163 3272 4221 Morvilla
3299 4179 3507 4232 unam;
3533 4165 3592 4222 in
3621 4168 3802 4224 Marva

2156 4269 2345 4311 unam.
2383 4257 2498 4310 llec
2529 4254 2718 4311 omnia
2753 4268 2858 4326 pro
2889 4253 3080 4310 salute
3111 4252 3317 4310 anima
3341 4257 3562 4312 nostra
3579 4261 3804 4312 nostro-

2156 4357 2404 4414 rumque
2427 4347 2801 4414 peccatorum
2825 4341 3198 4399 absolutione
3223 4341 3802 4414 tradidimusloco,ct

2158 4432 2320 4488 ﬁrma
2354 4431 2709 4489 auctoritate
2740 4435 2802 4487 et
2845 4431 3073 4488 ratione
3120 4434 3323 4488 nostra
3374 4432 3799 4500 confirmamus,

397 4524 454 4578 et
479 4533 681 4577 eorum
701 4522 1034 4576 nostrorum
1049 4517 1479 4589 canonicorum,
1499 4518 1596 4589 qui
1622 4522 1741 4574 tum
1762 4519 2047 4590 temporis
2076 4537 2128 4598 D
2159 4521 2614 4578 corroboramus
2660 4525 2836 4592 atque
2863 4520 3236 4590 stabilimus,
3281 4535 3801 4595 successorumque

393 4607 793 4666 monachicam
821 4605 1102 4664 aliorsum
1133 4606 1476 4663 nitebantur
1523 4605 1796 4676 accipere
1847 4606 2044 4690 vitam,

393 4693 797 4755 conceSsimus
826 4695 880 4752 ei
912 4694 1206 4766 quoddam
1237 4694 1663 4751 monasterium
1689 4693 1761 4748 ad
1783 4698 2051 4751 constru-

393 4785 600 4843 endam
619 4783 1133 4854 congregationem
1157 4782 1574 4838 monachorum
1601 4781 1659 4836 in
1678 4781 1898 4838 honore
1919 4795 2052 4840 san-

395 4874 480 4931 cti
508 4873 670 4931 Petri
699 4871 1104 4944 apostolorum
1138 4870 1419 4942 principis
1461 4868 1811 4938 stabilitum,
1846 4869 1902 4924 in
1933 4885 2048 4940 quo

400 4961 781 5031 requiescunt
811 4973 1064 5031 corpora
1091 4958 1842 5015 sanctorumconfessorum
1872 4961 2049 5029 atque

392 5049 802 5120 episcoporum
824 5047 1040 5117 Vitoni,
1061 5045 1373 5115 Pulcronii,
1403 5045 1790 5115 Possessoris,
1809 5046 2048 5104 Firmini

393 5139 570 5205 atque
601 5135 903 5204 Madelvei,
938 5149 1070 5192 cum
1101 5133 1292 5191 omnis
1335 5133 1512 5192 rebus
1551 5133 1624 5190 ad
1653 5133 1916 5192 eamdem
1946 5135 2050 5191 ab-

393 5223 609 5281 batiam
640 5221 1098 5294 pertinentibus.
1133 5221 1442 5296 Aspiciunt
1475 5219 1548 5278 ad
1578 5219 1727 5278 illud
1756 5225 2046 5280 monaste-

395 5312 545 5370 rium
569 5309 737 5380 juxta
771 5309 1060 5367 Scantiam
1111 5326 1312 5370 mansa
1344 5325 1450 5368 sex
1479 5314 1541 5368 et
1572 5309 1896 5381 dimidium,
1929 5325 2048 5368 mo-

394 5397 630 5456 ieudina
659 5400 918 5468 quatuor
943 5411 1071 5454 cum
1095 5399 1286 5458 hanno
1318 5399 1506 5470 ipsius
1531 5398 1708 5469 villa,
1730 5399 1884 5470 quod
1911 5401 2047 5458 hac-

394 5491 570 5544 tenus
593 5483 890 5542 tenuimus
909 5487 969 5540 et
989 5500 1094 5557 pro
1124 5487 1226 5544 Dei
1257 5501 1455 5543 amore
1484 5485 1618 5544 loco
1648 5501 1723 5544 ex
1757 5490 1882 5546 toto
1911 5501 2046 5546 con-

395 5573 705 5645 cessimus,
723 5570 1134 5644 justitiamque
1164 5573 1460 5632 latronum
1491 5573 1588 5645 qui
1612 5573 1670 5630 in
1694 5573 1946 5632 bannum
1968 5575 2046 5632 in-

2159 4615 2494 4668 nostrorum
2526 4613 2829 4682 paternam
2856 4608 3190 4679 largitatem
3216 4609 3552 4678 ﬂagitamus
3575 4616 3660 4680 ut,
3675 4624 3800 4681 erga

2161 4699 2466 4772 prafatum
2500 4697 2688 4755 locum
2724 4699 2882 4770 pium
2917 4697 3170 4755 animum
3219 4713 3456 4769 semper
3505 4699 3798 4762 habentes,

2161 4801 2290 4859 qua
2321 4802 2425 4858 pro
2459 4788 2864 4858 redemptione
2896 4787 3219 4843 animarum
3245 4787 3492 4844 fecimus
3525 4795 3654 4846 rata
3686 4801 3800 4846 esse

2159 4878 2376 4947 sinant,
2411 4891 2540 4948 qua
2573 4877 2842 4934 dedimus
2871 4891 2982 4933 non
3015 4877 3296 4947 minuant,
3319 4876 3566 4949 insuper
3597 4880 3672 4936 de
3693 4878 3800 4935 suis

2157 4964 2373 5022 addere
2403 4965 2702 5035 studeant,
2729 4965 2812 5022 ita
2841 4969 3264 5022 conservantes
3295 4970 3524 5036 nostra,
3553 4968 3727 5023 sicuti
3748 4971 3797 5021 et

2157 5067 2262 5112 sua
2289 5067 2518 5124 queque
2541 5053 2877 5125 perenniter
2897 5067 3131 5110 manere
3153 5053 3451 5110 voluerint
3475 5054 3736 5112 decreta.
3751 5052 3798 5108 Si

2157 5139 2289 5211 quis
2307 5153 2448 5196 vero
2469 5137 2560 5196 vel
2579 5139 2864 5212 pontifex,
2882 5139 2974 5196 vel
2996 5139 3267 5212 princeps
3285 5139 3586 5197 diabolico
3599 5142 3798 5214 spiritu

2155 5225 2458 5297 incitatus,
2486 5225 2592 5284 hec
2625 5226 2825 5297 aliquo
2845 5225 3018 5283 modo
3039 5227 3387 5284 subtrahere
3403 5227 3499 5284 vel
3523 5227 3800 5300 dissipare

2152 5313 2430 5385 voluerit,
2477 5319 2682 5372 nostro
2735 5313 3020 5387 imprimis
3064 5315 3437 5372 anathemate
3495 5328 3799 5388 percussus

2153 5405 2510 5472 centumque
2541 5401 3060 5460 maledictionibus
3089 5402 3409 5474 involutus,
3445 5405 3632 5462 Datan
3673 5419 3800 5476 quo-

2156 5503 2270 5560 que
2291 5493 2354 5545 et
2384 5489 2602 5547 Abiron
2633 5490 2838 5548 socius
2869 5491 3060 5550 factus
3090 5491 3228 5548 iram
3260 5492 3358 5548 Dei
3387 5492 3798 5566 omnipotentis

2155 5577 2626 5649 incurrat,atque
2637 5579 2862 5637 eternis
2875 5579 3243 5654 mancipatus
3253 5579 3800 5655 incendiisinexpia-
