  <div class='ocr_page' id='page_1' title='image "/cluster/home/n/w/nwhite01/storage/ocr_20150623/154/uva.x000829797/102.png"; bbox 0 0 3894 6328; ppageno 0'>
   <div class='ocr_carea' id='block_1_1' title="bbox 88 345 192 406">
    <p class='ocr_par' dir='ltr' id='par_1_1' title="bbox 88 345 192 406">
     <span class='ocr_line' id='line_1_1' title="bbox 88 345 192 406; baseline 0 0"><span class='ocrx_word' id='word_1_1' title='bbox 88 345 192 406; x_wconf 79' lang='grc'>189</span> 
     </span>
    </p>
   </div>
   <div class='ocr_carea' id='block_1_2' title="bbox 1332 335 2224 407">
    <p class='ocr_par' dir='ltr' id='par_1_2' title="bbox 1332 335 2224 407">
     <span class='ocr_line' id='line_1_2' title="bbox 1332 335 2224 407; baseline 0.003 -3"><span class='ocrx_word' id='word_1_2' title='bbox 1332 335 1832 404; x_wconf 80' lang='lat' dir='ltr'>CHRONICON.</span> <span class='ocrx_word' id='word_1_3' title='bbox 1869 370 1943 387; x_wconf 83' lang='lat'>--</span> <span class='ocrx_word' id='word_1_4' title='bbox 1973 339 2132 404; x_wconf 90' lang='lat' dir='ltr'>LIB.</span> <span class='ocrx_word' id='word_1_5' title='bbox 2173 340 2224 407; x_wconf 80' lang='grc' dir='ltr'><strong>Ι.</strong></span> 
     </span>
    </p>
   </div>
   <div class='ocr_carea' id='block_1_3' title="bbox 3365 335 3481 400">
    <p class='ocr_par' dir='ltr' id='par_1_3' title="bbox 3365 335 3481 400">
     <span class='ocr_line' id='line_1_3' title="bbox 3365 335 3481 400; baseline 0.009 -1"><span class='ocrx_word' id='word_1_6' title='bbox 3365 335 3481 400; x_wconf 84' lang='grc'>190</span> 
     </span>
    </p>
   </div>
   <div class='ocr_carea' id='block_1_4' title="bbox 85 463 3477 540">
    <p class='ocr_par' dir='ltr' id='par_1_4' title="bbox 85 463 3477 540">
     <span class='ocr_line' id='line_1_4' title="bbox 85 463 3477 540; baseline -0.001 -16"><span class='ocrx_word' id='word_1_7' title='bbox 85 468 226 527; x_wconf 80' lang='lat' dir='ltr'>biles</span> <span class='ocrx_word' id='word_1_8' title='bbox 255 466 409 540; x_wconf 85' lang='lat' dir='ltr'>apud</span> <span class='ocrx_word' id='word_1_9' title='bbox 434 464 652 524; x_wconf 83' lang='lat' dir='ltr'>inferos</span> <span class='ocrx_word' id='word_1_10' title='bbox 675 478 855 538; x_wconf 88' lang='lat' dir='ltr'>penas</span> <span class='ocrx_word' id='word_1_11' title='bbox 878 463 1018 524; x_wconf 90' lang='lat' dir='ltr'>luat.</span> <span class='ocrx_word' id='word_1_12' title='bbox 1044 468 1115 525; x_wconf 89' lang='lat' dir='ltr'>Ut</span> <span class='ocrx_word' id='word_1_13' title='bbox 1139 471 1335 526; x_wconf 88' lang='lat' dir='ltr'>autem</span> <span class='ocrx_word' id='word_1_14' title='bbox 1366 466 1473 525; x_wconf 86' lang='lat' dir='ltr'>hee</span> <span class='ocrx_word' id='word_1_15' title='bbox 1493 470 1713 526; x_wconf 64' lang='lat' dir='ltr'>nostra</span> <span class='ocrx_word' id='word_1_16' title='bbox 1746 464 1801 527; x_wconf 86' lang='grc' dir='ltr'><strong>Α</strong></span> <span class='ocrx_word' id='word_1_17' title='bbox 1827 467 2133 528; x_wconf 86' lang='lat' dir='ltr'>Trecorum</span> <span class='ocrx_word' id='word_1_18' title='bbox 2155 470 2387 526; x_wconf 86' lang='lat' dir='ltr'>comitis</span> <span class='ocrx_word' id='word_1_19' title='bbox 2418 468 2617 539; x_wconf 77' lang='lat' dir='ltr'>genuit</span> <span class='ocrx_word' id='word_1_20' title='bbox 2654 468 2809 523; x_wconf 89' lang='lat' dir='ltr'>hunc</span> <span class='ocrx_word' id='word_1_21' title='bbox 2843 465 3103 523; x_wconf 84' lang='lat' dir='ltr'>Odonem</span> <span class='ocrx_word' id='word_1_22' title='bbox 3128 466 3225 537; x_wconf 89' lang='lat' dir='ltr'>qui</span> <span class='ocrx_word' id='word_1_23' title='bbox 3249 467 3477 522; x_wconf 86' lang='lat' dir='ltr'>Bertam</span> 
     </span>
    </p>
   </div>
   <div class='ocr_carea' id='block_1_5' title="bbox 84 553 1713 627">
    <p class='ocr_par' dir='ltr' id='par_1_5' title="bbox 84 553 1713 627">
     <span class='ocr_line' id='line_1_5' title="bbox 84 553 1713 627; baseline 0 -15"><span class='ocrx_word' id='word_1_24' title='bbox 84 554 446 613; x_wconf 75' lang='lat' dir='ltr'>auctoritatis</span> <span class='ocrx_word' id='word_1_25' title='bbox 478 553 720 611; x_wconf 78' lang='lat' dir='ltr'>traditio</span> <span class='ocrx_word' id='word_1_26' title='bbox 762 553 1076 611; x_wconf 90' lang='lat' dir='ltr'>ﬁrmiorem</span> <span class='ocrx_word' id='word_1_27' title='bbox 1124 554 1384 625; x_wconf 82' lang='lat' dir='ltr'>vigorem</span> <span class='ocrx_word' id='word_1_28' title='bbox 1430 556 1713 627; x_wconf 91' lang='lat' dir='ltr'>optineat,</span> 
     </span>
    </p>
   </div>
   <div class='ocr_carea' id='block_1_6' title="bbox 85 641 1719 715">
    <p class='ocr_par' dir='ltr' id='par_1_6' title="bbox 85 641 1719 715">
     <span class='ocr_line' id='line_1_6' title="bbox 85 641 1719 715; baseline -0.001 -13"><span class='ocrx_word' id='word_1_29' title='bbox 85 649 403 702; x_wconf 88' lang='lat' dir='ltr'>nostrorum</span> <span class='ocrx_word' id='word_1_30' title='bbox 440 641 696 699; x_wconf 86' lang='lat' dir='ltr'>ﬁdelium</span> <span class='ocrx_word' id='word_1_31' title='bbox 736 642 1005 700; x_wconf 91' lang='lat' dir='ltr'>manibus</span> <span class='ocrx_word' id='word_1_32' title='bbox 1039 642 1492 715; x_wconf 62' lang='lat' dir='ltr'>praesentialiter</span> <span class='ocrx_word' id='word_1_33' title='bbox 1522 659 1719 700; x_wconf 89' lang='lat' dir='ltr'>corro-</span> 
     </span>
    </p>
   </div>
   <div class='ocr_carea' id='block_1_7' title="bbox 87 731 686 791">
    <p class='ocr_par' dir='ltr' id='par_1_7' title="bbox 87 731 686 791">
     <span class='ocr_line' id='line_1_7' title="bbox 87 731 686 791; baseline -0.007 0"><span class='ocrx_word' id='word_1_34' title='bbox 87 732 268 791; x_wconf 87' lang='lat' dir='ltr'>borari</span> <span class='ocrx_word' id='word_1_35' title='bbox 298 731 686 789; x_wconf 83' lang='lat' dir='ltr'>decrevimus.</span> 
     </span>
    </p>
   </div>
   <div class='ocr_carea' id='block_1_8' title="bbox 157 819 1716 892">
    <p class='ocr_par' dir='ltr' id='par_1_8' title="bbox 157 819 1716 892">
     <span class='ocr_line' id='line_1_8' title="bbox 157 819 1716 892; baseline 0.005 -21"><span class='ocrx_word' id='word_1_36' title='bbox 157 846 181 871; x_wconf 72' lang='grc'>.</span> <span class='ocrx_word' id='word_1_37' title='bbox 211 823 350 878; x_wconf 84' lang='lat' dir='ltr'>Ann.</span> <span class='ocrx_word' id='word_1_38' title='bbox 401 821 514 877; x_wconf 90' lang='lat' dir='ltr'>inc.</span> <span class='ocrx_word' id='word_1_39' title='bbox 561 822 722 876; x_wconf 90' lang='lat' dir='ltr'>Dom.</span> <span class='ocrx_word' id='word_1_40' title='bbox 777 824 900 890; x_wconf 76' lang='lat'>952,</span> <span class='ocrx_word' id='word_1_41' title='bbox 948 819 1266 878; x_wconf 85' lang='lat' dir='ltr'>indictione</span> <span class='ocrx_word' id='word_1_42' title='bbox 1318 820 1403 890; x_wconf 84' lang='lat' dir='ltr'>I0,</span> <span class='ocrx_word' id='word_1_43' title='bbox 1452 834 1614 879; x_wconf 88' lang='lat' dir='ltr'>conc.</span> <span class='ocrx_word' id='word_1_44' title='bbox 1665 825 1716 892; x_wconf 75' lang='grc'>4,</span> 
     </span>
    </p>
   </div>
   <div class='ocr_carea' id='block_1_9' title="bbox 87 907 1721 981">
    <p class='ocr_par' dir='ltr' id='par_1_9' title="bbox 87 907 1721 981">
     <span class='ocr_line' id='line_1_9' title="bbox 87 907 1721 981; baseline 0.001 -16"><span class='ocrx_word' id='word_1_45' title='bbox 87 914 274 981; x_wconf 86' lang='lat' dir='ltr'>epacta</span> <span class='ocrx_word' id='word_1_46' title='bbox 298 914 384 979; x_wconf 74' lang='lat'>22,</span> <span class='ocrx_word' id='word_1_47' title='bbox 411 909 519 964; x_wconf 91' lang='lat' dir='ltr'>hec</span> <span class='ocrx_word' id='word_1_48' title='bbox 536 913 700 964; x_wconf 88' lang='lat' dir='ltr'>carta</span> <span class='ocrx_word' id='word_1_49' title='bbox 732 907 1094 977; x_wconf 90' lang='lat' dir='ltr'>conﬁrmata,</span> <span class='ocrx_word' id='word_1_50' title='bbox 1129 910 1512 966; x_wconf 85' lang='lat' dir='ltr'>corroborata</span> <span class='ocrx_word' id='word_1_51' title='bbox 1545 914 1721 980; x_wconf 91' lang='lat' dir='ltr'>atque</span> 
     </span>
    </p>
   </div>
   <div class='ocr_carea' id='block_1_10' title="bbox 88 995 1722 1070">
    <p class='ocr_par' dir='ltr' id='par_1_10' title="bbox 88 995 1722 1070">
     <span class='ocr_line' id='line_1_10' title="bbox 88 995 1722 1070; baseline 0.002 -15"><span class='ocrx_word' id='word_1_52' title='bbox 88 998 404 1070; x_wconf 86' lang='lat' dir='ltr'>conscripta</span> <span class='ocrx_word' id='word_1_53' title='bbox 457 1001 571 1066; x_wconf 90' lang='lat' dir='ltr'>est,</span> <span class='ocrx_word' id='word_1_54' title='bbox 626 996 1003 1067; x_wconf 68' lang='lat' dir='ltr'>[praesidente</span> <span class='ocrx_word' id='word_1_55' title='bbox 1042 995 1110 1029; x_wconf 83' lang='grc'>²⁶⁹</span> <span class='ocrx_word' id='word_1_56' title='bbox 1141 997 1409 1056; x_wconf 76' lang='lat' dir='ltr'>Romanae</span> <span class='ocrx_word' id='word_1_57' title='bbox 1457 997 1722 1058; x_wconf 64' lang='lat' dir='ltr'>ecclesia)</span> 
     </span>
    </p>
   </div>
   <div class='ocr_carea' id='block_1_11' title="bbox 86 1083 1724 1159">
    <p class='ocr_par' dir='ltr' id='par_1_11' title="bbox 86 1083 1724 1159">
     <span class='ocr_line' id='line_1_11' title="bbox 86 1083 1724 1159; baseline 0.002 -18"><span class='ocrx_word' id='word_1_58' title='bbox 86 1101 223 1158; x_wconf 90' lang='lat' dir='ltr'>papa</span> <span class='ocrx_word' id='word_1_59' title='bbox 243 1085 500 1147; x_wconf 76' lang='lat' dir='ltr'>Adriano</span> <span class='ocrx_word' id='word_1_60' title='bbox 518 1099 669 1140; x_wconf 91' lang='lat' dir='ltr'>anno</span> <span class='ocrx_word' id='word_1_61' title='bbox 691 1083 904 1156; x_wconf 87' lang='lat' dir='ltr'>sexto],</span> <span class='ocrx_word' id='word_1_62' title='bbox 929 1089 1212 1154; x_wconf 86' lang='lat' dir='ltr'>regnante</span> <span class='ocrx_word' id='word_1_63' title='bbox 1236 1086 1460 1143; x_wconf 87' lang='lat' dir='ltr'>Othone</span> <span class='ocrx_word' id='word_1_64' title='bbox 1479 1087 1724 1159; x_wconf 90' lang='lat' dir='ltr'>impera-</span> 
     </span>
    </p>
   </div>
   <div class='ocr_carea' id='block_1_12' title="bbox 88 1173 1720 1247">
    <p class='ocr_par' dir='ltr' id='par_1_12' title="bbox 88 1173 1720 1247">
     <span class='ocr_line' id='line_1_12' title="bbox 88 1173 1720 1247; baseline 0.002 -19"><span class='ocrx_word' id='word_1_65' title='bbox 88 1180 207 1230; x_wconf 86' lang='lat' dir='ltr'>tore</span> <span class='ocrx_word' id='word_1_66' title='bbox 255 1178 504 1244; x_wconf 88' lang='lat' dir='ltr'>augusto</span> <span class='ocrx_word' id='word_1_67' title='bbox 548 1188 698 1230; x_wconf 90' lang='lat' dir='ltr'>anno</span> <span class='ocrx_word' id='word_1_68' title='bbox 750 1173 912 1242; x_wconf 83' lang='lat' dir='ltr'>regni</span> <span class='ocrx_word' id='word_1_69' title='bbox 961 1174 1050 1230; x_wconf 89' lang='lat' dir='ltr'>sui</span> <span class='ocrx_word' id='word_1_70' title='bbox 1105 1173 1161 1230; x_wconf 89' lang='lat' dir='ltr'>in</span> <span class='ocrx_word' id='word_1_71' title='bbox 1208 1173 1375 1232; x_wconf 88' lang='lat' dir='ltr'>Italia</span> <span class='ocrx_word' id='word_1_72' title='bbox 1424 1174 1631 1247; x_wconf 93' lang='lat' dir='ltr'>primo,</span> <span class='ocrx_word' id='word_1_73' title='bbox 1666 1176 1720 1232; x_wconf 93' lang='lat' dir='ltr'>in</span> 
     </span>
    </p>
   </div>
   <div class='ocr_carea' id='block_1_13' title="bbox 94 1260 1725 1332">
    <p class='ocr_par' dir='ltr' id='par_1_13' title="bbox 94 1260 1725 1332">
     <span class='ocr_line' id='line_1_13' title="bbox 94 1260 1725 1332; baseline 0.003 -15"><span class='ocrx_word' id='word_1_74' title='bbox 94 1262 315 1317; x_wconf 85' lang='lat' dir='ltr'>Francia</span> <span class='ocrx_word' id='word_1_75' title='bbox 355 1265 445 1331; x_wconf 86' lang='grc'>16,</span> <span class='ocrx_word' id='word_1_76' title='bbox 481 1260 856 1332; x_wconf 86' lang='lat' dir='ltr'>episcopatus</span> <span class='ocrx_word' id='word_1_77' title='bbox 900 1274 1041 1319; x_wconf 90' lang='lat' dir='ltr'>vero</span> <span class='ocrx_word' id='word_1_78' title='bbox 1090 1262 1274 1319; x_wconf 85' lang='lat' dir='ltr'>nostri</span> <span class='ocrx_word' id='word_1_79' title='bbox 1317 1277 1466 1318; x_wconf 90' lang='lat' dir='ltr'>anno</span> <span class='ocrx_word' id='word_1_80' title='bbox 1508 1263 1725 1323; x_wconf 89' lang='lat' dir='ltr'>duode-</span> 
     </span>
    </p>
   </div>
   <div class='ocr_carea' id='block_1_14' title="bbox 91 1348 1720 1423">
    <p class='ocr_par' dir='ltr' id='par_1_14' title="bbox 91 1348 1720 1423">
     <span class='ocr_line' id='line_1_14' title="bbox 91 1348 1720 1423; baseline 0.001 -17"><span class='ocrx_word' id='word_1_81' title='bbox 91 1349 245 1406; x_wconf 91' lang='lat' dir='ltr'>cimo.</span> <span class='ocrx_word' id='word_1_82' title='bbox 277 1349 397 1419; x_wconf 87' lang='lat' dir='ltr'>Ego</span> <span class='ocrx_word' id='word_1_83' title='bbox 422 1349 812 1418; x_wconf 86' lang='lat' dir='ltr'>Berengarius</span> <span class='ocrx_word' id='word_1_84' title='bbox 841 1348 1054 1421; x_wconf 63' lang='lat' dir='ltr'>praesul</span> <span class='ocrx_word' id='word_1_85' title='bbox 1078 1350 1351 1419; x_wconf 90' lang='lat' dir='ltr'>indignus</span> <span class='ocrx_word' id='word_1_86' title='bbox 1375 1351 1720 1423; x_wconf 87' lang='lat' dir='ltr'>subscripsi.</span> 
     </span>
    </p>
   </div>
   <div class='ocr_carea' id='block_1_15' title="bbox 90 1437 1723 1509">
    <p class='ocr_par' dir='ltr' id='par_1_15' title="bbox 90 1437 1723 1509">
     <span class='ocr_line' id='line_1_15' title="bbox 90 1437 1723 1509; baseline 0.004 -18"><span class='ocrx_word' id='word_1_87' title='bbox 90 1438 232 1507; x_wconf 85' lang='lat' dir='ltr'>Sign.</span> <span class='ocrx_word' id='word_1_88' title='bbox 262 1437 567 1494; x_wconf 87' lang='lat' dir='ltr'>llumberti</span> <span class='ocrx_word' id='word_1_89' title='bbox 602 1438 853 1508; x_wconf 88' lang='lat' dir='ltr'>abbatis,</span> <span class='ocrx_word' id='word_1_90' title='bbox 887 1438 1145 1495; x_wconf 84' lang='lat' dir='ltr'>Vodonis</span> <span class='ocrx_word' id='word_1_91' title='bbox 1198 1439 1446 1509; x_wconf 89' lang='lat' dir='ltr'>abbatis,</span> <span class='ocrx_word' id='word_1_92' title='bbox 1484 1441 1723 1497; x_wconf 90' lang='lat' dir='ltr'>Berardi</span> 
     </span>
    </p>
   </div>
   <div class='ocr_carea' id='block_1_16' title="bbox 86 1525 1725 1599">
    <p class='ocr_par' dir='ltr' id='par_1_16' title="bbox 86 1525 1725 1599">
     <span class='ocr_line' id='line_1_16' title="bbox 86 1525 1725 1599; baseline 0.002 -18"><span class='ocrx_word' id='word_1_93' title='bbox 86 1525 322 1594; x_wconf 88' lang='lat' dir='ltr'>abbatis,</span> <span class='ocrx_word' id='word_1_94' title='bbox 350 1525 612 1583; x_wconf 87' lang='lat' dir='ltr'>Bernerii</span> <span class='ocrx_word' id='word_1_95' title='bbox 652 1526 971 1597; x_wconf 68' lang='lat' dir='ltr'>praepositi,</span> <span class='ocrx_word' id='word_1_96' title='bbox 997 1526 1193 1584; x_wconf 83' lang='lat' dir='ltr'>Alardi</span> <span class='ocrx_word' id='word_1_97' title='bbox 1223 1527 1546 1599; x_wconf 73' lang='lat' dir='ltr'>prmpositi,</span> <span class='ocrx_word' id='word_1_98' title='bbox 1570 1532 1725 1585; x_wconf 90' lang='lat' dir='ltr'>cete-</span> 
     </span>
    </p>
   </div>
   <div class='ocr_carea' id='block_1_17' title="bbox 92 1614 1723 1684">
    <p class='ocr_par' dir='ltr' id='par_1_17' title="bbox 92 1614 1723 1684">
     <span class='ocr_line' id='line_1_17' title="bbox 92 1614 1723 1684; baseline 0.002 -15"><span class='ocrx_word' id='word_1_99' title='bbox 92 1629 387 1684; x_wconf 88' lang='lat' dir='ltr'>rorumque</span> <span class='ocrx_word' id='word_1_100' title='bbox 417 1614 774 1672; x_wconf 89' lang='lat' dir='ltr'>clericorum</span> <span class='ocrx_word' id='word_1_101' title='bbox 804 1620 863 1671; x_wconf 90' lang='lat' dir='ltr'>et</span> <span class='ocrx_word' id='word_1_102' title='bbox 893 1615 1307 1673; x_wconf 85' lang='lat' dir='ltr'>monachorum</span> <span class='ocrx_word' id='word_1_103' title='bbox 1338 1616 1473 1673; x_wconf 90' lang='lat' dir='ltr'>huic</span> <span class='ocrx_word' id='word_1_104' title='bbox 1505 1617 1723 1674; x_wconf 67' lang='lat' dir='ltr'>chartae</span> 
     </span>
    </p>
   </div>
   <div class='ocr_carea' id='block_1_18' title="bbox 87 1702 1724 1763">
    <p class='ocr_par' dir='ltr' id='par_1_18' title="bbox 87 1702 1724 1763">
     <span class='ocr_line' id='line_1_18' title="bbox 87 1702 1724 1763; baseline 0.003 -7"><span class='ocrx_word' id='word_1_105' title='bbox 87 1702 284 1758; x_wconf 81' lang='lat' dir='ltr'>devote</span> <span class='ocrx_word' id='word_1_106' title='bbox 314 1702 640 1758; x_wconf 82' lang='lat' dir='ltr'>faventium</span> <span class='ocrx_word' id='word_1_107' title='bbox 686 1708 743 1758; x_wconf 91' lang='lat' dir='ltr'>et</span> <span class='ocrx_word' id='word_1_108' title='bbox 784 1702 1063 1760; x_wconf 84' lang='lat' dir='ltr'>nobilium</span> <span class='ocrx_word' id='word_1_109' title='bbox 1105 1703 1385 1760; x_wconf 91' lang='lat' dir='ltr'>Iaicorum</span> <span class='ocrx_word' id='word_1_110' title='bbox 1428 1705 1724 1763; x_wconf 86' lang='lat' dir='ltr'>Godet‘ridi</span> 
     </span>
    </p>
   </div>
   <div class='ocr_carea' id='block_1_19' title="bbox 86 1790 1474 1861">
    <p class='ocr_par' dir='ltr' id='par_1_19' title="bbox 86 1790 1474 1861">
     <span class='ocr_line' id='line_1_19' title="bbox 86 1790 1474 1861; baseline -0.001 -14"><span class='ocrx_word' id='word_1_111' title='bbox 86 1791 325 1858; x_wconf 89' lang='lat' dir='ltr'>comitis,</span> <span class='ocrx_word' id='word_1_112' title='bbox 359 1790 622 1861; x_wconf 87' lang='lat' dir='ltr'>Givardi,</span> <span class='ocrx_word' id='word_1_113' title='bbox 665 1791 936 1847; x_wconf 83' lang='lat' dir='ltr'>Adelardi</span> <span class='ocrx_word' id='word_1_114' title='bbox 970 1796 1029 1848; x_wconf 90' lang='lat' dir='ltr'>et</span> <span class='ocrx_word' id='word_1_115' title='bbox 1058 1794 1409 1849; x_wconf 89' lang='lat' dir='ltr'>ceterorum.</span> <span class='ocrx_word' id='word_1_116' title='bbox 1445 1810 1474 1845; x_wconf 87' lang='grc'>››</span> 
     </span>
    </p>
   </div>
   <div class='ocr_carea' id='block_1_20' title="bbox 154 1878 1727 1952">
    <p class='ocr_par' dir='ltr' id='par_1_20' title="bbox 154 1878 1727 1952">
     <span class='ocr_line' id='line_1_20' title="bbox 154 1878 1727 1952; baseline 0.004 -19"><span class='ocrx_word' id='word_1_117' title='bbox 154 1881 277 1950; x_wconf 88' lang='lat' dir='ltr'>Ipso</span> <span class='ocrx_word' id='word_1_118' title='bbox 307 1894 461 1936; x_wconf 90' lang='lat' dir='ltr'>anno</span> <span class='ocrx_word' id='word_1_119' title='bbox 494 1893 525 1935; x_wconf 94' lang='lat' dir='ltr'>a</span> <span class='ocrx_word' id='word_1_120' title='bbox 562 1878 828 1935; x_wconf 89' lang='lat' dir='ltr'>Conrado</span> <span class='ocrx_word' id='word_1_121' title='bbox 870 1879 1017 1936; x_wconf 92' lang='lat' dir='ltr'>duce</span> <span class='ocrx_word' id='word_1_122' title='bbox 1059 1881 1294 1952; x_wconf 90' lang='lat' dir='ltr'>quidam</span> <span class='ocrx_word' id='word_1_123' title='bbox 1330 1880 1727 1939; x_wconf 89' lang='lat' dir='ltr'>Virdunenses</span> 
     </span>
    </p>
   </div>
   <div class='ocr_carea' id='block_1_21' title="bbox 86 1966 760 2039">
    <p class='ocr_par' dir='ltr' id='par_1_21' title="bbox 86 1966 760 2039">
     <span class='ocr_line' id='line_1_21' title="bbox 86 1966 760 2039; baseline 0 -17"><span class='ocrx_word' id='word_1_124' title='bbox 86 1966 396 2024; x_wconf 86' lang='lat' dir='ltr'>honoribus</span> <span class='ocrx_word' id='word_1_125' title='bbox 423 1967 760 2039; x_wconf 88' lang='lat' dir='ltr'>privantur.</span> 
     </span>
    </p>
   </div>
   <div class='ocr_carea' id='block_1_22' title="bbox 155 2054 1728 2128">
    <p class='ocr_par' dir='ltr' id='par_1_22' title="bbox 155 2054 1728 2128">
     <span class='ocr_line' id='line_1_22' title="bbox 155 2054 1728 2128; baseline 0.003 -17"><span class='ocrx_word' id='word_1_126' title='bbox 155 2054 363 2128; x_wconf 85' lang='lat' dir='ltr'>[FLon.]</span> <span class='ocrx_word' id='word_1_127' title='bbox 396 2060 566 2112; x_wconf 80' lang='lat' dir='ltr'>Anno</span> <span class='ocrx_word' id='word_1_128' title='bbox 596 2056 668 2111; x_wconf 91' lang='lat' dir='ltr'>ab</span> <span class='ocrx_word' id='word_1_129' title='bbox 700 2054 811 2113; x_wconf 88' lang='lat' dir='ltr'>inc.</span> <span class='ocrx_word' id='word_1_130' title='bbox 857 2057 1016 2113; x_wconf 90' lang='lat' dir='ltr'>Dom.</span> <span class='ocrx_word' id='word_1_131' title='bbox 1051 2058 1172 2126; x_wconf 72' lang='lat'>952,</span> <span class='ocrx_word' id='word_1_132' title='bbox 1207 2055 1359 2113; x_wconf 89' lang='lat' dir='ltr'>Otho</span> <span class='ocrx_word' id='word_1_133' title='bbox 1388 2071 1491 2114; x_wconf 90' lang='lat' dir='ltr'>rex</span> <span class='ocrx_word' id='word_1_134' title='bbox 1519 2058 1728 2114; x_wconf 89' lang='lat' dir='ltr'>Beren-</span> 
     </span>
    </p>
   </div>
   <div class='ocr_carea' id='block_1_23' title="bbox 87 2142 1723 2216">
    <p class='ocr_par' dir='ltr' id='par_1_23' title="bbox 87 2142 1723 2216">
     <span class='ocr_line' id='line_1_23' title="bbox 87 2142 1723 2216; baseline 0.002 -18"><span class='ocrx_word' id='word_1_135' title='bbox 87 2158 295 2214; x_wconf 77' lang='lat' dir='ltr'>garium</span> <span class='ocrx_word' id='word_1_136' title='bbox 327 2158 530 2213; x_wconf 89' lang='lat' dir='ltr'>regem</span> <span class='ocrx_word' id='word_1_137' title='bbox 564 2142 750 2199; x_wconf 68' lang='lat' dir='ltr'>Italiae</span> <span class='ocrx_word' id='word_1_138' title='bbox 773 2148 828 2199; x_wconf 91' lang='lat' dir='ltr'>et</span> <span class='ocrx_word' id='word_1_139' title='bbox 853 2148 1037 2200; x_wconf 89' lang='lat' dir='ltr'>totam</span> <span class='ocrx_word' id='word_1_140' title='bbox 1061 2144 1172 2201; x_wconf 91' lang='lat' dir='ltr'>sibi</span> <span class='ocrx_word' id='word_1_141' title='bbox 1194 2145 1445 2216; x_wconf 88' lang='lat' dir='ltr'>subjecit</span> <span class='ocrx_word' id='word_1_142' title='bbox 1480 2145 1723 2202; x_wconf 90' lang='lat' dir='ltr'>Italiam.</span> 
     </span>
    </p>
   </div>
   <div class='ocr_carea' id='block_1_24' title="bbox 94 2232 1726 2303">
    <p class='ocr_par' dir='ltr' id='par_1_24' title="bbox 94 2232 1726 2303">
     <span class='ocr_line' id='line_1_24' title="bbox 94 2232 1726 2303; baseline 0.002 -15"><span class='ocrx_word' id='word_1_143' title='bbox 94 2232 347 2303; x_wconf 74' lang='lat' dir='ltr'>Sequenti</span> <span class='ocrx_word' id='word_1_144' title='bbox 383 2247 539 2288; x_wconf 88' lang='lat' dir='ltr'>anno</span> <span class='ocrx_word' id='word_1_145' title='bbox 595 2232 918 2288; x_wconf 86' lang='lat' dir='ltr'>Conradum</span> <span class='ocrx_word' id='word_1_146' title='bbox 970 2232 1174 2290; x_wconf 91' lang='lat' dir='ltr'>ducem</span> <span class='ocrx_word' id='word_1_147' title='bbox 1206 2248 1236 2289; x_wconf 91' lang='lat' dir='ltr'>a</span> <span class='ocrx_word' id='word_1_148' title='bbox 1270 2234 1486 2290; x_wconf 89' lang='lat' dir='ltr'>ducatu</span> <span class='ocrx_word' id='word_1_149' title='bbox 1519 2235 1726 2291; x_wconf 87' lang='lat' dir='ltr'>Letha-</span> 
     </span>
    </p>
   </div>
   <div class='ocr_carea' id='block_1_25' title="bbox 96 2319 1731 2391">
    <p class='ocr_par' dir='ltr' id='par_1_25' title="bbox 96 2319 1731 2391">
     <span class='ocr_line' id='line_1_25' title="bbox 96 2319 1731 2391; baseline 0.002 -16"><span class='ocrx_word' id='word_1_150' title='bbox 96 2319 350 2376; x_wconf 89' lang='lat' dir='ltr'>riensium</span> <span class='ocrx_word' id='word_1_151' title='bbox 375 2322 693 2388; x_wconf 89' lang='lat' dir='ltr'>remotum,</span> <span class='ocrx_word' id='word_1_152' title='bbox 722 2319 1085 2391; x_wconf 87' lang='lat' dir='ltr'>Mogontiam,</span> <span class='ocrx_word' id='word_1_153' title='bbox 1112 2321 1207 2376; x_wconf 91' lang='lat' dir='ltr'>ubi</span> <span class='ocrx_word' id='word_1_154' title='bbox 1230 2336 1290 2377; x_wconf 93' lang='lat' dir='ltr'>se</span> <span class='ocrx_word' id='word_1_155' title='bbox 1316 2321 1613 2379; x_wconf 87' lang='lat' dir='ltr'>Conradus</span> <span class='ocrx_word' id='word_1_156' title='bbox 1644 2337 1731 2379; x_wconf 89' lang='lat' dir='ltr'>re-</span> 
     </span>
    </p>
   </div>
   <div class='ocr_carea' id='block_1_26' title="bbox 98 2407 1731 2480">
    <p class='ocr_par' dir='ltr' id='par_1_26' title="bbox 98 2407 1731 2480">
     <span class='ocr_line' id='line_1_26' title="bbox 98 2407 1731 2480; baseline 0.002 -16"><span class='ocrx_word' id='word_1_157' title='bbox 98 2414 334 2479; x_wconf 85' lang='lat' dir='ltr'>ceperat,</span> <span class='ocrx_word' id='word_1_158' title='bbox 378 2407 642 2478; x_wconf 88' lang='lat' dir='ltr'>obsedit,</span> <span class='ocrx_word' id='word_1_159' title='bbox 673 2413 731 2464; x_wconf 89' lang='lat' dir='ltr'>et</span> <span class='ocrx_word' id='word_1_160' title='bbox 762 2409 939 2480; x_wconf 88' lang='lat' dir='ltr'>cepit,</span> <span class='ocrx_word' id='word_1_161' title='bbox 973 2413 1029 2466; x_wconf 90' lang='lat' dir='ltr'>et</span> <span class='ocrx_word' id='word_1_162' title='bbox 1064 2410 1363 2466; x_wconf 89' lang='lat' dir='ltr'>Conradus</span> <span class='ocrx_word' id='word_1_163' title='bbox 1404 2410 1624 2467; x_wconf 84' lang='lat' dir='ltr'>Mettim</span> <span class='ocrx_word' id='word_1_164' title='bbox 1667 2425 1731 2468; x_wconf 90' lang='lat' dir='ltr'>se</span> 
     </span>
    </p>
   </div>
   <div class='ocr_carea' id='block_1_27' title="bbox 103 2496 1731 2567">
    <p class='ocr_par' dir='ltr' id='par_1_27' title="bbox 103 2496 1731 2567">
     <span class='ocr_line' id='line_1_27' title="bbox 103 2496 1731 2567; baseline 0.002 -16"><span class='ocrx_word' id='word_1_165' title='bbox 103 2496 321 2567; x_wconf 85' lang='lat' dir='ltr'>recepit.</span> <span class='ocrx_word' id='word_1_166' title='bbox 344 2496 487 2553; x_wconf 87' lang='lat' dir='ltr'>Orta</span> <span class='ocrx_word' id='word_1_167' title='bbox 510 2498 603 2552; x_wconf 89' lang='lat' dir='ltr'>est</span> <span class='ocrx_word' id='word_1_168' title='bbox 622 2500 815 2551; x_wconf 90' lang='lat' dir='ltr'>autem</span> <span class='ocrx_word' id='word_1_169' title='bbox 835 2496 1127 2553; x_wconf 86' lang='lat' dir='ltr'>discordia</span> <span class='ocrx_word' id='word_1_170' title='bbox 1155 2497 1731 2554; x_wconf 74' lang='lat' dir='ltr'>haecinterOttonem</span> 
     </span>
    </p>
   </div>
   <div class='ocr_carea' id='block_1_28' title="bbox 104 2584 1733 2656">
    <p class='ocr_par' dir='ltr' id='par_1_28' title="bbox 104 2584 1733 2656">
     <span class='ocr_line' id='line_1_28' title="bbox 104 2584 1733 2656; baseline 0.002 -18"><span class='ocrx_word' id='word_1_171' title='bbox 104 2587 152 2638; x_wconf 87' lang='lat' dir='ltr'>et</span> <span class='ocrx_word' id='word_1_172' title='bbox 176 2584 461 2656; x_wconf 90' lang='lat' dir='ltr'>principes</span> <span class='ocrx_word' id='word_1_173' title='bbox 484 2584 643 2654; x_wconf 85' lang='lat' dir='ltr'>ejus,</span> <span class='ocrx_word' id='word_1_174' title='bbox 675 2584 807 2655; x_wconf 90' lang='lat' dir='ltr'>quia</span> <span class='ocrx_word' id='word_1_175' title='bbox 843 2584 1226 2656; x_wconf 88' lang='lat' dir='ltr'>promittebat</span> <span class='ocrx_word' id='word_1_176' title='bbox 1257 2600 1497 2655; x_wconf 84' lang='lat' dir='ltr'>regnum</span> <span class='ocrx_word' id='word_1_177' title='bbox 1522 2585 1639 2641; x_wconf 85' lang='lat' dir='ltr'>ﬁlio</span> <span class='ocrx_word' id='word_1_178' title='bbox 1661 2601 1733 2642; x_wconf 88' lang='lat' dir='ltr'>ex</span> 
     </span>
    </p>
   </div>
   <div class='ocr_carea' id='block_1_29' title="bbox 106 2671 1735 2746">
    <p class='ocr_par' dir='ltr' id='par_1_29' title="bbox 106 2671 1735 2746">
     <span class='ocr_line' id='line_1_29' title="bbox 106 2671 1735 2746; baseline 0.002 -20"><span class='ocrx_word' id='word_1_179' title='bbox 106 2671 358 2731; x_wconf 87' lang='lat' dir='ltr'>moderna</span> <span class='ocrx_word' id='word_1_180' title='bbox 381 2674 639 2743; x_wconf 83' lang='lat' dir='ltr'>conjuge</span> <span class='ocrx_word' id='word_1_181' title='bbox 663 2675 819 2740; x_wconf 89' lang='lat' dir='ltr'>nato,</span> <span class='ocrx_word' id='word_1_182' title='bbox 851 2673 1003 2744; x_wconf 92' lang='lat' dir='ltr'>quod</span> <span class='ocrx_word' id='word_1_183' title='bbox 1029 2677 1336 2744; x_wconf 89' lang='lat' dir='ltr'>antequam</span> <span class='ocrx_word' id='word_1_184' title='bbox 1358 2673 1582 2730; x_wconf 87' lang='lat' dir='ltr'>Italiam</span> <span class='ocrx_word' id='word_1_185' title='bbox 1607 2689 1735 2746; x_wconf 90' lang='lat' dir='ltr'>per-</span> 
     </span>
    </p>
   </div>
   <div class='ocr_carea' id='block_1_30' title="bbox 103 2760 1733 2834">
    <p class='ocr_par' dir='ltr' id='par_1_30' title="bbox 103 2760 1733 2834">
     <span class='ocr_line' id='line_1_30' title="bbox 103 2760 1733 2834; baseline 0.002 -19"><span class='ocrx_word' id='word_1_186' title='bbox 103 2763 247 2829; x_wconf 85' lang='lat' dir='ltr'>geret</span> <span class='ocrx_word' id='word_1_187' title='bbox 298 2760 418 2819; x_wconf 88' lang='lat' dir='ltr'>ﬁlio</span> <span class='ocrx_word' id='word_1_188' title='bbox 467 2775 582 2818; x_wconf 91' lang='lat' dir='ltr'>suo</span> <span class='ocrx_word' id='word_1_189' title='bbox 627 2760 879 2817; x_wconf 85' lang='lat' dir='ltr'>Liutulfo</span> <span class='ocrx_word' id='word_1_190' title='bbox 932 2760 1328 2833; x_wconf 86' lang='lat' dir='ltr'>delegaverat,</span> <span class='ocrx_word' id='word_1_191' title='bbox 1360 2764 1416 2817; x_wconf 92' lang='lat' dir='ltr'>et</span> <span class='ocrx_word' id='word_1_192' title='bbox 1452 2762 1733 2834; x_wconf 89' lang='lat' dir='ltr'>primates</span> 
     </span>
    </p>
   </div>
   <div class='ocr_carea' id='block_1_31' title="bbox 106 2849 1735 2921">
    <p class='ocr_par' dir='ltr' id='par_1_31' title="bbox 106 2849 1735 2921">
     <span class='ocr_line' id='line_1_31' title="bbox 106 2849 1735 2921; baseline 0.003 -17"><span class='ocrx_word' id='word_1_193' title='bbox 106 2864 227 2906; x_wconf 90' lang='lat' dir='ltr'>suos</span> <span class='ocrx_word' id='word_1_194' title='bbox 252 2850 330 2905; x_wconf 92' lang='lat' dir='ltr'>illi</span> <span class='ocrx_word' id='word_1_195' title='bbox 357 2851 567 2921; x_wconf 88' lang='lat' dir='ltr'>jurare</span> <span class='ocrx_word' id='word_1_196' title='bbox 603 2849 840 2905; x_wconf 80' lang='lat' dir='ltr'>fecerat.</span> <span class='ocrx_word' id='word_1_197' title='bbox 876 2849 982 2917; x_wconf 87' lang='lat' dir='ltr'>Qui</span> <span class='ocrx_word' id='word_1_198' title='bbox 1016 2849 1327 2921; x_wconf 84' lang='lat' dir='ltr'>Liutulfus,</span> <span class='ocrx_word' id='word_1_199' title='bbox 1359 2865 1489 2908; x_wconf 89' lang='lat' dir='ltr'>cum</span> <span class='ocrx_word' id='word_1_200' title='bbox 1522 2852 1596 2908; x_wconf 92' lang='lat' dir='ltr'>ob</span> <span class='ocrx_word' id='word_1_201' title='bbox 1627 2850 1735 2909; x_wconf 92' lang='lat' dir='ltr'>hoc</span> 
     </span>
    </p>
   </div>
   <div class='ocr_carea' id='block_1_32' title="bbox 108 2937 1737 3008">
    <p class='ocr_par' dir='ltr' id='par_1_32' title="bbox 108 2937 1737 3008">
     <span class='ocr_line' id='line_1_32' title="bbox 108 2937 1737 3008; baseline 0.002 -17"><span class='ocrx_word' id='word_1_202' title='bbox 108 2937 266 2994; x_wconf 90' lang='lat' dir='ltr'>multa</span> <span class='ocrx_word' id='word_1_203' title='bbox 295 2938 441 2995; x_wconf 90' lang='lat' dir='ltr'>mala</span> <span class='ocrx_word' id='word_1_204' title='bbox 466 2938 716 3008; x_wconf 88' lang='lat' dir='ltr'>egisset,</span> <span class='ocrx_word' id='word_1_205' title='bbox 742 2942 1007 2996; x_wconf 92' lang='lat' dir='ltr'>mortuus</span> <span class='ocrx_word' id='word_1_206' title='bbox 1028 2942 1118 2995; x_wconf 88' lang='lat' dir='ltr'>est</span> <span class='ocrx_word' id='word_1_207' title='bbox 1141 2954 1290 2996; x_wconf 90' lang='lat' dir='ltr'>anno</span> <span class='ocrx_word' id='word_1_208' title='bbox 1310 2943 1432 2996; x_wconf 78' lang='lat'>957.</span> <span class='ocrx_word' id='word_1_209' title='bbox 1464 2939 1737 2996; x_wconf 87' lang='lat' dir='ltr'>Paciﬁca-</span> 
     </span>
    </p>
   </div>
   <div class='ocr_carea' id='block_1_33' title="bbox 107 3027 1304 3085">
    <p class='ocr_par' dir='ltr' id='par_1_33' title="bbox 107 3027 1304 3085">
     <span class='ocr_line' id='line_1_33' title="bbox 107 3027 1304 3085; baseline 0.003 -5"><span class='ocrx_word' id='word_1_210' title='bbox 107 3027 180 3081; x_wconf 89' lang='lat' dir='ltr'>vit</span> <span class='ocrx_word' id='word_1_211' title='bbox 210 3033 393 3084; x_wconf 88' lang='lat' dir='ltr'>autem</span> <span class='ocrx_word' id='word_1_212' title='bbox 440 3028 562 3085; x_wconf 86' lang='lat' dir='ltr'>sibi</span> <span class='ocrx_word' id='word_1_213' title='bbox 592 3042 696 3084; x_wconf 88' lang='lat' dir='ltr'>rex</span> <span class='ocrx_word' id='word_1_214' title='bbox 726 3027 1048 3084; x_wconf 87' lang='lat' dir='ltr'>Conradum</span> <span class='ocrx_word' id='word_1_215' title='bbox 1080 3027 1304 3084; x_wconf 91' lang='lat' dir='ltr'>ducem.</span> 
     </span>
    </p>
   </div>
   <div class='ocr_carea' id='block_1_34' title="bbox 1830 553 3477 629">
    <p class='ocr_par' dir='ltr' id='par_1_34' title="bbox 1830 553 3477 629">
     <span class='ocr_line' id='line_1_34' title="bbox 1830 553 3477 629; baseline -0.003 -16"><span class='ocrx_word' id='word_1_216' title='bbox 1830 557 2076 629; x_wconf 84' lang='lat' dir='ltr'>accepit,</span> <span class='ocrx_word' id='word_1_217' title='bbox 2107 573 2179 615; x_wconf 82' lang='lat' dir='ltr'>ex</span> <span class='ocrx_word' id='word_1_218' title='bbox 2210 573 2321 629; x_wconf 87' lang='lat' dir='ltr'>qua</span> <span class='ocrx_word' id='word_1_219' title='bbox 2352 562 2523 614; x_wconf 88' lang='lat' dir='ltr'>natus</span> <span class='ocrx_word' id='word_1_220' title='bbox 2568 561 2663 611; x_wconf 87' lang='lat' dir='ltr'>est</span> <span class='ocrx_word' id='word_1_221' title='bbox 2713 555 2835 611; x_wconf 92' lang='lat' dir='ltr'>Odo</span> <span class='ocrx_word' id='word_1_222' title='bbox 2886 554 2981 625; x_wconf 90' lang='lat' dir='ltr'>qui</span> <span class='ocrx_word' id='word_1_223' title='bbox 3035 553 3187 624; x_wconf 91' lang='lat' dir='ltr'>apud</span> <span class='ocrx_word' id='word_1_224' title='bbox 3238 554 3477 610; x_wconf 89' lang='lat' dir='ltr'>Barrum</span> 
     </span>
    </p>
   </div>
   <div class='ocr_carea' id='block_1_35' title="bbox 1829 640 3474 712">
    <p class='ocr_par' dir='ltr' id='par_1_35' title="bbox 1829 640 3474 712">
     <span class='ocr_line' id='line_1_35' title="bbox 1829 640 3474 712; baseline -0.002 -13"><span class='ocrx_word' id='word_1_225' title='bbox 1829 644 2006 711; x_wconf 90' lang='lat' dir='ltr'>obiit;</span> <span class='ocrx_word' id='word_1_226' title='bbox 2037 648 2094 700; x_wconf 91' lang='lat' dir='ltr'>et</span> <span class='ocrx_word' id='word_1_227' title='bbox 2118 645 2188 702; x_wconf 91' lang='lat' dir='ltr'>de</span> <span class='ocrx_word' id='word_1_228' title='bbox 2212 645 2413 702; x_wconf 89' lang='lat' dir='ltr'>eadem</span> <span class='ocrx_word' id='word_1_229' title='bbox 2446 643 2718 700; x_wconf 82' lang='lat' dir='ltr'>Mathilde</span> <span class='ocrx_word' id='word_1_230' title='bbox 2746 642 2943 712; x_wconf 90' lang='lat' dir='ltr'>genita</span> <span class='ocrx_word' id='word_1_231' title='bbox 2970 645 3062 697; x_wconf 90' lang='lat' dir='ltr'>est</span> <span class='ocrx_word' id='word_1_232' title='bbox 3091 640 3266 709; x_wconf 88' lang='lat' dir='ltr'>Gisla,</span> <span class='ocrx_word' id='word_1_233' title='bbox 3304 655 3474 712; x_wconf 91' lang='lat' dir='ltr'>quam</span> 
     </span>
    </p>
   </div>
   <div class='ocr_carea' id='block_1_36' title="bbox 1831 728 3478 804">
    <p class='ocr_par' dir='ltr' id='par_1_36' title="bbox 1831 728 3478 804">
     <span class='ocr_line' id='line_1_36' title="bbox 1831 728 3478 804; baseline -0.002 -17"><span class='ocrx_word' id='word_1_234' title='bbox 1831 732 2130 790; x_wconf 89' lang='lat' dir='ltr'>Conradus</span> <span class='ocrx_word' id='word_1_235' title='bbox 2157 733 2475 804; x_wconf 89' lang='lat' dir='ltr'>imperator</span> <span class='ocrx_word' id='word_1_236' title='bbox 2506 730 2876 803; x_wconf 89' lang='lat' dir='ltr'>postmodum</span> <span class='ocrx_word' id='word_1_237' title='bbox 2910 728 3079 784; x_wconf 86' lang='lat' dir='ltr'>duxit</span> <span class='ocrx_word' id='word_1_238' title='bbox 3110 742 3370 798; x_wconf 79' lang='lat' dir='ltr'>uxorem,</span> <span class='ocrx_word' id='word_1_239' title='bbox 3405 729 3478 784; x_wconf 90' lang='lat' dir='ltr'>de</span> 
     </span>
    </p>
   </div>
   <div class='ocr_carea' id='block_1_37' title="bbox 1832 815 3479 890">
    <p class='ocr_par' dir='ltr' id='par_1_37' title="bbox 1832 815 3479 890">
     <span class='ocr_line' id='line_1_37' title="bbox 1832 815 3479 890; baseline -0.003 -13"><span class='ocrx_word' id='word_1_240' title='bbox 1832 834 1943 890; x_wconf 90' lang='lat' dir='ltr'>qua</span> <span class='ocrx_word' id='word_1_241' title='bbox 1972 821 2175 889; x_wconf 85' lang='lat' dir='ltr'>genuit</span> <span class='ocrx_word' id='word_1_242' title='bbox 2206 820 2454 877; x_wconf 88' lang='lat' dir='ltr'>tercium</span> <span class='ocrx_word' id='word_1_243' title='bbox 2488 818 2821 875; x_wconf 87' lang='lat' dir='ltr'>IIeinricum</span> <span class='ocrx_word' id='word_1_244' title='bbox 2850 815 3283 887; x_wconf 89' lang='lat' dir='ltr'>imperatorem,</span> <span class='ocrx_word' id='word_1_245' title='bbox 3310 831 3479 887; x_wconf 88' lang='lat' dir='ltr'>quem</span> 
     </span>
    </p>
   </div>
   <div class='ocr_carea' id='block_1_38' title="bbox 1832 905 3474 979">
    <p class='ocr_par' dir='ltr' id='par_1_38' title="bbox 1832 905 3474 979">
     <span class='ocr_line' id='line_1_38' title="bbox 1832 905 3474 979; baseline -0.002 -14"><span class='ocrx_word' id='word_1_246' title='bbox 1832 908 1947 979; x_wconf 83' lang='grc'>(77)</span> <span class='ocrx_word' id='word_1_247' title='bbox 1980 908 2265 965; x_wconf 83' lang='lat' dir='ltr'>Rodulfus</span> <span class='ocrx_word' id='word_1_248' title='bbox 2313 923 2436 978; x_wconf 84' lang='lat' dir='ltr'>rex,</span> <span class='ocrx_word' id='word_1_249' title='bbox 2488 906 2655 975; x_wconf 88' lang='lat' dir='ltr'>cujus</span> <span class='ocrx_word' id='word_1_250' title='bbox 2707 905 2816 961; x_wconf 80' lang='lat' dir='ltr'>fuit</span> <span class='ocrx_word' id='word_1_251' title='bbox 2867 919 3011 960; x_wconf 81' lang='lat' dir='ltr'>uxor</span> <span class='ocrx_word' id='word_1_252' title='bbox 3044 905 3474 974; x_wconf 85' lang='lat' dir='ltr'>Ermengardis,</span> 
     </span>
    </p>
   </div>
   <div class='ocr_carea' id='block_1_39' title="bbox 1834 992 3481 1069">
    <p class='ocr_par' dir='ltr' id='par_1_39' title="bbox 1834 992 3481 1069">
     <span class='ocr_line' id='line_1_39' title="bbox 1834 992 3481 1069; baseline -0.002 -15"><span class='ocrx_word' id='word_1_253' title='bbox 1834 998 2119 1069; x_wconf 90' lang='lat' dir='ltr'>quia_erat</span> <span class='ocrx_word' id='word_1_254' title='bbox 2152 998 2370 1068; x_wconf 91' lang='lat' dir='ltr'>absque</span> <span class='ocrx_word' id='word_1_255' title='bbox 2425 994 2646 1063; x_wconf 90' lang='lat' dir='ltr'>liberis,</span> <span class='ocrx_word' id='word_1_256' title='bbox 2681 998 2745 1050; x_wconf 91' lang='lat' dir='ltr'>ut</span> <span class='ocrx_word' id='word_1_257' title='bbox 2779 998 3049 1064; x_wconf 90' lang='lat' dir='ltr'>nepotem</span> <span class='ocrx_word' id='word_1_258' title='bbox 3095 1008 3280 1062; x_wconf 91' lang='lat' dir='ltr'>suum,</span> <span class='ocrx_word' id='word_1_259' title='bbox 3317 992 3481 1050; x_wconf 88' lang='lat' dir='ltr'>here-</span> 
     </span>
    </p>
   </div>
   <div class='ocr_carea' id='block_1_40' title="bbox 1835 1081 3482 1155">
    <p class='ocr_par' dir='ltr' id='par_1_40' title="bbox 1835 1081 3482 1155">
     <span class='ocr_line' id='line_1_40' title="bbox 1835 1081 3482 1155; baseline -0.001 -14"><span class='ocrx_word' id='word_1_260' title='bbox 1835 1086 1963 1142; x_wconf 90' lang='lat' dir='ltr'>dem</span> <span class='ocrx_word' id='word_1_261' title='bbox 1988 1085 2149 1155; x_wconf 86' lang='lat' dir='ltr'>regni</span> <span class='ocrx_word' id='word_1_262' title='bbox 2184 1084 2532 1155; x_wconf 69' lang='lat' dir='ltr'>Burgundiae</span> <span class='ocrx_word' id='word_1_263' title='bbox 2562 1083 2841 1154; x_wconf 90' lang='lat' dir='ltr'>instituit,</span> <span class='ocrx_word' id='word_1_264' title='bbox 2870 1086 2929 1137; x_wconf 91' lang='lat' dir='ltr'>et</span> <span class='ocrx_word' id='word_1_265' title='bbox 2953 1082 3035 1138; x_wconf 92' lang='lat' dir='ltr'>sic</span> <span class='ocrx_word' id='word_1_266' title='bbox 3060 1081 3116 1137; x_wconf 91' lang='lat' dir='ltr'>in</span> <span class='ocrx_word' id='word_1_267' title='bbox 3139 1081 3482 1139; x_wconf 78' lang='lat' dir='ltr'>dominatio~</span> 
     </span>
    </p>
   </div>
   <div class='ocr_carea' id='block_1_41' title="bbox 1834 1170 3369 1246">
    <p class='ocr_par' dir='ltr' id='par_1_41' title="bbox 1834 1170 3369 1246">
     <span class='ocr_line' id='line_1_41' title="bbox 1834 1170 3369 1246; baseline -0.003 -15"><span class='ocrx_word' id='word_1_268' title='bbox 1834 1189 1965 1232; x_wconf 91' lang='lat' dir='ltr'>nem</span> <span class='ocrx_word' id='word_1_269' title='bbox 1998 1175 2416 1246; x_wconf 89' lang='lat' dir='ltr'>imperatorum</span> <span class='ocrx_word' id='word_1_270' title='bbox 2462 1172 2693 1229; x_wconf 88' lang='lat' dir='ltr'>transiit</span> <span class='ocrx_word' id='word_1_271' title='bbox 2730 1170 3077 1241; x_wconf 73' lang='lat' dir='ltr'>Burgundize</span> <span class='ocrx_word' id='word_1_272' title='bbox 3106 1184 3369 1239; x_wconf 88' lang='lat' dir='ltr'>regnum.</span> 
     </span>
    </p>
   </div>
   <div class='ocr_carea' id='block_1_42' title="bbox 1910 1260 3483 1336">
    <p class='ocr_par' dir='ltr' id='par_1_42' title="bbox 1910 1260 3483 1336">
     <span class='ocr_line' id='line_1_42' title="bbox 1910 1260 3483 1336; baseline -0.002 -19"><span class='ocrx_word' id='word_1_273' title='bbox 1910 1264 2125 1336; x_wconf 61' lang='lat' dir='ltr'>[FLODJ</span> <span class='ocrx_word' id='word_1_274' title='bbox 2158 1264 2323 1318; x_wconf 79' lang='lat' dir='ltr'>Anno</span> <span class='ocrx_word' id='word_1_275' title='bbox 2352 1261 2550 1332; x_wconf 87' lang='lat' dir='ltr'>itaque</span> <span class='ocrx_word' id='word_1_276' title='bbox 2586 1262 2656 1318; x_wconf 91' lang='lat' dir='ltr'>ab</span> <span class='ocrx_word' id='word_1_277' title='bbox 2689 1260 2799 1316; x_wconf 89' lang='lat' dir='ltr'>inc.</span> <span class='ocrx_word' id='word_1_278' title='bbox 2832 1261 2990 1316; x_wconf 92' lang='lat' dir='ltr'>Dom.</span> <span class='ocrx_word' id='word_1_279' title='bbox 3020 1262 3142 1329; x_wconf 81' lang='lat'>956,</span> <span class='ocrx_word' id='word_1_280' title='bbox 3178 1260 3340 1329; x_wconf 81' lang='lat' dir='ltr'>Ilugo</span> <span class='ocrx_word' id='word_1_281' title='bbox 3373 1260 3483 1315; x_wconf 82' lang='lat' dir='ltr'>Ma-</span> 
     </span>
    </p>
   </div>
   <div class='ocr_carea' id='block_1_43' title="bbox 1834 1346 3480 1422">
    <p class='ocr_par' dir='ltr' id='par_1_43' title="bbox 1834 1346 3480 1422">
     <span class='ocr_line' id='line_1_43' title="bbox 1834 1346 3480 1422; baseline -0.001 -15"><span class='ocrx_word' id='word_1_282' title='bbox 1834 1366 1985 1422; x_wconf 86' lang='lat' dir='ltr'>gnus</span> <span class='ocrx_word' id='word_1_283' title='bbox 2013 1352 2179 1421; x_wconf 81' lang='lat' dir='ltr'>obiit,</span> <span class='ocrx_word' id='word_1_284' title='bbox 2214 1353 2273 1405; x_wconf 91' lang='lat' dir='ltr'>et</span> <span class='ocrx_word' id='word_1_285' title='bbox 2313 1350 2587 1407; x_wconf 88' lang='lat' dir='ltr'>ducatum</span> <span class='ocrx_word' id='word_1_286' title='bbox 2635 1349 2889 1406; x_wconf 79' lang='lat' dir='ltr'>Franciae</span> <span class='ocrx_word' id='word_1_287' title='bbox 2940 1349 3102 1416; x_wconf 90' lang='lat' dir='ltr'>Ilugo</span> <span class='ocrx_word' id='word_1_288' title='bbox 3150 1346 3307 1403; x_wconf 92' lang='lat' dir='ltr'>ﬁlius</span> <span class='ocrx_word' id='word_1_289' title='bbox 3352 1348 3480 1417; x_wconf 90' lang='lat' dir='ltr'>ejus</span> 
     </span>
    </p>
   </div>
   <div class='ocr_carea' id='block_1_44' title="bbox 1838 1435 3483 1510">
    <p class='ocr_par' dir='ltr' id='par_1_44' title="bbox 1838 1435 3483 1510">
     <span class='ocr_line' id='line_1_44' title="bbox 1838 1435 3483 1510; baseline -0.003 -13"><span class='ocrx_word' id='word_1_290' title='bbox 1838 1440 2115 1510; x_wconf 90' lang='lat' dir='ltr'>optinuit.</span> <span class='ocrx_word' id='word_1_291' title='bbox 2152 1440 2447 1495; x_wconf 89' lang='lat' dir='ltr'>Robertus</span> <span class='ocrx_word' id='word_1_292' title='bbox 2500 1452 2728 1508; x_wconf 90' lang='lat' dir='ltr'>quoque</span> <span class='ocrx_word' id='word_1_293' title='bbox 2778 1436 3138 1494; x_wconf 87' lang='lat' dir='ltr'>Trevirensis</span> <span class='ocrx_word' id='word_1_294' title='bbox 3168 1435 3483 1507; x_wconf 87' lang='lat' dir='ltr'>episcopus</span> 
     </span>
    </p>
   </div>
   <div class='ocr_carea' id='block_1_45' title="bbox 1838 1524 3484 1600">
    <p class='ocr_par' dir='ltr' id='par_1_45' title="bbox 1838 1524 3484 1600">
     <span class='ocr_line' id='line_1_45' title="bbox 1838 1524 3484 1600; baseline -0.004 -15"><span class='ocrx_word' id='word_1_295' title='bbox 1838 1528 1983 1585; x_wconf 90' lang='lat' dir='ltr'>obiit</span> <span class='ocrx_word' id='word_1_296' title='bbox 2020 1527 2370 1600; x_wconf 88' lang='lat' dir='ltr'>pestilentia,</span> <span class='ocrx_word' id='word_1_297' title='bbox 2405 1530 2460 1583; x_wconf 91' lang='lat' dir='ltr'>et</span> <span class='ocrx_word' id='word_1_298' title='bbox 2491 1526 2559 1559; x_wconf 73' lang='grc'>’⁷³</span> <span class='ocrx_word' id='word_1_299' title='bbox 2592 1526 2904 1583; x_wconf 85' lang='lat' dir='ltr'>Fulbertus</span> <span class='ocrx_word' id='word_1_300' title='bbox 2938 1524 3393 1594; x_wconf 88' lang='lat' dir='ltr'>Cameracensis,</span> <span class='ocrx_word' id='word_1_301' title='bbox 3423 1528 3484 1579; x_wconf 89' lang='lat' dir='ltr'>et</span> 
     </span>
    </p>
   </div>
   <div class='ocr_carea' id='block_1_46' title="bbox 1839 1604 3483 1687">
    <p class='ocr_par' dir='ltr' id='par_1_46' title="bbox 1839 1604 3483 1687">
     <span class='ocr_line' id='line_1_46' title="bbox 1839 1604 3483 1687; baseline -0.004 -11"><span class='ocrx_word' id='word_1_302' title='bbox 1839 1617 2105 1676; x_wconf 87' lang='lat' dir='ltr'>Hairicus</span> <span class='ocrx_word' id='word_1_303' title='bbox 2150 1616 2435 1673; x_wconf 89' lang='lat' dir='ltr'>succedit.</span> <span class='ocrx_word' id='word_1_304' title='bbox 2490 1614 2639 1671; x_wconf 88' lang='lat' dir='ltr'>Otho</span> <span class='ocrx_word' id='word_1_305' title='bbox 2694 1619 2820 1687; x_wconf 89' lang='lat' dir='ltr'>post</span> <span class='ocrx_word' id='word_1_306' title='bbox 2849 1615 2956 1671; x_wconf 87' lang='lat' dir='ltr'>hec</span> <span class='ocrx_word' id='word_1_307' title='bbox 2986 1616 3281 1671; x_wconf 86' lang='lat' dir='ltr'>Sarmatas</span> <span class='ocrx_word' id='word_1_308' title='bbox 3330 1604 3483 1669; x_wconf 81' lang='lat' dir='ltr'>bello</span> 
     </span>
    </p>
   </div>
   <div class='ocr_carea' id='block_1_47' title="bbox 1838 1708 2000 1765">
    <p class='ocr_par' dir='ltr' id='par_1_47' title="bbox 1838 1708 2000 1765">
     <span class='ocr_line' id='line_1_47' title="bbox 1838 1708 2000 1765; baseline -0.019 0"><span class='ocrx_word' id='word_1_309' title='bbox 1838 1708 2000 1765; x_wconf 86' lang='lat' dir='ltr'>vicit.</span> 
     </span>
    </p>
   </div>
   <div class='ocr_carea' id='block_1_48' title="bbox 1754 1791 3481 1875">
    <p class='ocr_par' dir='ltr' id='par_1_48' title="bbox 1754 1791 3481 1875">
     <span class='ocr_line' id='line_1_48' title="bbox 1754 1791 3481 1875; baseline -0.003 -21"><span class='ocrx_word' id='word_1_310' title='bbox 1754 1814 1809 1875; x_wconf 82' lang='grc' dir='ltr'>Β</span> <span class='ocrx_word' id='word_1_311' title='bbox 1910 1799 2072 1853; x_wconf 82' lang='lat' dir='ltr'>Anno</span> <span class='ocrx_word' id='word_1_312' title='bbox 2105 1811 2243 1852; x_wconf 90' lang='lat' dir='ltr'>vero</span> <span class='ocrx_word' id='word_1_313' title='bbox 2273 1799 2396 1865; x_wconf 81' lang='lat'>961,</span> <span class='ocrx_word' id='word_1_314' title='bbox 2423 1793 2572 1850; x_wconf 92' lang='lat' dir='ltr'>Otho</span> <span class='ocrx_word' id='word_1_315' title='bbox 2602 1792 2882 1865; x_wconf 88' lang='lat' dir='ltr'>puerulus</span> <span class='ocrx_word' id='word_1_316' title='bbox 2909 1792 2964 1847; x_wconf 92' lang='lat' dir='ltr'>in</span> <span class='ocrx_word' id='word_1_317' title='bbox 2990 1806 3183 1862; x_wconf 89' lang='lat' dir='ltr'>regem</span> <span class='ocrx_word' id='word_1_318' title='bbox 3215 1791 3481 1849; x_wconf 82' lang='lat' dir='ltr'>elevatus</span> 
     </span>
    </p>
   </div>
   <div class='ocr_carea' id='block_1_49' title="bbox 1839 1879 3483 1954">
    <p class='ocr_par' dir='ltr' id='par_1_49' title="bbox 1839 1879 3483 1954">
     <span class='ocr_line' id='line_1_49' title="bbox 1839 1879 3483 1954; baseline -0.004 -14"><span class='ocrx_word' id='word_1_319' title='bbox 1839 1887 1948 1954; x_wconf 90' lang='lat' dir='ltr'>est,</span> <span class='ocrx_word' id='word_1_320' title='bbox 1983 1887 2042 1939; x_wconf 91' lang='lat' dir='ltr'>et</span> <span class='ocrx_word' id='word_1_321' title='bbox 2074 1882 2213 1938; x_wconf 85' lang='lat' dir='ltr'>Otto</span> <span class='ocrx_word' id='word_1_322' title='bbox 2248 1886 2411 1954; x_wconf 90' lang='lat' dir='ltr'>pater</span> <span class='ocrx_word' id='word_1_323' title='bbox 2441 1881 2569 1951; x_wconf 89' lang='lat' dir='ltr'>ejus</span> <span class='ocrx_word' id='word_1_324' title='bbox 2618 1894 2767 1935; x_wconf 90' lang='lat' dir='ltr'>anno</span> <span class='ocrx_word' id='word_1_325' title='bbox 2818 1879 3087 1949; x_wconf 88' lang='lat' dir='ltr'>sequenti</span> <span class='ocrx_word' id='word_1_326' title='bbox 3118 1880 3356 1935; x_wconf 80' lang='lat' dir='ltr'>Romam</span> <span class='ocrx_word' id='word_1_327' title='bbox 3388 1894 3483 1935; x_wconf 87' lang='lat' dir='ltr'>ve-</span> 
     </span>
    </p>
   </div>
   <div class='ocr_carea' id='block_1_50' title="bbox 1840 1966 3476 2043">
    <p class='ocr_par' dir='ltr' id='par_1_50' title="bbox 1840 1966 3476 2043">
     <span class='ocr_line' id='line_1_50' title="bbox 1840 1966 3476 2043; baseline -0.004 -16"><span class='ocrx_word' id='word_1_328' title='bbox 1840 1972 2024 2042; x_wconf 91' lang='lat' dir='ltr'>niens,</span> <span class='ocrx_word' id='word_1_329' title='bbox 2047 1971 2364 2043; x_wconf 90' lang='lat' dir='ltr'>imperator</span> <span class='ocrx_word' id='word_1_330' title='bbox 2380 1970 2452 2027; x_wconf 90' lang='lat' dir='ltr'>ab</span> <span class='ocrx_word' id='word_1_331' title='bbox 2476 1969 2792 2026; x_wconf 88' lang='lat' dir='ltr'>Octaviano</span> <span class='ocrx_word' id='word_1_332' title='bbox 2812 1982 2956 2040; x_wconf 87' lang='lat' dir='ltr'>papa</span> <span class='ocrx_word' id='word_1_333' title='bbox 2978 1966 3342 2024; x_wconf 84' lang='lat' dir='ltr'>constitutus</span> <span class='ocrx_word' id='word_1_334' title='bbox 3364 1971 3476 2023; x_wconf 89' lang='lat' dir='ltr'>est.</span> 
     </span>
    </p>
   </div>
   <div class='ocr_carea' id='block_1_51' title="bbox 1838 2055 3483 2126">
    <p class='ocr_par' dir='ltr' id='par_1_51' title="bbox 1838 2055 3483 2126">
     <span class='ocr_line' id='line_1_51' title="bbox 1838 2055 3483 2126; baseline -0.004 -10"><span class='ocrx_word' id='word_1_335' title='bbox 1838 2061 2052 2117; x_wconf 87' lang='lat' dir='ltr'>Eodem</span> <span class='ocrx_word' id='word_1_336' title='bbox 2075 2074 2225 2117; x_wconf 90' lang='lat' dir='ltr'>anno</span> <span class='ocrx_word' id='word_1_337' title='bbox 2255 2058 2397 2115; x_wconf 90' lang='lat' dir='ltr'>obiit</span> <span class='ocrx_word' id='word_1_338' title='bbox 2423 2056 2700 2114; x_wconf 80' lang='lat' dir='ltr'>Artaldus</span> <span class='ocrx_word' id='word_1_339' title='bbox 2724 2055 3025 2112; x_wconf 89' lang='lat' dir='ltr'>Remensis</span> <span class='ocrx_word' id='word_1_340' title='bbox 3055 2056 3389 2126; x_wconf 88' lang='lat' dir='ltr'>episcopus,</span> <span class='ocrx_word' id='word_1_341' title='bbox 3421 2059 3483 2111; x_wconf 87' lang='lat' dir='ltr'>et</span> 
     </span>
    </p>
   </div>
   <div class='ocr_carea' id='block_1_52' title="bbox 1838 2144 3479 2218">
    <p class='ocr_par' dir='ltr' id='par_1_52' title="bbox 1838 2144 3479 2218">
     <span class='ocr_line' id='line_1_52' title="bbox 1838 2144 3479 2218; baseline -0.004 -12"><span class='ocrx_word' id='word_1_342' title='bbox 1838 2149 2132 2206; x_wconf 89' lang='lat' dir='ltr'>celebrata</span> <span class='ocrx_word' id='word_1_343' title='bbox 2164 2154 2257 2204; x_wconf 89' lang='lat' dir='ltr'>cst</span> <span class='ocrx_word' id='word_1_344' title='bbox 2284 2147 2540 2218; x_wconf 80' lang='lat' dir='ltr'>synodus</span> <span class='ocrx_word' id='word_1_345' title='bbox 2568 2146 2623 2202; x_wconf 91' lang='lat' dir='ltr'>in</span> <span class='ocrx_word' id='word_1_346' title='bbox 2660 2160 2805 2217; x_wconf 89' lang='lat' dir='ltr'>pago</span> <span class='ocrx_word' id='word_1_347' title='bbox 2849 2144 3126 2200; x_wconf 80' lang='lat' dir='ltr'>Mcldensi</span> <span class='ocrx_word' id='word_1_348' title='bbox 3160 2158 3337 2215; x_wconf 89' lang='lat' dir='ltr'>super</span> <span class='ocrx_word' id='word_1_349' title='bbox 3368 2145 3479 2200; x_wconf 76' lang='lat' dir='ltr'>Ma-</span> 
     </span>
    </p>
   </div>
   <div class='ocr_carea' id='block_1_53' title="bbox 1839 2231 3482 2305">
    <p class='ocr_par' dir='ltr' id='par_1_53' title="bbox 1839 2231 3482 2305">
     <span class='ocr_line' id='line_1_53' title="bbox 1839 2231 3482 2305; baseline -0.003 -13"><span class='ocrx_word' id='word_1_350' title='bbox 1839 2242 2064 2294; x_wconf 89' lang='lat' dir='ltr'>ternam</span> <span class='ocrx_word' id='word_1_351' title='bbox 2104 2238 2367 2305; x_wconf 84' lang='lat' dir='ltr'>ﬂuvium,</span> <span class='ocrx_word' id='word_1_352' title='bbox 2409 2235 2507 2292; x_wconf 91' lang='lat' dir='ltr'>ubi</span> <span class='ocrx_word' id='word_1_353' title='bbox 2536 2234 2842 2290; x_wconf 89' lang='lat' dir='ltr'>ordinatus</span> <span class='ocrx_word' id='word_1_354' title='bbox 2869 2236 2957 2289; x_wconf 89' lang='lat' dir='ltr'>est</span> <span class='ocrx_word' id='word_1_355' title='bbox 2991 2231 3326 2303; x_wconf 85' lang='lat' dir='ltr'>Wigl‘redus</span> <span class='ocrx_word' id='word_1_356' title='bbox 3357 2231 3482 2287; x_wconf 87' lang='lat' dir='ltr'>Vir-</span> 
     </span>
    </p>
   </div>
   <div class='ocr_carea' id='block_1_54' title="bbox 1840 2321 3479 2397">
    <p class='ocr_par' dir='ltr' id='par_1_54' title="bbox 1840 2321 3479 2397">
     <span class='ocr_line' id='line_1_54' title="bbox 1840 2321 3479 2397; baseline -0.004 -15"><span class='ocrx_word' id='word_1_357' title='bbox 1840 2326 2116 2383; x_wconf 91' lang='lat' dir='ltr'>dunensis</span> <span class='ocrx_word' id='word_1_358' title='bbox 2139 2326 2477 2397; x_wconf 89' lang='lat' dir='ltr'>episcopus,</span> <span class='ocrx_word' id='word_1_359' title='bbox 2505 2323 2733 2381; x_wconf 89' lang='lat' dir='ltr'>vivente</span> <span class='ocrx_word' id='word_1_360' title='bbox 2756 2322 2941 2379; x_wconf 91' lang='lat' dir='ltr'>adhuc</span> <span class='ocrx_word' id='word_1_361' title='bbox 2965 2321 3177 2377; x_wconf 92' lang='lat' dir='ltr'>domno</span> <span class='ocrx_word' id='word_1_362' title='bbox 3200 2321 3479 2389; x_wconf 87' lang='lat' dir='ltr'>Berenge-</span> 
     </span>
    </p>
   </div>
   <div class='ocr_carea' id='block_1_55' title="bbox 1840 2409 3482 2485">
    <p class='ocr_par' dir='ltr' id='par_1_55' title="bbox 1840 2409 3482 2485">
     <span class='ocr_line' id='line_1_55' title="bbox 1840 2409 3482 2485; baseline -0.005 -14"><span class='ocrx_word' id='word_1_363' title='bbox 1840 2415 1927 2471; x_wconf 91' lang='lat' dir='ltr'>rio</span> <span class='ocrx_word' id='word_1_364' title='bbox 1957 2414 2309 2471; x_wconf 88' lang='lat' dir='ltr'>Virdunensi</span> <span class='ocrx_word' id='word_1_365' title='bbox 2350 2414 2629 2485; x_wconf 89' lang='lat' dir='ltr'>episcopo</span> <span class='ocrx_word' id='word_1_366' title='bbox 2656 2415 2716 2468; x_wconf 91' lang='lat' dir='ltr'>et</span> <span class='ocrx_word' id='word_1_367' title='bbox 2747 2410 2943 2467; x_wconf 90' lang='lat' dir='ltr'>sedem</span> <span class='ocrx_word' id='word_1_368' title='bbox 2982 2409 3359 2481; x_wconf 89' lang='lat' dir='ltr'>episcopatus</span> <span class='ocrx_word' id='word_1_369' title='bbox 3398 2415 3482 2464; x_wconf 82' lang='lat' dir='ltr'>te-</span> 
     </span>
    </p>
   </div>
   <div class='ocr_carea' id='block_1_56' title="bbox 1840 2497 3483 2567">
    <p class='ocr_par' dir='ltr' id='par_1_56' title="bbox 1840 2497 3483 2567">
     <span class='ocr_line' id='line_1_56' title="bbox 1840 2497 3483 2567; baseline -0.005 -6"><span class='ocrx_word' id='word_1_370' title='bbox 1840 2507 2036 2561; x_wconf 89' lang='lat' dir='ltr'>nente.</span> <span class='ocrx_word' id='word_1_371' title='bbox 2073 2502 2390 2560; x_wconf 90' lang='lat' dir='ltr'>Ordinatus</span> <span class='ocrx_word' id='word_1_372' title='bbox 2411 2505 2499 2557; x_wconf 90' lang='lat' dir='ltr'>est</span> <span class='ocrx_word' id='word_1_373' title='bbox 2520 2505 2713 2556; x_wconf 91' lang='lat' dir='ltr'>autem</span> <span class='ocrx_word' id='word_1_374' title='bbox 2735 2500 2807 2555; x_wconf 91' lang='lat' dir='ltr'>ab</span> <span class='ocrx_word' id='word_1_375' title='bbox 2825 2499 2912 2555; x_wconf 89' lang='lat' dir='ltr'>eis</span> <span class='ocrx_word' id='word_1_376' title='bbox 2932 2499 3153 2567; x_wconf 90' lang='lat' dir='ltr'>absque</span> <span class='ocrx_word' id='word_1_377' title='bbox 3182 2497 3483 2554; x_wconf 86' lang='lat' dir='ltr'>conscien-</span> 
     </span>
    </p>
   </div>
   <div class='ocr_carea' id='block_1_57' title="bbox 1845 2585 3484 2661">
    <p class='ocr_par' dir='ltr' id='par_1_57' title="bbox 1845 2585 3484 2661">
     <span class='ocr_line' id='line_1_57' title="bbox 1845 2585 3484 2661; baseline -0.005 -14"><span class='ocrx_word' id='word_1_378' title='bbox 1845 2592 1927 2647; x_wconf 89' lang='lat' dir='ltr'>tia</span> <span class='ocrx_word' id='word_1_379' title='bbox 1958 2589 2415 2661; x_wconf 87' lang='lat' dir='ltr'>metropolitani,</span> <span class='ocrx_word' id='word_1_380' title='bbox 2451 2604 2520 2645; x_wconf 88' lang='lat' dir='ltr'>eo</span> <span class='ocrx_word' id='word_1_381' title='bbox 2552 2588 2705 2657; x_wconf 91' lang='lat' dir='ltr'>quod</span> <span class='ocrx_word' id='word_1_382' title='bbox 2747 2588 2958 2643; x_wconf 91' lang='lat' dir='ltr'>domno</span> <span class='ocrx_word' id='word_1_383' title='bbox 2999 2586 3347 2656; x_wconf 86' lang='lat' dir='ltr'>Berengerio</span> <span class='ocrx_word' id='word_1_384' title='bbox 3380 2585 3484 2641; x_wconf 86' lang='lat' dir='ltr'>ini-</span> 
     </span>
    </p>
   </div>
   <div class='ocr_carea' id='block_1_58' title="bbox 1844 2674 3482 2749">
    <p class='ocr_par' dir='ltr' id='par_1_58' title="bbox 1844 2674 3482 2749">
     <span class='ocr_line' id='line_1_58' title="bbox 1844 2674 3482 2749; baseline -0.003 -14"><span class='ocrx_word' id='word_1_385' title='bbox 1844 2679 2220 2748; x_wconf 88' lang='lat' dir='ltr'>micarentur,</span> <span class='ocrx_word' id='word_1_386' title='bbox 2255 2677 2409 2749; x_wconf 91' lang='lat' dir='ltr'>quod</span> <span class='ocrx_word' id='word_1_387' title='bbox 2441 2675 2705 2733; x_wconf 91' lang='lat' dir='ltr'>conciliis</span> <span class='ocrx_word' id='word_1_388' title='bbox 2744 2690 2943 2731; x_wconf 92' lang='lat' dir='ltr'>eorum</span> <span class='ocrx_word' id='word_1_389' title='bbox 2986 2674 3270 2730; x_wconf 88' lang='lat' dir='ltr'>interesse</span> <span class='ocrx_word' id='word_1_390' title='bbox 3303 2674 3482 2730; x_wconf 89' lang='lat' dir='ltr'>nollet</span> 
     </span>
    </p>
   </div>
   <div class='ocr_carea' id='block_1_59' title="bbox 1843 2762 3485 2838">
    <p class='ocr_par' dir='ltr' id='par_1_59' title="bbox 1843 2762 3485 2838">
     <span class='ocr_line' id='line_1_59' title="bbox 1843 2762 3485 2838; baseline -0.004 -14"><span class='ocrx_word' id='word_1_391' title='bbox 1843 2773 1905 2825; x_wconf 90' lang='lat' dir='ltr'>et</span> <span class='ocrx_word' id='word_1_392' title='bbox 1952 2766 2216 2838; x_wconf 51' lang='lat' dir='ltr'>quaedam</span> <span class='ocrx_word' id='word_1_393' title='bbox 2255 2780 2459 2822; x_wconf 90' lang='lat' dir='ltr'>eorum</span> <span class='ocrx_word' id='word_1_394' title='bbox 2506 2765 2655 2820; x_wconf 85' lang='lat' dir='ltr'>facta</span> <span class='ocrx_word' id='word_1_395' title='bbox 2704 2763 3074 2833; x_wconf 87' lang='lat' dir='ltr'>inprobaret;</span> <span class='ocrx_word' id='word_1_396' title='bbox 3127 2763 3278 2817; x_wconf 89' lang='lat' dir='ltr'>unde</span> <span class='ocrx_word' id='word_1_397' title='bbox 3328 2762 3485 2819; x_wconf 80' lang='lat' dir='ltr'>nacti</span> 
     </span>
    </p>
   </div>
   <div class='ocr_carea' id='block_1_60' title="bbox 1844 2850 3485 2913">
    <p class='ocr_par' dir='ltr' id='par_1_60' title="bbox 1844 2850 3485 2913">
     <span class='ocr_line' id='line_1_60' title="bbox 1844 2850 3485 2913; baseline -0.004 -1"><span class='ocrx_word' id='word_1_398' title='bbox 1844 2856 2209 2913; x_wconf 87' lang='lat' dir='ltr'>occasionem</span> <span class='ocrx_word' id='word_1_399' title='bbox 2228 2868 2359 2910; x_wconf 86' lang='lat' dir='ltr'>cum</span> <span class='ocrx_word' id='word_1_400' title='bbox 2382 2853 2740 2909; x_wconf 89' lang='lat' dir='ltr'>incumberet</span> <span class='ocrx_word' id='word_1_401' title='bbox 2765 2850 2851 2907; x_wconf 89' lang='lat' dir='ltr'>eis</span> <span class='ocrx_word' id='word_1_402' title='bbox 2871 2850 3162 2907; x_wconf 89' lang='lat' dir='ltr'>ordinatio</span> <span class='ocrx_word' id='word_1_403' title='bbox 3183 2850 3485 2907; x_wconf 89' lang='lat' dir='ltr'>Remensis</span> 
     </span>
    </p>
   </div>
   <div class='ocr_carea' id='block_1_61' title="bbox 1846 2930 3488 3013">
    <p class='ocr_par' dir='ltr' id='par_1_61' title="bbox 1846 2930 3488 3013">
     <span class='ocr_line' id='line_1_61' title="bbox 1846 2930 3488 3013; baseline -0.005 -11"><span class='ocrx_word' id='word_1_404' title='bbox 1846 2943 2148 3013; x_wconf 73' lang='lat' dir='ltr'>aacclesiaa,</span> <span class='ocrx_word' id='word_1_405' title='bbox 2182 2943 2351 3013; x_wconf 91' lang='lat' dir='ltr'>cujus</span> <span class='ocrx_word' id='word_1_406' title='bbox 2384 2944 2552 2998; x_wconf 89' lang='lat' dir='ltr'>erant</span> <span class='ocrx_word' id='word_1_407' title='bbox 2578 2938 2949 3009; x_wconf 85' lang='lat' dir='ltr'>suﬁ‘raganei,</span> <span class='ocrx_word' id='word_1_408' title='bbox 2979 2930 3488 2995; x_wconf 62' lang='lat' dir='ltr'>ordinaverunt&#39;et</span> 
     </span>
    </p>
   </div>
   <div class='ocr_carea' id='block_1_62' title="bbox 1843 3027 3486 3091">
    <p class='ocr_par' dir='ltr' id='par_1_62' title="bbox 1843 3027 3486 3091">
     <span class='ocr_line' id='line_1_62' title="bbox 1843 3027 3486 3091; baseline -0.005 -2"><span class='ocrx_word' id='word_1_409' title='bbox 1843 3035 2000 3091; x_wconf 85' lang='lat' dir='ltr'>hunc</span> <span class='ocrx_word' id='word_1_410' title='bbox 2023 3034 2083 3090; x_wconf 89' lang='lat' dir='ltr'>ut</span> <span class='ocrx_word' id='word_1_411' title='bbox 2109 3032 2390 3088; x_wconf 90' lang='lat' dir='ltr'>haberent</span> <span class='ocrx_word' id='word_1_412' title='bbox 2420 3044 2550 3087; x_wconf 88' lang='lat' dir='ltr'>eum</span> <span class='ocrx_word' id='word_1_413' title='bbox 2580 3027 2961 3085; x_wconf 90' lang='lat' dir='ltr'>conciliorum</span> <span class='ocrx_word' id='word_1_414' title='bbox 2993 3041 3227 3084; x_wconf 89' lang='lat' dir='ltr'>suorum</span> <span class='ocrx_word' id='word_1_415' title='bbox 3250 3041 3486 3082; x_wconf 91' lang='lat' dir='ltr'>consor-</span> 
     </span>
    </p>
   </div>
   <div class='ocr_carea' id='block_1_63' title="bbox 171 3112 3487 3229">
    <p class='ocr_par' dir='ltr' id='par_1_63' title="bbox 171 3112 3487 3229">
     <span class='ocr_line' id='line_1_63' title="bbox 171 3112 3487 3229; baseline 0 -60"><span class='ocrx_word' id='word_1_416' title='bbox 171 3114 278 3184; x_wconf 65' lang='grc' dir='ltr'>(τοι.</span> <span class='ocrx_word' id='word_1_417' title='bbox 311 3115 441 3188; x_wconf 88' lang='grc'>70’.)</span> <span class='ocrx_word' id='word_1_418' title='bbox 476 3120 647 3173; x_wconf 76' lang='lat' dir='ltr'>Anno</span> <span class='ocrx_word' id='word_1_419' title='bbox 675 3120 797 3172; x_wconf 83' lang='lat'>953.</span> <span class='ocrx_word' id='word_1_420' title='bbox 848 3116 1148 3185; x_wconf 87' lang='lat' dir='ltr'>Vigfridus</span> <span class='ocrx_word' id='word_1_421' title='bbox 1201 3116 1569 3174; x_wconf 87' lang='lat' dir='ltr'>Coloniensis</span> <span class='ocrx_word' id='word_1_422' title='bbox 1617 3116 1737 3188; x_wconf 87' lang='lat' dir='ltr'>epi-</span> <span class='ocrx_word' id='word_1_423' title='bbox 1766 3160 1818 3229; x_wconf 58' lang='grc' dir='ltr'>α</span> <span class='ocrx_word' id='word_1_424' title='bbox 1846 3126 1963 3179; x_wconf 88' lang='lat' dir='ltr'>tem</span> <span class='ocrx_word' id='word_1_425' title='bbox 1991 3126 2051 3177; x_wconf 90' lang='lat' dir='ltr'>et</span> <span class='ocrx_word' id='word_1_426' title='bbox 2080 3120 2275 3192; x_wconf 82' lang='lat' dir='ltr'>Operis</span> <span class='ocrx_word' id='word_1_427' title='bbox 2323 3118 2688 3191; x_wconf 88' lang='lat' dir='ltr'>participem,</span> <span class='ocrx_word' id='word_1_428' title='bbox 2741 3115 2901 3187; x_wconf 89' lang='lat' dir='ltr'>quasi</span> <span class='ocrx_word' id='word_1_429' title='bbox 2954 3115 3053 3186; x_wconf 91' lang='lat' dir='ltr'>qui</span> <span class='ocrx_word' id='word_1_430' title='bbox 3092 3114 3256 3172; x_wconf 90' lang='lat' dir='ltr'>illum</span> <span class='ocrx_word' id='word_1_431' title='bbox 3286 3112 3356 3147; x_wconf 76' lang='grc'>³⁷³</span> <span class='ocrx_word' id='word_1_432' title='bbox 3386 3115 3487 3184; x_wconf 90' lang='lat' dir='ltr'>qui</span> 
     </span>
     <span class='ocr_line' id='line_1_64' title="bbox 171 3202 3484 3229; baseline 0 0"><span class='ocrx_word' id='word_1_433' title='bbox 171 3221 300 3229; x_wconf 69' lang='lat'>-_-.-</span> <span class='ocrx_word' id='word_1_434' title='bbox 330 3208 465 3229; x_wconf 65' lang='lat' dir='ltr'>-Lzu</span> <span class='ocrx_word' id='word_1_435' title='bbox 514 3208 778 3229; x_wconf 54' lang='grc' dir='ltr'>,ιη-.-.αλ</span> <span class='ocrx_word' id='word_1_436' title='bbox 804 3207 1401 3229; x_wconf 65' lang='grc' dir='ltr'>Ρ.Αι,.-..-..2-Λιι,...ε-</span> <span class='ocrx_word' id='word_1_437' title='bbox 1426 3206 1707 3229; x_wconf 63' lang='lat' dir='ltr'>--------:a</span> <span class='ocrx_word' id='word_1_438' title='bbox 1894 3209 2197 3229; x_wconf 36' lang='lat' dir='ltr'>,._-_:_I-L-L</span> <span class='ocrx_word' id='word_1_439' title='bbox 2235 3222 2331 3229; x_wconf 52' lang='grc' dir='ltr'>-..Α</span> <span class='ocrx_word' id='word_1_440' title='bbox 2367 3206 2523 3229; x_wconf 58' lang='grc' dir='ltr'>..ηιιΑ</span> <span class='ocrx_word' id='word_1_441' title='bbox 2558 3207 2837 3229; x_wconf 58' lang='grc' dir='ltr'>ι.-ιληηηι</span> <span class='ocrx_word' id='word_1_442' title='bbox 2900 3218 3062 3229; x_wconf 55' lang='grc' dir='ltr'>...αρε-ς..</span> <span class='ocrx_word' id='word_1_443' title='bbox 3098 3204 3204 3229; x_wconf 61' lang='grc' dir='ltr'><strong>Λειιε</strong></span> <span class='ocrx_word' id='word_1_444' title='bbox 3239 3203 3290 3229; x_wconf 69' lang='grc' dir='ltr'>ζ..</span> <span class='ocrx_word' id='word_1_445' title='bbox 3325 3202 3484 3229; x_wconf 46' lang='lat' dir='ltr'>null}.</span> 
     </span>
    </p>
   </div>
   <div class='ocr_carea' id='block_1_64' title="bbox 111 3206 1734 3279">
    <p class='ocr_par' dir='ltr' id='par_1_64' title="bbox 111 3206 1734 3279">
     <span class='ocr_line' id='line_1_65' title="bbox 111 3206 1734 3279; baseline 0.001 -19"><span class='ocrx_word' id='word_1_446' title='bbox 111 3220 303 3278; x_wconf 90' lang='lat' dir='ltr'>scopus</span> <span class='ocrx_word' id='word_1_447' title='bbox 324 3208 492 3279; x_wconf 89' lang='lat' dir='ltr'>obiit,</span> <span class='ocrx_word' id='word_1_448' title='bbox 508 3211 576 3263; x_wconf 89' lang='lat' dir='ltr'>et</span> <span class='ocrx_word' id='word_1_449' title='bbox 592 3208 782 3263; x_wconf 88' lang='lat' dir='ltr'>Bruno</span> <span class='ocrx_word' id='word_1_450' title='bbox 803 3207 985 3263; x_wconf 82' lang='lat' dir='ltr'>frater</span> <span class='ocrx_word' id='word_1_451' title='bbox 996 3208 1154 3276; x_wconf 88' lang='lat' dir='ltr'>regis</span> <span class='ocrx_word' id='word_1_452' title='bbox 1168 3207 1402 3264; x_wconf 90' lang='lat' dir='ltr'>Ottonis</span> <span class='ocrx_word' id='word_1_453' title='bbox 1423 3206 1734 3278; x_wconf 89' lang='lat' dir='ltr'>successit,</span> 
     </span>
    </p>
   </div>
   <div class='ocr_carea' id='block_1_65' title="bbox 109 3295 1380 3368">
    <p class='ocr_par' dir='ltr' id='par_1_65' title="bbox 109 3295 1380 3368">
     <span class='ocr_line' id='line_1_66' title="bbox 109 3295 1380 3368; baseline 0.002 -19"><span class='ocrx_word' id='word_1_454' title='bbox 109 3295 189 3351; x_wconf 92' lang='lat' dir='ltr'>cui</span> <span class='ocrx_word' id='word_1_455' title='bbox 220 3296 349 3352; x_wconf 89' lang='lat' dir='ltr'>Otto</span> <span class='ocrx_word' id='word_1_456' title='bbox 380 3311 631 3368; x_wconf 86' lang='lat' dir='ltr'>regnum</span> <span class='ocrx_word' id='word_1_457' title='bbox 664 3296 1039 3352; x_wconf 89' lang='lat' dir='ltr'>Lothariense</span> <span class='ocrx_word' id='word_1_458' title='bbox 1070 3296 1380 3354; x_wconf 89' lang='lat' dir='ltr'>commisit.</span> 
     </span>
    </p>
   </div>
   <div class='ocr_carea' id='block_1_66' title="bbox 172 3384 1741 3443">
    <p class='ocr_par' dir='ltr' id='par_1_66' title="bbox 172 3384 1741 3443">
     <span class='ocr_line' id='line_1_67' title="bbox 172 3384 1741 3443; baseline 0.003 -4"><span class='ocrx_word' id='word_1_459' title='bbox 172 3387 321 3442; x_wconf 83' lang='lat' dir='ltr'>Anno</span> <span class='ocrx_word' id='word_1_460' title='bbox 347 3387 419 3441; x_wconf 91' lang='lat' dir='ltr'>ab</span> <span class='ocrx_word' id='word_1_461' title='bbox 448 3386 573 3442; x_wconf 91' lang='lat' dir='ltr'>inc.</span> <span class='ocrx_word' id='word_1_462' title='bbox 622 3385 781 3440; x_wconf 91' lang='lat' dir='ltr'>Dom.</span> <span class='ocrx_word' id='word_1_463' title='bbox 832 3389 938 3441; x_wconf 78' lang='grc'>955</span> <span class='ocrx_word' id='word_1_464' title='bbox 967 3384 1037 3418; x_wconf 84' lang='grc'>²⁷⁹</span> <span class='ocrx_word' id='word_1_465' title='bbox 1063 3385 1206 3441; x_wconf 90' lang='lat' dir='ltr'>obiit</span> <span class='ocrx_word' id='word_1_466' title='bbox 1260 3384 1590 3442; x_wconf 89' lang='lat' dir='ltr'>Ludovicus</span> <span class='ocrx_word' id='word_1_467' title='bbox 1639 3400 1741 3443; x_wconf 82' lang='lat' dir='ltr'>rex</span> 
     </span>
    </p>
   </div>
   <div class='ocr_carea' id='block_1_67' title="bbox 112 3473 1741 3546">
    <p class='ocr_par' dir='ltr' id='par_1_67' title="bbox 112 3473 1741 3546">
     <span class='ocr_line' id='line_1_68' title="bbox 112 3473 1741 3546; baseline 0.003 -19"><span class='ocrx_word' id='word_1_468' title='bbox 112 3473 461 3543; x_wconf 85' lang='lat' dir='ltr'>Francorum,</span> <span class='ocrx_word' id='word_1_469' title='bbox 487 3478 555 3533; x_wconf 88' lang='lat' dir='ltr'>et</span> <span class='ocrx_word' id='word_1_470' title='bbox 584 3473 864 3546; x_wconf 79' lang='lat' dir='ltr'>Agapitus</span> <span class='ocrx_word' id='word_1_471' title='bbox 892 3488 1040 3545; x_wconf 88' lang='lat' dir='ltr'>papa</span> <span class='ocrx_word' id='word_1_472' title='bbox 1072 3474 1239 3544; x_wconf 90' lang='lat' dir='ltr'>obiit,</span> <span class='ocrx_word' id='word_1_473' title='bbox 1272 3473 1741 3546; x_wconf 89' lang='lat' dir='ltr'>Octavianusque</span> 
     </span>
    </p>
   </div>
   <div class='ocr_carea' id='block_1_68' title="bbox 114 3561 1742 3634">
    <p class='ocr_par' dir='ltr' id='par_1_68' title="bbox 114 3561 1742 3634">
     <span class='ocr_line' id='line_1_69' title="bbox 114 3561 1742 3634; baseline 0.004 -19"><span class='ocrx_word' id='word_1_474' title='bbox 114 3564 395 3634; x_wconf 88' lang='lat' dir='ltr'>successit,</span> <span class='ocrx_word' id='word_1_475' title='bbox 418 3568 478 3618; x_wconf 88' lang='lat' dir='ltr'>et</span> <span class='ocrx_word' id='word_1_476' title='bbox 507 3562 731 3619; x_wconf 88' lang='lat' dir='ltr'>bellum</span> <span class='ocrx_word' id='word_1_477' title='bbox 756 3562 907 3618; x_wconf 90' lang='lat' dir='ltr'>inter</span> <span class='ocrx_word' id='word_1_478' title='bbox 930 3562 1200 3619; x_wconf 90' lang='lat' dir='ltr'>Ottonem</span> <span class='ocrx_word' id='word_1_479' title='bbox 1223 3567 1282 3619; x_wconf 90' lang='lat' dir='ltr'>et</span> <span class='ocrx_word' id='word_1_480' title='bbox 1301 3565 1526 3633; x_wconf 88' lang='lat' dir='ltr'>Ungros</span> <span class='ocrx_word' id='word_1_481' title='bbox 1550 3561 1605 3618; x_wconf 92' lang='lat' dir='ltr'>in</span> <span class='ocrx_word' id='word_1_482' title='bbox 1628 3579 1742 3634; x_wconf 93' lang='lat' dir='ltr'>quo</span> 
     </span>
    </p>
   </div>
   <div class='ocr_carea' id='block_1_69' title="bbox 113 3650 1741 3722">
    <p class='ocr_par' dir='ltr' id='par_1_69' title="bbox 113 3650 1741 3722">
     <span class='ocr_line' id='line_1_70' title="bbox 113 3650 1741 3722; baseline 0.002 -18"><span class='ocrx_word' id='word_1_483' title='bbox 113 3650 235 3704; x_wconf 81' lang='lat' dir='ltr'>victi</span> <span class='ocrx_word' id='word_1_484' title='bbox 260 3657 390 3708; x_wconf 90' lang='lat' dir='ltr'>sunt</span> <span class='ocrx_word' id='word_1_485' title='bbox 424 3650 611 3721; x_wconf 85' lang='lat' dir='ltr'>Ungri</span> <span class='ocrx_word' id='word_1_486' title='bbox 646 3652 677 3706; x_wconf 76' lang='grc'>4</span> <span class='ocrx_word' id='word_1_487' title='bbox 708 3651 842 3708; x_wconf 89' lang='lat' dir='ltr'>ldus</span> <span class='ocrx_word' id='word_1_488' title='bbox 872 3650 1121 3720; x_wconf 80' lang='lat' dir='ltr'>Augusti</span> <span class='ocrx_word' id='word_1_489' title='bbox 1154 3650 1286 3707; x_wconf 90' lang='lat' dir='ltr'>anni</span> <span class='ocrx_word' id='word_1_490' title='bbox 1329 3651 1648 3722; x_wconf 89' lang='lat' dir='ltr'>sequentis,</span> <span class='ocrx_word' id='word_1_491' title='bbox 1684 3652 1741 3707; x_wconf 92' lang='lat' dir='ltr'>in</span> 
     </span>
    </p>
   </div>
   <div class='ocr_carea' id='block_1_70' title="bbox 117 3738 1745 3811">
    <p class='ocr_par' dir='ltr' id='par_1_70' title="bbox 117 3738 1745 3811">
     <span class='ocr_line' id='line_1_71' title="bbox 117 3738 1745 3811; baseline 0.002 -18"><span class='ocrx_word' id='word_1_492' title='bbox 117 3752 215 3807; x_wconf 91' lang='lat' dir='ltr'>quo</span> <span class='ocrx_word' id='word_1_493' title='bbox 242 3740 388 3797; x_wconf 92' lang='lat' dir='ltr'>bello</span> <span class='ocrx_word' id='word_1_494' title='bbox 419 3739 734 3796; x_wconf 89' lang='lat' dir='ltr'>Conradus</span> <span class='ocrx_word' id='word_1_495' title='bbox 756 3738 873 3796; x_wconf 88' lang='lat' dir='ltr'>dux</span> <span class='ocrx_word' id='word_1_496' title='bbox 895 3738 1037 3796; x_wconf 91' lang='lat' dir='ltr'>obiit</span> <span class='ocrx_word' id='word_1_497' title='bbox 1067 3739 1184 3810; x_wconf 88' lang='lat' dir='ltr'>jam</span> <span class='ocrx_word' id='word_1_498' title='bbox 1213 3754 1343 3796; x_wconf 92' lang='lat' dir='ltr'>cum</span> <span class='ocrx_word' id='word_1_499' title='bbox 1376 3754 1447 3796; x_wconf 91' lang='lat' dir='ltr'>eo</span> <span class='ocrx_word' id='word_1_500' title='bbox 1479 3740 1745 3811; x_wconf 89' lang='lat' dir='ltr'>paciﬁca-</span> 
     </span>
    </p>
   </div>
   <div class='ocr_carea' id='block_1_71' title="bbox 119 3826 1743 3899">
    <p class='ocr_par' dir='ltr' id='par_1_71' title="bbox 119 3826 1743 3899">
     <span class='ocr_line' id='line_1_72' title="bbox 119 3826 1743 3899; baseline 0.004 -20"><span class='ocrx_word' id='word_1_501' title='bbox 119 3830 214 3882; x_wconf 87' lang='lat' dir='ltr'>tus.</span> <span class='ocrx_word' id='word_1_502' title='bbox 258 3829 495 3897; x_wconf 76' lang='grc' dir='ltr'>(σΙιγοη.</span> <span class='ocrx_word' id='word_1_503' title='bbox 529 3827 699 3897; x_wconf 74' lang='lat' dir='ltr'>Die.)</span> <span class='ocrx_word' id='word_1_504' title='bbox 742 3826 1073 3884; x_wconf 90' lang='lat' dir='ltr'>Ludovicus</span> <span class='ocrx_word' id='word_1_505' title='bbox 1104 3826 1616 3899; x_wconf 65' lang='lat' dir='ltr'>itaquejprzeiatus</span> <span class='ocrx_word' id='word_1_506' title='bbox 1645 3842 1743 3885; x_wconf 77' lang='lat' dir='ltr'>rex</span> 
     </span>
    </p>
   </div>
   <div class='ocr_carea' id='block_1_72' title="bbox 118 3912 1747 3985">
    <p class='ocr_par' dir='ltr' id='par_1_72' title="bbox 118 3912 1747 3985">
     <span class='ocr_line' id='line_1_73' title="bbox 118 3912 1747 3985; baseline 0.001 -16"><span class='ocrx_word' id='word_1_507' title='bbox 118 3912 441 3974; x_wconf 83' lang='lat' dir='ltr'>Francorum</span> <span class='ocrx_word' id='word_1_508' title='bbox 470 3915 683 3974; x_wconf 89' lang='lat' dir='ltr'>eodem</span> <span class='ocrx_word' id='word_1_509' title='bbox 706 3930 855 3972; x_wconf 86' lang='lat' dir='ltr'>anno</span> <span class='ocrx_word' id='word_1_510' title='bbox 878 3914 1156 3985; x_wconf 90' lang='lat' dir='ltr'>moriens,</span> <span class='ocrx_word' id='word_1_511' title='bbox 1186 3915 1329 3972; x_wconf 92' lang='lat' dir='ltr'>duos</span> <span class='ocrx_word' id='word_1_512' title='bbox 1354 3915 1573 3971; x_wconf 91' lang='lat' dir='ltr'>dimisit</span> <span class='ocrx_word' id='word_1_513' title='bbox 1605 3915 1747 3971; x_wconf 89' lang='lat' dir='ltr'>libe-</span> 
     </span>
    </p>
   </div>
   <div class='ocr_carea' id='block_1_73' title="bbox 118 4004 1745 4075">
    <p class='ocr_par' dir='ltr' id='par_1_73' title="bbox 118 4004 1745 4075">
     <span class='ocr_line' id='line_1_74' title="bbox 118 4004 1745 4075; baseline 0.004 -20"><span class='ocrx_word' id='word_1_514' title='bbox 118 4016 203 4059; x_wconf 89' lang='lat' dir='ltr'>ros</span> <span class='ocrx_word' id='word_1_515' title='bbox 229 4006 565 4063; x_wconf 88' lang='lat' dir='ltr'>Lotbarium</span> <span class='ocrx_word' id='word_1_516' title='bbox 586 4008 644 4060; x_wconf 91' lang='lat' dir='ltr'>et</span> <span class='ocrx_word' id='word_1_517' title='bbox 669 4004 956 4075; x_wconf 88' lang='lat' dir='ltr'>Carolum,</span> <span class='ocrx_word' id='word_1_518' title='bbox 985 4019 1129 4075; x_wconf 87' lang='lat' dir='ltr'>quos</span> <span class='ocrx_word' id='word_1_519' title='bbox 1148 4004 1349 4073; x_wconf 88' lang='lat' dir='ltr'>genuit</span> <span class='ocrx_word' id='word_1_520' title='bbox 1373 4004 1425 4059; x_wconf 92' lang='lat' dir='ltr'>ei</span> <span class='ocrx_word' id='word_1_521' title='bbox 1452 4005 1745 4074; x_wconf 82' lang='lat' dir='ltr'>Gerberga</span> 
     </span>
    </p>
   </div>
   <div class='ocr_carea' id='block_1_74' title="bbox 120 4091 1749 4165">
    <p class='ocr_par' dir='ltr' id='par_1_74' title="bbox 120 4091 1749 4165">
     <span class='ocr_line' id='line_1_75' title="bbox 120 4091 1749 4165; baseline 0.003 -19"><span class='ocrx_word' id='word_1_522' title='bbox 120 4105 264 4148; x_wconf 84' lang='lat' dir='ltr'>soror</span> <span class='ocrx_word' id='word_1_523' title='bbox 278 4091 1749 4165; x_wconf 85' lang='lat' dir='ltr'>OttonisimperatorisKarolus,qui.luvenisdictus</span> 
     </span>
    </p>
   </div>
   <div class='ocr_carea' id='block_1_75' title="bbox 119 4180 1749 4252">
    <p class='ocr_par' dir='ltr' id='par_1_75' title="bbox 119 4180 1749 4252">
     <span class='ocr_line' id='line_1_76' title="bbox 119 4180 1749 4252; baseline 0.003 -19"><span class='ocrx_word' id='word_1_524' title='bbox 119 4186 216 4249; x_wconf 84' lang='lat' dir='ltr'>est,</span> <span class='ocrx_word' id='word_1_525' title='bbox 245 4182 504 4252; x_wconf 81' lang='lat' dir='ltr'>privatus</span> <span class='ocrx_word' id='word_1_526' title='bbox 539 4181 761 4250; x_wconf 88' lang='lat' dir='ltr'>senuit,</span> <span class='ocrx_word' id='word_1_527' title='bbox 788 4181 841 4236; x_wconf 90' lang='lat' dir='ltr'>in</span> <span class='ocrx_word' id='word_1_528' title='bbox 866 4180 1255 4237; x_wconf 88' lang='lat' dir='ltr'>hereditatem</span> <span class='ocrx_word' id='word_1_529' title='bbox 1288 4196 1513 4239; x_wconf 88' lang='lat' dir='ltr'>omnem</span> <span class='ocrx_word' id='word_1_530' title='bbox 1544 4181 1749 4238; x_wconf 87' lang='lat' dir='ltr'>Letha-</span> 
     </span>
    </p>
   </div>
   <div class='ocr_carea' id='block_1_76' title="bbox 125 4268 1751 4341">
    <p class='ocr_par' dir='ltr' id='par_1_76' title="bbox 125 4268 1751 4341">
     <span class='ocr_line' id='line_1_77' title="bbox 125 4268 1751 4341; baseline 0.004 -20"><span class='ocrx_word' id='word_1_531' title='bbox 125 4268 230 4325; x_wconf 90' lang='lat' dir='ltr'>rius</span> <span class='ocrx_word' id='word_1_532' title='bbox 242 4272 542 4328; x_wconf 89' lang='lat' dir='ltr'>successit.</span> <span class='ocrx_word' id='word_1_533' title='bbox 566 4270 669 4327; x_wconf 85' lang='lat' dir='ltr'>Ilic</span> <span class='ocrx_word' id='word_1_534' title='bbox 684 4268 1015 4326; x_wconf 85' lang='lat' dir='ltr'>Mathildem</span> <span class='ocrx_word' id='word_1_535' title='bbox 1043 4283 1304 4326; x_wconf 87' lang='lat' dir='ltr'>sororem</span> <span class='ocrx_word' id='word_1_536' title='bbox 1321 4284 1489 4340; x_wconf 91' lang='lat' dir='ltr'>quam</span> <span class='ocrx_word' id='word_1_537' title='bbox 1506 4269 1751 4341; x_wconf 89' lang='lat' dir='ltr'>despon-</span> 
     </span>
    </p>
   </div>
   <div class='ocr_carea' id='block_1_77' title="bbox 121 4344 1747 4429">
    <p class='ocr_par' dir='ltr' id='par_1_77' title="bbox 121 4344 1747 4429">
     <span class='ocr_line' id='line_1_78' title="bbox 121 4344 1747 4429; baseline 0.003 -19"><span class='ocrx_word' id='word_1_538' title='bbox 121 4356 196 4411; x_wconf 88' lang='lat' dir='ltr'>dit</span> <span class='ocrx_word' id='word_1_539' title='bbox 234 4344 489 4418; x_wconf 74' lang='lat' dir='ltr'>Conrado</span> <span class='ocrx_word' id='word_1_540' title='bbox 529 4358 658 4429; x_wconf 84' lang='lat' dir='ltr'>regi</span> <span class='ocrx_word' id='word_1_541' title='bbox 702 4356 1076 4428; x_wconf 65' lang='lat' dir='ltr'>Burgundire,</span> <span class='ocrx_word' id='word_1_542' title='bbox 1108 4362 1168 4414; x_wconf 88' lang='lat' dir='ltr'>et</span> <span class='ocrx_word' id='word_1_543' title='bbox 1198 4356 1253 4413; x_wconf 92' lang='lat' dir='ltr'>in</span> <span class='ocrx_word' id='word_1_544' title='bbox 1283 4357 1474 4415; x_wconf 88' lang='lat' dir='ltr'>dotem</span> <span class='ocrx_word' id='word_1_545' title='bbox 1504 4358 1662 4416; x_wconf 90' lang='lat' dir='ltr'>dedit</span> <span class='ocrx_word' id='word_1_546' title='bbox 1695 4360 1747 4418; x_wconf 89' lang='lat' dir='ltr'>ei</span> 
     </span>
    </p>
   </div>
   <div class='ocr_carea' id='block_1_78' title="bbox 126 4443 1751 4520">
    <p class='ocr_par' dir='ltr' id='par_1_78' title="bbox 126 4443 1751 4520">
     <span class='ocr_line' id='line_1_79' title="bbox 126 4443 1751 4520; baseline 0.005 -23"><span class='ocrx_word' id='word_1_547' title='bbox 126 4443 457 4517; x_wconf 84' lang='lat' dir='ltr'>Lugdunum,</span> <span class='ocrx_word' id='word_1_548' title='bbox 494 4462 628 4520; x_wconf 64' lang='lat' dir='ltr'>quae</span> <span class='ocrx_word' id='word_1_549' title='bbox 663 4446 776 4503; x_wconf 90' lang='lat' dir='ltr'>sita</span> <span class='ocrx_word' id='word_1_550' title='bbox 810 4451 897 4503; x_wconf 90' lang='lat' dir='ltr'>est</span> <span class='ocrx_word' id='word_1_551' title='bbox 929 4446 983 4502; x_wconf 91' lang='lat' dir='ltr'>in</span> <span class='ocrx_word' id='word_1_552' title='bbox 1015 4446 1264 4503; x_wconf 89' lang='lat' dir='ltr'>termino</span> <span class='ocrx_word' id='word_1_553' title='bbox 1297 4447 1459 4516; x_wconf 88' lang='lat' dir='ltr'>regni</span> <span class='ocrx_word' id='word_1_554' title='bbox 1492 4448 1751 4518; x_wconf 85' lang='lat' dir='ltr'>Burgun-</span> 
     </span>
    </p>
   </div>
   <div class='ocr_carea' id='block_1_79' title="bbox 1849 3202 3488 3283">
    <p class='ocr_par' dir='ltr' id='par_1_79' title="bbox 1849 3202 3488 3283">
     <span class='ocr_line' id='line_1_80' title="bbox 1849 3202 3488 3283; baseline -0.005 -16"><span class='ocrx_word' id='word_1_555' title='bbox 1849 3209 2202 3283; x_wconf 66' lang='lat' dir='ltr'>prmsidcbat</span> <span class='ocrx_word' id='word_1_556' title='bbox 2232 3222 2336 3280; x_wconf 92' lang='lat' dir='ltr'>pro</span> <span class='ocrx_word' id='word_1_557' title='bbox 2366 3206 2528 3263; x_wconf 91' lang='lat' dir='ltr'>nullo</span> <span class='ocrx_word' id='word_1_558' title='bbox 2558 3207 2862 3274; x_wconf 87' lang='lat' dir='ltr'>haberent,</span> <span class='ocrx_word' id='word_1_559' title='bbox 2897 3218 3066 3275; x_wconf 88' lang='lat' dir='ltr'>quem</span> <span class='ocrx_word' id='word_1_560' title='bbox 3098 3204 3206 3260; x_wconf 87' lang='lat' dir='ltr'>sibi</span> <span class='ocrx_word' id='word_1_561' title='bbox 3236 3203 3294 3259; x_wconf 92' lang='lat' dir='ltr'>in</span> <span class='ocrx_word' id='word_1_562' title='bbox 3325 3202 3488 3259; x_wconf 90' lang='lat' dir='ltr'>nullo</span> 
     </span>
    </p>
   </div>
   <div class='ocr_carea' id='block_1_80' title="bbox 1848 3292 3489 3367">
    <p class='ocr_par' dir='ltr' id='par_1_80' title="bbox 1848 3292 3489 3367">
     <span class='ocr_line' id='line_1_81' title="bbox 1848 3292 3489 3367; baseline -0.005 -11"><span class='ocrx_word' id='word_1_563' title='bbox 1848 3300 2125 3356; x_wconf 90' lang='lat' dir='ltr'>videbant</span> <span class='ocrx_word' id='word_1_564' title='bbox 2146 3296 2452 3353; x_wconf 89' lang='lat' dir='ltr'>adclinem.</span> <span class='ocrx_word' id='word_1_565' title='bbox 2471 3294 2597 3367; x_wconf 75' lang='grc' dir='ltr'>(ἱῦ.)</span> <span class='ocrx_word' id='word_1_566' title='bbox 2615 3294 2895 3363; x_wconf 85' lang='lat' dir='ltr'>Abjectus</span> <span class='ocrx_word' id='word_1_567' title='bbox 2911 3298 2998 3349; x_wconf 90' lang='lat' dir='ltr'>est</span> <span class='ocrx_word' id='word_1_568' title='bbox 3022 3292 3196 3347; x_wconf 86' lang='lat' dir='ltr'>etiam</span> <span class='ocrx_word' id='word_1_569' title='bbox 3220 3292 3298 3348; x_wconf 90' lang='lat' dir='ltr'>ibi</span> <span class='ocrx_word' id='word_1_570' title='bbox 3325 3293 3489 3360; x_wconf 83' lang='lat' dir='ltr'>[Iugo</span> 
     </span>
    </p>
   </div>
   <div class='ocr_carea' id='block_1_81' title="bbox 1848 3378 3494 3456">
    <p class='ocr_par' dir='ltr' id='par_1_81' title="bbox 1848 3378 3494 3456">
     <span class='ocr_line' id='line_1_82' title="bbox 1848 3378 3494 3456; baseline -0.006 -12"><span class='ocrx_word' id='word_1_571' title='bbox 1848 3387 2150 3444; x_wconf 87' lang='lat' dir='ltr'>Remensis</span> <span class='ocrx_word' id='word_1_572' title='bbox 2180 3398 2457 3456; x_wconf 89' lang='lat' dir='ltr'>pervasor</span> <span class='ocrx_word' id='word_1_573' title='bbox 2488 3399 2519 3440; x_wconf 89' lang='lat' dir='ltr'>a</span> <span class='ocrx_word' id='word_1_574' title='bbox 2553 3384 2800 3439; x_wconf 86' lang='lat' dir='ltr'>Romana</span> <span class='ocrx_word' id='word_1_575' title='bbox 2844 3381 3063 3451; x_wconf 89' lang='lat' dir='ltr'>synodo</span> <span class='ocrx_word' id='word_1_576' title='bbox 3101 3378 3494 3437; x_wconf 88' lang='lat' dir='ltr'>excommuni-</span> 
     </span>
    </p>
   </div>
   <div class='ocr_carea' id='block_1_82' title="bbox 1850 3467 3492 3545">
    <p class='ocr_par' dir='ltr' id='par_1_82' title="bbox 1850 3467 3492 3545">
     <span class='ocr_line' id='line_1_83' title="bbox 1850 3467 3492 3545; baseline -0.006 -12"><span class='ocrx_word' id='word_1_577' title='bbox 1850 3480 2036 3545; x_wconf 88' lang='lat' dir='ltr'>catus,</span> <span class='ocrx_word' id='word_1_578' title='bbox 2057 3481 2116 3531; x_wconf 90' lang='lat' dir='ltr'>et</span> <span class='ocrx_word' id='word_1_579' title='bbox 2140 3473 2447 3530; x_wconf 92' lang='lat' dir='ltr'>Odelricus</span> <span class='ocrx_word' id='word_1_580' title='bbox 2467 3471 2895 3529; x_wconf 91' lang='lat' dir='ltr'>inthronizatus</span> <span class='ocrx_word' id='word_1_581' title='bbox 2918 3485 2950 3526; x_wconf 90' lang='lat' dir='ltr'>a</span> <span class='ocrx_word' id='word_1_582' title='bbox 2970 3469 3211 3526; x_wconf 88' lang='lat' dir='ltr'>Widone</span> <span class='ocrx_word' id='word_1_583' title='bbox 3229 3467 3492 3524; x_wconf 89' lang='lat' dir='ltr'>Suessio-</span> 
     </span>
    </p>
   </div>
   <div class='ocr_carea' id='block_1_83' title="bbox 1852 3556 3487 3634">
    <p class='ocr_par' dir='ltr' id='par_1_83' title="bbox 1852 3556 3487 3634">
     <span class='ocr_line' id='line_1_84' title="bbox 1852 3556 3487 3634; baseline -0.007 -13"><span class='ocrx_word' id='word_1_584' title='bbox 1852 3564 2036 3634; x_wconf 90' lang='lat' dir='ltr'>nensi,</span> <span class='ocrx_word' id='word_1_585' title='bbox 2063 3563 2346 3620; x_wconf 89' lang='lat' dir='ltr'>Roricone</span> <span class='ocrx_word' id='word_1_586' title='bbox 2376 3560 2765 3629; x_wconf 88' lang='lat' dir='ltr'>Laudunensi,</span> <span class='ocrx_word' id='word_1_587' title='bbox 2786 3560 3034 3615; x_wconf 89' lang='lat' dir='ltr'>Gibuino</span> <span class='ocrx_word' id='word_1_588' title='bbox 3056 3556 3487 3627; x_wconf 89' lang='lat' dir='ltr'>Catalaunensi,</span> 
     </span>
    </p>
   </div>
   <div class='ocr_carea' id='block_1_84' title="bbox 1853 3646 3495 3722">
    <p class='ocr_par' dir='ltr' id='par_1_84' title="bbox 1853 3646 3495 3722">
     <span class='ocr_line' id='line_1_85' title="bbox 1853 3646 3495 3722; baseline -0.005 -12"><span class='ocrx_word' id='word_1_589' title='bbox 1853 3651 2146 3722; x_wconf 85' lang='lat' dir='ltr'>Wigl‘redo</span> <span class='ocrx_word' id='word_1_590' title='bbox 2174 3650 2545 3721; x_wconf 90' lang='lat' dir='ltr'>Virdunensi,</span> <span class='ocrx_word' id='word_1_591' title='bbox 2601 3648 2851 3705; x_wconf 79' lang='lat' dir='ltr'>Aistulfo</span> <span class='ocrx_word' id='word_1_592' title='bbox 2897 3646 3287 3704; x_wconf 87' lang='lat' dir='ltr'>Noviomensi.</span> <span class='ocrx_word' id='word_1_593' title='bbox 3322 3646 3495 3702; x_wconf 86' lang='lat' dir='ltr'>Octa-</span> 
     </span>
    </p>
   </div>
   <div class='ocr_carea' id='block_1_85' title="bbox 1852 3733 3497 3809">
    <p class='ocr_par' dir='ltr' id='par_1_85' title="bbox 1852 3733 3497 3809">
     <span class='ocr_line' id='line_1_86' title="bbox 1852 3733 3497 3809; baseline -0.005 -11"><span class='ocrx_word' id='word_1_594' title='bbox 1852 3741 2060 3798; x_wconf 88' lang='lat' dir='ltr'>vianus</span> <span class='ocrx_word' id='word_1_595' title='bbox 2090 3744 2283 3796; x_wconf 87' lang='lat' dir='ltr'>autem</span> <span class='ocrx_word' id='word_1_596' title='bbox 2310 3753 2479 3809; x_wconf 89' lang='lat' dir='ltr'>papa,</span> <span class='ocrx_word' id='word_1_597' title='bbox 2505 3752 2635 3794; x_wconf 91' lang='lat' dir='ltr'>cum</span> <span class='ocrx_word' id='word_1_598' title='bbox 2658 3736 2729 3792; x_wconf 90' lang='lat' dir='ltr'>de</span> <span class='ocrx_word' id='word_1_599' title='bbox 2752 3736 3199 3805; x_wconf 87' lang='lat' dir='ltr'>inreligiositate</span> <span class='ocrx_word' id='word_1_600' title='bbox 3228 3733 3497 3805; x_wconf 89' lang='lat' dir='ltr'>culpare-</span> 
     </span>
    </p>
   </div>
   <div class='ocr_carea' id='block_1_86' title="bbox 1852 3822 3496 3901">
    <p class='ocr_par' dir='ltr' id='par_1_86' title="bbox 1852 3822 3496 3901">
     <span class='ocr_line' id='line_1_87' title="bbox 1852 3822 3496 3901; baseline -0.004 -17"><span class='ocrx_word' id='word_1_601' title='bbox 1852 3833 1971 3901; x_wconf 88' lang='lat' dir='ltr'>tur,</span> <span class='ocrx_word' id='word_1_602' title='bbox 2006 3843 2059 3885; x_wconf 90' lang='lat' dir='ltr'>a.</span> <span class='ocrx_word' id='word_1_603' title='bbox 2093 3833 2214 3897; x_wconf 81' lang='grc'>962,</span> <span class='ocrx_word' id='word_1_604' title='bbox 2249 3829 2483 3883; x_wconf 84' lang='lat' dir='ltr'>Romam</span> <span class='ocrx_word' id='word_1_605' title='bbox 2523 3825 2685 3893; x_wconf 86' lang='lat' dir='ltr'>exiit,</span> <span class='ocrx_word' id='word_1_606' title='bbox 2720 3828 2778 3880; x_wconf 92' lang='lat' dir='ltr'>et</span> <span class='ocrx_word' id='word_1_607' title='bbox 2808 3825 2864 3879; x_wconf 91' lang='lat' dir='ltr'>in</span> <span class='ocrx_word' id='word_1_608' title='bbox 2896 3825 3084 3881; x_wconf 86' lang='lat' dir='ltr'>locum</span> <span class='ocrx_word' id='word_1_609' title='bbox 3124 3822 3249 3892; x_wconf 88' lang='lat' dir='ltr'>ejus</span> <span class='ocrx_word' id='word_1_610' title='bbox 3285 3823 3496 3878; x_wconf 84' lang='lat' dir='ltr'>Johan-</span> 
     </span>
    </p>
   </div>
   <div class='ocr_carea' id='block_1_87' title="bbox 1858 3911 3492 3981">
    <p class='ocr_par' dir='ltr' id='par_1_87' title="bbox 1858 3911 3492 3981">
     <span class='ocr_line' id='line_1_88' title="bbox 1858 3911 3492 3981; baseline -0.007 -4"><span class='ocrx_word' id='word_1_611' title='bbox 1858 3935 1961 3977; x_wconf 90' lang='lat' dir='ltr'>nes</span> <span class='ocrx_word' id='word_1_612' title='bbox 1980 3920 2075 3975; x_wconf 83' lang='lat' dir='ltr'>XII</span> <span class='ocrx_word' id='word_1_613' title='bbox 2093 3916 2452 3974; x_wconf 91' lang='lat' dir='ltr'>substitutus</span> <span class='ocrx_word' id='word_1_614' title='bbox 2470 3917 2581 3970; x_wconf 89' lang='lat' dir='ltr'>est.</span> <span class='ocrx_word' id='word_1_615' title='bbox 2606 3914 2817 3968; x_wconf 86' lang='lat' dir='ltr'>Verum</span> <span class='ocrx_word' id='word_1_616' title='bbox 2841 3911 3067 3967; x_wconf 92' lang='lat' dir='ltr'>Othone</span> <span class='ocrx_word' id='word_1_617' title='bbox 3088 3911 3442 3981; x_wconf 87' lang='lat' dir='ltr'>imperatore</span> <span class='ocrx_word' id='word_1_618' title='bbox 3461 3925 3492 3966; x_wconf 86' lang='lat' dir='ltr'>a</span> 
     </span>
    </p>
   </div>
   <div class='ocr_carea' id='block_1_88' title="bbox 1855 3995 3490 4071">
    <p class='ocr_par' dir='ltr' id='par_1_88' title="bbox 1855 3995 3490 4071">
     <span class='ocr_line' id='line_1_89' title="bbox 1855 3995 3490 4071; baseline -0.009 -9"><span class='ocrx_word' id='word_1_619' title='bbox 1855 4008 2032 4062; x_wconf 88' lang='lat' dir='ltr'>Roma</span> <span class='ocrx_word' id='word_1_620' title='bbox 2077 4015 2369 4071; x_wconf 87' lang='lat' dir='ltr'>regresso,</span> <span class='ocrx_word' id='word_1_621' title='bbox 2402 3998 2781 4056; x_wconf 83' lang='lat' dir='ltr'>Octavianum</span> <span class='ocrx_word' id='word_1_622' title='bbox 2830 3995 3070 4053; x_wconf 90' lang='lat' dir='ltr'>Romani</span> <span class='ocrx_word' id='word_1_623' title='bbox 3121 3999 3490 4066; x_wconf 86' lang='lat' dir='ltr'>receperunt,</span> 
     </span>
    </p>
   </div>
   <div class='ocr_carea' id='block_1_89' title="bbox 1858 4084 3494 4166">
    <p class='ocr_par' dir='ltr' id='par_1_89' title="bbox 1858 4084 3494 4166">
     <span class='ocr_line' id='line_1_90' title="bbox 1858 4084 3494 4166; baseline -0.006 -16"><span class='ocrx_word' id='word_1_624' title='bbox 1858 4110 1955 4166; x_wconf 77' lang='lat' dir='ltr'>qui</span> <span class='ocrx_word' id='word_1_625' title='bbox 1986 4108 2099 4149; x_wconf 92' lang='lat' dir='ltr'>non</span> <span class='ocrx_word' id='word_1_626' title='bbox 2144 4090 2326 4147; x_wconf 87' lang='lat' dir='ltr'>multo</span> <span class='ocrx_word' id='word_1_627' title='bbox 2375 4093 2507 4160; x_wconf 91' lang='lat' dir='ltr'>post</span> <span class='ocrx_word' id='word_1_628' title='bbox 2553 4086 2865 4143; x_wconf 81' lang='lat' dir='ltr'>defunctus</span> <span class='ocrx_word' id='word_1_629' title='bbox 2892 4088 3000 4141; x_wconf 84' lang='lat' dir='ltr'>est.</span> <span class='ocrx_word' id='word_1_630' title='bbox 3031 4084 3323 4140; x_wconf 73' lang='lat' dir='ltr'>Iohannes</span> <span class='ocrx_word' id='word_1_631' title='bbox 3353 4098 3494 4140; x_wconf 88' lang='lat' dir='ltr'>vero</span> 
     </span>
    </p>
   </div>
   <div class='ocr_carea' id='block_1_90' title="bbox 1857 4172 3497 4253">
    <p class='ocr_par' dir='ltr' id='par_1_90' title="bbox 1857 4172 3497 4253">
     <span class='ocr_line' id='line_1_91' title="bbox 1857 4172 3497 4253; baseline -0.008 -12"><span class='ocrx_word' id='word_1_632' title='bbox 1857 4197 1988 4240; x_wconf 89' lang='lat' dir='ltr'>cum</span> <span class='ocrx_word' id='word_1_633' title='bbox 2022 4182 2373 4253; x_wconf 88' lang='lat' dir='ltr'>imperatore</span> <span class='ocrx_word' id='word_1_634' title='bbox 2400 4177 2634 4249; x_wconf 89' lang='lat' dir='ltr'>Papiam</span> <span class='ocrx_word' id='word_1_635' title='bbox 2654 4175 2833 4231; x_wconf 89' lang='lat' dir='ltr'>venit.</span> <span class='ocrx_word' id='word_1_636' title='bbox 2859 4173 3097 4230; x_wconf 90' lang='lat' dir='ltr'>Interim</span> <span class='ocrx_word' id='word_1_637' title='bbox 3126 4172 3364 4230; x_wconf 89' lang='lat' dir='ltr'>Romani</span> <span class='ocrx_word' id='word_1_638' title='bbox 3395 4174 3497 4229; x_wconf 83' lang='lat' dir='ltr'>Be-</span> 
     </span>
    </p>
   </div>
   <div class='ocr_carea' id='block_1_91' title="bbox 1860 4262 3500 4338">
    <p class='ocr_par' dir='ltr' id='par_1_91' title="bbox 1860 4262 3500 4338">
     <span class='ocr_line' id='line_1_92' title="bbox 1860 4262 3500 4338; baseline -0.006 -10"><span class='ocrx_word' id='word_1_639' title='bbox 1860 4271 2154 4328; x_wconf 90' lang='lat' dir='ltr'>nedictum</span> <span class='ocrx_word' id='word_1_640' title='bbox 2182 4268 2483 4338; x_wconf 87' lang='lat' dir='ltr'>elegerunt</span> <span class='ocrx_word' id='word_1_641' title='bbox 2525 4266 2620 4336; x_wconf 93' lang='lat' dir='ltr'>qui</span> <span class='ocrx_word' id='word_1_642' title='bbox 2651 4263 2925 4321; x_wconf 90' lang='lat' dir='ltr'>electioni</span> <span class='ocrx_word' id='word_1_643' title='bbox 2953 4262 3229 4324; x_wconf 85' lang='lat' dir='ltr'>Johannis</span> <span class='ocrx_word' id='word_1_644' title='bbox 3258 4276 3500 4318; x_wconf 86' lang='lat' dir='ltr'>consen-</span> 
     </span>
    </p>
   </div>
   <div class='ocr_carea' id='block_1_92' title="bbox 1859 4351 3496 4427">
    <p class='ocr_par' dir='ltr' id='par_1_92' title="bbox 1859 4351 3496 4427">
     <span class='ocr_line' id='line_1_93' title="bbox 1859 4351 3496 4427; baseline -0.006 -9"><span class='ocrx_word' id='word_1_645' title='bbox 1859 4365 2017 4419; x_wconf 89' lang='lat' dir='ltr'>serat</span> <span class='ocrx_word' id='word_1_646' title='bbox 2041 4359 2168 4415; x_wconf 89' lang='lat' dir='ltr'>etei</span> <span class='ocrx_word' id='word_1_647' title='bbox 2194 4371 2425 4427; x_wconf 90' lang='lat' dir='ltr'>semper</span> <span class='ocrx_word' id='word_1_648' title='bbox 2443 4354 2716 4412; x_wconf 87' lang='lat' dir='ltr'>subditus</span> <span class='ocrx_word' id='word_1_649' title='bbox 2735 4353 2943 4409; x_wconf 86' lang='lat' dir='ltr'>fuerat.</span> <span class='ocrx_word' id='word_1_650' title='bbox 2967 4351 3079 4408; x_wconf 89' lang='lat' dir='ltr'>Sed</span> <span class='ocrx_word' id='word_1_651' title='bbox 3098 4352 3237 4406; x_wconf 91' lang='lat' dir='ltr'>Otto</span> <span class='ocrx_word' id='word_1_652' title='bbox 3258 4351 3496 4408; x_wconf 82' lang='lat' dir='ltr'>Romam</span> 
     </span>
    </p>
   </div>
   <div class='ocr_carea' id='block_1_93' title="bbox 1863 4438 3499 4515">
    <p class='ocr_par' dir='ltr' id='par_1_93' title="bbox 1863 4438 3499 4515">
     <span class='ocr_line' id='line_1_94' title="bbox 1863 4438 3499 4515; baseline -0.007 -10"><span class='ocrx_word' id='word_1_653' title='bbox 1863 4463 2132 4507; x_wconf 88' lang='lat' dir='ltr'>reversus</span> <span class='ocrx_word' id='word_1_654' title='bbox 2158 4446 2475 4503; x_wconf 76' lang='lat' dir='ltr'>Iohannem</span> <span class='ocrx_word' id='word_1_655' title='bbox 2518 4441 2737 4515; x_wconf 90' lang='lat' dir='ltr'>judicio</span> <span class='ocrx_word' id='word_1_656' title='bbox 2778 4439 3043 4511; x_wconf 78' lang='lat' dir='ltr'>synodali</span> <span class='ocrx_word' id='word_1_657' title='bbox 3073 4440 3131 4494; x_wconf 89' lang='lat' dir='ltr'>in</span> <span class='ocrx_word' id='word_1_658' title='bbox 3159 4438 3296 4495; x_wconf 90' lang='lat' dir='ltr'>sede</span> <span class='ocrx_word' id='word_1_659' title='bbox 3327 4439 3499 4494; x_wconf 82' lang='lat' dir='ltr'>resti-</span> 
     </span>
    </p>
   </div>
   <div class='ocr_carea' id='block_1_94' title="bbox 127 4518 3496 4608">
    <p class='ocr_par' dir='ltr' id='par_1_94' title="bbox 127 4518 3496 4608">
     <span class='ocr_line' id='line_1_95' title="bbox 127 4518 3496 4608; baseline -0.002 -21"><span class='ocrx_word' id='word_1_660' title='bbox 127 4531 238 4603; x_wconf 64' lang='lat' dir='ltr'>dim,</span> <span class='ocrx_word' id='word_1_661' title='bbox 261 4541 315 4591; x_wconf 91' lang='lat' dir='ltr'>et</span> <span class='ocrx_word' id='word_1_662' title='bbox 346 4540 474 4593; x_wconf 89' lang='lat' dir='ltr'>erat</span> <span class='ocrx_word' id='word_1_663' title='bbox 506 4518 651 4593; x_wconf 80' lang='lat' dir='ltr'>tunc</span> <span class='ocrx_word' id='word_1_664' title='bbox 682 4534 968 4606; x_wconf 89' lang='lat' dir='ltr'>temporis</span> <span class='ocrx_word' id='word_1_665' title='bbox 996 4534 1146 4605; x_wconf 87' lang='lat' dir='ltr'>juris</span> <span class='ocrx_word' id='word_1_666' title='bbox 1177 4535 1339 4605; x_wconf 84' lang='lat' dir='ltr'>regni</span> <span class='ocrx_word' id='word_1_667' title='bbox 1373 4535 1744 4594; x_wconf 84' lang='lat' dir='ltr'>Francorum.</span> <span class='ocrx_word' id='word_1_668' title='bbox 1774 4518 1831 4591; x_wconf 70' lang='grc' dir='ltr'><strong><em>Β</em></strong></span> <span class='ocrx_word' id='word_1_669' title='bbox 1858 4538 1995 4608; x_wconf 88' lang='lat' dir='ltr'>tuit,</span> <span class='ocrx_word' id='word_1_670' title='bbox 2015 4531 2710 4603; x_wconf 88' lang='lat' dir='ltr'>Benedictumvero,quia</span> <span class='ocrx_word' id='word_1_671' title='bbox 2726 4525 3496 4600; x_wconf 87' lang='lat' dir='ltr'>patriseubileascenderat,</span> 
     </span>
    </p>
   </div>
   <div class='ocr_carea' id='block_1_95' title="bbox 130 4621 1751 4696">
    <p class='ocr_par' dir='ltr' id='par_1_95' title="bbox 130 4621 1751 4696">
     <span class='ocr_line' id='line_1_96' title="bbox 130 4621 1751 4696; baseline 0.005 -22"><span class='ocrx_word' id='word_1_672' title='bbox 130 4621 192 4677; x_wconf 87' lang='lat' dir='ltr'>De</span> <span class='ocrx_word' id='word_1_673' title='bbox 217 4623 316 4680; x_wconf 87' lang='lat' dir='ltr'>hac</span> <span class='ocrx_word' id='word_1_674' title='bbox 345 4625 612 4681; x_wconf 81' lang='lat' dir='ltr'>Mattilde</span> <span class='ocrx_word' id='word_1_675' title='bbox 646 4623 881 4694; x_wconf 86' lang='lat' dir='ltr'>genitus</span> <span class='ocrx_word' id='word_1_676' title='bbox 911 4627 1001 4679; x_wconf 90' lang='lat' dir='ltr'>est</span> <span class='ocrx_word' id='word_1_677' title='bbox 1036 4622 1323 4680; x_wconf 84' lang='lat' dir='ltr'>Rodulfus</span> <span class='ocrx_word' id='word_1_678' title='bbox 1356 4638 1461 4680; x_wconf 88' lang='lat' dir='ltr'>rex</span> <span class='ocrx_word' id='word_1_679' title='bbox 1493 4626 1751 4696; x_wconf 86' lang='lat' dir='ltr'>Burgun-</span> 
     </span>
    </p>
   </div>
   <div class='ocr_carea' id='block_1_96' title="bbox 131 4708 1753 4785">
    <p class='ocr_par' dir='ltr' id='par_1_96' title="bbox 131 4708 1753 4785">
     <span class='ocr_line' id='line_1_97' title="bbox 131 4708 1753 4785; baseline 0.005 -23"><span class='ocrx_word' id='word_1_680' title='bbox 131 4708 242 4779; x_wconf 63' lang='lat' dir='ltr'>diae,</span> <span class='ocrx_word' id='word_1_681' title='bbox 262 4713 353 4782; x_wconf 90' lang='lat' dir='ltr'>qui</span> <span class='ocrx_word' id='word_1_682' title='bbox 378 4719 513 4785; x_wconf 86' lang='lat' dir='ltr'>post</span> <span class='ocrx_word' id='word_1_683' title='bbox 538 4714 764 4784; x_wconf 87' lang='lat' dir='ltr'>patrem</span> <span class='ocrx_word' id='word_1_684' title='bbox 788 4726 954 4767; x_wconf 89' lang='lat' dir='ltr'>suum</span> <span class='ocrx_word' id='word_1_685' title='bbox 981 4710 1309 4767; x_wconf 89' lang='lat' dir='ltr'>Conradum</span> <span class='ocrx_word' id='word_1_686' title='bbox 1328 4712 1589 4783; x_wconf 86' lang='lat' dir='ltr'>suscepit</span> <span class='ocrx_word' id='word_1_687' title='bbox 1614 4714 1753 4772; x_wconf 86' lang='lat' dir='ltr'>Bur-</span> 
     </span>
    </p>
   </div>
   <div class='ocr_carea' id='block_1_97' title="bbox 127 4800 1755 4872">
    <p class='ocr_par' dir='ltr' id='par_1_97' title="bbox 127 4800 1755 4872">
     <span class='ocr_line' id='line_1_98' title="bbox 127 4800 1755 4872; baseline 0.004 -20"><span class='ocrx_word' id='word_1_688' title='bbox 127 4800 333 4865; x_wconf 76' lang='lat' dir='ltr'>gundize</span> <span class='ocrx_word' id='word_1_689' title='bbox 363 4816 633 4872; x_wconf 85' lang='lat' dir='ltr'>regnum,</span> <span class='ocrx_word' id='word_1_690' title='bbox 662 4802 833 4855; x_wconf 86' lang='lat' dir='ltr'>Berta</span> <span class='ocrx_word' id='word_1_691' title='bbox 857 4800 1031 4856; x_wconf 91' lang='lat' dir='ltr'>etiam</span> <span class='ocrx_word' id='word_1_692' title='bbox 1056 4814 1229 4870; x_wconf 90' lang='lat' dir='ltr'>quam</span> <span class='ocrx_word' id='word_1_693' title='bbox 1261 4800 1490 4872; x_wconf 88' lang='lat' dir='ltr'>accepit</span> <span class='ocrx_word' id='word_1_694' title='bbox 1513 4801 1635 4858; x_wconf 93' lang='lat' dir='ltr'>Odo</span> <span class='ocrx_word' id='word_1_695' title='bbox 1656 4803 1755 4858; x_wconf 87' lang='lat' dir='ltr'>&#39;I‘e-</span> 
     </span>
    </p>
   </div>
   <div class='ocr_carea' id='block_1_98' title="bbox 131 4886 1752 4962">
    <p class='ocr_par' dir='ltr' id='par_1_98' title="bbox 131 4886 1752 4962">
     <span class='ocr_line' id='line_1_99' title="bbox 131 4886 1752 4962; baseline 0.006 -24"><span class='ocrx_word' id='word_1_696' title='bbox 131 4886 292 4943; x_wconf 88' lang='lat' dir='ltr'>tbaldi</span> <span class='ocrx_word' id='word_1_697' title='bbox 320 4889 386 4922; x_wconf 72' lang='grc'>²⁷¹</span> <span class='ocrx_word' id='word_1_698' title='bbox 417 4887 796 4947; x_wconf 89' lang='lat' dir='ltr'>Carnotensis</span> <span class='ocrx_word' id='word_1_699' title='bbox 825 4887 994 4959; x_wconf 87' lang='lat' dir='ltr'>ﬁlius,</span> <span class='ocrx_word' id='word_1_700' title='bbox 1018 4904 1092 4945; x_wconf 90' lang='lat' dir='ltr'>ex</span> <span class='ocrx_word' id='word_1_701' title='bbox 1115 4902 1228 4960; x_wconf 89' lang='lat' dir='ltr'>qua</span> <span class='ocrx_word' id='word_1_702' title='bbox 1249 4888 1449 4959; x_wconf 89' lang='lat' dir='ltr'>genuit</span> <span class='ocrx_word' id='word_1_703' title='bbox 1474 4890 1752 4962; x_wconf 90' lang='lat' dir='ltr'>Odonem,</span> 
     </span>
    </p>
   </div>
   <div class='ocr_carea' id='block_1_99' title="bbox 130 4975 1758 5047">
    <p class='ocr_par' dir='ltr' id='par_1_99' title="bbox 130 4975 1758 5047">
     <span class='ocr_line' id='line_1_100' title="bbox 130 4975 1758 5047; baseline 0.006 -18"><span class='ocrx_word' id='word_1_704' title='bbox 130 4975 217 5042; x_wconf 89' lang='lat' dir='ltr'>qui</span> <span class='ocrx_word' id='word_1_705' title='bbox 244 4978 387 5047; x_wconf 87' lang='lat' dir='ltr'>apud</span> <span class='ocrx_word' id='word_1_706' title='bbox 418 4980 666 5035; x_wconf 88' lang='lat' dir='ltr'>Barrum</span> <span class='ocrx_word' id='word_1_707' title='bbox 708 4976 886 5044; x_wconf 91' lang='lat' dir='ltr'>obiit;</span> <span class='ocrx_word' id='word_1_708' title='bbox 917 4978 1231 5035; x_wconf 89' lang='lat' dir='ltr'>Tetbaldus</span> <span class='ocrx_word' id='word_1_709' title='bbox 1257 4978 1408 5035; x_wconf 90' lang='lat' dir='ltr'>enim</span> <span class='ocrx_word' id='word_1_710' title='bbox 1442 4981 1758 5038; x_wconf 84' lang='lat' dir='ltr'>Carnoten-</span> 
     </span>
    </p>
   </div>
   <div class='ocr_carea' id='block_1_100' title="bbox 134 5060 1755 5137">
    <p class='ocr_par' dir='ltr' id='par_1_100' title="bbox 134 5060 1755 5137">
     <span class='ocr_line' id='line_1_101' title="bbox 134 5060 1755 5137; baseline 0.005 -20"><span class='ocrx_word' id='word_1_711' title='bbox 134 5060 221 5133; x_wconf 88' lang='lat' dir='ltr'>sis,</span> <span class='ocrx_word' id='word_1_712' title='bbox 249 5066 409 5136; x_wconf 87' lang='lat' dir='ltr'>cujus</span> <span class='ocrx_word' id='word_1_713' title='bbox 436 5080 761 5137; x_wconf 86' lang='lat' dir='ltr'>cognomen</span> <span class='ocrx_word' id='word_1_714' title='bbox 807 5064 913 5120; x_wconf 83' lang='lat' dir='ltr'>fuit</span> <span class='ocrx_word' id='word_1_715' title='bbox 948 5066 1230 5137; x_wconf 88' lang='lat' dir='ltr'>Tricator,</span> <span class='ocrx_word' id='word_1_716' title='bbox 1265 5065 1363 5136; x_wconf 86' lang='lat' dir='ltr'>qui</span> <span class='ocrx_word' id='word_1_717' title='bbox 1408 5065 1755 5125; x_wconf 89' lang='lat' dir='ltr'>Willelmum</span> 
     </span>
    </p>
   </div>
   <div class='ocr_carea' id='block_1_101' title="bbox 134 5149 1755 5226">
    <p class='ocr_par' dir='ltr' id='par_1_101' title="bbox 134 5149 1755 5226">
     <span class='ocr_line' id='line_1_102' title="bbox 134 5149 1755 5226; baseline 0.007 -24"><span class='ocrx_word' id='word_1_718' title='bbox 134 5149 599 5212; x_wconf 78' lang='lat' dir='ltr'>Nortmannorum</span> <span class='ocrx_word' id='word_1_719' title='bbox 623 5153 761 5210; x_wconf 92' lang='lat' dir='ltr'>dolo</span> <span class='ocrx_word' id='word_1_720' title='bbox 784 5152 1099 5226; x_wconf 82' lang='lat' dir='ltr'>interfecit,</span> <span class='ocrx_word' id='word_1_721' title='bbox 1126 5169 1201 5212; x_wconf 86' lang='lat' dir='ltr'>ex</span> <span class='ocrx_word' id='word_1_722' title='bbox 1223 5168 1431 5212; x_wconf 88' lang='lat' dir='ltr'>sorore</span> <span class='ocrx_word' id='word_1_723' title='bbox 1465 5156 1755 5214; x_wconf 81' lang='lat' dir='ltr'>Heriberti</span> 
     </span>
    </p>
   </div>
   <div class='ocr_carea' id='block_1_102' title="bbox 1861 4613 3502 4699">
    <p class='ocr_par' dir='ltr' id='par_1_102' title="bbox 1861 4613 3502 4699">
     <span class='ocr_line' id='line_1_103' title="bbox 1861 4613 3502 4699; baseline -0.011 -13"><span class='ocrx_word' id='word_1_724' title='bbox 1861 4626 2190 4699; x_wconf 90' lang='lat' dir='ltr'>depositum</span> <span class='ocrx_word' id='word_1_725' title='bbox 2215 4623 2271 4680; x_wconf 92' lang='lat' dir='ltr'>in</span> <span class='ocrx_word' id='word_1_726' title='bbox 2296 4622 2598 4679; x_wconf 84' lang='lat' dir='ltr'>Saxoniam</span> <span class='ocrx_word' id='word_1_727' title='bbox 2630 4633 2830 4676; x_wconf 90' lang='lat' dir='ltr'>secum</span> <span class='ocrx_word' id='word_1_728' title='bbox 2861 4617 3047 4674; x_wconf 81' lang='lat' dir='ltr'>duxit.</span> <span class='ocrx_word' id='word_1_729' title='bbox 3084 4616 3185 4672; x_wconf 83' lang='lat' dir='ltr'>Hic</span> <span class='ocrx_word' id='word_1_730' title='bbox 3218 4613 3353 4671; x_wconf 81' lang='lat' dir='ltr'>fecit</span> <span class='ocrx_word' id='word_1_731' title='bbox 3386 4614 3502 4684; x_wconf 85' lang='lat' dir='ltr'>pri-</span> 
     </span>
    </p>
   </div>
   <div class='ocr_carea' id='block_1_103' title="bbox 1861 4701 3498 4785">
    <p class='ocr_par' dir='ltr' id='par_1_103' title="bbox 1861 4701 3498 4785">
     <span class='ocr_line' id='line_1_104' title="bbox 1861 4701 3498 4785; baseline -0.01 -12"><span class='ocrx_word' id='word_1_732' title='bbox 1861 4715 2136 4785; x_wconf 91' lang='lat' dir='ltr'>vilegium</span> <span class='ocrx_word' id='word_1_733' title='bbox 2159 4711 2445 4771; x_wconf 69' lang='lat' dir='ltr'>aacclesiaa</span> <span class='ocrx_word' id='word_1_734' title='bbox 2458 4708 2644 4766; x_wconf 88' lang='lat' dir='ltr'>sancti</span> <span class='ocrx_word' id='word_1_735' title='bbox 2662 4705 2854 4764; x_wconf 86' lang='lat' dir='ltr'>Vitoni</span> <span class='ocrx_word' id='word_1_736' title='bbox 2870 4704 2942 4761; x_wconf 91' lang='lat' dir='ltr'>de</span> <span class='ocrx_word' id='word_1_737' title='bbox 2953 4703 3221 4760; x_wconf 90' lang='lat' dir='ltr'>omnibus</span> <span class='ocrx_word' id='word_1_738' title='bbox 3235 4703 3413 4757; x_wconf 91' lang='lat' dir='ltr'>rebus</span> <span class='ocrx_word' id='word_1_739' title='bbox 3427 4701 3498 4757; x_wconf 90' lang='lat' dir='ltr'>ad</span> 
     </span>
    </p>
   </div>
   <div class='ocr_carea' id='block_1_104' title="bbox 1860 4786 3502 4873">
    <p class='ocr_par' dir='ltr' id='par_1_104' title="bbox 1860 4786 3502 4873">
     <span class='ocr_line' id='line_1_105' title="bbox 1860 4786 3502 4873; baseline -0.009 -13"><span class='ocrx_word' id='word_1_740' title='bbox 1860 4818 1985 4860; x_wconf 90' lang='lat' dir='ltr'>eam</span> <span class='ocrx_word' id='word_1_741' title='bbox 2033 4799 2464 4873; x_wconf 84' lang='lat' dir='ltr'>pertinentibus</span> <span class='ocrx_word' id='word_1_742' title='bbox 2490 4798 2646 4866; x_wconf 86' lang='lat' dir='ltr'>juste</span> <span class='ocrx_word' id='word_1_743' title='bbox 2676 4792 2976 4850; x_wconf 90' lang='lat' dir='ltr'>concessis</span> <span class='ocrx_word' id='word_1_744' title='bbox 3012 4795 3073 4848; x_wconf 89' lang='lat' dir='ltr'>et</span> <span class='ocrx_word' id='word_1_745' title='bbox 3107 4786 3502 4846; x_wconf 78' lang='lat' dir='ltr'>eoneedendis</span> 
     </span>
    </p>
   </div>
   <div class='ocr_carea' id='block_1_105' title="bbox 1866 4873 3501 4964">
    <p class='ocr_par' dir='ltr' id='par_1_105' title="bbox 1866 4873 3501 4964">
     <span class='ocr_line' id='line_1_106' title="bbox 1866 4873 3501 4964; baseline -0.01 -17"><span class='ocrx_word' id='word_1_746' title='bbox 1866 4890 2146 4964; x_wconf 89' lang='lat' dir='ltr'>petitione</span> <span class='ocrx_word' id='word_1_747' title='bbox 2184 4885 2377 4945; x_wconf 87' lang='lat' dir='ltr'>domui</span> <span class='ocrx_word' id='word_1_748' title='bbox 2408 4881 2744 4951; x_wconf 88' lang='lat' dir='ltr'>Berengerii</span> <span class='ocrx_word' id='word_1_749' title='bbox 2773 4877 3057 4951; x_wconf 88' lang='lat' dir='ltr'>episcopi,</span> <span class='ocrx_word' id='word_1_750' title='bbox 3087 4881 3145 4934; x_wconf 89' lang='lat' dir='ltr'>et</span> <span class='ocrx_word' id='word_1_751' title='bbox 3177 4873 3501 4964; x_wconf 64' lang='lat' dir='ltr'>recclesiam</span> 
     </span>
    </p>
   </div>
   <div class='ocr_carea' id='block_1_106' title="bbox 1862 4962 3506 5052">
    <p class='ocr_par' dir='ltr' id='par_1_106' title="bbox 1862 4962 3506 5052">
     <span class='ocr_line' id='line_1_107' title="bbox 1862 4962 3506 5052; baseline -0.013 -15"><span class='ocrx_word' id='word_1_752' title='bbox 1862 4962 2051 5052; x_wconf 82' lang='lat' dir='ltr'>ipsam</span> <span class='ocrx_word' id='word_1_753' title='bbox 2066 4979 2189 5035; x_wconf 87' lang='lat' dir='ltr'>sive</span> <span class='ocrx_word' id='word_1_754' title='bbox 2208 4971 2621 5031; x_wconf 88' lang='lat' dir='ltr'>monasterium</span> <span class='ocrx_word' id='word_1_755' title='bbox 2643 4965 3003 5025; x_wconf 86' lang='lat' dir='ltr'>conﬁrmavit</span> <span class='ocrx_word' id='word_1_756' title='bbox 3028 4962 3375 5052; x_wconf 79' lang='lat' dir='ltr'>Virdunensi</span> <span class='ocrx_word' id='word_1_757' title='bbox 3396 4977 3506 5052; x_wconf 73' lang='lat' dir='ltr'>aec-</span> 
     </span>
    </p>
   </div>
   <div class='ocr_carea' id='block_1_107' title="bbox 1866 5049 3504 5137">
    <p class='ocr_par' dir='ltr' id='par_1_107' title="bbox 1866 5049 3504 5137">
     <span class='ocr_line' id='line_1_108' title="bbox 1866 5049 3504 5137; baseline -0.01 -12"><span class='ocrx_word' id='word_1_758' title='bbox 1866 5049 2078 5137; x_wconf 66' lang='lat' dir='ltr'>clesim,</span> <span class='ocrx_word' id='word_1_759' title='bbox 2112 5067 2381 5122; x_wconf 87' lang='lat' dir='ltr'>statuens</span> <span class='ocrx_word' id='word_1_760' title='bbox 2410 5064 2587 5131; x_wconf 86' lang='lat' dir='ltr'>atque</span> <span class='ocrx_word' id='word_1_761' title='bbox 2618 5055 2988 5130; x_wconf 86' lang='lat' dir='ltr'>promulgans</span> <span class='ocrx_word' id='word_1_762' title='bbox 3011 5056 3076 5111; x_wconf 88' lang='lat' dir='ltr'>ut</span> <span class='ocrx_word' id='word_1_763' title='bbox 3105 5052 3211 5109; x_wconf 88' lang='lat' dir='ltr'>ﬁlii</span> <span class='ocrx_word' id='word_1_764' title='bbox 3240 5049 3504 5109; x_wconf 67' lang='lat' dir='ltr'>ecclesia</span> 
     </span>
    </p>
   </div>
   <div class='ocr_carea' id='block_1_108' title="bbox 1867 5139 3504 5221">
    <p class='ocr_par' dir='ltr' id='par_1_108' title="bbox 1867 5139 3504 5221">
     <span class='ocr_line' id='line_1_109' title="bbox 1867 5139 3504 5221; baseline -0.01 -8"><span class='ocrx_word' id='word_1_765' title='bbox 1867 5150 2271 5214; x_wconf 85' lang='lat' dir='ltr'>Virdunensis.</span> <span class='ocrx_word' id='word_1_766' title='bbox 2294 5150 2391 5221; x_wconf 90' lang='lat' dir='ltr'>qui</span> <span class='ocrx_word' id='word_1_767' title='bbox 2412 5147 2674 5206; x_wconf 90' lang='lat' dir='ltr'>seculum</span> <span class='ocrx_word' id='word_1_768' title='bbox 2698 5146 2971 5203; x_wconf 86' lang='lat' dir='ltr'>deserere</span> <span class='ocrx_word' id='word_1_769' title='bbox 2987 5140 3336 5211; x_wconf 86' lang='lat' dir='ltr'>voluissent,</span> <span class='ocrx_word' id='word_1_770' title='bbox 3354 5139 3413 5196; x_wconf 88' lang='lat' dir='ltr'>in</span> <span class='ocrx_word' id='word_1_771' title='bbox 3432 5153 3504 5196; x_wconf 91' lang='lat' dir='ltr'>eo</span> 
     </span>
    </p>
   </div>
   <div class='ocr_carea' id='block_1_109' title="bbox 1471 5276 2148 5336">
    <p class='ocr_par' dir='ltr' id='par_1_109' title="bbox 1471 5276 2148 5336">
     <span class='ocr_line' id='line_1_110' title="bbox 1471 5276 2148 5336; baseline -0.006 -1"><span class='ocrx_word' id='word_1_772' title='bbox 1471 5280 1709 5336; x_wconf 73' lang='lat' dir='ltr'>VARI/E</span> <span class='ocrx_word' id='word_1_773' title='bbox 1752 5276 2148 5336; x_wconf 84' lang='lat' dir='ltr'>LECTIONES.</span> 
     </span>
    </p>
   </div>
   <div class='ocr_carea' id='block_1_110' title="bbox 194 5385 3504 5473">
    <p class='ocr_par' dir='ltr' id='par_1_110' title="bbox 194 5385 3504 5473">
     <span class='ocr_line' id='line_1_111' title="bbox 194 5385 3504 5473; baseline -0.004 -19"><span class='ocrx_word' id='word_1_774' title='bbox 194 5395 272 5473; x_wconf 56' lang='lat'>3&quot;.</span> <span class='ocrx_word' id='word_1_775' title='bbox 308 5401 460 5473; x_wconf 55' lang='lat' dir='ltr'>p.11.</span> <span class='ocrx_word' id='word_1_776' title='bbox 498 5415 550 5457; x_wconf 93' lang='lat' dir='ltr'>e.</span> <span class='ocrx_word' id='word_1_777' title='bbox 589 5416 623 5473; x_wconf 92' lang='lat' dir='ltr'>p</span> <span class='ocrx_word' id='word_1_778' title='bbox 655 5401 718 5457; x_wconf 84' lang='lat' dir='ltr'>A.</span> <span class='ocrx_word' id='word_1_779' title='bbox 755 5414 803 5457; x_wconf 94' lang='lat' dir='ltr'>a.</span> <span class='ocrx_word' id='word_1_780' title='bbox 839 5399 929 5459; x_wconf 87' lang='lat' dir='ltr'>VI.</span> <span class='ocrx_word' id='word_1_781' title='bbox 959 5401 1211 5462; x_wconf 74' lang='lat' dir='ltr'>inserta.</span> <span class='ocrx_word' id='word_1_782' title='bbox 1291 5400 1360 5435; x_wconf 77' lang='lat'>&#39;7°</span> <span class='ocrx_word' id='word_1_783' title='bbox 1387 5402 1759 5463; x_wconf 86' lang='lat' dir='ltr'>DCCCCLIIII</span> <span class='ocrx_word' id='word_1_784' title='bbox 1807 5415 1957 5460; x_wconf 77' lang='lat' dir='ltr'>corr.</span> <span class='ocrx_word' id='word_1_785' title='bbox 2012 5396 2346 5457; x_wconf 86' lang='lat' dir='ltr'>DCCCCLV.</span> <span class='ocrx_word' id='word_1_786' title='bbox 2424 5393 2492 5428; x_wconf 81' lang='grc'>¹⁷¹</span> <span class='ocrx_word' id='word_1_787' title='bbox 2520 5394 2617 5451; x_wconf 73' lang='lat' dir='ltr'>ita,</span> <span class='ocrx_word' id='word_1_788' title='bbox 2661 5407 2711 5451; x_wconf 76' lang='grc' dir='ltr'>ο.</span> <span class='ocrx_word' id='word_1_789' title='bbox 2787 5391 2857 5425; x_wconf 69' lang='grc' dir='ltr'>’τ’</span> <span class='ocrx_word' id='word_1_790' title='bbox 2905 5394 2969 5448; x_wconf 90' lang='lat' dir='ltr'>et</span> <span class='ocrx_word' id='word_1_791' title='bbox 3016 5391 3075 5446; x_wconf 87' lang='lat' dir='ltr'>F.</span> <span class='ocrx_word' id='word_1_792' title='bbox 3133 5390 3192 5447; x_wconf 91' lang='lat' dir='ltr'>C.</span> <span class='ocrx_word' id='word_1_793' title='bbox 3244 5385 3504 5447; x_wconf 65' lang='lat' dir='ltr'>inserta.</span> 
     </span>
    </p>
   </div>
   <div class='ocr_carea' id='block_1_111' title="bbox 1700 5541 1923 5598">
    <p class='ocr_par' dir='ltr' id='par_1_111' title="bbox 1700 5541 1923 5598">
     <span class='ocr_line' id='line_1_112' title="bbox 1700 5541 1923 5598; baseline -0.009 -1"><span class='ocrx_word' id='word_1_794' title='bbox 1700 5541 1923 5598; x_wconf 70' lang='lat' dir='ltr'>NOTIE.</span> 
     </span>
    </p>
   </div>
   <div class='ocr_carea' id='block_1_112' title="bbox 138 5464 503 5528">
    <p class='ocr_par' dir='ltr' id='par_1_112' title="bbox 138 5464 503 5528">
     <span class='ocr_line' id='line_1_113' title="bbox 138 5464 503 5528; baseline 0.005 -2"><span class='ocrx_word' id='word_1_795' title='bbox 138 5464 197 5500; x_wconf 73' lang='grc'>’⁷³</span> <span class='ocrx_word' id='word_1_796' title='bbox 220 5483 265 5526; x_wconf 82' lang='lat' dir='ltr'>c.</span> <span class='ocrx_word' id='word_1_797' title='bbox 309 5464 503 5528; x_wconf 77' lang='lat' dir='ltr'>allum.</span> 
     </span>
    </p>
   </div>
   <div class='ocr_carea' id='block_1_113' title="bbox 201 5626 1363 5699">
    <p class='ocr_par' dir='ltr' id='par_1_113' title="bbox 201 5626 1363 5699">
     <span class='ocr_line' id='line_1_114' title="bbox 201 5626 1363 5699; baseline -0.002 -12"><span class='ocrx_word' id='word_1_798' title='bbox 201 5626 313 5699; x_wconf 80' lang='lat'>(77)</span> <span class='ocrx_word' id='word_1_799' title='bbox 335 5629 669 5688; x_wconf 82' lang='lat' dir='ltr'>Heinricum</span> <span class='ocrx_word' id='word_1_800' title='bbox 699 5630 746 5686; x_wconf 86' lang='lat' dir='ltr'>II</span> <span class='ocrx_word' id='word_1_801' title='bbox 777 5628 1058 5690; x_wconf 61' lang='lat' dir='ltr'>heredem</span> <span class='ocrx_word' id='word_1_802' title='bbox 1088 5630 1363 5689; x_wconf 84' lang='lat' dir='ltr'>instituit.</span> 
     </span>
    </p>
   </div>
  </div>
