3894 6316
415 335 520 406 191

1380 337 1750 404 HUGONIS
1792 331 2144 400 ABBATIS
2186 330 2864 398 FLAVINIACENSIS
3707 331 3797 393 192

414 476 798 536 monasticum
829 474 1090 535 habitum
1123 473 1512 548 susciperent,
1557 488 1662 531 nec
1707 468 1777 530 ad
1818 473 2062 528 externa
2094 468 2149 530 A
2181 469 2332 540 taro,
2355 463 2460 527 ubi
2479 480 2638 541 pana
2662 466 2892 538 crescit,
2918 465 3246 542 ctspiritus
3264 462 3521 527 hominis
3551 461 3626 525 de
3644 461 3798 525 diei:

417 564 773 622 monasteria
789 562 1374 635 demigrarent.Quod
1388 567 1443 620 et
1462 563 1588 636 ipse
1603 563 1848 619 domnus
1865 559 2067 616 Beren-

417 653 619 724 gerius
649 653 971 726 adimplere
996 653 1242 723 studuit,
1272 651 1426 722 dum,
1455 653 1670 723 rejecta
1705 648 2067 722 praelationis

429 743 680 812 sarcina,
707 746 773 798 ut
791 741 1660 812 justusjustiﬁcareturadhuc,
1686 739 2065 795 monasticam

427 831 690 888 habitum
737 832 994 902 suscepit
1028 831 1081 886 in
1114 831 1315 886 eodem
1347 831 1630 899 coenobio,
1664 829 1927 885 serviens
1951 828 2066 881 Deo

425 912 480 976 in
501 921 936 990 incorruptione
952 919 1196 975 modesti
1211 922 1267 974 et
1285 919 1462 989 quieti
1481 919 1747 989 spiritus,
1764 921 1821 973 et
1836 915 2068 972 nichilo’

424 1008 616 1065 minus
639 1007 944 1078 invigilans
963 1007 1136 1064 saluti
1161 1007 1604 1063 commissarum
1620 1005 1730 1061 sibi
1746 1005 2063 1068 animarum

423 1111 528 1168 pro
577 1097 732 1152 votis
780 1097 1144 1167 p0pulorum,
1193 1095 1286 1166 qui
1337 1095 1611 1150 nolebant
1659 1093 1828 1148 alteri
1862 1093 1914 1147 in
1943 1092 2062 1146 vita

423 1185 550 1254 ejus
583 1186 848 1254 subesse,
873 1200 941 1240 eo
964 1184 1115 1254 quod
1151 1189 1392 1240 strenuo
1416 1183 1779 1240 munirentur
1806 1185 2060 1252 pastore,

421 1273 518 1342 qui
545 1276 763 1343 quanto
781 1273 1022 1328 Domino
1035 1272 1498 1344 approximabat,
1518 1277 1679 1326 tanto
1694 1275 1741 1325 st
1754 1267 2062 1325 renuitatis

425 1366 486 1416 et
518 1361 780 1430 benigna}
813 1360 1090 1431 puritatis
1115 1375 1232 1416 suae
1261 1359 1584 1414 certissima
1619 1358 1795 1413 dabat
1826 1355 2058 1412 indicia.

428 1447 576 1516 Quid
609 1452 800 1504 autem
832 1447 1250 1515 intercesserit,
1285 1445 1436 1516 quod
1470 1446 1728 1517 pontifex
1755 1449 1935 1499 tantae
1966 1459 2064 1500 an-

423 1537 719 1593 ctoritatis
736 1541 795 1592 et
812 1538 1017 1606 gratiae
1043 1536 1371 1592 monastieze
1390 1551 1448 1590 se
1470 1535 1684 1603 regulae
1705 1533 1887 1588 manci
1899 1547 2062 1603 pave-

422 1625 520 1694 rit,
547 1624 714 1694 cujus
735 1625 852 1680 vita
881 1623 1211 1680 sanctitatis
1229 1627 1354 1678 erat
1379 1622 1701 1693 speculum,
1728 1621 1918 1677 lumen
1945 1619 2064 1675 ani-

423 1727 667 1782 morum,
695 1711 873 1768 decus
905 1713 1148 1783 piorum,
1176 1715 1369 1767 terror
1397 1711 1802 1780 reproborum,
1831 1707 1964 1778 quia
1989 1706 2058 1762 ad

2179 558 2336 615 diem
2349 556 2672 616 renovatur
2689 558 2770 614 ad
2778 571 3018 630 penam.
3047 557 3161 614 Pes
3180 555 3393 629 igitur,
3413 569 3528 628 quo
3540 555 3794 629 peccasti,

2171 661 2360 718 penus
2393 646 2540 716 luat,
2561 647 2634 703 at
2650 647 2981 717 agnoscant
3006 659 3202 704 omnes
3222 647 3289 704 in
3319 645 3374 702 te
3393 647 3544 716 quia
3571 645 3797 716 diliges-

2180 736 2265 792 tes
2283 749 2374 791 me
2395 735 2604 805 diligo,
2621 737 3031 792 etmemoriam
3045 736 3162 792 mei
3167 733 3547 808 facientibus
3556 735 3796 807 patroci-

2177 825 2445 880 narinon
2459 823 2692 880 desisto.
2720 824 2818 879 liis
2842 823 3019 879 dictis
3038 824 3263 879 beatam
3288 823 3572 892 virginem
3595 821 3794 878 Teclam

2179 912 2489 968 ammonuit
2526 917 2590 967 ut
2620 911 2802 981 virga,
2839 927 3008 982 quam
3042 912 3288 981 ferebat,
3326 909 3532 982 pedem
3559 911 3685 980 ejus
3705 926 3794 981 quo

2176 999 2455 1056 clericum
2488 1003 2861 1071 percusserat
2889 1000 3148 1056 cederet.
3181 999 3380 1054 Visum
3409 1003 3501 1054 est
3537 998 3791 1070 pontifici,

2177 1088 2478 1159 sensitque
2527 1103 2590 1143 se
2641 1103 2877 1157 caesum,
2930 1089 3064 1158 quia
3094 1092 3151 1144 et
3183 1087 3488 1143 confestim
3544 1101 3647 1158 pes
3692 1087 3796 1156 ejus

2177 1176 2350 1247 aruit,
2385 1191 2457 1231 ex
2489 1191 2601 1246 quo
2644 1177 2912 1232 omnibus
2958 1177 3166 1232 diebus
3216 1176 3349 1230 vitae
3379 1189 3500 1231 suae
3530 1175 3796 1231 claudica-

2174 1265 2277 1320 vit.
2306 1265 2350 1320 Ο
2375 1265 2660 1336 stupenda
2695 1266 2898 1321 matris
2931 1265 3152 1320 Domini
3187 1264 3394 1336 pietas,
3421 1278 3554 1334 quae
3588 1264 3794 1336 pontiﬁ-

2175 1367 2299 1408 cem
2324 1367 2488 1409 suum
2514 1353 2623 1409 sibi
2645 1353 2897 1408 fideliter
2920 1353 3269 1410 servientem
3295 1357 3350 1407 et
3379 1351 3660 1420 laudavit,
3687 1353 3796 1422 quia

2177 1439 2427 1496 fideliter
2451 1441 2560 1496 sibi
2585 1440 2856 1507 serviret,
2883 1448 2940 1495 et
2965 1446 3159 1495 tamen
3187 1445 3490 1512 peccatum
3525 1438 3671 1510 ejus,
3704 1455 3797 1510 quo

2177 1529 2230 1583 in
2261 1543 2560 1600 conservo,
2614 1527 2749 1584 licet
2801 1533 3078 1600 quantum
3108 1529 3177 1585 ad
3209 1527 3452 1598 gradum
3498 1528 3794 1584 sacerdotii

2176 1615 2456 1686 inferiori,
2491 1621 2856 1688 peccaverat,
2893 1615 3218 1687 inpunitum
3252 1615 3555 1672 dimittere
3589 1615 3794 1672 noluit:

2177 1701 2283 1758 hoc
2317 1703 2724 1759 demonstrans
2773 1703 3003 1772 indicio,
3037 1719 3098 1759 se
3125 1703 3292 1772 juxta
3334 1717 3471 1759 esse
3512 1701 3793 1760 clamanti-

424 1799 479 1856 id
501 1799 757 1856 locorum
779 1799 1133 1868 devenimus,
1157 1803 1388 1871 patrum
1409 1797 1562 1854 dicta
1589 1801 1906 1867 sequentes
1925 1810 2058 1866 pau-
2091 1820 2146 1882 B
2179 1792 2286 1847 bus
2305 1792 2374 1847 ad
2399 1807 2479 1859 se,
2501 1795 2559 1846 et
2582 1791 2896 1847 vindictam
2926 1807 3144 1860 eorum,
3171 1791 3217 1846 si
3245 1791 3350 1848 lesi
3377 1792 3621 1860 fuerint,
3648 1791 3792 1847 etia

421 1888 505 1945 cis
534 1887 968 1958 explicabimus.
1009 1887 1308 1942 Familiare
1332 1890 1455 1942 erat
1483 1886 1608 1941 viro
1633 1885 1804 1940 beato
1827 1888 2064 1938 noctur-

422 1975 607 2032 nalem
644 1976 886 2030 sinaxim
925 1975 1255 2045 vigiliarum
1288 1980 1347 2030 et
1377 1974 1705 2030 orationum
1739 1970 2060 2043 praevenire

426 2064 721 2133 instantia,
772 2063 1044 2133 quatinus
1091 2063 1380 2119 sacriﬁcio
1411 2061 1652 2118 contriti
1685 2064 1742 2115 et
1774 2057 2060 2115 humiliati

415 2151 678 2222 spiritus,
732 2151 964 2222 superni
1017 2151 1370 2221 inspectoris
1419 2149 1623 2205 oculos
1671 2162 1846 2220 super
1891 2161 1951 2203 se
2001 2149 2058 2202 et

419 2254 592 2310 super
622 2239 992 2294 commissum
1023 2239 1131 2294 sibi
1162 2253 1397 2308 gregem
1426 2237 1729 2292 intendere
1761 2234 2058 2290 cotidiana

420 2331 764 2396 provocaret
781 2325 1366 2382 votorumindustria.
1393 2324 1498 2394 (Cf.
1525 2322 1706 2382 Gesta
1743 2323 1931 2392 Vird.)
1959 2323 2059 2379 Cui

418 2413 579 2486 operi
615 2414 754 2484 dum
774 2427 836 2469 se
860 2428 971 2468 una
1003 2417 1172 2468 nocte
1205 2413 1556 2482 accingeret,
1581 2416 1662 2480 et,
1690 2426 1803 2468 uno
1836 2414 2060 2466 tantum

422 2504 740 2558 contentus
773 2501 982 2557 comite
1022 2500 1118 2571 qui
1159 2500 1412 2557 lucerna:
1442 2500 1493 2556 ei
1528 2499 1917 2556 famulabatur
1947 2497 2063 2554 offl-

416 2590 532 2659 cio,
567 2589 896 2646 aecclesiam
929 2589 1304 2660 principalem
1335 2593 1554 2645 sanctas
1577 2587 1766 2644 Mariae
1798 2586 2063 2657 ingrede-

424 2681 610 2747 retur,
647 2677 770 2746 (fol.
794 2678 908 2747 71.)
941 2677 1074 2733 dum
1098 2677 1512 2748 pedetemptim
1535 2677 1809 2747 gradiens
1838 2675 2061 2732 nullum

432 2765 552 2823 illic
600 2779 732 2822 esse
781 2769 1014 2838 putaret
1044 2765 1098 2820 in
1133 2780 1300 2836 quem
1332 2765 1676 2835 offenderet,
1709 2779 1839 2822 cum
1871 2763 2062 2821 omnia

433 2854 696 2924 silerent,
729 2859 786 2910 et
820 2855 992 2910 etiam
1018 2853 1062 2910 si
1087 2854 1184 2924 qui
1215 2853 1428 2912 occulti
1460 2858 1728 2910 oratores
1757 2853 1836 2908 ibi
1865 2855 2061 2908 essent

426 2942 699 2999 adventui
734 2958 838 3000 suo
867 2958 970 2999 eos
995 2943 1206 2999 cedere
1235 2943 1528 3012 crederet,
1553 2943 1606 2997 in
1632 2942 1757 3014 ipso
1788 2941 1948 2998 chori
1984 2940 2064 2995 in-

422 3045 648 3102 gressu,
681 3032 815 3088 dum
836 3031 943 3088 sibi
979 3031 1168 3088 minus
1195 3036 1383 3101 cavet,
1419 3030 1658 3087 oﬂ‘endit
1683 3031 1737 3085 in
1761 3029 2060 3100 clericum,

428 3118 658 3176 nomine
691 3119 1049 3188 Bernerium,
1077 3118 1451 3189 praepositum
1475 3117 1736 3189 ejusdem
1759 3117 2060 3188 accelesiae,

419 3207 518 3278 qui
551 3211 691 3264 tunc
715 3207 866 3263 forte
887 3207 1013 3262 solo
1046 3209 1377 3276 prostratus
1409 3205 1844 3261 matutinarium
1878 3206 2063 3261 beatae

419 3294 676 3364 Virginis
697 3293 1043 3350 decantabat
1067 3307 1325 3361 cursum,
1342 3297 1422 3361 et,
1443 3297 1646 3363 utpost
1672 3293 1878 3364 patuit,
1901 3297 2064 3349 totus

421 3381 492 3437 ad
515 3381 725 3438 altiora
753 3395 935 3452 penna
953 3380 1281 3436 devotionis
1305 3381 1642 3452 subreptus.
1661 3380 1714 3436 in
1731 3381 1934 3438 matris
1957 3382 2064 3437 Do-

425 3469 562 3525 mini
579 3483 642 3525 se
655 3467 1006 3524 extendebat
1026 3467 1315 3525 laudibus.
1334 3467 1512 3535 Quem
1535 3469 1797 3540 pontifex
1819 3469 1945 3526 solo
1968 3469 2064 3525 he-

420 3559 646 3614 rentem
659 3555 768 3614 sibi
784 3555 1186 3614 adsurrexisse
1202 3571 1313 3612 non
1329 3555 1552 3627 videns,
1572 3557 1716 3628 pede
1743 3557 2056 3629 percussit,

420 3643 825 3716 etutcederet,
851 3659 1059 3700 vereor
1085 3644 1197 3716 [ne,
1215 3643 1376 3715 E.P.]
1407 3659 1516 3700 non
1531 3645 1658 3700 sine
1673 3644 1865 3716 aliqua
1887 3645 2058 3701 animi

420 3732 860 3803 stomacatione,
885 3731 1220 3788 ammonuit.
1247 3734 1320 3788 At
1340 3731 1436 3787 illc
1453 3731 1637 3804 jussis
1661 3733 1875 3804 paruit,
1896 3736 1955 3787 et
1973 3747 2061 3788 se-

417 3820 631 3878 cedens
653 3821 708 3877 in
731 3825 978 3892 partem,
1013 3819 1356 3876 intendebat
1381 3819 1472 3876 his
1501 3835 1630 3890 quae
1660 3824 1918 3892 ceperat.
1955 3821 2061 3876 Ve-

419 3924 545 3966 rum
577 3907 906 3966 matutinali
947 3909 1201 3965 decurso
1240 3907 1450 3978 oﬁlcio,
1494 3908 1592 3965 ubi
1623 3907 1839 3980 praesul
1870 3908 2060 3964 fessos

415 3997 620 4054 stratis
642 3995 848 4052 indidit
872 4001 1060 4066 artus,
1086 3995 1248 4052 adest
1278 3996 1447 4051 beata
1469 3996 1569 4052 Dei
1592 3995 1848 4066 genitrix
1871 3996 2062 4053 beatis

417 4085 623 4141 dextra
656 4084 897 4154 levaque
916 4083 1190 4140 comitata
1213 4082 1540 4152 virginibus
1570 4085 1728 4154 Agne
1761 4088 1938 4154 atque
1960 4085 2058 4140 Te-

416 4172 533 4240 cla,
562 4187 632 4228 eo
659 4171 860 4227 habitu
891 4175 1068 4240 atque
1099 4169 1330 4225 decenti
1362 4177 1644 4242 apparatu
1678 4187 1792 4242 quo
1822 4172 2057 4241 agnosci

419 4261 622 4330 posset
657 4260 728 4315 ab
759 4257 1032 4314 omnibus
1050 4260 1234 4312 mater
1255 4261 1316 4312 et
1336 4272 1543 4329 sponsa
1575 4259 1751 4330 Regis
1779 4260 2055 4336 omnium,

418 4345 581 4403 salus
604 4351 664 4402 et
687 4344 938 4401 dulcedo
961 4343 1235 4402 fidelium.
1273 4346 1526 4418 Cumque
1546 4345 1698 4404 lecto
1721 4348 1904 4420 ipsius
1923 4347 2060 4404 asti-

417 4433 614 4503 tisset,
647 4437 707 4490 et
731 4432 984 4504 jacentis
1015 4433 1241 4490 animus
1263 4433 1331 4490 ad
1357 4439 1536 4492 tantes
1563 4435 1806 4492 visionis
1836 4435 2060 4491 novita-

415 4525 535 4578 tem
588 4525 837 4594 stupens
879 4522 1138 4591 hereret,
1173 4523 1246 4578 ab
1275 4521 1476 4578 eadem
1528 4524 1722 4592 regina
1770 4523 2056 4593 virginum
2085 4513 2142 4577 D

415 4608 626 4667 blande
648 4614 741 4667 est
765 4608 1088 4681 requisitus
1107 4624 1236 4666 cum
1264 4609 1542 4666 clericum
1569 4624 1735 4667 suum
1760 4611 1874 4668 sibi
1890 4612 2061 4669 devo-

411 4700 557 4768 tum,
614 4712 809 4755 secum
862 4697 1218 4769 loquentem,
1261 4698 1334 4753 ad
1366 4713 1427 4754 se
1461 4701 1647 4754 totum
1695 4713 2055 4771 suspensum,

412 4785 560 4858 pede
589 4783 969 4858 percusserit,
993 4785 1152 4840 etde
1184 4783 1334 4855 loco,
1367 4799 1483 4855 quo
1513 4785 1566 4840 ei
1600 4787 1851 4857 astabat,
1877 4785 2060 4844 demi-

411 4885 584 4942 grare
611 4873 892 4944 coegerit,
925 4871 1411 4943 devotionemque
1441 4871 1584 4943 ejus,
1611 4887 1722 4944 qua
1746 4888 1942 4932 secum
1971 4880 2060 4933 to-

413 4963 510 5016 tus
536 4959 760 5032 aderat,
815 4959 1167 5032 impedierit.
1201 4960 1327 5028 Quo
1358 4959 1569 5018 silente
1599 4966 1660 5018 et
1689 4961 1909 5020 vultum
1944 4979 2058 5022 ma-

413 5045 526 5102 tris
547 5047 970 5105 misericordiae
991 5047 1352 5105 conscientia
1374 5048 1602 5119 trepida
1628 5051 1924 5122 respicere
1948 5053 2059 5108 for-

413 5132 690 5204 midante,
743 5135 848 5191 sed
897 5140 1088 5192 tamen
1120 5135 1192 5192 de
1221 5135 1351 5206 ejus
1378 5135 1775 5195 misericordia
1820 5153 1931 5196 non
1961 5139 2057 5196 de-

414 5225 711 5292 sperante,
737 5221 816 5276 ait
841 5221 1137 5292 singulare
1167 5223 1514 5280 miserorum
1545 5225 1895 5297 confugium,
1921 5241 2055 5299 spes

411 5311 470 5365 et
503 5307 829 5365 consolatio
861 5307 1198 5368 humilium:
1223 5312 1845 5382 Bmguidemmiolii
1873 5317 2056 5374 smi-

407 5393 513 5465 sti,
530 5391 672 5451 bene
680 5393 749 5452 in
759 5395 1025 5454 ecclesia
1037 5409 1170 5455 mea
1187 5397 1498 5468 laborasti,
1517 5400 1623 5456 sed
1634 5413 1792 5460 nunc
1806 5401 1876 5458 ut
1888 5402 2054 5460 homo

409 5475 652 5552 errasti,
683 5481 745 5539 et
765 5482 983 5542 melius
1003 5484 1096 5542 est
1115 5485 1192 5543 ut
1225 5498 1385 5542 nunc
1412 5486 1602 5544 errati
1617 5500 1843 5560 penam
1866 5493 2055 5550 susci-

405 5569 566 5638 pias,
588 5568 866 5643 ubipma
884 5573 1074 5631 omnis
1081 5573 1240 5644 ﬁnis
1259 5571 1350 5630 est
1362 5571 1636 5644 obnoxia,
1660 5588 1844 5647 quam
1869 5577 2052 5648 infa-

2176 1879 2232 1934 in
2260 1878 2619 1936 domesticos
2653 1884 2911 1950 paratam
2947 1879 3178 1936 ulcisci!
3217 1879 3585 1936 Claudicavit
3627 1880 3794 1950 itaque

2175 1967 2508 2039 episcopus,
2542 1969 2674 2038 quia
2707 1973 2900 2025 motus
2919 1972 3007 2025 est
3041 1968 3110 2024 ad
3135 1968 3404 2039 injuriam
3433 1969 3684 2038 proximi
3717 1982 3796 2040 pes

2174 2055 2320 2126 ejus,
2347 2061 2414 2112 et
2445 2055 2611 2112 effusi
2645 2061 2778 2112 sunt
2805 2070 3048 2126 gressus
3067 2055 3210 2126 ejus.
3239 2055 3348 2112 Sed
3371 2055 3580 2113 didicit
3611 2056 3663 2111 in
3697 2056 3793 2128 ipsa

2175 2157 2278 2199 sua
2313 2143 2652 2200 infirmitate
2674 2158 2911 2214 gressus
2942 2149 3134 2200 rectos
3168 2144 3377 2214 facere,
3405 2144 3529 2214 ubi,
3561 2143 3706 2215 quod
3725 2158 3794 2198 ar-

2175 2232 2437 2301 rogantia
2468 2231 2814 2302 deliquerat,
2857 2231 3084 2288 studuit
3118 2231 3449 2287 humilitate
3497 2233 3792 2302 corrigere.

2174 2319 2334 2376 Mane
2367 2319 2582 2376 etenim
2619 2321 2790 2390 facto,
2816 2335 2945 2376 cum
2971 2319 3142 2376 ﬁdem
3175 2320 3370 2376 verbis
3401 2320 3624 2376 faceret
3655 2333 3794 2392 poena

2177 2407 2538 2479 temporalis,
2565 2408 2618 2463 in
2639 2411 2928 2464 conventu
2948 2407 3230 2465 aecclcsias
3249 2407 3464 2465 clericu
3478 2424 3532 2464 m
3553 2423 3716 2479 quem
3739 2407 3797 2462 le-

2175 2501 2330 2552 serat
2374 2495 2694 2566 requisivit,
2739 2496 2918 2552 errati
2963 2497 3191 2568 culpam
3225 2497 3484 2566 agnovit,
3515 2497 3798 2552 confessus

2173 2590 2283 2654 est,
2311 2588 2369 2640 et
2396 2585 2546 2655 quod
2579 2584 2934 2655 patiebatur,
2960 2599 3066 2640 cur
3089 2589 3394 2655 pateretur
3413 2583 3606 2656 palam
3631 2589 3796 2656 prote-

2175 2675 2369 2728 status
2399 2677 2506 2728 est.
2535 2672 2697 2743 Cepit
2726 2672 2844 2742 jam
2869 2676 3119 2742 uterque
3145 2672 3216 2728 de
3239 2671 3620 2744 correptione
3653 2671 3794 2730 unius

2173 2760 2477 2831 proiicere,
2505 2764 2564 2816 ut
2590 2760 2745 2829 quod
2779 2760 2873 2816 uni
2907 2761 3135 2830 oberat,
3163 2760 3446 2816 ambobus
3481 2760 3789 2832 prodesset,

2175 2854 2236 2904 et
2263 2848 2530 2920 exemplo
2562 2864 2762 2905 eorum
2795 2849 3081 2906 omnibus.
3107 2849 3246 2906 Nam
3271 2849 3476 2920 paucis
3506 2849 3788 2907 admodum

2177 2937 2543 3008 interpositis
2559 2937 2767 2994 diebus
2783 2937 3192 2994 monasterium
3216 2937 3382 3008 petiit
3400 2939 3731 3010 episcopus,
3749 2947 3791 2992 et

2177 3024 2528 3082 humilitatis
2571 3025 2820 3082 vestitus
2860 3026 3076 3082 amictu
3115 3025 3407 3082 serviebat
3441 3027 3792 3099 pauperibus,

2177 3129 2400 3186 pauper
2430 3119 2490 3170 et
2521 3112 2644 3185 ipse
2677 3114 2908 3185 spiritu.
2941 3116 3063 3170 Non
3095 3117 3287 3170 tamen
3325 3113 3597 3172 deseruit
3627 3127 3793 3172 curam

2175 3202 2484 3274 episcopii,
2519 3217 2688 3273 quam
2721 3207 2783 3258 ut
2818 3217 2929 3258 non
2964 3202 3261 3258 desereret
3291 3203 3487 3272 exegit
3524 3219 3683 3260 amor
3707 3202 3798 3259 cle-

2176 3291 2223 3346 ri
2257 3295 2316 3346 et
2349 3291 2567 3362 populi,
2601 3291 2737 3362 quin
2784 3291 2979 3363 potius
3009 3295 3236 3347 tantum
3269 3291 3640 3360 augebantur
3669 3292 3719 3350 in
3745 3305 3796 3345 eo

2175 3379 2338 3435 lucra
2367 3379 2672 3450 virtutum,
2700 3385 2918 3450 quanto
2945 3379 3283 3435 ferventiori
3317 3381 3626 3451 proposito
3654 3380 3798 3437 adhe-

2176 3469 2338 3523 rebat
2372 3467 2614 3524 Domino
2656 3467 2962 3524 virtutum.
2996 3468 3346 3524 Memoratus
3375 3481 3521 3524 vero
3553 3467 3794 3534 clericus,

2177 3555 2340 3612 urbis
2385 3555 2567 3626 ipsius
2614 3555 2988 3627 praspositus,
3023 3555 3080 3612 in
3112 3570 3306 3611 amore
3349 3557 3544 3612 beatae
3575 3555 3799 3627 Virginis

2175 3657 2538 3716 permanens,
2575 3649 2635 3699 et
2664 3644 2962 3714 obsequiis
3008 3645 3135 3715 ejus
3177 3643 3399 3714 jugiter
3428 3645 3724 3714 inhercns,
3753 3643 3796 3697 in

2171 3731 2437 3789 aacclesia
2459 3733 2586 3802 ejus
2609 3733 2857 3790 devotus
2878 3733 3159 3805 perstitit,
3185 3733 3612 3791 monasterium
3636 3731 3794 3792 sancti

2171 3819 2330 3874 Petri
2360 3833 2465 3889 pro
2497 3817 2608 3874 loci
2658 3818 2840 3890 ipsius
2887 3817 3196 3876 nobilitate
3241 3818 3426 3875 multo
3458 3834 3662 3877 amore
3692 3817 3796 3876 dili-

2169 3921 2332 3976 gens,
2365 3911 2422 3962 et
2455 3906 2753 3964 innumera
2785 3907 2932 3964 dona
2959 3907 3085 3963 auri
3117 3910 3294 3978 atque
3324 3908 3582 3979 argenti,
3619 3905 3797 3980 pallio-

2171 4009 2299 4050 rum
2331 3999 2506 4064 atque
2539 3994 2817 4052 librorum
2846 3997 3172 4052 conferens.
3206 3994 3373 4051 Dedit
3407 3995 3594 4053 etiam
3623 3994 3798 4053 :eccle-

2172 4082 2274 4138 site
2319 4083 2506 4139 eidem
2553 4097 2620 4138 ea
2673 4098 2800 4154 quae
2850 4083 3193 4154 possidebat
3234 4083 3289 4138 in
3332 4083 3475 4140 Exio
3519 4085 3577 4141 in
3618 4081 3794 4149 vineis,

2170 4169 2412 4242 campis,
2438 4171 2606 4242 aquis
2633 4185 3032 4242 aquarumque
3063 4171 3322 4228 exitibus
3345 4176 3404 4227 et
3431 4171 3795 4233 decursibus;

2174 4257 2323 4314 unde
2344 4262 2402 4314 et
2427 4275 2532 4331 pro
2549 4274 2668 4316 suae
2698 4260 3033 4316 sanctitatis
3064 4259 3276 4316 merito
3308 4259 3632 4327 defunctus
3652 4261 3704 4315 in
3724 4271 3798 4314 ea-

2171 4345 2300 4402 dem
2315 4346 2576 4404 aecclesia
2592 4347 2742 4404 inter
2755 4347 3024 4418 sepulcra
3039 4347 3454 4419 episcoporum
3471 4349 3795 4419 condignam

2173 4435 2386 4491 meruit
2428 4434 2790 4508 sepulturam
2822 4440 2889 4492 15
2923 4435 3208 4492 Kalendas
3237 4435 3386 4492 Maii.

2246 4523 2387 4594 (Fol.
2421 4522 2552 4596 71’.)
2589 4524 2892 4581 Lotharius
2921 4523 3104 4595 igitur
3134 4539 3236 4581 rex
3271 4525 3630 4585 Francorum
3662 4523 3797 4597 quin-

2173 4615 2269 4668 tus
2297 4625 2328 4668 a
2359 4611 2568 4668 Karolo
2615 4612 2790 4670 Calvo
2837 4627 3178 4683 germanum
3227 4612 3433 4670 habuit
3465 4615 3705 4671 fratrem
3727 4612 3798 4682 ju-

2172 4699 2390 4755 niorem
2431 4715 2494 4755 se
2527 4700 2818 4772 Karolum,
2873 4716 3110 4758 uxorem
3165 4707 3361 4759 autem
3410 4702 3688 4772 Emmam,
3719 4700 3796 4754 Lo-

2169 4787 2346 4844 tharii
2369 4789 2524 4858 regis
2545 4788 2727 4845 italia
2747 4794 2809 4845 et
2832 4789 3170 4846 Adheleidis
3197 4793 3328 4862 post
3345 4789 3734 4862 imperatricis
3750 4785 3796 4841 ii-

2171 4875 2328 4942 liam,
2352 4889 2425 4931 ex
2445 4889 2557 4946 qua
2590 4877 2853 4948 suscepit
2883 4876 3062 4932 filium
3091 4877 3468 4950 Ludovicum,
3502 4881 3605 4951 qui
3635 4877 3795 4936 adhuc

2172 4977 2318 5035 puer
2339 4963 2631 5020 Blanciam
2657 4964 2824 5021 duxit
2847 4980 3110 5022 uxorem.
3139 4967 3326 5037 [Βιοιι.
3352 4981 3434 5037 ιιι,
3460 4969 3580 5040 92.)
3612 4963 3796 5024 Habuit

2173 5056 2231 5107 et
2255 5050 2436 5108 lilium
2459 5051 2708 5108 alterum
2723 5068 2794 5109 ex
2809 5052 3060 5124 quadam
3075 5052 3252 5109 nobili
3275 5053 3472 5126 puella
3491 5055 3793 5118 Arnulfum,

2171 5139 2271 5210 qui
2302 5139 2547 5211 primum
2594 5144 2769 5198 natus
2799 5145 2909 5210 est,
2947 5141 3318 5213 postmodum
3365 5145 3707 5202 Remenscm
3733 5153 3798 5196 ar-

2168 5227 2500 5300 chiepiscop
2511 5243 2621 5284 um.
2648 5229 2921 5286 Karolum
2939 5229 3214 5287 fraternae
3229 5231 3438 5288 uxoris
3462 5231 3799 5304 protervitas

2166 5313 2447 5385 compulit
2471 5320 2532 5371 et
2557 5315 2746 5388 inopia
2772 5315 2856 5372 rei
2880 5315 3186 5375 familiaris
3216 5319 3440 5390 patrios
3473 5319 3621 5379 fines
3650 5318 3796 5377 relin-

2169 5417 2348 5474 quere
2386 5405 2444 5458 et
2489 5403 2687 5460 Ottoni
2737 5405 3023 5461 Saxonum
3077 5405 3415 5478 imperatori
3469 5423 3532 5466 se
3581 5407 3793 5466 dedere.

2167 5491 2392 5548 Mortuo
2441 5492 2691 5563 Lotario,
2742 5493 3070 5551 Ludovicus
3120 5493 3277 5552 filius
3329 5499 3643 5569 successit,
3674 5493 3796 5553 etin

2173 5579 2438 5650 primevo
2459 5579 2602 5638 ﬂore
2623 5579 2952 5650 iuventutis
2972 5582 3158 5650 obiit;
3187 5583 3245 5641 in
3268 5598 3384 5656 quo
3407 5584 3626 5646 defecit
3651 5591 3797 5656 gene'
