3894 6324
93 347 195 413 193

1353 332 1856 413 CHRONICON.
1892 380 1969 395 --
2000 344 2154 413 LIB.
2202 346 2248 411 I.

3379 350 3492 418 194

85 486 227 544 ratio
260 499 462 556 regum
519 499 593 541 ex
639 478 829 542 famila
884 482 1074 540 Karoli
1108 482 1312 555 Magni,
1346 490 1403 542 et
1438 480 1730 542 successit
1763 486 1809 544 Λ
1844 488 2422 554 constructum,cum
2446 483 2715 542 omnibus
2735 486 2929 555 rebus,
2959 488 3253 557 regalibus
3276 503 3492 560 praace-

83 590 150 631 ex
180 573 289 630 alia
333 573 549 631 familia
582 576 748 644 Hugo
770 589 889 628 rex.
936 573 1095 639 Quod
1122 576 1381 643 graviter
1409 576 1599 629 ferens
1629 578 1730 629 Ar-

84 662 272 719 nulfus
298 661 571 731 clericus,
598 661 853 717 Lotharii
879 660 1150 727 frater,ut
1175 662 1726 733 diximus,patruum

83 751 343 807 Karolum
377 751 432 806 in
460 750 762 805 Franciam
785 749 1032 812 reduxit,
1050 755 1106 804 ct
1134 750 1467 806 Laudunum
1490 752 1726 821 cepitet

86 839 334 895 retinuit.
381 837 679 895 Adalbero
724 852 863 894 vero
910 837 1307 894 Lauduncusis
1350 840 1664 910 episcopus
1696 853 1725 893 a

84 926 338 983 custodia
370 940 485 996 qua
513 926 826 982 tenebatur
859 925 1193 994 fugiens,ad
1220 928 1514 995 Hugonem
1546 926 1723 994 venit,

84 1020 137 1071 et
166 1014 215 1071 ei
249 1013 553 1070 Arnulfum
604 1013 969 1080 conciliavit;
1004 1014 1097 1069 cui
1158 1028 1260 1069 rex
1294 1014 1568 1070 defuncto
1624 1016 1728 1069 Re-

85 1102 256 1159 mensi
297 1102 748 1171 archiepiscOpo
799 1100 1325 1172 archiepiscopium
1359 1100 1628 1171 contulit,
1665 1107 1726 1157 ut

84 1191 187 1249 sibi
217 1189 486 1246 Karolum
517 1188 881 1245 conciliaret.
916 1188 1019 1243 Ille
1041 1190 1177 1245 dum
1212 1189 1507 1245 faciliores
1531 1189 1726 1245 aditus

84 1279 282 1349 querit,
316 1277 530 1348 quibus
567 1275 837 1332 Karolum
862 1276 982 1344 regi
1018 1276 1312 1343 conciliet,
1349 1277 1647 1331 civitatem
1672 1277 1723 1331 ci

80 1365 267 1435 tradit,
301 1365 454 1421 unde
478 1366 553 1420 ab
580 1363 783 1420 eodem
813 1365 1051 1432 Hugone
1084 1364 1354 1435 perjurus
1372 1370 1429 1419 et
1459 1364 1717 1420 traditor

83 1452 301 1524 publice
320 1452 748 1509 conclamatur.
767 1453 879 1506 Nec
904 1451 1087 1507 multo
1109 1456 1237 1523 post
1264 1453 1335 1506 ab
1359 1452 1724 1508 Adalbcroue

82 1541 452 1610 Laudunensi,
497 1541 593 1597 cui
627 1555 692 1596 se
722 1539 1022 1607 credebat,
1046 1545 1271 1611 captus,
1311 1540 1434 1611 ipse
1466 1545 1524 1596 et
1557 1542 1725 1596 Caro-

80 1630 164 1687 lus
188 1630 403 1700 Hugoni
437 1628 791 1685 redduntur.
826 1628 1106 1685 Arnulfus
1140 1629 1446 1699 preposito
1490 1628 1621 1698 sibi,
1661 1633 1721 1685 ut

78 1732 137 1773 se
163 1719 450 1789 perjurum
484 1721 700 1789 sponte
730 1718 1098 1787 confiteatur,
1125 1716 1377 1787 alioquin
1403 1718 1587 1773 oculis
1610 1718 1723 1789 pri-

1845 571 1963 641 ptis
2014 576 2112 627 tuo
2153 572 2427 628 consultu
2459 572 2572 628 sibi
2622 573 2886 643 sancitis,
2926 574 2979 629 in
3021 579 3303 633 :eternum
3340 578 3492 634 velle

1844 672 2183 729 permanere
2234 659 2663 725 inconvulsum,
2708 661 2933 717 scilicet
2969 681 2981 716 :
3017 663 3314 719 Scanciam
3356 680 3487 721 cum

1842 746 1967 801 suis
1997 748 2406 817 perninentiis,
2432 748 2724 804 abbatiam
2747 750 2935 805 sancti
2964 752 3213 806 amantii
3245 756 3301 809 et
3327 755 3493 824 quid-

1842 834 1978 905 quid
2003 834 2073 889 ad
2103 849 2227 889 eam
2255 836 2528 906 pertinet,
2555 838 2769 892 Novam
2794 836 2989 893 villam
3008 854 3140 895 cum
3170 841 3294 896 suis
3317 840 3485 913 locis,

1838 921 2202 977 Amantionis
2225 928 2470 993 curtem,
2490 928 2764 993 quantum
2781 925 2850 980 ad
2876 940 2999 980 eam
3019 927 3333 998 pertinent,
3354 931 3491 985 Par-

1841 1009 2030 1065 ridum
2082 1026 2212 1065 cum
2264 1011 2387 1066 suis
2446 1012 2812 1082 adjacentiis,
2849 1014 3103 1070 Harbodi
3136 1016 3329 1072 villam
3357 1033 3489 1073 cum

1841 1097 1964 1152 suis
2001 1098 2391 1168 pertinentiis,
2417 1100 2682 1156 Castonis
2703 1101 2889 1157 curtis
2914 1103 3221 1159 ecclesiam
3246 1119 3375 1162 cum
3399 1105 3491 1163 his

1840 1200 1966 1256 quae
1990 1186 2061 1241 ad
2100 1201 2223 1241 eam
2267 1187 2580 1257 pertinent,
2624 1188 2949 1245 zecclesiam
2992 1191 3062 1247 de
3095 1192 3327 1249 Marleio
3359 1210 3490 1250 cum

1839 1273 1961 1328 suis
1993 1273 2355 1344 adjacentiis,
2391 1275 2714 1332 aecclesiam
2747 1276 2817 1332 dc
2858 1278 3113 1334 Marculli
3147 1286 3317 1337 curte
3358 1297 3489 1339 cum

1838 1362 1961 1417 suis
1994 1361 2355 1431 adjacentiis,
2402 1363 2727 1419 zecclesiam
2761 1365 2832 1420 de
2864 1367 3140 1423 Amonzei
3172 1368 3309 1425 villa
3359 1385 3489 1428 cum

1837 1448 1959 1504 suis
1973 1448 2343 1519 adjacentiis,
2372 1465 2501 1506 cum
2522 1451 2714 1521 terris,
2741 1452 2947 1523 vineis,
2972 1454 3337 1527 molendinis,
3358 1472 3488 1514 cum

1838 1536 2023 1592 servis
2038 1540 2098 1591 et
2117 1536 2368 1607 ancillis,
2395 1538 2686 1594 abbatiam
2711 1541 2902 1596 sancti
2930 1542 3086 1597 Petri
3101 1548 3161 1597 et
3181 1543 3487 1602 ecclesiam

1838 1621 1908 1677 de
1940 1624 2151 1694 Maroa,
2204 1624 2274 1680 ad
2332 1626 2624 1683 Liniacum
2675 1628 2958 1699 quidquid
2994 1630 3065 1685 ad
3098 1631 3262 1688 illum
3294 1632 3489 1690 locum

1838 1710 2113 1782 pertinet,
2162 1712 2233 1768 ad
2282 1715 2495 1770 Novam
2542 1714 2738 1771 villam
2770 1716 2823 1771 in
2878 1719 3148 1774 Bari-ensi
3198 1720 3484 1778 comitatu

77 1805 648 1877 varetur,perjurum
674 1805 968 1861 seclamat
1003 1809 1061 1859 et
1086 1806 1309 1861 veniam
1326 1806 1472 1876 petit
1500 1824 1513 1872 ;
1546 1808 1721 1876 atque
1752 1828 1805 1888 B
1836 1798 2119 1888 quidquid
2144 1801 2213 1888 ad
2252 1816 2383 1857 eum
2406 1801 2596 1858 locum
2632 1804 2908 1874 pertinet.
2944 1808 3077 1862 Haec
3125 1822 3266 1864 vero
3298 1810 3486 1865 omnia

79 1894 152 1949 ita
174 1909 299 1950 mox
336 1892 680 1965 deponitur,
704 1898 760 1947 et
812 1893 1015 1949 inloco
1036 1893 1164 1962 ejus
1188 1894 1507 1949 Gerbertus
1531 1892 1722 1950 diaco-

80 1997 179 2039 nus
227 1982 349 2053 ejus
392 1980 808 2050 substituitur,
859 1981 1047 2051 primo
1093 1996 1238 2051 puer
1272 1982 1325 2035 in
1360 1981 1718 2037 monasterio

80 2071 251 2126 sancti
280 2068 514 2139 Gyraldi
552 2069 831 2138 nutritus,
881 2069 981 2124 sed
1014 2084 1117 2140 pro
1151 2084 1373 2124 morum
1408 2068 1717 2124 insolentia

80 2158 354 2229 expulsus,
378 2156 757 2228 postmodum
779 2161 837 2211 et
861 2156 932 2213 de
953 2157 1465 2228 archiepiscopatu
1491 2156 1715 2227 pulsus,

83 2245 146 2300 ad
176 2246 449 2302 Othonem
474 2245 890 2316 imperatorem
915 2259 980 2301 se
1001 2244 1269 2301 contulit.
1302 2245 1547 2301 Karolus
1580 2260 1719 2301 vero

86 2333 326 2403 privatus
366 2333 593 2402 senuit,
618 2336 674 2388 et
715 2332 991 2389 Arnulfus
1032 2332 1437 2404 episcopatum
1475 2333 1713 2404 recepit.

86 2422 240 2477 Soror
267 2422 391 2492 ejus
439 2419 742 2477 Mathildis
777 2421 882 2477 fuit
916 2420 1146 2478 Rodulﬁ
1182 2422 1337 2489 regis
1370 2421 1720 2490 Burgundize

87 2514 270 2577 mater,
300 2513 356 2565 et
388 2510 519 2579 ejus
551 2508 690 2579 lilia,
723 2523 891 2579 quam
916 2509 1215 2565 Conradus
1238 2510 1579 2581 imperator,
1609 2515 1722 2564 ter-

88 2597 391 2653 tiiOttonis
450 2596 633 2666 illius,
691 2611 930 2653 uxorem
987 2596 1174 2668 duxit,
1228 2597 1383 2653 Gisla
1420 2597 1574 2652 dicta
1604 2601 1717 2667 est,

88 2688 256 2741 mater
276 2685 527 2742 Heinrici
555 2684 717 2741 tertii
741 2685 1132 2757 imperatoris.
1159 2686 1329 2741 Berta
1354 2699 1583 2755 quoque
1598 2685 1723 2755 ejus

88 2772 191 2829 ﬁlia
219 2777 396 2829 mater
428 2773 658 2829 Odonis
690 2773 786 2843 qui
828 2773 982 2844 apud
1015 2774 1124 2829 Bar
1157 2774 1305 2830 obiit
1334 2772 1422 2828 ³⁷⁸.

151 2859 246 2929 (Cf.
272 2862 402 2918 Scr.
458 2859 599 2919 abb.
650 2860 960 2932 Fl.)Anno
1017 2864 1122 2918 968
1179 2861 1326 2918 obiit
1388 2859 1724 2918 Remundus

89 2945 354 3006 Eduorum
384 2950 730 3021 episcopus.

148 3035 273 3103 (Fel.
303 3040 416 3109 72.)
450 3040 793 3094 «Joannes
818 3038 1152 3110 episcOpus,
1181 3054 1393 3096 servus
1421 3052 1724 3096 servorum

86 3120 190 3193 Dei,
224 3125 564 3183 Bzusncsno
594 3127 757 3182 fratri
808 3130 1011 3183 nostro
1043 3126 1428 3184 Virdunensis
1461 3126 1726 3183 ecclesize

88 3210 359 3284 episcopo,
392 3230 523 3271 cum
562 3215 831 3272 omnibus
854 3215 965 3271 sibi
998 3229 1029 3270 a
1062 3216 1178 3271 Deo
1212 3214 1545 3272 commissis
1600 3214 1730 3269 bra-

87 3297 221 3354 vium
249 3306 463 3359 eterna;
495 3303 1015 3359 remunerationis.

155 3409 177 3435 ι
209 3389 477 3447 Convenit
511 3391 846 3463 apostolico
875 3391 1254 3448 moderamini
1314 3392 1407 3463 pia
1444 3391 1727 3460 religione

90 3474 418 3543 pollentibus
437 3479 712 3536 benivola
740 3480 987 3537 caritate
1020 3481 1235 3551 favere,
1261 3485 1338 3536 -et
1365 3481 1727 3551 poscentium

92 3565 276 3622 animis
298 3568 478 3625 alacri
524 3568 840 3625 devotione
870 3583 1171 3625 assensum
1205 3569 1485 3640 praebere.
1523 3570 1589 3623 Et
1624 3569 1730 3623 hoc

93 3652 224 3709 enim
256 3657 623 3726 potissimum
678 3657 977 3729 praemium
1012 3657 1159 3714 lucri
1194 3673 1222 3713 a
1248 3656 1554 3712 conditore
1613 3672 1732 3712 om-

98 3739 232 3797 nium
262 3744 499 3801 Domino
524 3745 1015 3817 promerebimur,
1043 3746 1089 3801 si
1121 3745 1478 3803 venerabilia
1504 3749 1732 3802 saneto-

102 3841 208 3885 rum
239 3830 354 3889 loca
368 3839 665 3905 Oportune
693 3833 957 3890 ordinata
983 3833 1365 3889 admeliorem
1384 3833 1733 3889 fuerintsta-

102 3920 205 3973 tum
228 3924 419 3977 nostra
444 3926 804 3979 auctoritate
818 3921 1122 3992 perducta.
1151 3918 1628 3991 lgituf‘quoniam
1646 3927 1725 3991 te,

102 4006 372 4065 carissime
405 4011 1001 4079 frater,interczetera
1025 4015 1243 4067 sanctae
1270 4011 1729 4070 conversationis

101 4095 351 4153 exercitia
375 4099 770 4171 comperimus
794 4099 1079 4170 quoddam
1105 4099 1523 4155 monasterium
1546 4099 1601 4155 in
1627 4104 1727 4156 tuo

102 4182 370 4256 episcopio
393 4187 562 4256 juxta
593 4188 897 4244 civitatem
917 4187 1157 4244 Virduni
1190 4188 1247 4242 in
1277 4187 1542 4244 aecclesia
1568 4189 1724 4245 beati

104 4267 240 4327 Petri
268 4289 370 4344 pro
428 4290 633 4333 amore
661 4276 762 4331 Dei
805 4276 1227 4346 construxisse,
1262 4276 1320 4331 in
1354 4291 1468 4346 quo
1500 4276 1726 4347 requie-

107 4364 252 4414 scunt
268 4376 506 4435 corpora
523 4368 863 4420 sanctorum
878 4379 984 4420 con
995 4364 1281 4420 fessoruui
1307 4369 1483 4435 atque
1524 4366 1725 4437 praefa-

103 4446 168 4500 tae
180 4448 426 4508 ecclesia:
441 4458 662 4508 sanctae
678 4453 866 4509 Maria:
897 4451 1185 4523 quondam
1200 4453 1726 4525 episcoporum,Vi-

1760 3174 1811 3238 C

1836 1887 2116 1957 praedicta
2148 1887 2275 1945 loca
2293 1904 2425 1945 cum
2450 1891 2572 1946 suis
2608 1891 2881 1949 omnibus
2903 1894 3260 1962 generaliter
3278 1900 3336 1951 et
3362 1912 3489 1969 spe-

1834 1974 2067 2031 cialiter
2102 1977 3485 2052 pertinentiis,etquidquidDecepitulantevoto

1835 2062 2088 2119 fidelium
2112 2065 2242 2121 huic
2266 2067 2619 2122 monasterio
2636 2082 2980 2124 concessum
3003 2070 3180 2125 fuerit
3206 2070 3261 2125 in
3285 2072 3483 2128 futuro

1836 2154 2117 2222 tempore,
2144 2168 2247 2223 per
2268 2154 2374 2209 hoc
2387 2159 2650 2211 nostrum
2684 2157 3070 2226 apostolicum
3103 2157 3475 2230 privilegium

1833 2241 2168 2311 perenniter
2209 2242 2504 2299 firmamus
2535 2247 2652 2299 tam
2685 2245 2851 2301 vobis
2881 2260 3050 2315 quam
3110 2247 3324 2303 vestris
3357 2263 3487 2303 suc-

1834 2329 2194 2400 cessoribus,
2221 2334 2279 2385 et
2312 2330 2551 2403 insuper
2579 2332 2687 2388 hoc
2721 2338 2939 2389 nostrae
2970 2335 3341 2391 auctoritatis
3363 2336 3476 2407 pri-

1834 2415 2047 2486 vilegio
2062 2432 2196 2474 esse
2211 2420 2657 2477 corroboratum
2680 2420 2971 2491 volumus,
2991 2422 3265 2492 quatinus
3278 2423 3479 2480 eadem

1835 2504 2219 2562 Virdunensis
2250 2507 2538 2578 aecclesia,
2574 2524 2701 2579 quae
2724 2510 3008 2567 hactenus
3031 2510 3102 2567 de
3133 2511 3269 2568 ﬁliis
3295 2512 3367 2568 ab
3399 2513 3483 2586 ip-

1835 2592 1918 2649 sis
1952 2593 2215 2651 infanciaa
2272 2595 2618 2652 rudimentis
2651 2597 2707 2652 in
2751 2599 2973 2667 gremio
3032 2615 3139 2656 suo
3170 2600 3477 2672 expositis,

1836 2680 2316 2751 dum!ad,externa
2340 2685 2689 2739 monasteria
2715 2687 3148 2758 confugiebant,
3175 2688 3479 2746 fraudaba-

1836 2772 1953 2839 tur,
1988 2770 2196 2825 abhinc
2228 2774 2284 2825 et
2342 2771 2620 2843 deinceps
2661 2773 2714 2827 in
2750 2775 3009 2830 membro
3069 2775 3180 2831 sibi
3212 2776 3481 2846 subjecto

1835 2857 2084 2913 consilio
2115 2858 2203 2913 sui
2235 2858 2498 2929 episcopi
2531 2865 2707 2930 atque
2732 2861 3096 2931 providentia
3119 2862 3364 2932 gloriosi
3387 2866 3486 2920 ab-

1840 2945 1994 3000 batis
2022 2946 2325 3001 Humberti
2357 2946 2427 3001 de
2460 2961 2659 3003 eorum
2688 2953 2889 3005 sancta
2922 2950 3369 3007 conversatione
3392 2966 3489 3007 su-

1839 3031 2076 3088 blimata
2131 3031 2440 3102 glorietur.
2495 3035 2549 3089 Si
2584 3049 2696 3106 qua
2755 3041 2947 3092 autem
2998 3038 3310 3093 temerario
3340 3052 3485 3095 ausu

1840 3135 2047 3191 magna
2078 3136 2328 3192 parvave
2382 3137 2649 3194 persona,
2679 3123 3100 3196 cujuscumque
3131 3125 3355 3182 ordinis
3383 3131 3484 3184 aut

1843 3210 2179 3281 potestatis,
2205 3216 2409 3267 contra
2433 3213 2580 3269 hanc
2596 3220 2855 3269 nostram
2872 3214 3250 3286 apostolicam
3273 3229 3491 3287 praece-

1841 3298 2097 3370 ptionem
2121 3298 2204 3355 ire
2239 3302 2635 3372 temptaverit,
2671 3302 2819 3359 sciat
2847 3317 2909 3359 se
2940 3305 3296 3361 auctoritate
3331 3306 3487 3362 beati

1839 3386 1996 3441 Petri
2012 3387 2411 3458 apostolorum
2428 3390 2709 3461 principis
2722 3393 3488 3464 excommunicatum,atque

1840 3475 2228 3532 anathematis
2242 3477 2475 3535 vinculo
2499 3494 2632 3535 esse
2659 3480 3018 3552 innodatum,
3041 3485 3097 3537 et
3132 3497 3161 3537 a
3193 3496 3373 3551 regno
3386 3482 3485 3538 Dei

1840 3562 2114 3631 alienum,
2148 3580 2277 3621 cum
2310 3566 2693 3638 omnibusque
2744 3568 2937 3639 impiis
2969 3575 3190 3625 aeterno
3220 3569 3489 3626 incendio

1841 3657 2017 3721 atque
2041 3653 2328 3725 supplicio
2353 3655 2860 3726 condempnatum.
2890 3657 3030 3726 (Fel.
3059 3657 3189 3728 72’.)
3214 3658 3321 3724 Qui
3344 3672 3488 3715 vero

1841 3740 2189 3797 observator
2208 3742 2474 3798 extiterit
2498 3744 2671 3813 hujus
2693 3745 2879 3799 nostri
2906 3745 3207 3816 praecepti,
3233 3746 3482 3815 gratiam

1841 3831 2016 3899 atque
2050 3829 2508 3886 misericordiam
2567 3831 2864 3902 vitamque
2894 3838 3170 3889 aeternam
3203 3848 3232 3889 a
3266 3834 3488 3889 miseri-

1839 3916 2186 3972 cordissimo
2218 3917 2451 3973 domino
2482 3920 2594 3973 Deo
2620 3923 2823 3973 nostro
2845 3920 3125 3989 consequi
3166 3925 3482 3977 mereatur.

1840 4002 2130 4073 Scriptum
2164 4019 2263 4074 per
2285 4019 2513 4060 manum
2546 4005 2751 4061 Leonis
2772 4006 3057 4061 scriniarii
3084 4011 3309 4064 sanctae
3333 4007 3489 4067 sedis

1838 4090 2177 4162 apostolicae
2209 4092 2263 4146 in
2298 4106 2491 4148 mense
2535 4094 2809 4150 Januario
2840 4109 2943 4165 per
2992 4095 3364 4152 indictionem
3396 4100 3482 4154 14.

1836 4182 2042 4236 Datum
2075 4186 2106 4236 5
2138 4180 2272 4237 ldus
2301 4183 2556 4238 Januarii
2590 4198 2694 4255 per
2725 4199 2953 4240 manum
2987 4185 3185 4241 Marini
3218 4186 3483 4259 episcopi

1837 4273 1898 4325 et
1928 4274 2144 4325 sanctae
2168 4269 2326 4325 sedis
2349 4271 2689 4341 apostolicae
2715 4272 3168 4345 hibliothecarii,
3194 4289 3348 4332 anno
3369 4277 3486 4333 Deo

1837 4357 2102 4429 propicio
2134 4359 2511 4430 pontificatus
2533 4360 2723 4417 domui
2754 4362 3034 4421 Johannis
3068 4363 3273 4421 summi
3300 4364 3488 4436 ponti-

1839 4446 1965 4503 llcis
1994 4451 2051 4503 et
2086 4447 2438 4506 universalis
2471 4450 2566 4505 ΧΠ
2600 4465 2763 4522 papae
2795 4450 2849 4507 in
2899 4452 3297 4509 sacratissima
3345 4451 3486 4511 sede

108 4536 227 4603 toni,
260 4539 609 4607 Pulchronii,
659 4541 1029 4597 Possessoris
1063 4546 1239 4612 atque
1270 4541 1527 4612 Firmini,
1561 4547 1619 4597 et
1654 4541 1723 4598 de
1754 4526 1808 4588 D
1841 4536 1995 4592 beati
2032 4536 2191 4592 Petri
2230 4538 2480 4608 apostoli
2503 4537 2748 4607 decimo,
2783 4539 2969 4610 primo
3001 4541 3054 4595 in
3090 4553 3306 4607 mense,
3342 4539 3487 4596 indi-

113 4621 263 4679 rebus
294 4628 405 4684 tua:
437 4628 728 4684 zecclcsiaa
763 4630 1001 4700 provida
1033 4629 1501 4687 consideratione
1533 4629 1724 4687 suble-

108 4722 269 4781 vasse,
305 4720 364 4769 ut
392 4717 439 4771 si
476 4716 710 4786 quando
742 4717 841 4772 filii
883 4722 998 4774 tuae
1052 4718 1316 4775 ecclesiae
1349 4718 1543 4773 divino
1574 4734 1725 4774 com-

108 4801 279 4863 puncti
296 4817 487 4860 amore
502 4809 739 4861 terrena
754 4805 855 4863 des
862 4806 1143 4877 picientes
1157 4805 1228 4862 ad
1254 4807 1724 4877 contemplativa:

107 4882 222 4942 vitae
251 4893 664 4961 perfectionem
693 4894 1010 4964 confugere
1030 4881 1458 4965 deside'rarent,
1476 4909 1545 4951 ne
1570 4909 1600 4950 a
1622 4899 1723 4951 tua

107 4974 341 5033 {ecclesia
375 4981 613 5051 penitus
634 4981 925 5039 dissociati
952 4984 1312 5054 viderentur,
1349 4982 1404 5038 in
1437 4986 1727 5039 monaste-

108 5059 200 5131 rio,
229 5066 370 5135 quod
416 5070 743 5125 membrum
774 5076 861 5127 est
918 5071 1175 5142 ejusdem
1208 5070 1494 5140 ecclesize,
1530 5071 1724 5128 solatii

109 5149 363 5220 refugium
377 5158 488 5213 sub
506 5157 712 5214 habitu
735 5158 1029 5229 religionis
1053 5161 1165 5217 sibi
1192 5160 1724 5217 invenirentetDeo

109 5237 277 5306 quieta
309 5246 748 5315 tranquillitate
772 5248 911 5304 inibi
938 5249 1322 5316 famulentur;
1351 5249 1575 5305 noverit
1608 5264 1727 5305 om-

106 5324 242 5409 nium
270 5329 522 5391 ﬁdelium
559 5339 679 5389 tam
698 5338 1065 5405 praesentium
1104 5353 1276 5409 quam
1306 5341 1367 5392 et
1397 5337 1725 5395 futurorum

108 5408 390 5488 industria,
423 5435 534 5478 nos
568 5420 724 5479 idem
775 5408 1187 5485 monasterium
1218 5430 1322 5482 tua
1356 5424 1727 5483 ordinatione

1839 4626 2034 4682 ctione
2097 4629 2181 4695 14,
2215 4639 2364 4681 anno
2425 4626 2497 4681 ab
2552 4627 2661 4683 inc.
2711 4628 2869 4682 Dom.
2900 4632 3075 4684 971.»
3126 4630 3260 4684 Haec
3290 4631 3483 4683 autem

1837 4718 1972 4771 sunt
2006 4714 2221 4783 addita,
2250 4714 2421 4770 immo
2455 4715 2715 4785 quaedam
2750 4714 2979 4769 reddita
3015 4716 3256 4785 praafato
3292 4728 3486 4769 mona-

1839 4802 2025 4857 sterio
2056 4807 2189 4871 post
2222 4806 2527 4872 acceptum
2560 4802 2669 4857 hoc
2703 4800 3064 4871 privilegium
3087 4822 3099 4855 :
3122 4800 3379 4857 Ecclesia
3412 4801 3485 4858 de

1839 4889 2121 4946 Bocconis
2152 4893 2364 4960 monte,
2399 4888 2645 4945 ecclesia
2680 4888 2750 4944 de
2793 4889 3073 4944 Donnatis
3103 4903 3235 4945 cum
3269 4887 3486 4944 molen-

1837 4979 1996 5049 dino,
2030 4978 2277 5035 ecclesia
2309 4978 2381 5034 de
2412 4977 2590 5033 Mauri
2638 4974 2798 5047 villa,
2832 4975 2904 5031 ad
2960 4976 3185 5033 Rivaldi
3220 4990 3481 5034 mansum

1838 5067 2020 5123 mansi
2055 5071 2329 5137 quatuor,
2351 5065 2423 5123 ad
2445 5065 2691 5122 Raherei
2723 5068 2951 5122 curtem
2980 5068 3036 5120 ct
3064 5064 3481 5123 Gisleicurtem

1837 5161 1893 5215 et
1924 5159 2141 5214 Novam
2163 5155 2360 5213 villam
2393 5156 2573 5213 mansi
2602 5154 2847 5225 triginta
2867 5168 2998 5210 cum
3030 5153 3278 5210 ecclesia
3309 5159 3370 5211 et
3389 5170 3483 5212 ca-

1838 5244 2011 5317 pella,
2070 5244 2255 5300 vineae
2289 5242 2345 5297 in
2379 5242 2619 5298 Arnoldi
2678 5242 2814 5300 villa
2847 5255 2991 5312 quas
3047 5241 3333 5298 dederunt
3389 5243 3484 5300 Ri-

1838 5335 2052 5390 chuara
2085 5330 2340 5400 ducissa,
2395 5329 2743 5401 Adelardus,
2776 5329 3124 5396 Amalricus,
3182 5328 3481 5402 Albertus,

1842 5425 2175 5493 Warnerus,
2209 5417 2503 5490 Gyrulfus,
2537 5418 2882 5477 Lambertus
2902 5419 3238 5490 canonicus,
3272 5418 3344 5475 ad
3360 5419 3487 5495 F10,

1440 5522 1680 5581 VARIIE
1723 5518 2122 5580 LECTIONES.

170 5609 232 5643 ’⁷⁸
263 5614 417 5673 Hinc
446 5617 574 5675 octo
613 5616 781 5676 linea
805 5633 998 5682 erasa.
