3894 6364
344 345 458 408 195

1302 331 1670 396 HUGONIS
1711 326 2062 392 ABBATIS
2101 325 2790 389 FLAVINIACENSIS

3655 321 3790 381 196

341 472 677 540 rinchingas
727 481 964 526 mausus
995 481 1144 524 unus
1185 479 1316 523 cum
1351 463 1558 532 vineis,
1615 461 1686 518 ad
1721 463 1993 517 Sanctum
2023 458 2079 520 A
2109 461 2266 529 sunt,
2292 473 2397 531 pro
2422 471 2668 529 quorum
2690 453 3060 526 liberatione,
3083 456 3144 512 ut
3168 453 3406 526 dieitur,
3434 451 3783 510 Gotbertus

339 561 630 620 Iulianum
689 571 922 613 mansus
969 554 1251 612 dimidius
1279 568 1409 610 cum
1443 551 1629 620 vinea,
1693 549 1764 606 ad
1798 548 1996 604 Flaba-

344 649 492 706 sium
521 645 702 702 mansi
736 650 880 714 tres,
905 643 962 698 in
983 641 1208 698 Soliaco
1241 639 1514 710 ecclesia,
1542 639 1612 695 ad
1635 635 1870 694 Buslani
1893 633 1999 692 vil-

345 737 457 794 lam
487 735 762 793 ecclesia.
1719 787 1733 796 _

417 829 580 882 Anno
611 821 868 880 secundo
919 823 1053 892 post
1083 819 1280 876 datum
1310 819 1416 875 hoc
1469 815 1862 889 privilegium,
1899 811 1996 884 qui

346 919 472 972 erat
496 915 568 970 ab
591 913 702 969 inc.
719 913 881 967 Dom.
897 914 1020 980 972,
1049 908 1200 964 Otho
1223 909 1458 978 Magnus
1483 906 1804 976 imperator
1827 901 1994 981 obiit,

346 1001 662 1075 toimperii
692 999 782 1056 sui
815 1013 987 1064 anno,
1009 1001 1070 1052 et
1093 997 1243 1052 Otho
1274 996 1458 1051 Rufus
1481 991 1793 1050 successit.
1829 992 2002 1048 Hum-

346 1093 550 1149 bertus
599 1088 772 1144 etiam
830 1087 1014 1142 abbas
1046 1083 1194 1141 obiit
1225 1088 1259 1141 2
1305 1084 1498 1139 Nonas
1545 1077 1902 1149 Decembris,
1940 1083 2001 1134 et

351 1178 682 1238 Adilmarus
715 1175 772 1230 in
807 1173 995 1232 locum
1023 1173 1149 1244 ejus
1176 1171 1536 1230 substitutus
1559 1173 1672 1226 est.
1703 1166 2002 1226 Successit

349 1267 568 1338 itaque,
603 1269 667 1322 ut
705 1263 978 1333 diximus,
1013 1260 1226 1318 Othoni
1259 1258 1449 1332 primo
1483 1257 1778 1315 secundus
1825 1255 1996 1324 Otho,

349 1355 446 1428 qui
479 1357 538 1411 et
565 1353 769 1423 Rufus,
809 1351 882 1408 de
913 1365 1028 1422 quo
1063 1349 1284 1406 dictum
1315 1351 1407 1404 est
1433 1346 1828 1428 proverbium,
1863 1343 1998 1414 quia

349 1427 641 1500 successit
691 1440 830 1496 Otto
863 1437 1155 1498 secundus
1183 1435 1256 1493 ad
1285 1435 1612 1507 imperium,
1668 1438 1731 1490 ut
1762 1427 1997 1489 ﬂoreret

351 1528 648 1588 saeculum.
703 1526 860 1586 Vixit
891 1531 1086 1585 autem
1121 1524 1368 1582 domnus
1399 1521 1788 1592 Berengarius
1816 1535 2000 1591 usque

354 1618 426 1676 ad
460 1623 690 1689 tempus
742 1615 977 1672 Ottonis
1009 1613 1193 1684 tertii,
1225 1615 1282 1670 et
1316 1613 1627 1669 defunctus
1653 1614 1687 1664 2
1717 1609 1854 1667 ldus
1891 1611 2002 1665 Au-

357 1706 538 1778 gusti,
561 1705 708 1762 infra
737 1703 1064 1762 {ecclesiam
1091 1699 1410 1758 tumulatus
1424 1704 1518 1756 est
1552 1713 1683 1754 cum
1703 1696 1924 1754 honore
1944 1697 2000 1752 in

2109 546 2303 604 claves
2335 547 2499 604 urbis
2533 545 2651 616 regi
2684 543 2918 603 detulit.
2955 544 3040 600 Ob
3069 542 3218 602 hanc
3259 543 3461 614 itaque
3515 556 3780 598 causam

2109 651 2240 692 cum
2264 635 2582 692 invenisset
2611 637 2772 704 Hugo
2791 647 3077 704 expensas
3097 630 3380 703 episcopii
3404 629 3785 687 extermina-

2110 728 2222 792 tas,
2254 725 2473 780 notatis
2514 723 2782 780 villarum
2833 721 3126 778 reditibus
3171 735 3306 777 mox
3337 734 3632 778 reversus
3663 723 3777 775 est.

2111 813 2234 878 Quo
2254 827 2495 882 egresso
2519 814 2902 884 susceperunt
2927 812 3147 882 absque
3163 809 3326 880 regio
3340 809 3498 866 dono
3515 807 3785 864 Adelbe-

2112 915 2331 970 ronem,
2367 901 2654 957 Beatricis
2682 900 2864 956 ﬁlium
2916 899 3122 956 matris
3173 898 3342 956 ducis
3391 895 3780 966 Theoderici,

2111 987 2210 1057 qui
2229 985 2650 1060 aliquantulum
2673 991 2936 1044 moratus
2960 987 3016 1042 in
3039 985 3298 1049 civitate,
3317 984 3610 1042 defuncto
3638 985 3784 1040 Met-

2112 1075 2263 1131 tensi
2283 1076 2583 1148 episcopo,
2601 1075 2703 1132 illo
2716 1091 2778 1132 se
2791 1074 3064 1146 contulit,
3081 1073 3198 1130 isto
3218 1073 3447 1130 relicto.
3466 1072 3626 1130 Huic
3649 1085 3784 1130 suc-

2111 1162 2292 1220 cessit
2329 1163 2641 1235 Adalbero,
2679 1163 2836 1221 filius
2867 1162 3098 1220 comitis
3129 1161 3446 1232 Godefridi,
3486 1174 3647 1218 avus
3678 1159 3784 1216 du-

2112 1251 2198 1307 cis
2229 1250 2546 1322 Godefridi,
2581 1251 2677 1322 qui
2712 1255 2955 1322 accepta
2985 1265 3166 1308 uxore
3203 1249 3522 1320 Bonefacii,
3557 1253 3782 1320 postea

2115 1339 2303 1396 factus
2331 1344 2419 1398 est
2456 1340 2732 1396 marchio.
2759 1342 2814 1397 Is
2845 1339 3146 1397 Salernum
3173 1339 3376 1395 eodem
3407 1351 3562 1397 anno
3597 1338 3784 1394 bene-

2112 1427 2388 1484 dictionis
2419 1444 2538 1485 suae
2569 1429 2893 1486 curationis
2922 1428 3111 1500 gratia
3143 1427 3459 1500 profectus,
3487 1439 3786 1484 reversus

2115 1515 2170 1572 in
2204 1517 2370 1572 Italia
2403 1517 2547 1572 obiit
2584 1520 2648 1574 14
2678 1516 2799 1573 Kal.
2835 1517 2988 1588 Mai.,
3022 1521 3083 1574 et
3115 1515 3366 1573 relatum
3395 1529 3628 1586 corpus
3647 1512 3785 1584 ejus

2113 1603 2354 1660 Virduni
2389 1604 2684 1676 sepultum
2717 1610 2828 1662 est.
2863 1605 3018 1661 Vixit
3067 1604 3124 1660 in
3173 1604 3524 1676 episcopatu
3567 1603 3786 1659 tribus

2114 1691 2288 1748 semis
2321 1693 2506 1764 annis,
2538 1697 2596 1748 et
2628 1693 2916 1750 successit
2947 1692 3143 1750 Heimo
3177 1707 3324 1750 anno
3355 1695 3484 1749 958.

357 1795 628 1864 ingressu
660 1791 928 1861 claustri,
964 1790 1114 1860 quod
1149 1791 1384 1846 constat
1415 1802 1544 1844 eum
1575 1790 1633 1844 et
1658 1785 1924 1856 quesisse
1943 1787 1998 1841 et
2031 1802 2084 1864 Β
2188 1781 2352 1853 [Rom
2390 1782 2560 1836 Gua.
2597 1795 2635 1852 ι,
2670 1780 2746 1853 4.]
2781 1783 2842 1837 In
2875 1781 3039 1837 initio
3071 1781 3272 1853 itaque
3319 1779 3484 1850 regni
3527 1779 3782 1836 Ottonis

353 1879 726 1954 praecepisse.
763 1879 866 1950 (Cf.
925 1876 1105 1936 Gesta
1146 1878 1265 1935 Vir.
1298 1877 1376 1946 2.)
1407 1877 1667 1946 Regebat
1699 1878 1834 1930 tunc
1861 1876 2004 1928 tem-

360 1969 522 2042 poris
557 1967 902 2037 Burgundize
936 1981 1176 2035 regnum
1207 1963 1516 2034 Rodulfus,
1543 1963 1793 2020 Conradi
1825 1961 1998 2031 ﬁlius,

353 2057 520 2126 cujus
557 2069 820 2112 sororem
851 2054 1067 2110 Gislam
1101 2053 1400 2111 Conradus
1433 2053 1771 2122 imperator,
1816 2049 1913 2120 qui
1945 2053 2002 2104 et

356 2145 536 2214 Cono,
570 2142 734 2200 duxit
758 2155 1018 2199 uxorem.
1057 2140 1224 2212 (σήν.
1254 2138 1524 2210 Divina.)
1557 2136 2004 2206 lnLugdunensi

354 2231 619 2288 aecclesia
667 2232 974 2300 promotus
1007 2233 1136 2284 erat
1164 2227 1236 2284 ad
1267 2226 1669 2299 episcopatum
1726 2224 2009 2281 Burchar-

359 2319 490 2388 dus,
525 2316 756 2374 Rodulfl
791 2316 950 2386 regis
979 2317 1184 2385 frater,
1216 2315 1462 2373 Conradi
1491 2329 1562 2371 ex
1589 2312 1914 2370 concubina
1945 2311 2008 2366 fi-

362 2405 494 2476 lius,
531 2421 561 2462 a
587 2419 701 2476 quo
733 2403 1044 2460 ordinatus
1067 2407 1156 2460 ost
1181 2405 1372 2461 Bruno
1393 2401 1770 2472 Lingonensis
1787 2400 2007 2472 episco-

367 2509 494 2564 pus,
531 2508 581 2550 a.
621 2493 772 2549 dom.
807 2490 922 2546 inc.
957 2494 1080 2562 981,
1116 2490 1232 2548 ind.
1262 2490 1568 2563 nona.:Ilic
1607 2489 2006 2562 episcopatum

365 2578 806 2651 Lugdunensem
837 2579 893 2634 in
925 2579 1166 2636 infantia
1197 2577 1446 2650 adeptus
1473 2582 1586 2636 est.

437 2667 645 2736 (Gesta
679 2666 868 2734 Vini.)
890 2669 1052 2724 Anno
1067 2666 1249 2737 igitur
1272 2665 1424 2723 dom.
1446 2666 1563 2722 inc.
1593 2670 1716 2739 983,
1743 2665 1880 2724 Otto
1895 2667 2004 2724 Ru-

366 2757 457 2814 fus
511 2755 816 2825 secundus,
868 2769 999 2812 cum
1048 2757 1113 2810 l2
1141 2767 1324 2812 annos
1371 2758 1694 2824 regnasset,
1753 2754 2008 2830 moriens

367 2846 581 2914 Romae,
620 2857 649 2900 a
683 2843 808 2901 suis
837 2843 1060 2900 relatus
1090 2845 1203 2912 est,
1233 2845 1290 2898 et
1321 2841 1674 2914 Aquisgrani
1706 2841 2004 2914 sepultus;

366 2931 460 2990 cui
489 2931 778 2990 successit
809 2931 1033 2988 tercius
1062 2931 1199 2987 Otto
1222 2936 1291 2987 12
1319 2945 1622 3003 annorum,
1654 2929 1804 3002 quia
1833 2943 2008 2988 cuna-

369 3017 523 3078 bulis
555 3019 803 3092 sumpsit
837 3023 1133 3090 sceptrum
1157 3020 1568 3089 Romanorum,
1599 3017 1706 3075 sub
1735 3018 1903 3088 cujus
1923 3031 2010 3072 re-

363 3107 579 3178 gimine
627 3105 784 3164 salus
813 3105 920 3163 fuit
945 3106 1158 3162 mundo
1187 3109 1246 3160 et
1277 3103 1479 3174 gloria.
1531 3105 1808 3176 Tempore
1837 3104 2009 3184 hujus

366 3195 602 3271 praefuit
629 3193 978 3250 Virdunensi
1029 3192 1295 3250 ecclesiae
1324 3191 1644 3262 Wigfridus
1673 3193 2004 3265 episcopus.

367 3282 470 3339 llic
494 3280 741 3352 quadam
775 3278 870 3336 die
919 3281 1123 3337 urbem
1153 3293 1446 3350 egressus,
1481 3280 1640 3338 venit
1694 3281 1765 3338 ad
1811 3280 2004 3340 villam

365 3369 613 3426 fratrum
647 3383 774 3440 quae
815 3365 1192 3424 Wandersala
1225 3366 1456 3440 dicitur,
1491 3368 1590 3425 ubi
1620 3383 1652 3426 a
1683 3369 1896 3427 comite
1927 3371 2010 3426 Si-

365 3456 581 3528 gifrido
611 3459 821 3528 captus
853 3458 912 3512 et
943 3455 1267 3527 absolutus,
1301 3455 1371 3512 de
1411 3455 1654 3528 pecunia
1700 3471 1870 3530 quam
1902 3473 2008 3530 pro

367 3542 773 3602 emendatione
805 3543 1062 3616 suscepit
1094 3543 1174 3600 ita
1205 3542 1528 3602 aacclesiam
1570 3549 1786 3604 sanctae
1817 3546 2009 3604 Mariae

367 3632 602 3690 coronis
631 3633 881 3704 ornavit,
913 3636 976 3690 ut
1005 3632 1052 3689 si
1084 3645 1254 3690 manu
1286 3633 1530 3706 primam
1563 3638 1858 3705 tangercs,
1891 3649 2010 3692 om-

367 3735 474 3778 nes
507 3735 689 3792 usque
719 3720 790 3777 ad
821 3719 1196 3778 novissimam
1229 3725 1636 3780 moverentur.
1655 3721 1757 3779 Hic
1789 3721 2010 3794 praede-

365 3808 716 3866 cessorissui
734 3807 926 3865 domni
942 3808 1274 3880 Berengerii
1288 3809 1551 3866 imitator
1565 3811 1776 3882 factus,
1801 3809 1859 3866 in
1876 3811 2011 3868 sub-

366 3896 537 3954 urbio
570 3893 916 3956 Virdunensi
949 3897 1254 3955 cenobium
1276 3897 1612 3970 aedificavit,
1645 3901 1703 3955 et
1735 3912 2011 3970 aggrega-

365 3988 423 4041 ta
456 3986 870 4042 monachorum
923 3990 1132 4058 turma,
1175 4000 1389 4058 corpus
1421 3985 1562 4044 illuc
1615 3985 1802 4044 sancti
1842 3986 2009 4044 Pauli

363 4073 624 4146 episcOpi
659 4072 915 4130 levatum
946 4073 1017 4130 de
1039 4073 1168 4130 loco
1191 4087 1304 4144 quo
1319 4074 1576 4146 jacebat,
1605 4073 1660 4130 in
1684 4075 1901 4131 feretro
1923 4089 2012 4131 ar-

365 4165 577 4232 genteo
611 4160 964 4230 recondidit,
1023 4161 1360 4233 victumque
1415 4161 1716 4234 fratribus,
1749 4163 1846 4235 qui
1877 4163 2009 4221 loco

363 4247 568 4308 eodem
600 4248 840 4304 Domino
889 4247 1276 4319 deservirent,
1307 4262 1379 4305 ex
1411 4249 1698 4308 reditibus
1725 4251 2008 4326 episcopii

364 4335 642 4407 providit.
679 4335 782 4392 Hic
814 4335 990 4392 etiam
1014 4335 1166 4392 inter
1183 4341 1380 4394 cetera
1402 4337 1551 4396 bona
1573 4338 1832 4396 Ravandi
1853 4355 2010 4397 man-

363 4438 487 4480 sum
534 4425 736 4480 sancto
780 4423 1032 4480 Firmino
1087 4423 1355 4482 contulit.
1416 4427 1702 4486 Defuncto
1729 4429 1928 4486 autem
1975 4431 2010 4484 2

2037 3149 2089 3214 α

2115 1869 2211 1934 Ill,
2240 1883 2385 1941 papa
2417 1869 2584 1940 obiit,
2618 1869 2676 1925 in
2704 1870 2872 1939 cujus
2904 1870 3095 1928 locum
3130 1871 3268 1928 Otto
3291 1869 3472 1926 alium
3499 1869 3780 1926 ordinari

2117 1957 2418 2029 praecepit,
2457 1973 2628 2028 quem
2656 1960 2904 2016 Joannes
2937 1959 3310 2016 Crescentius
3355 1958 3427 2014 de
3459 1956 3778 2016 nobilibus

2114 2046 2500 2103 Romanorum
2537 2047 2774 2117 dejecit,
2807 2051 2864 2103 et
2898 2047 3074 2106 alium
3106 2047 3440 2106 substituit.
3473 2046 3592 2104 Sed
3630 2047 3776 2102 Otto

2116 2148 2408 2204 reversus,
2441 2133 2603 2192 illum
2635 2134 2925 2206 dejectum
2961 2135 3210 2192 abscicis
3241 2135 3511 2194 manibus
3541 2134 3681 2204 ejus
3711 2141 3774 2189 et

2115 2221 2355 2279 auribus
2383 2226 2442 2278 et
2475 2222 2662 2280 oculis
2691 2224 2900 2296 erutis,
2925 2227 2986 2279 et
3011 2223 3204 2280 occiso
3239 2221 3602 2294 Crescentio,
3633 2223 3778 2276 Ger-

2119 2309 2348 2368 bertum
2379 2325 2587 2384 papam
2618 2312 2876 2370 ordinari
2911 2312 3210 2384 praecepit.
3239 2313 3505 2384 [meum
3532 2326 3620 2382 ιιι,
3655 2310 3774 2380 43.]

2114 2399 2218 2454 llic
2248 2399 2307 2455 in
2341 2399 2586 2456 cenobio
2620 2399 2807 2457 sancti
2831 2399 3064 2456 Geraldi
3089 2399 3244 2472 apud
3266 2399 3646 2458 Aureliacum
3669 2413 3779 2454 nu-

2116 2487 2294 2544 tritus
2315 2487 2444 2559 fuit,
2467 2489 2965 2560 grammaticaque
2987 2492 3078 2546 est
3099 2487 3388 2558 eruditus,
3414 2491 3474 2542 et
3493 2487 3566 2542 ab
3589 2486 3778 2542 abba-

2116 2579 2174 2630 te
2191 2573 2305 2632 loci
2327 2575 2560 2632 Borello
2584 2575 2880 2634 citerioris
2901 2575 3190 2648 Hispania;
3224 2573 3360 2632 duci
3383 2573 3770 2643 commissus,

2117 2667 2176 2718 ut
2211 2663 2268 2718 in
2299 2663 2530 2720 artibus
2561 2663 2919 2735 erudiretur,
2946 2665 3020 2722 ab
3040 2679 3110 2722 eo
3135 2662 3370 2722 Hattoni
3388 2662 3626 2720 cuidam
3649 2663 3774 2734 epi-

2115 2765 2292 2822 scopo
2323 2751 2582 2809 traditus
2611 2757 2704 2810 est
2742 2751 3141 2822 instruendus,
3177 2751 3331 2823 apud
3373 2765 3548 2821 quem
3585 2749 3774 2822 pluri-

2115 2853 2269 2895 mum
2293 2838 2350 2895 in
2374 2839 2622 2898 mathesi
2644 2839 2894 2900 studuit.
2916 2841 3128 2898 Verum
3158 2839 3445 2911 pradicto
3466 2838 3620 2895 duce
3636 2853 3768 2896 cum

2114 2926 2392 2998 episcopo
2414 2929 2648 2984 Romam
2677 2931 2876 2999 eunte,
2905 2927 3059 2986 idem
3080 2943 3212 2986 cum
3238 2928 3326 2984 eis
3357 2927 3688 2999 profectus,
3709 2933 3770 2982 et

2115 3029 2281 3087 papae
2314 3015 2508 3074 factus
2537 3017 2896 3088 notissimus,
2925 3017 2998 3076 ab
3029 3033 3099 3076 eo
3131 3015 3330 3076 Ottoni
3361 3015 3486 3086 regi
3519 3019 3610 3072 est
3638 3015 3769 3070 inti-

2118 3106 2328 3174 matus,
2361 3107 2420 3161 et
2455 3120 2583 3164 cum
2637 3105 3006 3162 Adalberone
3053 3104 3328 3162 Remensi
3357 3103 3643 3176 episcOpo
3671 3105 3773 3160 Re-

2119 3191 2227 3248 mis
2257 3191 2436 3250 venit.
2464 3192 2594 3266 (ib.)
2629 3194 2754 3260 Quo
2787 3198 3048 3266 tempore
3071 3193 3306 3250 Otricus
3329 3191 3486 3264 apud
3509 3191 3770 3248 Saxones

2120 3277 2362 3349 insignis
2390 3279 2734 3338 habebatur.
2765 3283 2902 3337 Post
2935 3295 3148 3339 annum
3176 3279 3486 3337 Remensis
3519 3277 3769 3336 Adalbe-

2121 3381 2185 3423 ro
2215 3367 2450 3424 Romam
2479 3383 2610 3426 cum
2649 3369 2934 3426 Gerberto
2963 3369 3225 3442 petebat,
3255 3372 3316 3426 et
3365 3367 3551 3424 Ticini
3586 3383 3766 3438 augu-

2120 3459 2276 3511 stum
2295 3469 2425 3512 cum
2445 3455 2644 3513 Otrico
2669 3457 2911 3529 reperit,
2925 3471 2956 3514 a
2971 3471 3086 3530 quo
3100 3455 3405 3526 magnifice
3427 3459 3764 3530 susceptus,

2119 3541 2451 3615 ductusque
2501 3559 2605 3616 per
2649 3544 2868 3602 Padum
2909 3544 3096 3602 classe
3143 3546 3498 3617 Ravennam,
3532 3549 3594 3602 et
3635 3544 3767 3616 quia

2119 3645 2269 3688 anno
2303 3632 2606 3704 superiore
2639 3632 2874 3690 Otricus
2893 3632 3162 3690 Gerberti
3185 3647 3249 3689 se
3276 3633 3767 3706 reprehensorem

2120 3719 2175 3785 in
2209 3719 2457 3791 quadam
2489 3721 2672 3792 figura
2693 3736 2823 3778 cum
2847 3721 3156 3794 multiplici
3181 3720 3548 3780 diversarum
3571 3737 3763 3780 rerum

2121 3807 2542 3868 distributione
2575 3813 3026 3882 monstraverat,
3065 3811 3235 3882 jussu
3285 3809 3524 3880 augusti
3569 3824 3768 3868 omnes

2120 3894 2323 3967 palatii
2343 3895 2640 3970 sapientes
2662 3897 2815 3954 intra
2839 3898 3118 3972 palatium
3139 3896 3378 3956 collecti
3397 3904 3558 3970 sunt,
3583 3897 3768 3954 archi-

2120 3984 2434 4058 episcopus
2465 3999 2696 4056 quoque
2727 4001 2859 4044 cum
2891 3985 3124 4044 Adeone
3157 3987 3370 4044 abbate
3401 3985 3686 4044 Dervensi
3706 3992 3761 4060 et

2121 4071 2575 4130 scolasticorum
2597 4088 2875 4132 numerus
2897 4091 3012 4133 non
3033 4079 3251 4148 parvus
3273 4078 3363 4142 ;et
3379 4080 3552 4147 cepta
3573 4074 3763 4147 dispu-

2121 4161 2364 4234 tatione,
2391 4177 2522 4220 cum
2538 4161 2658 4234 jam
2681 4176 2826 4229 pene
2848 4167 3036 4220 totum
3060 4163 3212 4220 diem
3233 4163 3758 4236 consumpsissem,

2121 4250 2354 4321 augusti
2387 4253 2532 4308 nutu
2561 4251 2694 4308 ﬁnis
2727 4251 3044 4324 impositus
3071 4256 3184 4310 est.
3223 4251 3306 4308 Ibi
3339 4251 3666 4316 Gerbertus
3695 4252 3764 4308 ab

2121 4343 2371 4410 augusto
2393 4340 2626 4410 egregie
2651 4339 2924 4412 donatus,
2947 4341 3144 4399 Remis
3165 4357 3296 4400 cum
3319 4341 3760 4414 archiepiscopo

2122 4441 2398 4486 reversus
2427 4433 2536 4499 est,
2569 4431 2628 4486 et
2661 4433 2795 4500 post
2829 4443 2860 4486 a
2889 4431 3132 4500 Hugone
3181 4430 3440 4500 Hugonis
3488 4429 3674 4501 Magni
3703 4429 3764 4486 ﬁ-

367 4509 606 4568 Kalend.
643 4509 937 4584 Septemb.
968 4511 1273 4584 Wigifrido
1300 4512 1370 4548 ⁸⁷⁸
1401 4514 1752 4574 Virdunensi
1785 4515 2010 4588 episco-
2035 4502 2092 4566 D
2121 4515 2221 4587 lio,
2256 4530 2392 4586 rege
2419 4517 2794 4590 Francorum,
2829 4518 2926 4590 qui
2958 4517 3251 4577 Ludovico
3292 4522 3662 4576 successerat
3693 4533 3760 4574 ex

367 4614 443 4672 po
468 4603 530 4667 e_t
561 4599 619 4656 in
651 4600 1006 4659 monasterio
1037 4602 1190 4674 quod
1215 4602 1341 4676 ipse
1364 4607 1744 4660 contruxerat
1763 4605 2009 4663 tumula-

360 4690 444 4744 to.
467 4688 646 4759 ‘Hugo
677 4687 1040 4748 substitutus
1068 4695 1180 4746 est.
1214 4688 1318 4748 Hic
1359 4691 1656 4762 ingressus
1685 4691 2003 4766 civitatem,

363 4773 516 4833 unde
543 4775 792 4849 viveret,
826 4775 1128 4848 inquisivit
1157 4797 1168 4832 :
1194 4777 1504 4836 Lotbarius
1526 4779 1678 4836 enim
1701 4793 1807 4837 rex
1837 4782 2008 4838 Fran-

361 4879 582 4936 corum,
613 4863 746 4936 quia
779 4868 908 4922 erat
939 4879 1036 4922 res
1061 4865 1294 4938 publica
1341 4866 1451 4923 sub
1475 4865 1688 4936 juvene
1744 4869 2008 4943 principe

361 4951 768 5026 Romanorum,
805 4951 1080 5012 defuncto
1135 4953 1440 5024 Wigifrido
1470 4954 1768 5028 episcopo,
1803 4957 2010 5015 Virdu—

363 5053 501 5096 num
523 5039 758 5097 obsedit
787 5055 939 5098 anno
962 5043 1034 5100 ab
1053 5041 1166 5098 inc.
1192 5041 1351 5098 Dom.
1377 5045 1500 5112 986,
1531 5042 1634 5100 sed
1659 5043 1892 5102 minime
1916 5059 2008 5104 ce-

363 5126 473 5200 pit,
488 5127 884 5185 omniatamen
897 5129 1052 5186 circa
1071 5128 1270 5187 urbem
1287 5128 1539 5186 vastavit
1561 5146 1574 5197 ;
1606 5135 1813 5188 contra
1837 5147 2008 5203 quem

363 5214 585 5284 egressi
615 5215 685 5272 ad
735 5214 952 5274 bellum
979 5221 1040 5274 et
1067 5211 1350 5290 superati,
1402 5215 1604 5290 plures
1632 5233 1704 5278 ex
1734 5219 1821 5278 eis
1849 5222 2004 5296 capti

2121 4604 2232 4661 alia
2262 4605 2468 4678 stirpe,
2493 4604 2724 4676 dejecto
2745 4605 2990 4664 Arnulfo
3022 4606 3320 4680 pontiﬁce,
3344 4607 3404 4662 in
3425 4608 3759 4664 Remensem

2119 4693 2625 4766 archiepiscopum
2639 4700 2701 4752 se
2717 4694 3063 4767 quibusdam
3083 4695 3410 4768 praestigiis
3435 4694 3758 4768 promoveri

2119 4783 2276 4840 fecit.
2313 4782 2436 4854 (fol.
2470 4785 2586 4856 73.)
2619 4785 2832 4842 Verum
2881 4783 3188 4856 aliquanto
3233 4790 3504 4858 tempore
3532 4788 3754 4852 exacto,

2119 4869 2216 4927 ubi
2247 4869 2432 4928 sensit
2465 4869 2622 4942 quod
2659 4871 3153 4952 Arnulfussedem
3170 4872 3458 4945 episcopii
3483 4873 3596 4930 sibi
3622 4887 3756 4944 prte-

2117 4957 2310 5030 ripere
2339 4961 2396 5016 et
2431 4957 2710 5031 populum
2741 4959 2814 5018 ad
2847 4975 2910 5016 se
2934 4960 3218 5020 reducere
3239 4961 3564 5033 nitebatur,
3590 4965 3755 5017 noctu

2119 5047 2347 5129 fugiens
2377 5045 2449 5104 ad
2481 5047 2764 5106 Othonem
2796 5049 2901 5106 ivit
2927 5065 2942 5115 ;
2967 5063 2998 5106 a
3031 5064 3146 5121 quo
3179 5065 3290 5106 non
3325 5048 3512 5107 multo
3543 5053 3672 5121 post
3707 5049 3757 5106 in

2117 5135 2550 5192 Ravennensem
2582 5135 3087 5211 archiepiscOpum
3138 5137 3496 5208 quibusdam
3527 5153 3590 5196 se
3619 5152 3756 5210 prae-

2119 5222 2313 5294 stigiis
2345 5223 2675 5296 promoveri
2707 5225 2863 5284 fecit.
2891 5225 3028 5284 lude
3061 5225 3436 5300 postmodum
3457 5242 3604 5302 papa
3627 5241 3756 5284 con-

1703 5369 1943 5428 VARLE
1985 5371 2388 5431 LECTIONES.

397 5499 509 5592 "ﬂ:
528 5512 762 5592 require
792 5511 850 5568 in
881 5509 990 5570 alia
1016 5511 1226 5586 pagina
1257 5511 1367 5571 sub
1395 5511 1505 5572 hoc
1536 5514 1700 5588 signo
1725 5516 1770 5582 Ζ
1792 5531 1978 5592 neque
2003 5477 2082 5582 ad
2112 5522 2443 5582 :suoeessit
2475 5522 2528 5580 ei
2559 5522 2760 5580 Heimo
2790 5536 2822 5583 ο
2849 5525 2972 5585 No:
3009 5524 3278 5584 ordinem
3303 5526 3400 5586 ita
3429 5529 3756 5589 indicatum

361 5583 758 5644 ναιιωκθιω.
