3894 6322
105 324 207 383 197

1354 320 1858 385 CHRONICON.
1891 359 1968 372 —-—
1992 325 2151 387 LIB.
2198 326 2275 387 II.

3373 328 3487 389 198

100 458 332 513 stitutus
359 459 448 513 est
482 461 543 511 et
571 456 851 513 Silvester
874 456 1069 513 dictus
1098 462 1212 512 est.
1238 456 1394 513 Obiit
1419 460 1610 515 autem
1634 472 1730 514 an-
1757 460 1811 519 A
1846 459 2009 513 Anno
2040 459 2111 513 ab
2145 458 2254 513 inc.
2290 459 2448 513 Dom.
2491 462 2615 528 995,
2661 458 2917 530 suscepit
2952 458 3227 527 regimem
3261 458 3488 515 Clunia-

98 561 165 600 no
196 549 315 611 999,
337 548 393 599 et
419 545 732 614 Gregorius
763 547 808 600 V
839 545 1127 603 successit
1156 546 1288 617 (78).

165 677 323 747 (λοι).
360 678 533 732 σω.
569 692 628 746 n,
660 678 732 748 5].
770 679 930 733 Anno
960 678 1138 748 igitur
1167 679 1239 734 ab
1269 679 1378 735 inc.
1406 681 1564 734 Dom.
1601 683 1725 749 988,

101 766 275 834 imago
312 765 535 821 Domini
566 766 623 821 in
655 781 829 824 cruce
878 768 1067 838 posita
1102 768 1156 823 in
1182 770 1540 824 monasterio
1594 784 1730 840 apo-

98 855 367 911 stolorum
402 856 1041 927 Aurelianis'ploravit,
1078 858 1347 915 omnibus
1395 859 1731 914 admiranti-

103 944 218 1012 bus,
237 944 370 1013 quid
400 944 507 1000 hoc
523 945 905 1016 portenderet
924 947 1169 1016 signum.
1191 950 1248 1003 In
1270 948 1469 1004 eadem
1492 948 1730 1004 civ1tate

101 1047 202 1087 una
228 1033 479 1089 noctium
508 1033 680 1105 lupus
701 1034 1034 1105 adveniens,
1061 1036 1390 1093 zecclesiam
1430 1036 1733 1106 ingressus

104 1121 389 1177 matutinis
423 1121 588 1178 horis
620 1128 838 1180 restem
864 1124 1011 1194 signi
1043 1138 1144 1180 ore
1195 1123 1465 1195 arripuit,
1501 1128 1557 1180 et
1614 1125 1733 1195 agi-

103 1214 225 1264 tans
256 1208 396 1265 illud
426 1209 708 1279 insonuit,
732 1226 900 1282 quem
918 1212 1012 1268 vix
1044 1214 1115 1269 ab
1135 1213 1398 1270 azcclesia
1434 1212 1730 1284 expellere

101 1301 419 1367 potuerunt.
458 1301 903 1370 Sequentianno
934 1304 1056 1357 tota
1090 1302 1445 1371 civitasigne
1464 1317 1730 1358 consum-

101 1392 187 1457 pta
216 1391 301 1442 est
342 1402 472 1443 cum
534 1388 844 1460 :ecclesiis,
881 1388 983 1446 sed
1041 1390 1318 1447 Arnulfus
1373 1390 1730 1446 venerabilis

97 1475 650 1547 episcopusinventa
676 1478 921 1550 pecunia
944 1479 1003 1534 in
1027 1479 1421 1535 fundamentis
1443 1479 1729 1535 mcclesiaa

95 1568 297 1620 sanctae
330 1565 557 1637 Crucis,
596 1567 859 1623 eamdem
882 1566 1212 1624 aecclesiam
1243 1566 1298 1623 in
1330 1567 1537 1624 melius
1565 1581 1732 1638 repa-

98 1651 252 1707 ravit.

1843 546 2037 603 censis
2065 548 2326 604 ccclesnaa
2359 551 2599 603 sanctus
2631 545 2816 602 Odilo.

1914 636 2076 706 (lam.
2097 679 2110 706 ,
2138 651 2196 706 η,
2226 636 2299 705 1,)
2335 635 2573 690 Mortuis
2603 634 2782 703 igitur
2816 633 3089 689 Lothario
3112 636 3168 689 et
3197 632 3485 689 Ludovico

1840 725 2192 780 Francorum
2228 724 2485 793 regibus,
2519 725 2681 791 liugo
2715 738 2837 793 rex,
2872 727 2934 779 ut
2968 722 3239 790 diximus,
3272 721 3486 776 consti-

1842 818 2005 870 tutus
2033 818 2143 883 est,
2170 815 2337 884 cujus
2359 815 2538 868 frater
2564 814 2796 869 fuerunt
2819 812 2956 866 Otto
2986 812 3103 867 dux
3135 810 3484 879 Burgundiac

1840 908 1896 958 et
1931 903 2255 959 Heinricus.
2295 902 2460 971 (Chr.
2497 903 2761 973 Dicion.)
2796 901 3002 956 Verum
3035 900 3246 954 Ottone
3272 899 3325 953 in
3352 900 3488 954 ado~

1842 990 2123 1046 lesccntia
2153 994 2383 1046 mortuo
2416 990 2637 1060 absque
2668 987 2886 1057 liberis,
2920 986 3225 1042 Ileinricus
3256 1001 3486 1042 succes-

1841 1079 1915 1135 Sit
1940 1098 1954 1147 ;
1977 1079 2143 1149 cujus
2162 1078 2317 1134 filius
2342 1078 2447 1134 fuit
2473 1076 2594 1133 Odo
2618 1075 2938 1147 Belncnsis,
2959 1081 3015 1131 et
3037 1075 3338 1147 privignus
3359 1074 3486 1143 ejus

1839 1166 2167 1223 Willelmus
2219 1167 2460 1237 advena,
2512 1164 2776 1221 Rainaldi
2826 1164 3057 1220 comitis
3108 1166 3293 1235 pater.
3347 1164 3485 1217 Post

1840 1255 2171 1311 Heinricum
2214 1254 2538 1325 Ileinricus,
2587 1253 2825 1309 Roberti
2861 1252 3015 1321 regis
3043 1266 3114 1306 ex
3147 1249 3481 1306 Constantia

1841 1342 2016 1414 filius,
2054 1342 2327 1398 ducatum
2359 1342 2634 1413 Optinuit,
2676 1346 2730 1398 et
2765 1341 2816 1395 ei
2854 1340 2974 1410 regi
3007 1339 3159 1394 facto
3192 1339 3484 1394 Robertus

1841 1431 2082 1489 Vctulus
2102 1431 2414 1500 successit,
2449 1431 2626 1486 frater
2649 1429 2797 1499 ejus,
2820 1434 2875 1484 et
2898 1428 3154 1484 Roberto
3180 1428 3343 1496 Hugo
3367 1426 3485 1482 dux

1845 1526 2043 1592 postea
2096 1521 2432 1588 monachus,
2482 1518 2736 1574 licinrici
2783 1516 2881 1572 filii
2930 1517 3117 1588 ipsius
3150 1513 3391 1571 Roberti
3424 1512 3486 1568 fi-

1843 1609 1986 1676 lius;
2018 1623 2132 1680 quo
2180 1609 2420 1678 Hugonc
2470 1608 2765 1677 defuncto,
2818 1606 3111 1661 Robertus
3162 1602 3315 1659 filius
3360 1600 3486 1671 ejus

1842 1696 2154 1767 successit,
2181 1700 2237 1752 et
2266 1694 2659 1750 Constantiam
2691 1692 2852 1749 duxit
2885 1707 3143 1760 uxorem,
3175 1695 3481 1759 cognatam

164 1785 314 1855 (Isin.
348 1800 406 1855 ιι,
432 1789 514 1859 7.)
549 1789 714 1844 Anno
744 1789 924 1859 igitur
953 1793 1076 1860 991,
1113 1794 1348 1848 sanctus
1372 1789 1539 1845 Odilo
1568 1788 1725 1845 venit
1759 1807 1811 1868 Β
1842 1785 2101 1856 Hugonis
2136 1782 2635 1840 Autisiodorensis
2673 1780 2956 1853 epiSCOpi,
2999 1778 3229 1835 comitis
3260 1776 3485 1868 Cabilo-

99 1872 160 1926 ad
186 1874 623 1932 conversionem
648 1876 927 1949 Cluniaci,
955 1884 1013 1934 et
1048 1882 1080 1934 4
1106 1893 1254 1935 anno
1286 1882 1527 1935 sanctus
1558 1877 1729 1933 Maio-

99 1959 181 2016 lus
210 1962 370 2017 obiit.
408 1964 488 2018 Ea
526 1969 877 2036 tempestate
920 1967 1096 2022 Roma
1157 1967 1400 2024 maxima
1434 1983 1507 2022 ex
1561 1970 1729 2037 parte

100 2048 219 2116 igne
247 2052 550 2108 combusta
584 2056 695 2109 est.
724 2054 1018 2127 Templum
1049 2056 1224 2112 etiam
1247 2057 1435 2112 sancti
1463 2054 1621 2111 Petri
1642 2069 1732 2111 ac-

103 2150 320 2193 censum
352 2143 462 2209 est,
501 2145 559 2195 et
590 2141 707 2210 jam
730 2144 930 2200 trabes
961 2144 1119 2200 ferro
1146 2149 1205 2199 et
1236 2144 1526 2200 lamminis
1574 2143 1730 2198 ereis

105 2228 379 2294 coopertae
413 2228 725 2299 ardebant,
762 2246 891 2287 cum
921 2232 1110 2288 omnis
1138 2231 1308 2303 plebs
1357 2233 1609 2288 Romana
1661 2231 1731 2286 ad

107 2311 458 2383 sepulchrum
493 2318 1144 2391 apostoliconcurrens,
1173 2320 1269 2377 ubi
1291 2319 1540 2376 humana
1555 2319 1733 2375 nichil

110 2400 481 2468 praevalebant
513 2405 756 2476 auxilia,
782 2406 1039 2465 divinum
1062 2415 1121 2465 et
1141 2407 1529 2480 apostolicum
1562 2422 1736 2477 cxpe-

109 2487 286 2544 ctabat
318 2492 685 2565 suffragium,
719 2501 774 2549 et
807 2496 1005 2552 statim
1038 2496 1211 2567 ignis,
1263 2497 1361 2567 qui
1387 2497 1502 2568 jam
1536 2497 1736 2551 trabes

109 2573 398 2648 lambebat,
424 2582 733 2643 extinctus
756 2588 868 2640 est.
902 2586 980 2641 Eo
1013 2600 1243 2655 quoque
1286 2592 1549 2657 tempore
1577 2584 1735 2640 obie-

111 2668 226 2718 runt
257 2665 373 2722 Odo
403 2683 609 2726 comes
640 2672 1381 2743 Turonorum,}lcribertus
1419 2671 1735 2729 Meldorum

109 2756 159 2805 et
209 2754 531 2827 Trecorum,
628 2759 951 2816 Willelmus
1017 2760 1406 2832 Pictavorum,
1442 2762 1738 2816 Manasses

109 2840 395 2912 episcopus
424 2845 767 2918 Trecorum,
797 2846 1162 2905 Gislebertus
1199 2848 1576 2919 Parisiorum,
1635 2848 1739 2903 Ge-

112 2926 299 2986 buinus
330 2932 809 2990 Catalaunorum.

1843 1874 2059 1930 nensis.
2118 1875 2307 1945 [Cum
2340 1873 2438 1941 IL,
2475 1887 2556 1942 ιιι,
2588 1869 2662 1939 2.]
2713 1872 2873 1924 Anno
2916 1870 2988 1924 ab
3031 1868 3141 1923 inc.
3178 1870 3299 1935 996,
3336 1862 3483 1921 obiit

1844 1962 2152 2018 Hcinricus
2181 1962 2298 2017 dux
2321 1959 2473 2031 apud
2504 1958 2797 2015 Poliacum
2830 1970 3006 2027 super
3038 1955 3285 2022 Ararim,
3311 1957 3369 2008 et
3392 1952 3485 2006 Ili-

1844 2049 2097 2107 chardus
2130 2051 2590 2105 Normannorum
2626 2047 2743 2103 dux
2773 2045 2938 2102 obiit.
2978 2044 3138 2115 [1810.
3176 2056 3232 2110 ιι,
3268 2038 3342 2109 8.]
3389 2040 3485 2094 Se-

1847 2140 2047 2210 quenti
2097 2152 2327 2209 quoque
2378 2152 2527 2191 anno
2569 2136 2863 2191 Robertus
2897 2147 3000 2188 rex
3038 2131 3254 2186 ducens
3285 2142 3481 2183 secum

1846 2229 2195 2284 Richardum
2248 2228 2314 2296 ll,
2361 2225 2650 2295 juniorem
2708 2225 3163 2279 Normannorum
3208 2216 3482 2273 comitem

1847 2332 1978 2374 cum
2008 2313 2519 2386 triginta’milibus
2551 2313 3031 2377 Normannorum,
3068 2304 3479 2375 Burgundiam,

1846 2405 1982 2475 quia
2013 2420 2043 2461 a
2076 2418 2139 2460 se
2171 2403 2487 2470 defecerat,
2534 2399 2801 2469 vastavit,
2837 2402 2897 2453 et
2929 2396 3161 2452 tandem
3207 2392 3480 2464 optinuit.

1848 2494 2045 2566 [Imn.,
2080 2507 2140 2560 n,
2176 2489 2252 2562 9.]
2286 2489 2408 2556 Quo
2444 2495 2700 2559 tempore
2750 2489 2897 2543 facta
2941 2489 3034 2541 est
3082 2485 3263 2539 fames
3294 2478 3484 2538 valida

1847 2580 2244 2655 quinquennio
2277 2579 2331 2634 in
2366 2582 2493 2633 toto
2537 2576 2678 2631 orbe
2718 2577 2995 2631 Romano.
3030 2574 3109 2628 Eo
3140 2572 3313 2627 etiam
3348 2572 3489 2624 tem-

1851 2685 1991 2741 pore
2046 2671 2293 2741 praeerat
2343 2665 2609 2721 ecclesia:
2658 2662 2989 2720 Divionensi
3038 2659 3269 2716 abbatis
3300 2655 3486 2713 officio

1847 2757 2097 2815 eximius
2150 2759 2316 2827 pater
2360 2751 2705 2820 Willelmus,
2759 2751 2928 2821 cujus
2975 2754 3141 2818 gesta
3190 2746 3285 2817 qui
3337 2744 3487 2800 scire

1848 2844 2125 2914 voluerit,
2178 2842 2235 2898 in
2282 2841 2433 2896 libro
2486 2839 2622 2895 vitae
2680 2838 2807 2909 ejus
2839 2833 3150 2893 aRodulfo
3208 2830 3489 2887 monacho

1850 2932 2010 2991 edito
2041 2930 2493 3014 legerepotest.

1682 3029 1906 3088 ΝΟΤιλΕ.

171 3126 271 3196 (78)
301 3127 526 3186 Minime
560 3128 667 3187 sed
701 3143 769 3186 eo
784 3144 934 3187 anno
946 3130 1224 3202 Gregorio
1255 3131 1299 3188 V
1324 3131 1619 3202 Sylvester
1648 3131 1698 3186 II
1716 3128 2018 3187 successit.

1150 3342 1556 3452 LIBER
1638 3319 2453 3451 SECUNDUS”.

180 3520 328 3574 Anno
374 3519 445 3575 ab
470 3519 587 3576 inc.
626 3519 788 3575 Dom.
816 3522 972 3590 1002,
1010 3519 1155 3576 obiit
1197 3519 1335 3576 Otto
1389 3520 1484 3588 ill,
1515 3517 1748 3588 juvenis
1779 3517 1924 3580 C19
1971 3516 2369 3574 mcclesiarum
2424 3513 2635 3572 altaria
2688 3528 2817 3571 cum
2879 3510 3120 3569 decimis
3169 3514 3227 3566 et
3273 3507 3494 3581 paratis

120 3603 434 3675 imperator:
469 3607 704 3665 exactis
736 3607 790 3662 in
825 3622 1002 3677 regno
1032 3612 1093 3665 19
1114 3608 1302 3678 annis,
1342 3610 1400 3663 et
1440 3606 1749 3663 Heinricus

122 3695 402 3751 successit.
427 3696 555 3763 Quo
575 3710 730 3752 anno
743 3695 898 3752 circa
914 3696 1055 3753 solis
1083 3696 1416 3753 occubitum
1441 3696 1621 3753 draco
1647 3710 1751 3767 per

122 3790 237 3834 aera
259 3781 391 3836 ferri
415 3783 584 3839 visus
614 3786 729 3852 est,
764 3786 821 3838 et
852 3783 1037 3852 ignem
1070 3783 1123 3838 in
1157 3782 1306 3838 coelo
1341 3782 1671 3853 aciesvisae,
1692 3786 1749 3838 et

129 3861 244 3923 luna
268 3868 318 3923 in
344 3870 674 3942 plcnilunio
691 3871 1077 3942 postinicium
1104 3872 1605 3942 quadragesimaea
1641 3885 1754 3927 me-

127 3952 211 4010 dio
239 3958 421 4014 noctis
454 3973 650 4029 usque
676 3958 746 4013 ad
777 3961 969 4016 ortum
992 3959 1106 4015 diei
1127 3960 1181 4014 in
1201 3960 1537 4031 sanguinem
1560 3974 1749 4030 versa,

128 4044 177 4095 et
210 4044 287 4100 sol
320 4046 471 4102 circa
507 4046 815 4103 meridiem
850 4048 907 4102 in
939 4047 1081 4104 duas
1101 4054 1299 4119 partes
1322 4047 1543 4105 divisus
1571 4052 1679 4105 est.

188 4130 541 4207 (Catpont)
578 4135 859 4205 Sequenti
895 4151 1043 4192 anno
1092 4138 1382 4194 Iohannes
1439 4151 1583 4209 papa
1635 4136 1756 4193 XIII

129 4219 276 4290 obiit,
307 4226 366 4277 et
390 4223 760 4279 Benedictus
791 4225 1095 4281 successit.

193 4307 304 4375 (fol.
337 4312 462 4383 73’).
504 4314 675 4367 Anno
710 4312 780 4366 ab
811 4313 925 4368 inc.
959 4314 1115 4369 Dom.
1149 4314 1305 4384 1010,
1358 4312 1504 4370 obiit
1534 4311 1759 4369 Heldri-

134 4407 223 4450 cus
242 4398 413 4455 abbas
448 4399 932 4471 Flaviniacensis,
969 4407 1037 4458 19
1061 4400 1183 4464 Kal,
1226 4401 1504 4472 Januarii,
1544 4406 1603 4457 et
1630 4417 1760 4460 suc-

136 4485 291 4541 cessit
321 4486 567 4545 domnus
595 4488 899 4545 Amadeus.
919 4488 1024 4561 (Cf.
1040 4491 1207 4547 Sorr.
1242 4488 1370 4547 abb.
1404 4489 1600 4562 Flam.)
1632 4489 1755 4561 Hic,

138 4571 345 4629 abbatia
382 4576 651 4645 dimissa,
689 4575 1020 4635 Cluuiacum
1055 4577 1178 4648 ivit,
1209 4582 1266 4634 et
1297 4582 1430 4649 post
1488 4591 1759 4635 reversus

136 4658 495 4720 Colticensem
519 4664 735 4721 cellam
767 4665 1080 4735 adquisivit
1111 4666 1245 4738 (79),
1279 4670 1333 4722 et
1395 4666 1760 4723 Sinemuren-

135 4760 237 4802 scm
258 4755 311 4804 et
349 4752 802 4810 Bellilocensem
829 4759 887 4810 et
929 4754 1336 4810 Corbiniacum
1387 4755 1757 4826 recuperavit

1857 3604 2112 3677 optinuit
2154 3606 2265 3677 (81)

1927 3694 2211 3750 Defuncto
2260 3706 2490 3764 quoque
2540 3691 2847 3747 Adelmaro
2895 3690 3105 3745 abbate
3152 3683 3492 3742 monasterii

1859 3782 2047 3839 sancti
2068 3781 2264 3838 Vitoni
2285 3785 2315 3835 5
2336 3779 2458 3836 Kal.
2483 3783 2632 3848 Jan.,
2654 3777 2977 3834 Adelardus
2998 3775 3360 3832 substitutus
3379 3776 3489 3829 est.

1858 3873 1929 3928 Et
1951 3871 2061 3927 hoc
2092 3871 2368 3927 defuncto
2401 3872 2468 3923 13
2499 3865 2619 3922 Kal.
2650 3866 2774 3921 Jan.
2794 3907 2809 3935 ,
2851 3862 3222 3919 Ermenricus
3265 3873 3497 3917 succes-

1863 3960 1958 4030 sit,
1992 3959 2109 4030 qui,
2144 3958 2199 4013 in
2233 3959 2510 4027 quantum
2558 3952 2762 4023 valuit,
2804 3951 2991 4009 locum
3023 3948 3341 4021 ampliavit.
3374 3948 3497 4002 Hoc

1862 4048 2037 4103 etiam
2071 4046 2140 4103 ad
2174 4058 2428 4118 superna
2459 4046 2814 4110 transvecto,
2847 4043 2880 4095 6
2907 4037 3028 4095 Kal.
3064 4036 3355 4108 Septemb.
3390 4035 3505 4091 Ro-

1862 4134 2081 4193 hardus
2099 4132 2407 4203 successit,
2423 4136 2482 4188 et
2499 4129 2770 4187 Rohardo
2788 4127 3151 4184 Lambertus.
3168 4126 3309 4181 Post
3326 4135 3498 4193 quem

1864 4230 2072 4296 raptus
2089 4228 2181 4280 est
2200 4222 2272 4279 de
2289 4221 2554 4278 cmnobio
2577 4218 2765 4276 sancti
2792 4215 2999 4274 Felicis
3015 4212 3320 4272 Mettensis
3342 4212 3504 4269 dom-

1864 4327 1975 4371 nus
2008 4312 2318 4383 Fingenius
2351 4313 2681 4368 Scottorum
2715 4306 2991 4380 progenie
3027 4301 3329 4371 oriundus,
3366 4298 3500 4371 quia

1867 4402 2031 4460 locus
2057 4402 2209 4458 idem
2236 4414 2339 4473 per
2360 4413 2588 4456 manum
2616 4396 2821 4454 laicam
2853 4392 3277 4466 aliquantulum
3306 4386 3505 4458 negle-

1864 4493 1998 4547 Ctus
2025 4493 2173 4561 erat,
2207 4486 2279 4545 ad
2310 4485 2757 4544 restaurandum
2787 4497 2918 4541 eum
2949 4480 3165 4539 ibidem
3194 4476 3379 4533 abbas
3407 4476 3502 4530 est
3560 4476 3577 4493 °

1867 4577 2193 4634 ordinatus.
2255 4576 2433 4646 Cujus
2484 4572 2817 4642 adventum,
2866 4566 3394 4643 peregrinationem
3426 4564 3515 4616 et.

1868 4664 2312 4722 conversionem
2343 4664 2438 4734 qui
2474 4662 2701 4735 plenius
2732 4672 2902 4715 nosse
2943 4656 3258 4723 desiderat,
3292 4652 3349 4706 in
3380 4648 3504 4707 vita

1868 4754 2167 4810 Teoderici
2189 4752 2383 4809 eximii
2402 4744 3130 4820 Mettensisepiscopiscire
3145 4742 3342 4813 potest
3363 4737 3503 4809 (82).

135 4830 255 4905 (80).
288 4838 589 4898 Sarmatiae
614 4845 870 4898 castrum
901 4843 1076 4915 cepit,
1104 4844 1415 4900 Passavant
1443 4842 1754 4913 destruxit,
1787 4829 1841 4888 D
1869 4843 1941 4898 Et
1969 4843 2077 4899 hoc
2112 4853 2342 4912 quoque
2388 4838 2683 4907 defuncto,
2721 4848 2853 4892 cum
2879 4832 2995 4904 jam
3028 4834 3159 4902 post
3191 4826 3509 4885 Adalbero-

1464 4938 1701 4994 VARUE
1741 4938 2140 4995 LECTIONES.

1695 5079 1916 5137 ΝΟΤίΕ.

191 5000 253 5037 ²⁷⁸
281 5007 493 5066 titulus
522 5008 695 5066 deest
714 5010 782 5066 in
809 5006 1021 5069 codice.

195 5182 298 5260 (79)
326 5185 412 5260 _Ab
442 5183 755 5260 ilelmuino
777 5185 1052 5260 episcopo
1075 5184 1347 5260 Eduensi
1377 5197 1534 5260 anno
1563 5182 1629 5239 30
1668 5198 1756 5239 re-

133 5254 215 5325 gni
244 5255 474 5311 Roherti
514 5255 691 5324 regis,
726 5254 876 5310 teste
934 5254 1134 5312 charta
1170 5273 1185 5322 ;
1245 5254 1560 5325 Mabillon.,
1611 5269 1742 5311 ann.

138 5320 307 5378 lla-ned
324 5327 413 5393 IV,
444 5331 571 5394 652,
584 5320 675 5380 ⁷Κ.

141 5458 150 5466 ,
198 5396 300 5462 (80)
333 5395 414 5450 Ab
446 5393 976 5468 eodemjrlelmuino
999 5393 1568 5468 diplomate‘s‘cripto
1599 5407 1749 5468 anno

138 5462 419 5586 1034,
453 5480 607 5522 anno
630 5464 859 5522 Henrici
899 5462 1131 5537 regis'ts.
1189 5462 1537 5522 Mabillon‘l.
1598 5463 1637 5533 1,
1694 5479 1747 5535 p.

201 5599 304 5674 (81)
332 5604 477 5661 ’Dnu:
515 5606 762 5665 exstant
811 5601 1181 5664 (locutionum
1228 5601 1450 5661 chartae
1501 5599 1754 5659 Amadeo

1867 5186 2039 5253 datae,
2070 5185 2311 5240 Roberti
2344 5182 2497 5251 regis
2530 5197 2637 5253 una
2670 5195 2733 5236 ιιι
2765 5176 2883 5234 Kal.
2918 5178 3081 5253 yart.
3108 5188 3160 5253 θ.
3186 5176 3363 5253 1018ς
3396 5174 3509 5253 hia-

1863 5244 2066 5324 hillon,
2118 5253 2321 5309 Annal.
2372 5244 2581 5324 Bened.
2613 5253 2703 5319 IV,
2739 5253 2888 5324 238__:
2920 5244 3226 5317 Raginaldi
3268 5245 3504 5301 comitis

1864 5319 2125 5381 altera'a.
2163 5328 2339 5387 1037;
2372 5322 2563 5376 Labbe
2594 5326 2643 5389 1,
2674 5323 2796 5375 270.
2835 5319 2896 5373 K.

1935 5394 2051 5463 (82)
2087 5382 2480 5463 Laudatjang
2501 5382 2687 5463 Vitam
2711 5391 2918 5463 auctor
2935 5386 3082 5445 Vitas
3106 5382 3379 5463 Richardi
3408 5396 3500 5456 ap.

1862 5455 2075 5523 Mabil'l.
2127 5464 2252 5519 Act.
2295 5461 2386 5516 SS.
2432 5460 2572 5514 Sate.
2603 5458 2696 5528 VI,
2730 5460 2780 5512 1.
2816 5455 2929 5512 Gfr.
2973 5468 3207 5528 quoque
3254 5455 3480 5512 Monum

1866 5534 2054 5589 Germ.
2090 5532 2181 5587 SS.
2224 5532 2312 5601 IV,
2346 5545 2399 5601 p.
2426 5530 2549 5585 696.
2588 5527 2649 5581 K.
