3894 6328
358 347 469 423 las

1303 349 1670 416 HUGONIS
1710 348 2064 414 ABBATIS
2106 346 2794 415 FLAVINIAECNSIS

3645 340 3770 410 ἑοῦ

352 503 480 550 nem
513 487 934 548 Virdunensem
965 484 1368 559 episcopatum
1401 483 1602 540 Heimo
1635 483 1879 562 sortitus
1907 499 1993 542 es-
2023 487 2080 546 A
2111 481 2321 540 docilis
2353 483 2565 554 ingenii
2599 487 2824 539 attente
2859 481 3076 552 rimari,
3111 485 3172 538 ut
3226 487 3658 552 agnosceretur
3689 485 3766 539 ab

354 584 464 650 set,
499 580 745 636 domnus
770 576 1098 632 Richardus
1124 573 1315 631 locum
1341 573 1503 630 illum
1529 573 1843 643 regendum
1874 588 1996 630 sus-

353 667 529 739 cepit.
584 666 760 736 Cujus
808 666 1006 734 vitam,
1057 677 1250 719 mores
1297 667 1356 718 et
1387 666 1575 730 actus,
1627 661 1998 717 nobilitatem

353 754 606 826 generis,
632 753 868 810 inicium
887 751 1312 820 conversionis,
1337 749 1592 806 studium
1613 749 1914 818 religionis
1939 754 2000 804 et

355 842 854 916 perseverantiam
879 840 1256 913 perfectionis
1277 839 1578 895 humilitas
1597 844 1798 894 nostra
1827 851 1998 894 sensu

361 931 498 988 licet
539 930 700 987 tenui
729 933 790 985 et
821 943 1090 986 sermone
1129 928 1351 984 rustico
1391 927 1723 984 describere
1761 926 1998 994 gliscit;

361 1020 495 1092 quia
527 1020 575 1076 si
609 1018 746 1090 quid
779 1032 1003 1088 sumus,
1038 1033 1168 1075 cum
1207 1016 1385 1072 nichil
1417 1016 1616 1086 simus,
1650 1021 1833 1072 totum
1870 1019 2000 1086 post

359 1109 536 1164 Deum
568 1111 627 1163 et
655 1111 894 1164 sanctos
931 1105 1059 1176 ejus
1097 1104 1508 1162 aseribendum
1539 1107 1627 1158 est
1662 1103 1888 1158 meritis
1919 1103 2002 1174 ip-

361 1195 502 1252 sius.
534 1195 697 1252 Unde
729 1194 1088 1252 invocandus
1125 1197 1216 1249 est
1257 1193 1426 1248 nobis
1459 1191 1852 1263 spiritualium
1887 1191 2003 1245 dis“

361 1285 620 1341 tributor
638 1284 1013 1340 karismatum
1039 1282 1294 1354 Spiritus
1317 1285 1578 1350 sanctus,
1607 1285 1668 1336 ut
1694 1279 2003 1336 beatitudi-

363 1387 491 1429 nem
519 1372 647 1442 ejus
675 1387 782 1429 suo
823 1371 1053 1442 quidem
1096 1385 1292 1438 sensu,
1327 1374 1529 1425 nostro
1569 1383 1668 1424 ore
1707 1369 1998 1438 enunciet,

361 1466 426 1517 ut
457 1459 730 1517 laudetur
755 1460 808 1514 in
833 1460 1112 1532 operibus
1141 1459 1286 1529 suis,
1317 1462 1375 1514 et
1407 1461 1685 1529 appareat
1715 1456 2001 1512 mirabilis

360 1551 415 1604 in
456 1549 681 1606 sanctis
722 1547 862 1604 suis.

431 1641 482 1694 1.
524 1636 594 1670 ³⁷⁷
623 1636 834 1692 Extitit
863 1635 1042 1706 igitur
1081 1633 1441 1690 nobilissima
1477 1635 1826 1689 Francorum
1870 1633 2004 1688 stir-

365 1739 434 1798 pe
473 1724 834 1796 progenitus,
868 1726 1052 1794 patre.
1089 1765 1102 1778 .
1141 1765 1153 1778 .
1189 1763 1200 1776 .
1239 1764 1251 1776 .
1295 1719 1384 1790 ’7‘,
1421 1724 1605 1775 matre
1636 1733 1794 1775 vero.
1832 1759 1843 1772 .
1883 1761 1894 1774 .
1932 1761 1943 1772 .
1983 1760 1996 1773 .

2109 571 2378 628 omnibus
2408 571 2596 641 magni
2630 585 2759 626 eum
2792 572 3046 627 futurum
3081 585 3214 626 esse
3273 571 3562 642 preconii,
3591 586 3761 642 quem

2111 660 2197 715 sic
2219 659 2657 716 commendabat
2683 674 2924 716 acumen
2946 658 3305 728 intellectus,
3325 663 3756 716 secretorumet

2112 748 2475 804 misticorum
2505 763 2712 819 capax,
2737 751 3090 818 cooperante
3107 751 3162 802 et
3182 744 3556 818 pracedente
3571 748 3762 816 gratia

2111 837 2230 892 Dei.
2267 837 2388 908 (fol.
2423 837 2536 907 74.)
2568 836 2857 914 Transivit
2889 841 3086 907 itaque
3115 835 3171 891 in
3203 835 3404 892 eadem
3441 837 3594 891 urbe
3639 853 3763 908 pro-

2113 925 2314 981 ficiens
2336 939 2519 996 usque
2550 925 2620 980 ad
2643 925 2960 996 perfectam
2980 925 3477 980 incrementorum
3504 928 3760 997 atatem,

2111 1017 2167 1069 et
2184 1013 2279 1084 qui
2307 1018 2434 1068 erat
2456 1027 2591 1069 acer
2612 1013 2861 1083 ingenio,
2881 1012 3088 1069 statuit
3113 1011 3464 1083 sibimetipsi
3503 1027 3764 1079 normam

2111 1100 2364 1171 vivendi,
2400 1101 2666 1158 recidens
2695 1101 2749 1155 in
2780 1115 2840 1156 se
2875 1101 3066 1171 noxia,
3113 1116 3242 1171 qua
3275 1099 3331 1156 in
3364 1099 3498 1156 aliis
3554 1100 3762 1156 solerti

2111 1188 2412 1259 vigilantia
2445 1189 2942 1260 reprehendebat.
2965 1191 3181 1245 Probat
3199 1189 3303 1246 hoc
3329 1188 3614 1258 religiosa
3635 1190 3766 1246 vita

2111 1277 2238 1346 ejus
2269 1277 2660 1348 conversatio,
2694 1282 2752 1332 et
2785 1278 3123 1334 continuata
3150 1277 3433 1334 malorum
3481 1277 3768 1346 redargu-

2116 1365 2217 1434 tio,
2246 1380 2357 1436 qua
2382 1371 2608 1421 tantum
2639 1366 2973 1421 abundabat
2995 1365 3164 1420 animi
3197 1365 3323 1434 ejus
3373 1365 3609 1421 directa
3639 1367 3770 1421 sim-

2117 1452 2368 1524 plicitas,
2405 1459 2466 1510 ut
2503 1469 2606 1525 pro
2638 1453 2762 1510 zelo
2783 1455 2882 1508 Dei
2907 1453 3604 1523 etemulationejustitia
3623 1469 3767 1524 pra-

2114 1542 2374 1597 centoris
2405 1547 2464 1597 et
2497 1541 2893 1598 archidiaconi
2917 1541 2968 1597 ei
2993 1542 3240 1597 officium
3265 1541 3763 1608 committeretur,

2115 1634 2172 1684 et
2207 1629 2546 1698 magisterio
2579 1630 2704 1699 ejus
2753 1629 3066 1701 dispositio
3124 1629 3426 1685 Remensis
3473 1629 3770 1686 acclesia

2113 1717 2468 1774 traderetur.
2497 1717 2596 1772 Cui
2631 1717 2818 1774 ofﬁcio
2843 1732 3011 1788 quam
3037 1722 3297 1788 strenue,
3323 1732 3496 1788 quam
3513 1719 3770 1789 pruden-

359 1813 430 1846 ³⁷⁸
462 1814 596 1885 (83),
621 1816 678 1868 et
703 1813 774 1868 ab
797 1811 938 1883 ipsis
963 1810 1218 1866 infantia
1242 1807 1588 1865 rudimentis
1613 1807 1828 1898 litteris
1859 1806 2002 1898 libe-
2029 1839 2084 1898 B
2115 1805 2740 1898 ter,Aquam‘sollerter
2771 1806 3184 1876 invigilaverit,
3218 1821 3288 1862 ne
3313 1806 3472 1861 nimii
3511 1807 3769 1863 fortasse

363 1897 585 1956 ralibus
608 1898 664 1952 in
687 1896 950 1953 acclesia
975 1901 1191 1952 sancta
1216 1895 1404 1951 Maria
1435 1893 1738 1948 Remensis
1769 1892 2002 1948 institu-

363 1991 477 2044 tus.
501 1987 638 2052 Qua
657 1985 904 2042 ecclesia
926 1989 1091 2040 tanto
1114 1989 1249 2040 tunc
1272 1983 1554 2038 vernabat
1580 1980 1882 2050 religionis
1906 1981 2003 2036 de-

358 2089 514 2145 core,
567 2078 655 2129 tot
701 2085 1079 2145 personarum
1130 2069 1410 2126 nobilium
1463 2073 1523 2124 et
1571 2068 1998 2138 religiosarum,

359 2177 504 2234 quas
533 2161 656 2234 ipsa
682 2161 740 2216 in
764 2175 826 2216 se
852 2160 1228 2229 educaverat,
1263 2158 1376 2214 sibi
1405 2155 1796 2228 adplaudebat
1829 2155 2004 2210 hone-

363 2256 454 2308 sta
484 2249 904 2306 numerositate
926 2251 984 2302 et
1009 2246 1239 2303 decenti
1269 2246 1600 2314 honestate,
1628 2249 1689 2300 ut
1721 2243 2002 2314 religione

365 2339 490 2410 ipsa
503 2337 912 2409 praemineret
929 2335 1199 2391 omnibus
1215 2332 1502 2389 acclesiis
1516 2333 1780 2402 Belgica,
1800 2333 2005 2386 forma-

364 2438 476 2496 que
507 2428 668 2478 esset
706 2421 974 2478 omnibus
1012 2421 1258 2476 honeste
1299 2418 1529 2476 vivendi
1564 2422 1840 2489 recteque
1871 2433 2006 2474 con-

365 2509 640 2569 versandi
669 2509 726 2564 in
757 2509 1056 2580 castitate,
1099 2509 1155 2563 in
1187 2507 1453 2577 scientia,
1486 2507 1541 2562 in
1579 2505 1908 2578 disciplina,
1947 2506 2000 2562 in

361 2597 735 2670 correptione
754 2611 997 2666 morum,
1025 2597 1080 2652 in
1100 2595 1416 2652 exibitione
1438 2596 1717 2652 bonorum
1738 2610 1995 2667 operum.

361 2687 580 2744 Probat
612 2685 720 2744 hoc
743 2685 935 2743 domni
959 2689 1016 2741 et
1041 2699 1174 2742 vere
1200 2683 1384 2741 sancti
1418 2683 1736 2740 Constantii
1769 2683 2002 2740 canoni-

362 2775 415 2834 ci
433 2773 692 2846 ejusdem
711 2774 992 2832 acclesia
1016 2775 1128 2846 pia,
1154 2778 1430 2831 constans
1447 2780 1506 2829 et
1521 2773 1710 2829 fidelis
1727 2778 2000 2830 constan-

358 2863 462 2936 tia,
483 2863 739 2936 itemque
761 2862 1007 2920 alterius
1032 2863 1358 2919 Constantii
1378 2862 1656 2918 imitanda
1669 2868 1727 2917 et
1743 2861 1998 2918 recolen-

360 2951 429 3008 da
461 2952 518 3008 in
547 2965 834 3024 pauperes
868 2951 1182 3008 laudabilis
1221 2966 1417 3008 rerum
1459 2964 1693 3007 suarum
1736 2949 1998 3020 profusio

355 3043 412 3098 et
433 3040 616 3098 totius
637 3040 970 3112 patrimonii
1001 3039 1308 3110 dispersio.
1344 3039 1601 3104 Quorum
1634 3038 1882 3094 alterum
1916 3039 2000 3110 ip-

355 3142 417 3186 sa
447 3143 551 3186 sua
584 3128 948 3186 commendat
991 3127 1196 3196 religio
1233 3131 1294 3182 et
1333 3141 1508 3197 opera
1552 3126 1993 3196 misericordia,

353 3215 602 3273 alterum
627 3217 772 3273 adeo
797 3191 1128 3286 pauperum
1144 3191 1425 3286 pradicat
1451 3214 1772 3284 miseratio,
1798 3219 1861 3270 ut
1883 3191 1994 3284 ipsi
2028 3191 2076 3252 (ἶ

355 3303 463 3362 soli
493 3303 712 3361 inventi
742 3303 880 3374 sint,
914 3303 1010 3373 qui
1038 3301 1188 3358 tanti
1218 3301 1326 3356 viri
1359 3301 1493 3358 dum
1527 3302 1744 3358 deflent
1771 3302 1994 3358 obitum

355 3393 676 3465 pradicant
706 3392 996 3462 meritum,
1021 3395 1078 3446 et
1103 3391 1236 3448 dum
1260 3391 1432 3448 funus
1454 3390 1614 3446 illius
1637 3394 1802 3460 grata
1827 3391 1997 3448 sedu-

353 3479 524 3538 litate
556 3479 800 3536 oﬁlciOsi
834 3484 1172 3550 procurant,
1199 3479 1334 3536 dum
1359 3478 1428 3534 ad
1455 3479 1644 3534 missa
1674 3478 1994 3550 solempnia

355 3581 486 3640 qua
517 3573 765 3640 possunt
812 3583 916 3639 pro
965 3568 1166 3638 requie
1197 3567 1322 3637 ejus
1353 3567 1692 3624 munuscula
1722 3567 1990 3638 offerunt,

355 3660 492 3718 dum
522 3671 724 3714 omnes
757 3655 989 3713 insimul
1039 3657 1195 3714 circa
1244 3671 1458 3728 corpus
1505 3656 1803 3726 aggregati
1833 3671 1991 3712 suam

351 3747 570 3806 deflent
597 3745 1032 3815 desolationem,
1059 3749 1120 3802 et
1153 3759 1314 3800 suam
1339 3744 1395 3800 in
1418 3743 1566 3799 tanti
1597 3742 1992 3800 elemosinarii

353 3836 775 3908 ingeminantes
803 3839 1246 3904 conqueruntur
1279 3833 1741 3904 destitutionem,
1763 3831 1890 3902 ejus
1913 3833 1994 3888 ni-

352 3925 558 3982 mirum
580 3923 758 3982 vitam
779 3922 941 3978 miris
962 3921 1236 3978 laudibus
1254 3919 1566 3991 extollunt,
1592 3925 1651 3976 et
1668 3920 1717 3976 si
1742 3919 1877 3990 quid
1894 3920 1996 3976 hu-

353 4028 539 4071 mana
567 4016 792 4069 natura
819 4011 964 4067 vitio
993 4011 1048 4066 in
1070 4025 1140 4066 eo
1173 4015 1514 4081 corruptum
1545 4014 1656 4079 est,
1682 4008 1739 4064 id
1764 4008 1887 4065 suis
1916 4008 1994 4066 la-

349 4101 549 4160 crimis
579 4103 785 4170 tegunt
805 4103 864 4154 et
887 4097 1178 4169 operiunt.
1214 4096 1349 4154 Ideo
1371 4102 1566 4154 autem
1585 4098 1792 4154 horum
1823 4111 1993 4154 cons-

348 4188 596 4248 tantiam
628 4187 700 4244 ad
729 4185 1056 4257 exemplum
1089 4184 1344 4241 fidelium
1387 4185 1478 4242 hic
1518 4185 1890 4255 inseruimus,
1925 4189 1988 4242 ut

349 4280 629 4348 agnoscat
675 4275 773 4346 qui
811 4273 1040 4345 legerit,
1071 4277 1158 4329 tot
1187 4277 1246 4330 et
1277 4272 1426 4330 tales
1455 4273 1614 4331 viros
1642 4274 1698 4329 in
1734 4273 1986 4345 palestra

345 4367 567 4425 sancta
589 4363 893 4420 Remensis
915 4361 1197 4420 acclesia
1220 4377 1326 4418 nec
1350 4362 1473 4420 sine
1497 4361 1798 4433 magistris
1821 4363 1988 4419 desu-

348 4453 538 4525 dasse,
574 4466 681 4510 nec
711 4451 796 4509 sic
828 4450 988 4510 solos
1024 4451 1282 4508 evasisse
1328 4465 1554 4508 carnea
1591 4451 1762 4507 molis
1793 4465 1989 4508 carce-

2115 1893 2404 1950 laudando
2438 1893 2819 1964 inveniamur,
2854 1895 3028 1950 silere
3061 1894 3452 1964 decrevimus,
3511 1895 3766 1950 maxime

2111 1997 2241 2039 cum
2266 1988 2326 2038 et
2361 1983 2655 2039 silentium
2683 1983 2872 2053 ipsum
2897 1982 3024 2040 laus
3043 1982 3171 2052 ejus
3201 1984 3299 2053 sit,
3328 1983 3460 2054 quia
3495 1983 3545 2040 si
3581 1989 3769 2040 totam

2114 2072 2503 2127 substantiam
2519 2076 2777 2128 nostram
2795 2073 2850 2126 in
2868 2071 3136 2128 laudibus
3155 2071 3281 2142 ejus
3302 2073 3769 2144 superextende-

2115 2174 2330 2230 remus,
2357 2159 2544 2216 minus
2567 2165 2725 2215 esset
2751 2159 2905 2230 quod
2937 2160 3283 2230 diceremus,
3309 2160 3380 2215 ad
3408 2159 3466 2215 id
3511 2161 3671 2232 quod
3687 2159 3770 2215 di-

2111 2249 2356 2303 cendum
2386 2252 2566 2303 esset.
2599 2247 3326 2318 Jubilatergoinlaudibus
3352 2249 3484 2318 ejus
3522 2250 3771 2305 Remen-

2113 2335 2198 2390 sis
2221 2335 2507 2406 acclesia,
2544 2337 2675 2406 quia
2707 2341 2764 2392 et
2789 2336 2910 2406 ipsa
2952 2337 3078 2406 ejus
3111 2336 3365 2407 devotio,
3424 2352 3541 2408 qua
3594 2337 3650 2392 in
3698 2353 3767 2392 ea

2115 2423 2367 2480 fideliter
2391 2423 2698 2493 laboravit,
2719 2424 2845 2480 laus
2858 2424 2985 2494 ejus
2999 2431 3110 2480 est.
3143 2427 3429 2481 Utebatur
3463 2428 3770 2496 potestate

2115 2511 2224 2567 sibi
2257 2512 2471 2567 tradita
2507 2512 2561 2568 in
2576 2513 3042 2584 aedificationem,
3062 2527 3171 2568 non
3192 2513 3247 2568 in
3263 2512 3768 2579 destructionem,

2111 2599 2331 2655 habens
2364 2599 2696 2656 libertatem
2721 2600 2880 2656 vocis
2904 2599 3126 2669 judicio
3160 2615 3266 2656 suo
3291 2601 3608 2657 confutare
3632 2616 3770 2657 reos

2111 2693 2171 2744 et
2201 2689 2571 2757 convincere,
2604 2687 2941 2758 nulliusque
2965 2703 3270 2760 personam
3291 2689 3346 2744 in
3366 2687 3596 2756 judicio
3613 2689 3769 2745 acci-

2115 2790 2270 2848 pere.
2303 2776 2528 2842 Quibus
2560 2776 2735 2832 rebus
2768 2777 2845 2831 ita
2867 2777 3140 2847 cognitus
3173 2781 3295 2834 erat
3356 2777 3654 2847 omnibus,
3697 2783 3764 2833 ut

2111 2865 2324 2920 absens
2335 2864 2506 2919 etiam
2522 2879 2628 2934 pro
2643 2864 2730 2920 sui
2759 2865 3083 2921 reverentia
3101 2870 3160 2922 et
3183 2865 3392 2921 inﬂexa
3421 2865 3764 2922 constantia

2109 2966 2141 3008 a
2174 2952 2402 3008 cunctis
2430 2951 2758 3022 timeretur,
2801 2957 2859 3008 et
2892 2953 3112 3024 pariter
3153 2967 3355 3009 omnes
3405 2967 3582 3010 senes
3627 2969 3765 3009 cum

2102 3039 2438 3110 junioribus
2453 3040 2721 3096 Richardi
2739 3040 3092 3096 inadulatam
3107 3041 3418 3112 gravitatis
3443 3057 3762 3098 censuram

2108 3127 2549 3184 reverebantur.
2565 3129 2700 3184 Erat
2714 3129 2864 3184 enim
2879 3143 3015 3185 vere
3031 3130 3360 3200 religiosus,
3379 3130 3764 3186 orationibus

2104 3217 2402 3274 continuis
2430 3231 2664 3272 vacans.
2711 3217 2810 3272 Cui
2835 3218 3010 3272 etiam
3035 3217 3214 3274 moris
3247 3223 3373 3274 erat
3403 3217 3761 3290 psalterium

2105 3319 2176 3361 ex
2188 3303 2392 3361 ordlne
2413 3319 2646 3375 quoquo
2665 3305 2756 3360 die
2770 3305 2984 3374 dicere,
3009 3309 3064 3361 et
3093 3306 3310 3376 primos
3335 3306 3570 3376 quidem
3587 3306 3766 3376 quin-

2106 3392 2669 3466 quagenospsalmos
2692 3393 2899 3448 stando
2959 3394 3225 3450 manibus
3248 3395 3321 3450 ad
3380 3397 3603 3450 terram
3658 3394 3760 3450 de-

2105 3481 2274 3538 ﬂexis
2287 3482 2539 3548 dicebat,
2559 3481 2998 3552 quinquagenos
3018 3486 3274 3552 erectus,
3307 3482 3760 3554 quinquagenos

2104 3573 2438 3642 prostratus
2467 3573 2590 3624 toto
2621 3583 2888 3640 corpore,
2914 3574 3002 3625 set
3066 3585 3403 3642 suspensus.
3461 3571 3757 3628 Articulis

2105 3659 2315 3730 pedum
2346 3671 2688 3713 manuumve
2712 3661 3080 3713 sustentatus
3119 3659 3456 3728 perorabat.
3512 3658 3760 3715 Solebat

2103 3747 2280 3804 etiam
2310 3751 2444 3802 ante
2466 3761 2696 3802 crucem
2736 3746 3058 3803 orationem
3119 3747 3474 3803 cotidianam
3526 3747 3752 3818 dicere,

2105 3849 2349 3906 quarum
2366 3835 2472 3890 hec
2486 3839 2651 3890 erant
2667 3835 2919 3896 omnium
2941 3851 3212 3892 versuum
3229 3835 3400 3892 inicia
3422 3855 3434 3890 :
3459 3837 3662 3895 Adero
3675 3837 3752 3905 te,

2107 3923 2367 3994 Christe,
2383 3923 3044 3996 erueemascendentem,
3066 3924 3126 3980 et
3143 3923 3414 3982 benedico
3457 3926 3530 3982 te.
3591 3925 3754 3992 Quas

2102 4027 2232 4069 cum
2257 4012 2349 4069 die
2374 4026 2484 4068 una
2516 4011 2695 4068 multa
2727 4018 3063 4083 perorasset
3085 4013 3384 4086 instantia,
3403 4029 3656 4084 surgens
3678 4016 3752 4072 ab

2102 4102 2386 4170 oratione,
2422 4105 2480 4156 et
2513 4099 2852 4158 crucifixum
2876 4117 3006 4158 cum
3030 4101 3290 4158 lacrimis
3313 4103 3634 4176 aspiciens,
3653 4118 3756 4162 au-

2101 4191 2258 4248 divit‘
2276 4205 2476 4246 vocem
2501 4189 2787 4246 dicentem
2803 4190 2910 4246 sibi
2935 4209 2946 4244 :
2981 4193 3068 4248 Tu
3086 4205 3178 4248 me
3197 4193 3264 4248 in
3285 4192 3468 4250 ιωθνὶδ
3515 4191 3757 4251 benedi-

2095 4279 2270 4348 wistz',
2291 4279 2350 4334 et
2367 4293 2468 4348 ego
2493 4277 2760 4334 benedice
2775 4279 2845 4334 te.
2869 4280 2936 4334 Et
2951 4278 3174 4336 elevata
3209 4279 3477 4352 dextera,
3495 4281 3596 4352 qui
3616 4289 3753 4339 erat

2098 4369 2154 4424 in
2188 4369 2368 4424 forma
2400 4367 2591 4423 crucis
2618 4366 2913 4422 benedixit
2945 4383 3095 4424 eum.
3125 4368 3246 4434 Qua
3260 4367 3752 4428 dulcedinecom-

2098 4459 2370 4528 punctus,
2403 4455 2626 4526 gratias
2655 4455 2773 4524 egit
2807 4455 3100 4512 sacerdoti
3114 4472 3358 4528 summo,
3383 4459 3747 4530 etcepitjam

345 4555 488 4614 rem,
533 4545 595 4598 ut
639 4555 750 4598 non
791 4539 1137 4612 reliquerint
1184 4539 1412 4612 aliquos
1449 4541 1537 4598 sui
1585 4539 1872 4612 propositi
1902 4543 1986 4596 te-
2014 4552 2068 4612 ι)
2095 4547 2262 4600 tanto
2291 4543 2843 4615 artiusperl‘ectiora
2869 4543 3158 4616 meditari,
3186 4549 3404 4616 quanto
3432 4549 3749 4617 gratiosio-

345 4637 470 4691 stes
497 4635 556 4690 et
586 4634 1021 4704 cooperatores,
1056 4631 1151 4702 qui
1181 4644 1379 4688 eorum
1402 4634 1462 4686 et
1491 4629 1740 4700 vestigia
1774 4630 1983 4686 imitati

343 4725 406 4778 et
437 4719 572 4778 fidei
617 4721 895 4778 virtutem
927 4719 1043 4776 sint
1079 4718 1412 4789 amplexati.

415 4813 467 4867 2.
502 4810 562 4865 In
594 4809 702 4867 hac
725 4822 866 4878 ergo
888 4805 1157 4864 acclesia
1181 4805 1469 4876 religiosa
1493 4805 1707 4862 indolis
1727 4821 1872 4878 puer
1891 4807 1986 4862 Ri-

341 4897 598 4956 chardus
626 4897 844 4954 litteris
876 4895 1130 4952 traditus
1159 4894 1523 4965 imbuendus,
1556 4895 1718 4951 brevi
1754 4895 1982 4965 singula

341 4985 710 5058 percucurrit
742 4999 870 5055 qua
901 4983 1314 5054 magistrorum
1347 4982 1604 5040 sollertia
1638 4997 1985 5054 percurren-

2095 4648 2216 4690 rem
2247 4632 2400 4689 circa
2433 4646 2497 4688 se
2516 4633 2870 4702 agnoscebat
2889 4632 3256 4690 dulcedinem
3278 4635 3620 4694 miserentis
3641 4637 3746 4694 Dei

2096 4721 2216 4777 Hoc
2247 4735 2354 4779 nos
2373 4720 2612 4778 Rodomi
2637 4720 2810 4792 positi
2843 4736 2872 4776 a
2905 4721 3048 4778 viris
3069 4721 3366 4792 religiosis
3384 4723 3744 4796 audivimus,

2099 4809 2195 4880 qui
2207 4812 2265 4864 et
2281 4809 2391 4880 ipsi
2411 4822 2474 4865 se
2489 4808 2823 4866 fatebantur
2835 4809 3070 4866 audisse
3083 4825 3113 4866 a
3129 4812 3373 4881 Hugone
3394 4814 3744 4884 cognomine

2094 4897 2501 4968 Grammatieo,
2517 4897 2642 4952 viro
2661 4901 2902 4953 strenuo
2925 4902 2983 4953 et
3007 4898 3303 4971 religioso,
3349 4901 3745 4972 Rotomagen-

2093 4985 2176 5042 sis
2189 4983 2470 5042 acclesia
2483 4985 2914 5054 archidiacono,
2931 4987 3029 5057 qui
3043 4987 3238 5044 Remis
3252 4988 3306 5042 in
3320 4988 3592 5046 acclesia
3608 5003 3745 5047 san-

340 5072 413 5130 da
464 5073 734 5142 signavit.
789 5072 955 5145 Cepit
978 5073 1096 5144 jam
1124 5071 1336 5128 altiora
1384 5071 1672 5143 meditari,
1701 5076 1760 5126 et
1793 5087 1921 5142 qua
1951 5086 1982 5129 a
2090 5077 2202 5130 cta
2225 5073 2416 5130 Maria
2451 5087 2714 5144 prasens
2735 5074 2918 5130 adfuit
2943 5075 3172 5145 quando
3194 5076 3303 5133 hec
3351 5082 3523 5147 gesta
3575 5084 3738 5136 sunt.

340 5159 642 5232 magistris
681 5173 796 5218 non
837 5160 1145 5232 didicerat,
1193 5159 1504 5218 vivacitate
1534 5163 1593 5216 et
1623 5160 1980 5232 perspicacia

2161 5165 2211 5217 3.
2247 5161 2461 5218 Verum
2479 5174 2609 5218 cum
2632 5160 2690 5218 in
2719 5161 2844 5219 dies
2863 5162 3089 5220 fervore
3122 5163 3388 5236 religiosi
3445 5167 3738 5240 propositi

1696 5283 1932 5339 VARI/{3
1973 5283 2266 5340 LECTION
2271 5284 2370 5340 ES.

404 5382 475 5418 ³⁷⁷
503 5380 741 5442 numeri
769 5380 1032 5454 capitum
1060 5379 1355 5440 habentur
1371 5379 1439 5438 in
1463 5379 1677 5439 codice.
1699 5378 1770 5414 ⁸⁷⁸
1803 5381 1962 5439 locus
1989 5381 2180 5440 vacat.

1917 5476 2140 5536 ΝΟΤΛΕ.

407 5575 522 5654 (ϐξ)
550 5575 712 5654 Patri
743 5581 871 5654 erat
905 5575 1168 5647 Walteri,
1202 5572 1374 5632 matri
1403 5573 1758 5632 Theodrada
1788 5586 2017 5645 nomen,
2052 5577 2116 5630 ut
2146 5578 2404 5633 testatur
2433 5579 2642 5634 auctor
2668 5576 2816 5636 Vita
2845 5575 3120 5636 Richardi
3149 5591 3242 5654 ap.
3272 5579 3548 5640 Habillon
3578 5584 3726 5640 Ann.

336 5646 430 5707 SS;
463 5646 609 5708 Sac.
643 5646 800 5719 VI,1.
825 5648 889 5704 Κ.
