3894 6338
67 350 172 414 ευι

1292 345 1790 411 CHRONIUDN.
1839 379 1917 394 η-
1959 345 2114 409 LIB.
2161 347 2237 410 ll.

3345 358 3464 426 ιιΟὲ

72 480 137 534 ad
170 477 378 535 altiora
433 491 619 549 penna
649 477 976 534 devotionis
1007 478 1443 547 sustolleretur,
1477 483 1532 533 et
1566 490 1702 534 con-
1731 475 1788 538 Α
1817 474 1966 532 rium
1995 481 2052 532 et
2087 476 2483 548 Godefridum,
2525 486 2585 536 et
2628 483 2803 538 illlam
2853 486 3120 557 Odiliam,
3175 507 3300 562 qua:
3355 495 3464 551 fuit

75 573 387 639 temptores
411 565 610 622 mundi
632 565 1034 637 suimetipsius
1059 567 1447 637 abnegatores
1470 565 1706 621 mirare-

76 659 186 724 tur,
207 656 504 725 Deumque
530 653 584 710 in
611 653 792 724 figura
815 654 1009 711 erucis
1032 654 1282 726 positum
1303 657 1703 722 veneraretur,

79 757 352 815 sequaces
385 756 533 798 suos
562 742 633 799 ad
667 757 728 798 se
757 741 1098 799 invitantem
1130 747 1189 800 et
1217 742 1508 800 dicentem
1543 761 1556 796 :
1596 741 1712 807 Qui

80 831 222 888 mihi
238 830 572 901 ministrat,
595 845 686 888 me
704 831 995 902 aequatur
1023 832 1220 902 (Jama.
1247 847 1343 902 xu,
1370 833 1506 902 26.),
1535 844 1714 886 reme-

83 935 303 976 moraus
353 920 490 992 quia
544 933 746 990 parum
797 923 952 976 esset
994 919 1330 976 ministrare
1363 920 1623 988 Domino,
1659 917 1713 972 in

83 1024 187 1080 quo
218 1009 370 1065 nulla
413 1013 577 1066 esset
617 1007 918 1080 perfectio,
953 1009 1061 1066 nisi
1093 1013 1153 1065 et
1185 1012 1534 1080 sequeretur
1563 1021 1713 1076 eum,

85 1097 284 1168 delegit
318 1099 436 1154 Deo
471 1097 698 1154 ﬁrmius
741 1097 1040 1168 adherere,
1086 1097 1353 1169 quoniam
1389 1098 1574 1153 bonus
1604 1099 1715 1161 est,

85 1191 140 1240 et
161 1187 309 1242 beati
333 1187 431 1258 qui
457 1192 705 1260 sperant
730 1186 785 1242 in
810 1201 960 1244 eum.
985 1188 1152 1258 Cepit
1177 1186 1354 1257 igitur
1375 1185 1534 1256 larga
1551 1199 1717 1240 manu

89 1291 207 1346 quas
227 1275 379 1332 circa
405 1290 468 1333 se
493 1281 664 1332 erant
686 1275 1028 1346 dispensare
1054 1275 1429 1347 pauperibus,
1451 1279 1507 1329 et
1529 1273 1667 1330 licet
1690 1288 1718 1328 a

90 1364 280 1434 primis
315 1364 486 1421 annis
530 1364 938 1436 conpassionis
981 1365 1036 1419 in
1069 1380 1139 1420 eo
1171 1379 1346 1435 opera
1379 1361 1717 1431 claruerint,

92 1459 265 1508 tamen
290 1468 404 1525 quo
429 1453 685 1524 amplius
713 1452 940 1508 miseria
967 1452 1152 1510 seculi
1177 1457 1235 1506 et
1261 1451 1435 1507 fallax
1457 1451 1723 1520 ejnsgra-

89 1541 161 1596 tia
182 1542 729 1613 contempnebatur,
746 1555 817 1597 eo
833 1541 1281 1610 magisinstabat
1307 1538 1723 1597 misericordiae

89 1630 371 1702 operibus,
398 1635 464 1688 ut
489 1629 685 1686 nudus
715 1629 1009 1686 Christum
1041 1629 1228 1700 sequi,
1255 1634 1314 1684 et
1337 1643 1556 1700 pauper
1590 1642 1726 1699 pau-

93 1733 274 1788 perem
307 1717 526 1773 imitari
561 1717 808 1788 valeret,
851 1717 948 1787 qui
989 1721 1234 1789 propter
1262 1731 1366 1772 nos
1406 1715 1724 1772 minoratus

93 1806 373 1880 paululum
398 1807 472 1862 ab
502 1804 731 1876 angelis
751 1805 822 1862 de
843 1805 1199 1878 pauperibus
1222 1805 1380 1861 nasci
1402 1810 1460 1860 et
1495 1805 1549 1860 in
1582 1819 1724 1877 βιηθ-

93 1897 243 1968 sepia
275 1894 549 1952 reclinari
594 1892 799 1964 voluit,
838 1898 897 1950 ut
929 1899 1086 1951 esset
1127 1893 1351 1966 piorum
1393 1893 1611 1950 cibaria
1635 1892 1724 1963 jn-

95 1989 421 2041 mentorum.
478 1983 588 2040 Ubi
639 1998 778 2040 vero
827 1987 1038 2040 cuncta
1088 1982 1372 2040 distracta
1416 1987 1572 2052 sunt,
1619 1997 1722 2038 nec

94 2073 367 2130 desideria
400 2071 687 2129 dilatione
714 2072 1046 2144 consopita,
1073 2071 1210 2142 quin
1232 2070 1433 2142 potius
1455 2084 1725 2140 augmen-

96 2164 226 2232 tata,
265 2161 394 2233 quia
429 2163 638 2218 saneta
679 2164 868 2230 erant,
901 2165 961 2216 et
992 2159 1415 2230 cogitationum
1447 2159 1726 2215 inundan-

101 2249 247 2320 tium,
271 2265 414 2320 quas
437 2249 788 2321 perfectioni
812 2249 1056 2306 studens
1072 2247 1260 2304 lidelis
1279 2248 1461 2303 anima
1481 2247 1721 2319 patitur,

102 2337 334 2395 violento
358 2338 586 2412 impetu
604 2337 827 2406 sedato,
854 2337 925 2394 ad
950 2341 1179 2410 portum
1203 2336 1418 2408 quietis
1443 2336 1725 2408 appulsus

107 2425 213 2481 fixit
245 2428 554 2484 anchoram
581 2427 730 2498 spei,
755 2425 889 2498 quia
919 2425 1349 2482 deliberaverat
1367 2423 1482 2494 jam
1507 2429 1568 2481 ut
1591 2423 1723 2494 iret,

103 2515 241 2587 cepit
275 2516 483 2572 iterum
508 2515 734 2572 anxiari
761 2530 874 2586 quo
898 2515 1031 2584 iret,
1058 2529 1226 2586 quem
1249 2514 1358 2570 sibi
1389 2514 1578 2570 locum
1612 2517 1726 2570 sta-

109 2603 267 2661 tionis
286 2604 566 2676 eligeret;
593 2604 690 2660 ubi
710 2603 1032 2681 plantatus,
1049 2604 1103 2659 in
1120 2605 1347 2660 interna
1365 2603 1561 2660 cordis
1581 2618 1730 2659 amco

110 2692 271 2749 nitate
301 2693 710 2750 viridescerct.
745 2692 988 2749 Volebat
1015 2691 1166 2748 enim
1191 2691 1298 2748 hoc
1324 2691 1476 2762 quod
1510 2690 1727 2748 dictum

109 2785 188 2836 est
209 2782 349 2852 patri
375 2779 756 2839 credulitatis
777 2785 995 2837 nostra:
1019 2780 1264 2836 Abrahae
1289 2799 1302 2835 :
1327 2779 1452 2837 Ε.τὶ
1475 2781 1546 2836 de
1569 2781 1732 2838 terra

111 2868 220 2937 tua,
252 2871 309 2926 at
329 2870 398 2927 de
425 2869 783 2942 cognatione
813 2869 917 2926 tua
949 2867 1116 2941 (Gen.
1143 2883 1242 2939 xu,
1280 2875 1336 2935 ις
1365 2870 1492 2927 Act.
1521 2883 1617 2940 vn,
1651 2869 1726 2940 3),

113 2957 175 3012 ad
195 2957 436 3015 litteram
461 2957 730 3031 implere,
757 2959 859 3015 sed
883 2957 1297 3016 considerabat
1325 2974 1436 3015 non
1461 2959 1584 3015 sine
1619 2959 1733 3014 l‘ru-

117 3050 204 3102 ctu
230 3048 364 3119 fore,
387 3049 456 3118 si,
484 3050 646 3105 inter
667 3062 806 3104 suos
829 3047 1074 3120 positus,
1102 3050 1404 3120 factusque
1435 3048 1521 3105 eis
1554 3048 1730 3104 forma

115 3134 229 3193 vita:
242 3136 515 3210 honestae,
534 3138 830 3211 praeberet
843 3137 932 3193 eis
943 3137 1270 3210 exemplum
1287 3137 1568 3208 sequendi
1585 3138 1737 3193 Chri-

1819 563 2118 621 abbatissa
2140 564 2482 622 ancillarum
2507 569 2606 624 Dei
2633 569 2687 625 in
2713 574 3068 630 monasterio
3091 582 3310 635 sancta}
3334 581 3468 639 Odi-

1823 650 1936 708 lize.
1964 651 2177 707 llabuit
2199 658 2259 708 et
2282 652 2454 709 alium
2475 670 2546 710 ex
2564 657 2884 714 concubina
2908 659 3086 717 filium
3112 665 3338 724 nomine
3363 670 3468 726 Go-

1825 739 2134 797 del‘ridum.
2170 741 2517 801 Godefridus
2548 759 2689 802 vero
2719 747 2835 803 dux
2861 747 2914 804 in
2940 749 3162 808 divitiis
3190 759 3250 810 et
3277 757 3465 826 gloria

1827 829 2049 899 absque
2082 828 2285 887 liberis
2310 834 2638 890 consenuit.
2676 835 2890 892 Gozelo
2922 843 3115 895 autem
3146 841 3261 898 dux
3294 845 3472 902 Getico

1830 916 2040 973 fridum
2059 917 2259 988 ﬁlium,
2288 921 2640 995 quiaceepta
2655 939 2837 981 uxore
2863 927 3148 984 Bonefacii
3175 937 3379 1002 postea
3395 935 3473 991 fa-

1832 1009 1963 1061 ctus
1983 1011 2074 1062 est
2101 1009 2376 1077 marchio,
2403 1010 2674 1068 heredem
2702 1013 2958 1084 reliquit.
2991 1017 3108 1074 Hac
3141 1033 3280 1090 ergo
3302 1036 3476 1092 gene-

1836 1107 1960 1150 rosa
1987 1095 2171 1167 stirpe
2186 1104 2424 1154 creatus
2439 1098 2686 1156 domnus
2710 1101 3064 1175 Fridericus,
3083 1105 3138 1162 in
3153 1108 3278 1164 subl
3292 1109 3474 1166 imita-

1835 1186 1892 1238 te
1921 1182 2202 1240 honorum
2238 1187 2486 1256 positus,
2534 1203 2935 1247 mensurarum
2977 1207 3210 1250 suarum
3261 1195 3477 1255 limites

1836 1269 2199 1341 attendebat,
2217 1286 2286 1326 ne
2308 1272 2361 1327 in
2385 1273 2712 1346 przecipitio
2733 1275 2803 1309 ²⁸⁰
2825 1278 3026 1349 pedem
3051 1283 3474 1351 poneretzideo

1838 1357 2050 1413 bonum
2084 1358 2427 1418 intentionis
2451 1377 2572 1419 sua:
2597 1364 2765 1420 finem
2791 1367 3041 1438 adeptus
3058 1373 3167 1439 est,
3195 1371 3291 1441 qui
3314 1378 3473 1429 extra

1805 1478 1823 1490 ο
1838 1446 1981 1502 fines
2001 1461 2140 1503 suos
2159 1455 2399 1518 vagatus
2421 1466 2534 1506 non
2555 1457 2662 1508 est.
2692 1455 2972 1513 Hostibus
2989 1458 3299 1524 terribilis,
3322 1475 3476 1518 amo-

1839 1551 1900 1590 re
1927 1535 2175 1604 justitiae
2207 1539 2566 1609 spectabilis,
2596 1543 2948 1613 pauperibus
2979 1545 3197 1618 largus,
3231 1549 3475 1620 dapsilis

1839 1623 1894 1677 in
1927 1624 2125 1684 denis:
2161 1625 2217 1680 in
2253 1628 2543 1697 parcendo
2575 1630 2722 1700 pius,
2759 1631 2812 1688 in
2838 1632 3178 1692 ulciscendo
3208 1651 3470 1696 severus.

1839 1712 1944 1778 Qui
1978 1713 2099 1770 etsi
2133 1713 2419 1784 palacium
2455 1718 2884 1791 frequentabat,
2917 1722 2972 1778 in
2995 1725 3363 1796 sterquilinio
3390 1732 3476 1784 ta-

1839 1816 1966 1857 men
1995 1818 2125 1858 cum
2160 1803 2330 1860 beato
2349 1805 2455 1860 Job
2476 1806 2715 1863 sedebat
2748 1809 2899 1880 (Job,
2925 1827 2983 1881 ιι,
3011 1815 3064 1883 8)
3099 1831 3111 1866 :
3136 1814 3267 1885 quia
3291 1815 3338 1872 si
3364 1831 3474 1888 qua

1838 1889 2044 1947 illicite
2065 1893 2328 1963 gerebat,
2343 1907 2408 1949 ea
2431 1893 2500 1949 ad
2519 1896 2730 1952 mentis
2753 1897 2952 1954 oculos
2976 1900 3286 1971 penitendo
3307 1903 3478 1961 redu-

1835 1979 2026 2035 cebat.
2048 1979 2296 2036 Sedebat
2319 1981 2372 2036 in
2392 1983 2783 2054 sterquilinio,
2807 1987 2938 2056 quia
2961 2002 3088 2045 cum
3111 1993 3245 2048 ante
3267 2005 3326 2050 se
3347 2006 3479 2064 pec-

1836 2072 2100 2124 catorum
2117 2074 2378 2126 stercora
2395 2072 2692 2142 cernebat,
2709 2074 2757 2129 si
2775 2074 2910 2146 quid
2925 2075 3198 2134 elationis
3216 2079 3274 2135 in
3288 2079 3476 2137 animo

1838 2157 2218 2228 surrexisset,
2235 2158 2570 2217 inclinabat.
2596 2163 2662 2217 Et
2689 2168 2908 2232 quanto
2923 2180 2983 2222 se
3000 2166 3298 2236 pulverem
3323 2172 3381 2224 et
3406 2168 3486 2228 ci-

1836 2261 2031 2302 nerem
2054 2261 2182 2303 cum
2202 2247 2318 2304 Dee
2341 2247 2585 2320 loquens
2605 2251 2938 2324 cstimabat,
2964 2258 3128 2312 tanto
3145 2255 3364 2314 celsius
3386 2274 3478 2316 us-

1839 2349 1950 2406 que
1973 2335 2045 2390 ad
2073 2335 2348 2395 honorem
2374 2337 2582 2396 divinas
2604 2339 3064 2412 colloqnutionis
3096 2345 3472 2404 ascendebat.

1839 2423 1980 2480 Ilinc
1994 2425 2254 2495 estquod
2277 2426 2354 2482 ita
2376 2427 2982 2498 verehumiliatusest,
3001 2437 3063 2488 ut
3079 2433 3146 2490 ad
3164 2433 3280 2489 alta
3295 2434 3479 2494 virtu-

1838 2515 1961 2568 tum
1986 2527 2228 2582 surgere
2255 2515 2542 2572 veraciter
2561 2523 2784 2587 posset.
2808 2519 2943 2589 Agit
2964 2521 3114 2577 enim
3139 2522 3247 2580 hoc
3270 2523 3360 2596 pia
3380 2525 3476 2582 Dei

1841 2601 2141 2658 miseratio
2171 2617 2309 2672 erga
2340 2603 2564 2662 electos
2605 2619 2762 2674 suos,
2800 2613 2862 2663 ut
2895 2615 3113 2679 quanto
3144 2626 3204 2667 se
3235 2611 3383 2668 infra
3413 2628 3477 2670 se

1841 2689 2004 2761 ipsos
2035 2689 2383 2762 despiciunt,
2439 2697 2602 2749 tanto
2652 2695 2962 2753 sublimius
2989 2697 3060 2754 ad
3094 2713 3344 2758 amorem
3377 2701 3476 2760 Dei

1843 2778 2238 2849 subrigantnr,
2257 2784 2396 2836 eteo
2412 2781 2592 2852 magis
2610 2781 2842 2839 videant
2863 2783 3192 2842 claritatem
3217 2789 3336 2858 Dei,
3363 2806 3478 2862 quo

1842 2881 1946 2924 eos
1973 2867 2174 2939 magis,
2201 2883 2271 2924 ne
2295 2870 2365 2925 de
2388 2885 2449 2926 se
2473 2885 2674 2940 magna
2699 2872 2974 2929 sentiant.
3003 2875 3268 2946 reprimit
3290 2877 3481 2937 virtus

1845 2971 1996 3013 verae
2038 2957 2408 3017 humilitatis.

1917 3049 1968 3102 4.
2003 3048 2141 3104 Cum
2166 3047 2360 3119 itaque
2387 3049 2455 3106 ad
2481 3050 2803 3109 conditoris
2826 3052 2910 3110 sui
2935 3054 3294 3114 desiderium
3317 3061 3477 3116 totus

1847 3135 2070 3194 diutina
2085 3135 2466 3196 meditatione
2487 3138 2888 3212 incalesceret,
2905 3148 2966 3199 et
2981 3142 3095 3213 jam
3111 3151 3313 3217 aperte
3330 3161 3492 3206 mun-

117 3231 268 3295 slum,
300 3204 680 3300 adipiscendo
714 3226 1016 3297 religionis
1049 3204 1430 3299 propositum.
1468 3225 1738 3283 Conside-
1765 3204 1818 3268 Ο
1849 3224 1906 3281 di
1939 3225 2225 3283 lenocinia
2259 3227 2559 3300 despicere
2581 3235 2639 3286 et
2660 3231 2781 3288 Dco
2806 3204 2927 3288 tota
2961 3204 3282 3293 intentione
3313 3204 3487 3294 adhe-

119 3314 262 3370 rabat
285 3331 487 3373 rursus
504 3314 913 3372 difficillimum
935 3330 1066 3372 esse
1091 3315 1246 3372 inter
1265 3321 1439 3372 notos
1459 3321 1518 3370 ct
1537 3316 1735 3371 amnes

118 3404 378 3470 gravioris
408 3404 700 3477 propositi
731 3403 1112 3460 intentionem
1145 3403 1606 3476 apprehendere,
1643 3404 1734 3460 ubi

121 3487 404 3560 aliquando
425 3499 594 3550 certa
617 3498 707 3550 est
723 3491 812 3549 via
837 3492 1104 3565 periculi,
1122 3491 1342 3549 incerta
1359 3492 1589 3562 salutis,
1607 3509 1735 3550 cum

124 3581 344 3637 retrahit
370 3582 662 3640 hominem
690 3582 804 3653 jam
829 3581 946 3638 Deo
971 3581 1396 3653 proximantem
1431 3596 1588 3638 amor
1611 3597 1740 3654 pro-

127 3666 464 3742 pinquerum,
497 3677 561 3727 et
596 3671 937 3727 reverberat
977 3669 1160 3727 aciem
1203 3670 1401 3728 vultus
1439 3671 1584 3741 ejus,
1629 3685 1738 3742 qua

127 3753 259 3812 Deus
285 3757 596 3817 intuendus
617 3764 796 3828 esset,
821 3759 1040 3816 caritas
1061 3759 1276 3829 carnis,
1301 3765 1362 3815 et
1385 3758 1741 3817 multimoda:

131 3847 444 3912 punctiones
471 3847 682 3917 seculi,
717 3863 862 3919 quas
883 3863 994 3905 non
1020 3847 1165 3904 adeo
1194 3863 1404 3918 graves
1436 3847 1614 3904 sentit
1646 3848 1742 3920 qui

132 3936 560 4002 oportunitatem
603 3935 895 3992 sentiendi
928 3936 1073 3992 vitat
1099 3939 1156 3992 et
1188 3937 1419 4007 refugit.
1457 3938 1611 3992 inter
1639 3937 1744 3994 has

133 4025 181 4073 ct
204 4021 333 4079 alias
354 4025 710 4098 multiplices
741 4025 1188 4097 repugnantium
1213 4026 1325 4082 sibi
1351 4025 1596 4082 invicem
1621 4041 1747 4082 car-

135 4108 212 4165 nis
228 4115 280 4166 et
299 4113 537 4184 spiritus
561 4113 1022 4171 deliberationes
1052 4113 1218 4170 all‘uit
1241 4113 1595 4184 adjutorium
1619 4114 1748 4171 0m-

139 4197 444 4275 nipotcntis,
469 4208 528 4260 et
555 4203 771 4260 famulo
801 4219 907 4261 suo
938 4203 1249 4261 desudanti
1275 4203 1330 4259 in
1356 4203 1611 4275 palestra
1634 4203 1750 4274 glo-

140 4285 259 4344 riosi
285 4292 616 4350 certaminis
644 4292 917 4351 solatium
945 4293 1196 4366 prmbuit
1223 4294 1524 4365 cujusdam
1558 4293 1748 4350 lidelis

142 4375 237 4446 sui,
258 4380 344 4450 qui
367 4382 472 4439 sub
493 4380 745 4440 clamide
776 4381 1078 4440 mundanae
1109 4381 1413 4452 dignitatis
1446 4381 1752 4439 abscondi-

141 4464 244 4520 tum
257 4469 480 4538 gerebat
499 4469 974 4545 probatissimum
989 4469 1228 4527 militem
1241 4469 1471 4527 (.hristi.
1485 4469 1620 4542 (Fel.
1635 4469 1750 4542 74.)

1852 3331 1980 3372 rere
1997 3321 2260 3388 cuperet,
2276 3315 2618 3388 videretque
2631 3317 2802 3376 homo
2818 3318 2871 3376 in
2889 3320 3106 3380 sarculo
3126 3323 3489 3382 constitutus

1853 3404 2353 3476 pernecessarium
2387 3405 2494 3462 sibi
2530 3407 2651 3463 fere
2690 3411 2752 3464 ut
2782 3409 2892 3466 hoc
2931 3425 3097 3468 suum
3136 3411 3492 3471 desiderium

1850 3492 2092 3550 cuilibet
2115 3491 2528 3562 religiosorum
2555 3496 2914 3568 propalarct,
2937 3498 3108 3570 cujus
3131 3499 3496 3560 relevaretur

1851 3581 2096 3639 consilio
2127 3587 2183 3638 et
2217 3583 2585 3640 orationibus
2634 3584 2985 3657 firmaretur,
3037 3588 3225 3645 visum
3273 3593 3367 3646 est
3417 3589 3493 3660 ei,

1854 3669 2044 3727 divina
2070 3671 2269 3741 utique
2294 3671 2544 3728 faciente
2567 3672 2897 3741 clementia,
2921 3681 2979 3730 ut
3001 3675 3188 3733 virum
3215 3677 3498 3747 religione

1855 3760 2397 3832 nominatissimum,
2436 3762 2788 3820 Richardum
2822 3763 3118 3833 videlicet,
3153 3766 3223 3822 dc
3255 3782 3368 3837 quo
3399 3767 3502 3823 im-

1856 3849 2301 3920 praesentiarum
2325 3849 2521 3920 agitur
2543 3850 2681 3920 (Cfr.
2705 3849 2863 3909 ϐδεῖ.
2893 3852 3054 3909 Γίισᾱ.
3071 3856 3148 3924 8),
3171 3858 3498 3925 expeteret,

1857 3941 1915 3992 ct
1946 3937 1997 3992 ei
2033 3941 2324 4008 tamquam
2366 3936 2479 3994 sibi
2524 3936 2693 3993 alteri
2727 3953 2790 3994 se
2823 3939 3014 4010 ipsum
3047 3941 3338 4010 crederet,
3370 3956 3500 3998 cum

1857 4041 1927 4082 ee
1949 4025 2198 4080 archana
2221 4025 2420 4082 cordis
2444 4026 2534 4082 sui
2557 4025 2935 4098 participaret
2955 4046 2967 4083 :
2986 4027 3146 4084 illum
3165 4043 3294 4085 esse
3317 4029 3504 4087 consi-

1858 4112 2090 4170 liarium
2114 4111 2211 4184 qui
2237 4112 2413 4169 nichil
2437 4113 2681 4171 haberet
2713 4113 2910 4185 fallax,
2936 4114 3112 4173 nichil
3147 4114 3503 4188 simulatum,

1861 4201 2038 4260 nichil
2069 4207 2362 4274 corruptze
2397 4201 2556 4274 pacis
2586 4203 2851 4262 amicum.
2887 4205 3056 4262 Venit
3086 4220 3247 4277 ergo,
3279 4209 3338 4262 et
3369 4205 3506 4264 dum

1864 4292 2038 4349 unius
2062 4291 2336 4350 voluntas
2352 4292 2635 4365 aperitur,
2653 4294 2952 4352 amborum
2975 4292 3325 4352 desiderium
3350 4308 3510 4352 reve-

1865 4380 2042 4453 latnr,
2067 4386 2128 4438 et
2159 4385 2218 4439 ut
2248 4381 2584 4454 perficiatur
2617 4380 2839 4439 alterna
2872 4382 3310 4441 conﬁrmatione
3341 4384 3511 4440 robo-

1867 4477 2052 4526 ratur.
2079 4471 2386 4528 Dccretnm
2409 4470 2704 4541 estigitur
2721 4472 3011 4530 communi
3037 4476 3196 4542 voto,
3217 4476 3278 4528 et
3298 4486 3368 4528 ex
3385 4485 3512 4528 sen-

146 4549 453 4616 Fredericus
492 4574 703 4618 nomen
717 4564 843 4616 crat
860 4559 1003 4630 viro,
1034 4575 1315 4632 generosa
1358 4559 1505 4617 satis
1537 4559 1664 4630 ejus
1693 4563 1752 4616 et
1781 4557 1836 4618 D
1870 4559 2051 4616 tentia
2076 4559 2368 4630 utrimque
2399 4558 2784 4617 deliberatum
2808 4565 2900 4617 est
2924 4566 2986 4617 ut
3012 4574 3232 4632 pauper
3261 4557 3509 4630 quilibet

149 4637 244 4699 alta
267 4661 526 4721 propago.
548 4651 688 4722 (Cfr.
711 4647 869 4708 Gest.
910 4649 1068 4706 Vird.
1089 4649 1167 4720 9.)
1193 4647 1518 4706 Comitatus
1531 4649 1754 4706 honore

150 4729 367 4807 vigebat,
400 4743 455 4795 et
490 4739 645 4811 quod
677 4737 984 4796 maximum
1018 4741 1132 4810 est,
1165 4738 1506 4796 comitatum
1541 4737 1755 4794 mentis

151 4816 316 4880 indole
337 4828 707 4896 perornabat.
741 4830 916 4884 Pater
948 4826 1076 4898 ejus
1109 4827 1461 4885 Godefridus
1491 4832 1638 4892 erat,
1666 4827 1758 4882 vir

154 4910 408 4976 probitate
430 4916 614 4986 gratia
630 4922 688 4973 ct
701 4915 922 4973 divitiis
933 4924 994 4976 et
1007 4916 1331 4974 honoribus
1355 4916 1503 4972 inter
1527 4931 1760 4986 magna-

153 5000 228 5052 tes
262 5004 410 5072 regni
447 5006 964 5064 nominatissimus.
1013 5007 1276 5064 Habebat
1305 5012 1363 5064 et
1395 5005 1544 5063 alios
1584 5005 1754 5075 filios,

155 5083 542 5152 Adalbcronem
583 5094 1004 5152 Virdunensem
1037 5111 1209 5168 quem
1239 5096 1494 5153 diximus
1535 5095 1761 5166 episce-

157 5187 288 5247 Pum,
329 5181 730 5241 Ilerimannum
758 5184 829 5219 ²⁷⁰
860 5200 1090 5257 quoque
1139 5185 1416 5243 comitum
1463 5184 1762 5240 nobilissi-

159 5275 306 5336 mum,
353 5271 719 5330 Godefridum
775 5289 1004 5346 quoque
1050 5280 1111 5331 ct
1160 5273 1505 5330 Gozelonem
1557 5274 1756 5330 duces.

160 5349 631 5434 llerimannns,qui
647 5369 706 5418 et
719 5363 950 5435 ilezelo,
967 5362 1299 5421 Matiiildem
1316 5362 1481 5419 duxit
1499 5377 1758 5433 uxorem,

161 5451 221 5494 0X
239 5457 336 5516 qua
361 5453 552 5520 genuit
581 5451 728 5508 duos
753 5451 925 5523 filios,
944 5453 1109 5510 bona;
1123 5453 1248 5525 spei
1271 5453 1533 5524 arbores,
1552 5453 1766 5523 Grego-

1869 4645 2038 4704 locus
2069 4645 2410 4717 eligeretur,
2438 4646 2493 4702 in
2527 4663 2642 4719 quo
2671 4647 2855 4705 honor
2884 4647 2983 4704 Dei
3015 4651 3072 4703 et
3103 4645 3264 4715 rigor
3294 4644 3510 4716 regula)

1871 4741 2346 4806 conservaretur,
2363 4736 2462 4794 ubi
2476 4737 2605 4792 novi
2621 4735 2958 4794 Christianas
2981 4732 3345 4806 paupertatis
3361 4747 3514 4788 ama-

1871 4829 2032 4882 tores
2052 4824 2338 4894 exerceri,
2355 4829 2415 4881 et
2429 4823 2510 4880 sic
2524 4823 2752 4880 demum
2777 4822 2924 4880 alios
2939 4823 2995 4878 in
3011 4819 3340 4893 spiritualis
3359 4824 3516 4892 tyro-

1872 4913 2011 4970 cinii
2043 4913 2324 4972 exercitio
2366 4912 2659 4970 instruere
2699 4916 2960 4983 possent.
3005 4908 3278 4966 Delectus
3319 4908 3516 4979 itaque

1875 5001 2038 5060 locus
2068 5003 2386 5060 Virdnnum
2418 5001 2631 5059 civitas
2663 5000 2790 5070 fuit,
2826 5004 2885 5055 et
2917 4999 2968 5054 in
3003 5013 3066 5055 ea
3102 4997 3515 5056 monasterium

1875 5090 2274 5163 apostolorum
2323 5089 2481 5147 Petri
2513 5093 2570 5146 et
2599 5087 2759 5145 Pauli
2813 5093 2871 5144 et
2923 5087 3110 5144 sancti
3159 5085 3519 5144 confessoris

1878 5179 2091 5236 Christi
2140 5179 2356 5249 Vitoni,
2409 5176 2563 5248 quod
2593 5183 2654 5233 et
2682 5177 2753 5233 ab
2794 5173 3035 5244 antiquo
3084 5173 3408 5243 fundatum,
3459 5179 3520 5229 et

1877 5273 2211 5325 sanctorum
2242 5265 2584 5338 patrociniis
2610 5263 2954 5335 gloriosum,
2981 5268 3037 5318 et
3060 5261 3366 5332 religionis
3392 5265 3520 5317 erat

1877 5358 2081 5416 ordine
2100 5356 2458 5426 insignitum.
2480 5356 2657 5410 Erant
2678 5354 2830 5411 enim
2850 5352 2905 5408 in
2923 5366 2994 5408 eo
3017 5350 3151 5408 boni
3176 5351 3283 5408 viri
3307 5355 3364 5406 et
3391 5347 3524 5405 reli-

1876 5449 2048 5520 giosi,
2083 5446 2221 5505 licet
2268 5443 2566 5518 perpauci,
2617 5443 2728 5500 sub
2759 5440 3070 5514 d.sciplina
3120 5439 3352 5498 abbatis
3399 5437 3526 5493 Fin-

1491 5578 1727 5640 VARle
1769 5574 2151 5636 LECTIONES

224 5657 282 5692 ετθ
311 5663 642 5726 llezelonein
670 5670 1160 5744 azm'ascriptmn.
1241 5668 1311 5702 ²⁹⁰
1352 5667 1546 5741 licitii0
1576 5682 1623 5726 σο

451 5765 704 5830 ΡΑτιιοι..
738 5767 947 5832 CLIV.
