3894 6314
394 323 509 402 gos

1352 318 1403 375 Η
1417 315 1717 376 ιλιυΝιδ
1762 313 2111 376 ABBATIS
2153 313 2832 377 FLAVINIACENSIS

3678 325 3785 383 τὶοί

391 455 567 524 genii,
594 469 624 510 a
647 456 977 512 Scottorum
1012 454 1280 526 partibus
1307 453 1556 522 oriundi,
1591 453 1688 524 qui
1721 452 1821 508 illo
1853 465 2025 508 causa
2056 446 2114 511 Α
2147 454 2382 519 tyroncs
2405 450 2744 520 Virdunum,
2769 455 2826 505 ct
2856 451 3147 522 provoluti
3175 453 3424 521 genibus
3455 453 3647 526 patris
3683 473 3789 514 mo-

393 542 697 612 religionis
745 549 1158 599 convenerant.
1203 542 1340 610 (Cfr.
1389 541 1544 598 (ἔδει.
1603 541 1762 598 Vird.
1795 540 1874 612 9.)
1909 541 2029 596 Huc

394 645 532 686 sane
561 645 777 688 cumse
798 633 1063 689 conferre
1094 629 1568 699 destinavisseut,
1597 630 1665 684 ad
1698 628 1806 685 hoc
1839 635 2027 684 tamen

393 717 754 788 exploraturi
777 723 1198 787 convenerunt,
1227 722 1287 774 ut
1313 717 1566 789 opinioni
1593 716 1780 773 minus
1802 714 2026 772 creduli

392 806 580 863 oculis
629 809 1024 877 attenderent,
1059 807 1104 865 si
1133 823 1202 863 eo
1231 823 1292 864 se
1323 807 1590 864 coenobio
1631 805 2022 884 recluderent.

395 895 534 967 (F01.
566 899 680 968 75.)
713 898 847 953 Erat
872 897 928 952 in
950 897 1150 953 eadem
1181 897 1326 953 urbe
1349 901 1408 952 et
1430 894 1585 952 aliud
1616 893 2025 951 monasterium

390 998 420 1039 a
457 985 736 1056 Wigfrido
767 986 1044 1057 episcopo
1063 989 1486 1054 constructum,
1521 983 1575 1040 in
1610 999 1722 1055 quo
1753 983 1839 1039 eis
1873 982 2028 1038 vide-

392 1074 564 1130 batur
595 1073 804 1132 melius
832 1089 932 1131 eos
963 1074 1185 1145 ingredi
1217 1073 1432 1130 debere
1458 1088 1561 1145 pro
1590 1072 1698 1129 loci
1727 1071 2020 1143 oportuni-

392 1165 546 1230 tate;
575 1163 708 1234 quia
725 1162 867 1220 illud
884 1163 968 1235 pri
981 1179 1047 1220 us
1062 1162 1386 1219 coenobium
1402 1161 1512 1218 loci
1527 1161 1793 1230 angustia
1809 1166 1865 1216 et
1881 1159 2027 1216 situs

391 1251 682 1323 asperitas
701 1252 889 1309 minus
908 1251 1369 1320 commendabat,
1393 1250 1529 1306 licet
1554 1251 1710 1320 rigor
1728 1249 1948 1305 ordinis
1970 1248 2025 1304 in

391 1338 490 1396 illo
526 1341 734 1398 melius
785 1345 1139 1398 servaretur.
1191 1339 1554 1396 Estimationi
1596 1353 1736 1394 vero
1775 1352 1894 1394 suae
1927 1337 2027 1393 mi-

391 1444 500 1486 nus
528 1429 698 1486 tidem
720 1429 948 1500 dantes,
975 1428 1354 1485 Cluniaeense
1377 1427 1704 1484 emnobium
1737 1427 1858 1498 pari
1889 1430 2029 1482 voto

388 1523 664 1590 expetere
678 1518 1083 1587 decreverunt,
1103 1517 1255 1589 quod
1270 1524 1326 1572 et
1343 1516 1625 1586 religione
1639 1516 2021 1588 przecipuum,

390 1610 447 1662 et
469 1606 692 1664 divitiis
713 1607 1214 1679 opulentissimum
1235 1618 1363 1660 esse
1387 1604 1712 1673 videbatur,
1739 1609 1848 1662 uta
1869 1604 2026 1660 dom-

387 1710 463 1750 no
488 1695 732 1753 Odilone
755 1697 965 1752 abbate
987 1693 1293 1752 consilium
1325 1699 1675 1763 quiererent,
1700 1699 1760 1749 et
1782 1695 2024 1765 optento

389 1782 856 1853 adquiescerent,
880 1790 977 1840 aut
1001 1789 1183 1852 certe,
1204 1782 1253 1840 si
1272 1787 1476 1839 sancto
1501 1783 1622 1840 viro
1647 1783 1850 1840 sanius
1871 1783 2025 1838 vide-
2052 1817 2106 1879 Β

387 1879 570 1942 retur,
599 1873 809 1929 ibidem
838 1875 945 1930 sub
975 1887 1043 1930 eo
1077 1880 1461 1933 remanerent.
1493 1876 1683 1930 lerunt
1709 1887 1874 1943 ergo.
1912 1873 2022 1929 Sed

387 1966 626 2020 sanctus
652 1961 740 2018 vir
773 1963 1095 2034 prophetiae
1129 1965 1344 2036 spiritu
1376 1964 1606 2036 plenus,
1640 1962 2024 2032 caritatisque

385 2051 604 2108 virtute
633 2052 906 2122 refertus,
941 2053 1102 2109 viros
1131 2055 1401 2123 egregios
1420 2053 1558 2108 etin
1584 2052 1794 2108 Christi
1829 2065 2024 2107 amore

388 2141 679 2197 ferventes
719 2147 1025 2212 gratanter
1066 2148 1373 2214 susceptos
1403 2142 1474 2197 ad
1507 2141 1691 2198 solum
1725 2141 2021 2212 proprium

383 2229 631 2300 remisit,
656 2230 957 2287 inculcans
987 2231 1074 2286 eis
1104 2237 1164 2286 et
1198 2231 1547 2303 przecipiens
1574 2233 1634 2285 ut
1658 2229 1712 2285 in
1738 2235 2023 2286 monaste-

386 2317 472 2374 rio
504 2317 658 2388 quod
692 2322 938 2389 primum
966 2319 1326 2388 delegerant,
1353 2325 1414 2376 et
1435 2318 1533 2374 ubi
1557 2332 1620 2374 se
1642 2317 2017 2390 devoverant,

387 2410 521 2462 vota
556 2420 657 2462 sua
694 2409 806 2463 Deo
853 2407 1186 2478 redderent,
1233 2408 1477 2464 maxime
1526 2422 1655 2465 cum
1690 2407 1767 2463 ibi
1796 2408 2022 2478 vigeret

390 2494 583 2550 fervor
605 2495 860 2559 ordinis;
894 2495 1175 2566 adjiciens
1208 2511 1376 2567 posse
1408 2511 1511 2568 per
1531 2511 1634 2554 eos
1657 2497 1779 2553 fieri
1806 2497 1858 2553 in
1895 2512 2023 2568 pro-

387 2597 558 2640 cessu
605 2584 901 2656 temporis,
935 2590 998 2641 ut
1028 2584 1358 2643 habitacula
1410 2601 1708 2644 servorum
1742 2586 1836 2642 Dei
1872 2601 2022 2644 nunc

387 2673 608 2730 modica
641 2674 1011 2745 postmodum
1042 2681 1397 2746 crescerent,
1421 2681 1483 2732 et
1511 2676 1676 2733 fleret
1706 2691 1908 2734 eorum
1940 2677 2024 2734 in-

389 2761 613 2819 dustria
643 2762 808 2821 locus
831 2763 952 2836 ipse
985 2764 1246 2837 insignis,
1281 2766 1377 2838 qui
1411 2781 1563 2822 nunc
1593 2765 1902 2823 videbatur
1927 2782 2026 2823 an-

383 2854 594 2921 gustus
622 2857 678 2909 et
711 2851 1106 2925 despicabilis.

457 2941 510 2995 5.
539 2940 758 2996 Intueri
790 2940 960 3012 plane
993 2941 1136 2998 libet
1169 2940 1452 2998 flammam
1477 2941 1745 2998 caritatis
1767 2942 1821 2997 in
1844 2941 2022 2999 corde

386 3027 540 3084 beati
572 3029 857 3099 Odilonis,
893 3045 1022 3100 quae
1056 3044 1159 3101 per
1201 3031 1434 3086 beatum
1456 3031 1565 3086 Job
1589 3030 1681 3086 lex
1701 3031 1800 3086 Dei
1833 3031 2025 3088 multi-

383 3115 518 3189 plex
549 3116 768 3175 dicitur
813 3117 944 3186 (Job
975 3133 1054 3188 xi,
1087 3121 1164 3188 6),
1209 3118 1339 3188 quia
1373 3118 1542 3188 cujus
1574 3126 1821 3176 mentem
1856 3120 2024 3192 plene

381 3207 625 3278 ceperit,
661 3207 808 3263 hanc
827 3205 897 3261 ad
928 3207 1228 3262 innumera
1260 3221 1437 3278 opera
1470 3207 1906 3266 multiformiter
1932 3226 2025 3268 ac-

382 3295 602 3351 cendit.
629 3297 746 3351 Hac
769 3295 913 3350 enim
935 3299 1129 3351 actum
1152 3295 1426 3352 estutvir
1449 3297 1656 3355 beatus
1674 3311 1740 3354 ea
1765 3313 1891 3370 quas
1909 3301 2018 3356 sibi

381 3382 454 3438 ab
479 3381 664 3438 altero
691 3381 813 3438 tleri
835 3388 1198 3454 expectaret,
1217 3383 1418 3441 eadem
1441 3385 1730 3456 cogitaret
1753 3387 1921 3444 alteri
1944 3389 2020 3444 fa-

379 3470 607 3527 cienda.
662 3473 779 3528 Hac
824 3471 1000 3528 etiam
1049 3477 1240 3528 actum
1285 3481 1375 3530 est
1411 3478 1473 3531 ut
1505 3475 1829 3546 proximum
1865 3481 1927 3533 ut
1956 3492 2017 3534 se

381 3557 572 3632 ipsum
622 3559 910 3632 diligeret,
961 3567 1024 3618 ut
1074 3562 1222 3618 bona
1281 3578 1409 3634 quae
1457 3564 1677 3621 valeret
1736 3567 2016 3638 proximis

382 3647 765 3720 impenderet,
821 3657 876 3708 et
929 3651 1203 3723 inplendo
1253 3667 1362 3708 non
1413 3657 1686 3712 tumeret.
1740 3656 1854 3712 Hac
1901 3655 2018 3712 nic-

375 3737 691 3796 hilominus
730 3739 793 3796 fit
834 3745 896 3798 ut
937 3755 1052 3812 quo
1084 3756 1148 3798 se
1179 3740 1266 3797 vir
1310 3749 1551 3800 sanctus
1583 3743 1638 3799 in
1669 3744 1796 3801 solo
1827 3745 1924 3800 Dei
1956 3749 2017 3802 et

376 3827 627 3899 proximi
658 3843 851 3886 amore
883 3829 1180 3901 dilataret,
1205 3845 1276 3886 eo
1299 3831 1584 3902 quidquid
1608 3846 1639 3887 a
1664 3833 2016 3892 rectitudine

375 3916 671 3991 discrepat
727 3919 1042 3990 ignoraret.
1097 3922 1215 3977 Hac
1263 3935 1494 3993 quoque
1552 3926 1742 3980 actum
1791 3930 1882 3982 est
1931 3930 2012 3996 ut,

373 4010 606 4065 ceteros
633 4012 927 4080 tamquam
952 4023 1014 4066 se
1037 4008 1310 4080 diligens,
1345 4026 1448 4082 per
1475 4012 1584 4069 hoc
1603 4013 1758 4083 quod
1789 4018 2014 4071 rectum

372 4094 430 4152 iu
452 4095 586 4153 aliis
601 4096 925 4168 conspexit,
951 4097 1114 4168 quasi
1134 4097 1206 4154 de
1228 4106 1540 4168 augmento
1563 4101 1784 4175 proprii
1809 4118 2017 4176 prove-

371 4189 527 4250 ctus,
576 4183 978 4243 hilareseeret.
1025 4185 1167 4253 Quis
1213 4201 1460 4260 namque
1502 4190 1873 4262 pralatorum
1907 4192 2014 4250 hoc

372 4285 526 4330 nunc
541 4271 780 4344 faceret,
799 4275 952 4346 quod
968 4275 1155 4332 virum
1174 4277 1606 4336 sanctissimum
1623 4283 1766 4338 tunc
1784 4285 2010 4340 constat

374 4361 619 4420 fecisse?
641 4362 780 4430 Quis
801 4367 884 4422 tot
907 4370 969 4422 et
990 4365 1140 4423 tales
1162 4367 1319 4424 viros
1342 4370 1488 4425 fama
1516 4369 1730 4441 ubique
1755 4371 2014 4429 celebra-

369 4455 484 4521 t-os,
511 4451 558 4508 si
585 4451 656 4509 ad
680 4467 743 4510 se
764 4453 1062 4512 declinare
1091 4456 1480 4528 contingeret,
1507 4457 1578 4514 ad
1611 4459 1723 4515 alia
1757 4457 1881 4516 loca
1915 4460 2014 4516 de-

2050 3174 2104 3240 α

2145 539 2400 595 masterii
2424 539 2644 596 aditum
2670 541 3080 611 precabantur.
3107 541 3266 608 Quos
3287 556 3417 599 cum
3445 543 3651 602 senior
3673 561 3785 603 cer-

2143 633 2329 698 neret,
2351 633 2411 684 et
2430 627 2587 685 viros
2610 629 2849 686 virtutis
2873 629 2944 685 ad
2966 629 3268 686 toleranda
3293 631 3636 703 obprobria,
3664 650 3789 690 con-

2140 715 2500 774 culcationcs
2530 722 2589 772 ct
2620 719 2866 775 verbera
2909 717 3100 774 minus
3137 718 3379 777 idoneos
3407 724 3468 777 et
3502 720 3787 778 delicatos

2143 809 2396 878 putaret,
2418 811 2943 878 paupertatemque
2960 807 3212 864 Iocicum
3232 807 3466 866 illorum
3483 811 3790 867 metiretur

2141 893 2380 964 divitiis,
2395 909 2534 964 egre
2551 894 2861 951 adsensum
2879 897 3181 966 prebebat,
3200 896 3331 967 quia
3349 903 3786 956 menteseorum

2141 982 2196 1038 in
2221 982 2414 1039 divino
2439 997 2632 1040 amore
2661 984 2970 1040 roboratus
2993 999 3105 1040 non
3130 991 3391 1056 noverat,
3428 1002 3578 1057 quas
3615 989 3661 1044 si
3697 1005 3788 1044 no-

2139 1071 2343 1142 visset,
2370 1087 2477 1129 nec
2503 1077 2796 1129 momento
2831 1073 3136 1130 introitum
3161 1073 3392 1130 illorum
3427 1075 3785 1133 distulisset.

2142 1161 2329 1216 Cessit
2381 1162 2655 1231 tamdem,
2687 1168 2748 1217 et
2778 1161 3118 1232 petentibus
3169 1175 3471 1220 assensum
3514 1167 3787 1235 praebens

2139 1249 2466 1320 ingressum
2490 1250 2714 1319 annuit,
2749 1251 2881 1322 quia
2914 1251 3184 1307 voluntas
3217 1251 3313 1308 Dei
3340 1252 3445 1309 fuit
3469 1258 3534 1308 ut
3558 1253 3682 1310 cito
3704 1254 3785 1310 eis

2136 1344 2475 1394 occurreret
2506 1339 2658 1410 quod
2684 1339 2978 1395 volebant.
3014 1338 3227 1396 Sociati
3249 1341 3446 1412 itaque
3466 1356 3789 1413 congrega-

2137 1427 2281 1484 tioni
2309 1426 2665 1497 monasterii,
2689 1427 3258 1485 factisuntomnibus
3273 1429 3456 1485 forma
3482 1431 3786 1501 patientiae

2137 1520 2195 1571 et
2231 1515 2598 1585 humilitatis,
2637 1521 2694 1573 ut
2730 1515 2952 1587 liquido
2997 1521 3456 1587 cognosceretur
3483 1533 3514 1574 a
3551 1519 3786 1597 cunctis

2143 1609 2471 1676 praeventos
2487 1619 2588 1660 eos
2613 1619 2739 1662 esse
2762 1605 2946 1674 gratia
2967 1605 3291 1662 conditoris
3315 1606 3434 1664 Dei.
3457 1609 3793 1664 Protectio-

2138 1693 2229 1748 nis
2257 1693 2408 1748 enim
2434 1693 2644 1750 divinae
2674 1694 2863 1764 gratia
2898 1693 3259 1766 perlustrati,
3287 1693 3489 1764 majori
3517 1696 3672 1752 satis
3703 1713 3788 1752 ar-

2137 1781 2280 1838 dore
2312 1781 2557 1852 diligere
2602 1783 2897 1838 caelestem
2951 1783 3196 1853 patriam
3242 1788 3574 1856 eruperunt,
3613 1800 3787 1856 quam

2137 1871 2300 1942 prius
2332 1871 2386 1926 in
2419 1876 2649 1928 terrena
2701 1870 3010 1927 dilectione
3062 1871 3401 1942 ﬂagrabant.
3439 1874 3595 1930 Deus
3631 1889 3788 1930 nam-

2136 1975 2246 2030 que
2275 1959 2364 2031 ²⁸²,
2397 1960 2564 2029 cujus
2612 1974 2746 2016 vera
2797 1960 3094 2016 hereditas
3132 1961 3231 2016 lux
3271 1965 3382 2031 est,
3417 1962 3474 2017 et
3509 1961 3785 2019 defectus

2135 2049 2370 2106 luminis
2387 2048 2648 2120 ejusdem
2673 2047 2868 2105 nullus
2887 2049 3090 2119 est,ita
3105 2063 3208 2106 eos
3230 2039 3329 2106 sua
3355 2047 3683 2106 dilectione
3705 2051 3786 2106 in-

2137 2139 2512 2208 lustraverat,
2536 2139 2614 2194 ita
2639 2153 2742 2194 eos
2764 2137 2986 2194 visione
3004 2152 3104 2194 sua
3129 2137 3399 2194 retlciens
3419 2138 3782 2210 repleverat,

2135 2232 2198 2284 ut
2221 2243 2382 2284 novae
2415 2228 2538 2300 spei
2571 2226 2780 2298 spi.itu
2810 2231 3036 2283 mentes
3067 2242 3268 2284 eorum
3303 2228 3533 2295 amata},
3569 2235 3790 2287 semet-

2133 2315 2288 2388 ipsas
2306 2317 2508 2387 quales
2524 2315 2578 2371 in
2593 2319 2825 2372 vetusta
2843 2315 3200 2385 cogitatione
3217 2316 3446 2372 fuerant
3469 2317 3788 2375 oblivisce-

2133 2411 2356 2476 rentur,
2381 2408 2440 2462 ut
2475 2404 2650 2462 nichil
2676 2405 2792 2476 jam
2825 2405 2912 2460 eis
2943 2404 3054 2462 nisi
3085 2421 3212 2476 qua:
3243 2411 3463 2462 mterna
3495 2413 3638 2463 sunt
3666 2407 3789 2480 pla-

2129 2493 2744 2564 cerent,et,despectis
2760 2493 3135 2563 transitoriis,
3153 2493 3274 2550 sola
3289 2509 3418 2566 quae
3433 2501 3784 2566 permanent

2131 2582 2668 2654 requirerent.(Fol.
2692 2581 2978 2652 75‘.)Quia
3005 2597 3145 2639 vero
3166 2583 3521 2640 venerabilis
3544 2585 3796 2643 Richar-

2132 2672 2242 2729 dus
2273 2673 2492 2742 absque
2526 2671 2815 2744 permissu
2853 2675 2909 2727 et
2943 2669 3178 2727 licentia
3213 2671 3643 2746 archiepiscopi
3678 2675 3790 2732 Rc-

2133 2762 2349 2818 mensis
2371 2761 2754 2818 monasticam
2778 2761 3039 2817 habitum
3063 2766 3423 2834 susceperat,
3457 2777 3788 2834 conquere-

2137 2852 2309 2908 batur
2357 2851 2671 2922 episcopus
2719 2850 3063 2907 canonicum
3112 2865 3231 2907 sua:
3272 2849 3559 2910 zecclesiae
3599 2855 3676 2910 ab
3715 2870 3784 2912 ea

2135 2939 2462 2996 inordinate
2496 2939 2833 2996 recessisse.
2869 2938 3252 3005 Quamobrem
3286 2956 3416 2997 eum
3447 2945 3786 3002 conabatur

2135 3035 2420 3102 repetere.
2449 3029 2612 3097 Quod
2636 3028 2734 3088 ubi
2759 3027 2830 3085 ad
2853 3043 3027 3086 aures
3050 3029 3303 3100 Fingenii
3327 3031 3562 3089 abbatis
3582 3047 3785 3104 perve-

2133 3120 2241 3192 nit,
2274 3123 2522 3178 evocato
2542 3134 2632 3190 eo,
2659 3133 2779 3175 rem
2809 3117 3014 3175 ordine
3048 3117 3266 3190 pandit.
3295 3118 3416 3191 Ille,
3457 3123 3627 3193 patre
3649 3137 3785 3180 con-

2132 3209 2340 3278 solato,
2373 3207 2640 3264 Remensi
2684 3206 3120 3279 archiepiscopo
3158 3207 3445 3265 cartulam
3480 3210 3643 3267 misit
3675 3213 3783 3268 hee

2130 3297 2528 3356 continentem
2548 3297 2651 3355 :Si
2660 3296 2884 3368 spiritu
2899 3295 3209 3368 ducimini,
3222 3311 3339 3354 non
3349 3298 3495 3356 estis
3505 3299 3616 3357 sub
3633 3301 3779 3372 lege.

2131 3388 2310 3455 Quam
2335 3387 2432 3444 ille
2456 3385 2804 3458 suscipiens,
2827 3388 2885 3441 et
2906 3385 3018 3440 vim
3042 3385 3203 3442 verbi
3223 3385 3570 3456 diligentius
3589 3390 3783 3445 inten-

2130 3478 2294 3548 dens,
2317 3476 2526 3532 merito
2551 3474 2628 3531 ait
2649 3473 2848 3532 :Abiit
2863 3473 2971 3545 qui
2990 3473 3216 3546 spiritu
3235 3475 3348 3532 Dei
3369 3475 3578 3535 ductos
3599 3479 3791 3548 est,et

2127 3567 2257 3624 ideo
2278 3580 2316 3622 α
2335 3563 2503 3622 nobis
2526 3562 2879 3636 repetendus
2906 3577 3022 3620 non
3048 3563 3151 3621 est.
3178 3563 3268 3620 Sic
3287 3565 3594 3622 confutata
3620 3581 3786 3639 repe-

2129 3654 2375 3712 tentium
2399 3668 2529 3710 eum
2553 3651 2879 3723 calumpnia
2904 3654 3016 3720 est,
3043 3651 3214 3709 immo
3243 3653 3428 3724 magis
3452 3654 3525 3711 ad
3552 3655 3786 3714 imitan-

2128 3743 2263 3800 dum
2293 3757 2422 3800 eum
2454 3757 2697 3800 accensa
2737 3739 3052 3798 multorum
3097 3741 3334 3798 devotio
3367 3747 3478 3800 est.
3515 3743 3780 3816 Regebat

2127 3837 2268 3890 tunc
2290 3830 2612 3889 aecclesiam
2637 3829 2912 3887 Arnulfus
2935 3829 3192 3886 Lotharii
3216 3830 3389 3902 regis,
3416 3831 3515 3902 qui
3537 3833 3789 3904 quintus

2127 3936 2156 3977 a
2173 3919 2382 3978 Karolo
2401 3918 2576 3978 Calvo
2597 3918 2723 3990 fuit,
2743 3919 2914 3984 illius,
2931 3917 3028 3989 qui
3043 3919 3311 3976 Traditor
3325 3921 3789 3990 cognominatus

2127 4009 2401 4081 est,obid
2418 4008 2549 4080 quia
2573 4007 2870 4066 civitatem
2893 4011 3106 4080 patruo
3130 4023 3234 4066 suo
3258 4009 3468 4066 Karolo
3493 4012 3783 4083 reddidit,

2125 4113 2257 4157 cum
2307 4097 2533 4157 doleret
2585 4111 2824 4168 regnum
2867 4095 3070 4155 alienae
3117 4097 3287 4171 stirpi
3323 4097 3528 4156 datum
3566 4103 3627 4157 et
3662 4117 3788 4160 sua:

2127 4193 2502 4262 prtereptum.

2195 4281 2246 4335 ϐ.
2273 4276 2635 4336 Procedente
2650 4275 3126 4349 igiturtempore,
3153 4275 3363 4334 domno
3379 4277 3666 4350 Fingenio
3687 4280 3788 4338 ab—

2126 4367 2260 4424 bate
2285 4367 2355 4424 ad
2381 4380 2632 4439 superna
2661 4367 2920 4422 evectos
2939 4365 3075 4424 ldus
3106 4366 3381 4424 Octobris
3407 4364 3612 4440 (1004),
3641 4373 3704 4426 et
3727 4369 3783 4426 in

2127 4457 2484 4515 monasterio
2497 4453 2912 4518 sanctiFelicis
2927 4455 3237 4527 tumulato,
3255 4470 3388 4513 cum
3405 4456 3478 4514 de
3492 4455 3787 4515 electione

368 4540 620 4610 migrare
643 4549 925 4616 moneret,
946 4549 1007 4601 et
1029 4559 1142 4602 non
1165 4561 1267 4602 eos
1286 4546 1484 4618 potius
1506 4546 1615 4603 sibi
1641 4547 1857 4618 favore,
1881 4564 2010 4619 gra-
2037 4537 2094 4603 Ι)
2125 4545 2525 4603 substituendi
2541 4545 2775 4602 abbatis
2791 4545 3134 4616 agereturin
3153 4545 3468 4618 praesentia
3483 4546 3789 4604 Heimonis

368 4629 469 4702 tia,
496 4629 586 4687 vel
607 4633 896 4704 precibus,
924 4648 1025 4690 seu
1047 4633 1310 4705 qualibet
1333 4638 1460 4690 arte
1485 4633 1736 4691 retinere
1762 4639 2009 4708 tempta-

365 4720 490 4776 ret?
517 4720 680 4787 Quod
703 4723 823 4780 etsi
847 4737 959 4778 non
983 4728 1204 4794 posset,
1230 4727 1421 4778 tamen
1444 4737 1548 4779 eos
1569 4722 1788 4782 invitus
1809 4730 1870 4782 et
1890 4741 2004 4784 non

362 4815 569 4880 sponte
591 4825 619 4866 a
645 4826 706 4868 se
727 4811 1076 4880 dimitteret,
1103 4810 1306 4868 dolens
1331 4812 1492 4882 quasi
1519 4826 1666 4882 quos
1691 4827 2002 4886 numquam

363 4896 646 4954 habuerat
679 4899 1026 4956 dimitteret.
1063 4899 1326 4966 Quantos
1356 4901 1587 4957 nuncin
1618 4901 1868 4960 ecclesia
1902 4904 2001 4960 Dei

363 4985 641 5056 praelatos
654 4986 970 5060 aspicimus
983 4988 1101 5060 qui,
1122 4991 1462 5061 provectum
1476 4987 1722 5046 alterius
1735 4989 2002 5051 videntes

361 5087 531 5130 suum
554 5089 664 5132 non
685 5090 836 5149 esse,
864 5077 1208 5134 fastidiunt?
1227 5075 1452 5146 Quibus
1472 5077 1742 5136 omnibus
1769 5080 2000 5139 beatum

364 5161 662 5220 Odilonem
690 5165 1110 5236 praeferendum
1144 5166 1353 5223 merito
1383 5180 1708 5238 censemus,
1732 5168 1802 5225 ad
1835 5171 2001 5242 cujus

359 5249 604 5318 gloriam
625 5259 872 5324 spectat,
889 5253 936 5310 si
953 5256 1086 5326 quid
1113 5270 1215 5327 per
1227 5268 1331 5311 eos
1345 5267 1491 5325 quos
1511 5255 1678 5312 nobis
1699 5258 1996 5331 attribuit,

357 5338 628 5395 acclesia
649 5339 743 5396 cui
766 5342 1036 5400 attributi
1059 5347 1195 5400 sunt
1217 5341 1306 5414 ’“,
1333 5343 1388 5399 in
1407 5343 1612 5400 ordine
1635 5348 1692 5400 et
1716 5345 1998 5416 religione

382 5427 672 5490 t‘ructillca
711 5431 1031 5490 Redierunt
1046 5446 1187 5503 ergo
1199 5432 1332 5491 novi
1345 5434 1689 5492 monasticae
1699 5432 2000 5506 religionis

2123 4633 2406 4708 episcOpi,
2439 4639 2520 4704 et,
2557 4638 2638 4704 ut,
2669 4631 2728 4690 in
2773 4631 2990 4690 talibus
3023 4632 3263 4705 assolet,
3297 4633 3516 4691 diversi
3549 4635 3786 4694 diversa

2121 4723 2433 4795 sentirent,
2465 4727 2522 4780 et
2557 4723 2714 4780 varia
2748 4721 3133 4795 quorumdam
3165 4721 3493 4780 haberetur
3525 4723 3742 4782 electio
3769 4742 3785 4788 ;

2119 4813 2190 4869 ad
2222 4812 2747 4883 interrogationem
2799 4811 3112 4884 pontificis,
3169 4816 3412 4884 repente
3463 4828 3785 4884 puerorum

2114 4915 2260 4959 voce
2291 4900 2516 4958 electus
2549 4901 2796 4958 domnus
2843 4901 3168 4958 Richardus
3215 4915 3478 4957 consona
3509 4903 3770 4961 omnium

2113 5005 2255 5050 voce
2305 4991 2597 5062 laudatur,
2649 4991 2925 5063 episcopo
2959 4990 3014 5046 in
3048 4987 3250 5047 laudes
3279 4989 3379 5046 Dei
3407 4998 3788 5064 erumpente-

2113 5085 2174 5139 et
2205 5080 2438 5138 dicente
2463 5097 2476 5136 :
2502 5080 2605 5138 Ea:
2623 5091 2722 5136 ore
2740 5080 2976 5153 infanti
2985 5094 3080 5136 um
3099 5080 3160 5137 et
3178 5079 3536 5138 laetantium
3590 5084 3764 5157 per]:

2111 5169 2252 5230 cisti
2279 5169 2532 5240 laudem,
2559 5169 2808 5226 Damius
2829 5169 2989 5226 Deus
3012 5168 3205 5241 (Psal.
3232 5181 3352 5239 vni,
3372 5169 3449 5241 3).
3480 5170 3549 5226 Et
3574 5171 3782 5244 utique

2106 5259 2268 5330 justa
2317 5257 2614 5329 pontificis
2661 5257 3012 5328 enuntiatio,
3069 5257 3206 5329 quia
3240 5271 3344 5313 ore
3375 5257 3692 5316 infantium
3723 5267 3784 5317 et

2113 5348 2455 5407 lactentium
2481 5346 2631 5403 facta
2651 5344 2890 5417 electio,
2911 5345 3041 5402 laus
3062 5345 3158 5402 Dei
3173 5351 3376 5402 eratet
3398 5347 3779 5418 gloriﬁcatio,

2112 5451 2225 5510 qua
2272 5440 2402 5494 erat
2452 5434 2782 5494 laudandus
2809 5439 2868 5492 et
2898 5433 3320 5508 glorificandus
3348 5436 3408 5495 in
3443 5434 3606 5498 ﬁdeli
3650 5454 3780 5498 suo.

1955 5549 2182 5612 NO'LE.

427 5615 495 5652 ²⁸¹
528 5633 573 5676 s.
608 5631 655 5676 ο.
739 5615 808 5651 ³⁸³
835 5629 1119 5689 etiamque
1152 5631 1201 5676 c.
