3894 6310
125 315 230 374 205

1361 304 1860 372 GHilONlCON.
1895 341 1970 352 —
1999 308 2152 368 LIB.
2188 307 2262 370 ll.

3387 316 3504 378 206

124 447 220 518 (Cf.
259 447 388 505 Vita
409 447 702 506 Richardt
719 447 798 509 ϐ.)
823 445 1172 502 Conﬁrmata
1197 457 1336 503 sane
1357 443 1666 512 electione,
1688 449 1745 500 et
1775 442 1836 506 Α
1866 442 2071 501 dilexit
2097 441 2448 514 enenobium,
2484 449 2548 501 ut
2569 443 2716 501 dona
2749 445 2800 500 ei
2835 445 3084 515 ingentia
3147 447 3202 502 in
3245 461 3386 504 auro
3443 452 3503 503 et

124 537 330 608 scripto
346 537 634 603 roborata,
663 535 974 591 deducitur
988 533 1058 590 ab
1071 533 1348 608 episcopo
1361 547 1549 593 novus
1573 535 1750 591 Iacob

127 625 176 680 in
205 621 1284 689 cordislaetitia,etbenedictiouedata
1331 639 1488 680 more
1547 623 1751 680 solem-

127 715 234 784 pni,
251 714 524 786 praelatus
537 717 626 768 est
643 713 928 770 custodite
941 714 1135 783 gregis
1149 713 1390 770 Domini.
1411 713 1749 784 Aderatjam

125 807 341 872 tempus
365 805 426 857 ut
457 801 801 872 impleretur
825 801 1133 873 prophetia
1149 802 1302 858 beati
1325 801 1434 857 viri
1462 802 1745 873 Orlilonis,

125 889 264 960 quod
299 903 398 962 per
427 905 555 947 eum
589 895 645 945 et
681 889 955 947 domnum
981 891 1350 948 Fredericum
1382 890 1550 947 locus
1577 895 1747 946 antea

126 978 477 1050 permodicus
510 978 912 1048 insigniretur,
945 982 1006 1035 ut
1041 984 1096 1034 et
1122 979 1247 1051 ipse
1273 981 1479 1037 beatus
1495 979 1661 1035 Odilo
1677 979 1748 1035 de

124 1069 372 1138 profectu
415 1067 647 1123 illorum
690 1072 982 1138 tamquam
1019 1067 1090 1123 de
1145 1079 1251 1124 suo
1325 1068 1743 1138 gratularetur.

124 1156 383 1228 Suscepta
402 1157 603 1226 itaque
634 1155 998 1227 praelationis
1021 1155 1269 1226 sarcina,
1298 1153 1524 1213 studuit
1548 1153 1751 1211 elatio-

125 1261 240 1301 nem
271 1251 325 1301 et
346 1244 691 1315 jactantiam
726 1258 953 1302 cavere.
989 1245 1223 1302 Sciebat
1265 1245 1417 1301 enim
1476 1249 1750 1316 oportere

123 1333 224 1388 sibi
253 1335 530 1405 prodesse
565 1333 851 1390 fratribus
875 1334 1056 1404 magis
1088 1350 1257 1406 quam
1315 1349 1586 1406 praeesse.
1648 1331 1749 1388 Cui

125 1427 325 1479 tantam
351 1424 504 1478 Deus
532 1419 782 1478 contulit
818 1423 1064 1492 gratiam
1100 1428 1216 1480 uta
1253 1421 1488 1493 regibus
1513 1425 1570 1479 et
1597 1419 1752 1493 prin-

120 1511 355 1582 cipibus,
391 1510 724 1568 adivitibus
738 1514 796 1566 et
813 1509 1210 1568 mediocribus
1227 1512 1372 1568 miro
1405 1509 1751 1581 diligeretur

120 1599 316 1656 affectu
349 1616 363 1666 ;
398 1600 531 1671 quia
568 1603 626 1655 et
661 1609 980 1669 congruum
1003 1601 1242 1671 eratut,
1267 1615 1434 1671 quem
1451 1603 1600 1659 Deus
1624 1613 1752 1672 per-

121 1687 560 1758 l'uderatgratia,
578 1689 650 1744 ab
665 1687 932 1745 omnibus
945 1694 1258 1744 amaretur.
1277 1687 1596 1745 Ordinatus
1609 1701 1749 1744 vero

1865 539 2127 605 argento,
2162 531 2218 590 in
2250 531 2442 605 palliis
2473 536 2532 589 et
2572 533 2820 590 sacratis
2869 535 3166 590 conferret
3213 535 3500 605 vestibus,

1862 627 1918 678 et
1959 627 2141 680 totum
2168 638 2230 679 se
2263 622 2406 679 adeo
2443 622 2495 677 in
2528 637 2723 678 amore
2754 622 2880 693 ejus
2929 623 3381 695 transfunderet,
3442 629 3503 679 ut

1863 712 2177 769 miraretur
2201 711 2296 784 qui
2327 711 2572 768 videret.

1930 807 1982 858 7.
2011 801 2280 874 Optentis
2307 799 2484 872 igitur
2515 814 2618 872 pro
2651 799 2866 872 quibus
2900 801 3147 872 abierat,
3193 802 3341 859 abba
3369 801 3504 858 reli-

1859 889 2064 960 giosus
2087 889 2156 946 ad
2177 889 2593 947 monasterium
2619 904 2783 946 suum
2801 903 3076 948 reversus
3097 897 3207 962 est,
3228 891 3504 962 cepitque

1861 977 2010 1034 velle
2044 977 2166 1034 ﬁeri
2190 982 2356 1034 tanto
2381 977 2762 1050 propinquior
2784 979 2921 1047 Deo,
2950 983 3168 1050 quanto
3218 995 3320 1052 per
3374 994 3504 1050 gra-

1862 1067 1999 1122 tiam
2018 1066 2278 1138 ejusregi
2303 1073 2360 1123 et
2387 1063 2770 1138 principibus,
2789 1067 3166 1138 pontiﬁcibus
3185 1073 3243 1124 et
3267 1067 3506 1140 quibus-

1863 1169 1972 1225 que
1989 1157 2455 1226 przepotentibus
2468 1165 2592 1213 erat
2615 1157 2931 1229 acceptior.
2951 1157 3501 1228 Cmpitenimtotum

1863 1257 1926 1299 se
1958 1243 2268 1302 sollicitius
2292 1244 2506 1304 divinis
2524 1247 2855 1318 mancipare
2879 1245 3160 1314 cultibus,
3196 1244 3504 1300 dominicis

1862 1331 1955 1388 die
1989 1337 2284 1404 noctuque
2308 1335 2613 1406 invigilare
2646 1335 2944 1406 laudibus,
3007 1335 3356 1391 commissos
3393 1333 3503 1389 sibi

1865 1420 2154 1491 religiosus
2179 1437 2523 1480 assuescere
2539 1425 2800 1480 moribus
2819 1440 2833 1489 ;
2854 1423 2932 1480 ita
2955 1427 3017 1479 ut
3036 1438 3136 1496 per
3160 1426 3338 1479 totam
3361 1424 3505 1478 Neu-

1864 1510 2067 1565 striam
2091 1513 2151 1566 et
2182 1511 2562 1569 Austrasiam:
2593 1512 2891 1569 Franciam
2913 1515 3090 1583 atque
3113 1511 3501 1582 Burgundiam

1863 1597 2291 1656 diffunderetur
2315 1615 2494 1658 sonus
2519 1601 2852 1658 sanctitatis
2874 1600 3016 1672 ejus,
3054 1600 3335 1671 ﬁeretque
3349 1599 3502 1656 omni

1867 1687 1974 1744 bus
2000 1687 2054 1743 in
2089 1690 2398 1761 propatulo
2425 1689 2809 1747 sanctimonia
2851 1689 2994 1760 ejus.
3046 1687 3245 1745 Fiebat
3269 1689 3341 1746 ad
3373 1703 3503 1746 eum

119 1780 197 1832 est
231 1791 326 1848 per
351 1791 582 1833 manum
628 1773 818 1833 domui
873 1775 1166 1834 lleimonis
1211 1777 1594 1834 Virdunensis
1637 1776 1751 1848 epi-
1775 1795 1834 1860 Β
1863 1775 2101 1846 grandis
2134 1778 2536 1850 undecumque
2567 1791 2893 1836 concursus
2919 1776 3189 1847 ;aliiejus
3212 1792 3274 1834 se
3299 1778 3506 1835 subde-

119 1866 267 1936 scopi
291 1879 438 1921 anno
470 1866 545 1921 ab
581 1864 690 1922 ine.
721 1863 874 1922 Dom.
903 1869 1061 1936 1004,
1097 1881 1225 1922 cum
1254 1867 1370 1936 jam
1425 1869 1556 1939 post
1587 1867 1750 1922 Otto-

119 1967 234 2008 nem
257 1952 905 2024 illsecundojamanno
947 1953 1381 2027 principaretur
1445 1953 1751 2014 Heinricus

117 2041 576 2112 consanguineus
605 2043 756 2112 ejus,
782 2043 876 2114 qui
908 2048 942 2100 9
964 2041 1227 2113 regnisui
1249 2055 1398 2101 anno
1433 2045 1750 2118 imperator

116 2134 339 2186 creatus
363 2134 473 2186 est.
507 2131 696 2202 Hujus
726 2145 866 2202 ergo
893 2131 1174 2204 principis
1227 2132 1447 2190 curiam
1488 2149 1594 2207 pro
1630 2137 1752 2207 qui-

118 2217 341 2274 busdam
375 2219 642 2289 negociis
676 2220 924 2277 domnus
950 2223 1007 2278 et
1042 2225 1207 2292 pater
1235 2221 1559 2280 Riehardus
1589 2223 1750 2281 adire

118 2307 440 2379 compulsus
473 2308 877 2366 venerabilem
897 2309 1269 2367 Fredericum
1309 2325 1502 2368 secum
1561 2312 1746 2383 duxit,

120 2396 206 2465 qui
237 2400 288 2451 et
313 2397 384 2453 de
407 2396 702 2470 imperiali
730 2397 1008 2468 sanguine
1033 2403 1379 2471 procreatus
1396 2404 1455 2456 et
1475 2399 1754 2472 principi-

121 2483 218 2539 bus
233 2484 390 2554 regni
413 2490 547 2542 erat
575 2483 948 2551 notissimus;
971 2491 1036 2544 ut
1059 2487 1213 2558 quod
1231 2501 1334 2559 per
1349 2501 1408 2544 se
1432 2503 1598 2561 posse
1611 2489 1753 2546 difﬁ-

121 2569 299 2642 debat,
334 2573 495 2632 illitis
525 2572 828 2645 optineret
857 2576 1066 2647 gratia,
1099 2575 1190 2632 cui
1223 2575 1554 2648 aliquando,
1615 2577 1752 2634 dum

119 2662 330 2716 essetin
346 2661 576 2733 seculo,
612 2665 734 2718 tota
752 2665 992 2735 parebat
1031 2665 1212 2721 curia.
1235 2663 1444 2722 Verum
1471 2665 1754 2738 depositis

121 2747 364 2820 sedibus,
398 2755 457 2807 et
485 2749 890 2809 residentibus
925 2753 1296 2824 pontificibus
1326 2757 1385 2809 et
1417 2755 1750 2826 abbatibus,

120 2839 435 2896 astantibus
463 2839 650 2895 etiam
674 2836 836 2910 regni
871 2841 1238 2913 primatibus,
1262 2857 1391 2898 cum
1422 2841 1589 2912 longe
1615 2844 1756 2899 infe-

122 2923 232 2982 rius
247 2927 536 2984 resideret
560 2931 732 2999 pater
755 2928 1116 3000 mitissimus,
1131 2933 1189 2984 et
1207 2930 1600 2988 memorabilis
1622 2932 1750 3002 ejus

121 3015 438 3084 monachus,
476 3021 539 3073 ut
611 3017 768 3087 regis
795 3021 852 3073 et
881 3017 1210 3090 principum
1259 3020 1748 3092 consanguineus,

1865 1867 2000 1922 bant
2037 1863 2397 1938 magisterio,
2434 1866 2766 1940 postposito
2800 1867 3270 1924 mundifallentis
3293 1865 3506 1924 lenoci-

1862 1953 2118 2021 nio;alii
2153 1955 2305 2013 ﬁlios
2335 1969 2476 2013 suos
2507 1957 2559 2012 ei
2621 1953 2946 2013 offerebant
3004 1954 3380 2024 erudiendos,
3441 1957 3502 2011 ut

1863 2043 2307 2116 videreturjam
2344 2045 2756 2103 monasterium
2814 2038 2941 2114 ejus
2992 2044 3363 2100 monasteriis
3415 2043 3506 2098 Ni-

1864 2133 1992 2189 triae
2025 2134 2138 2206 (84)
2167 2132 2258 2191 vel
2278 2135 2501 2207 .‘Egypti
2527 2133 2940 2191 conferendum
2958 2147 3062 2205 pro
3086 2131 3505 2189 numerositate

1864 2221 2117 2279 ﬁdelium
2153 2221 2252 2278 illo
2281 2223 2721 2294 conﬂuentium,
2745 2221 2844 2293 qui
2872 2222 3188 2294 velutapes
3229 2221 3298 2276 ad
3319 2220 3507 2276 alvea-

1865 2311 1949 2367 ria
1981 2311 2237 2383 undique
2260 2312 2594 2382 avolabant,
2623 2309 2872 2368 diversis
2887 2309 3506 2380 virtutum‘speciebus

1863 2399 2058 2457 onusti
2089 2405 2332 2471 mentes,
2359 2405 2422 2457 ut
2454 2399 2568 2457 illa:
2593 2399 2784 2456 mellis
2829 2403 2889 2455 et
2941 2412 3092 2456 certe
3143 2398 3500 2455 indiscretus

1862 2487 2136 2546 cruribus
2149 2492 2205 2544 et
2222 2488 2470 2561 pedibus
2486 2489 2776 2546 subveunt
2803 2487 3138 2560 qualitates.
3158 2487 3200 2543 0
3225 2486 3428 2558 quales
3445 2491 3506 2543 et

1865 2575 2064 2648 quanti
2083 2577 2192 2633 viri
2211 2576 2336 2648 ejus
2349 2575 2690 2634 claruerunt
2705 2576 3041 2646 magisterio
3065 2575 3077 2632 !
3096 2589 3264 2648 quam
3282 2575 3507 2646 precio-

1867 2677 1929 2721 sa
1953 2669 2008 2720 et
2028 2666 2239 2722 devota
2264 2667 2380 2721 Deo
2401 2664 2704 2721 commissa
2728 2663 3194 2734 cicongregatio,
3219 2664 3506 2721 doctrinis

1864 2753 1992 2825 ejus
2023 2753 2322 2824 irradiata,
2377 2759 2435 2808 et
2488 2752 2770 2810 exercitio
2831 2752 3070 2808 artioris
3107 2753 3394 2824 propositi
3434 2754 3504 2810 ad

1866 2855 2114 2912 unguem
2138 2842 2444 2898 informata
2467 2841 2754 2899 tProbant
2773 2841 2878 2898 hoc
2903 2840 3102 2896 Gallia":
3117 2847 3176 2896 et
3191 2841 3505 2898 Germaniae

1867 2930 2190 3004 pontiﬁces,
2219 2931 2396 2987 duces
2424 2932 2480 2986 et
2507 2931 2772 2999 comites,
2796 2943 2994 2986 amore
3017 2928 3235 2984 Christi
3286 2929 3510 2985 ferven-

1865 3024 1978 3091 tes,
1997 3020 2093 3091 qui
2109 3036 2179 3076 ex
2195 3020 2546 3076 monasterio
2559 3023 2616 3075 et
2632 3018 2985 3090 discipulatu
2999 3017 3124 3089 ejus
3140 3015 3509 3076 monasteriis

121 3101 493 3176 interprimos
510 3105 792 3178 palatinis
807 3107 1388 3165 consiliisinteresset
1413 3109 1754 3166 eminentio-
1787 3153 1838 3217 ϐ
1869 3123 2015 3180 quos
2039 3108 2445 3165 liabebantaut
2465 3112 2666 3180 patres
2687 3107 3106 3180 prmﬁciebant,
3135 3106 3511 3166 subtuitione

122 3191 269 3217 -ζ-..η
293 3193 417 3217 1-..-
447 3194 688 3217 -..ΔΑ-.-ι
743 3199 1030 3217 ..-ιημμΑμ
1061 3195 1169 3217 -SL:
1203 3197 1322 3217 ΩΑ..-
1345 3195 1486 3217 --ΑΞΙΑ
1541 3196 1585 3217 -3
1609 3201 1752 3217 _._A_.!
1867 3202 2053 3217 1---__--
2084 3197 2197 3217 κρυ-
2229 3202 2276 3217 ,ι
2299 3197 2596 3217 J2--_'_IS___
2636 3201 2727 3217 ---ι
2759 3195 3473 3217 -ε..-ι..--ξ...1-1.-ι.-..-..-

121 3191 270 3262 rique
293 3193 422 3250 loco
446 3194 716 3265 sederet,
743 3199 907 3252 ratus
923 3209 1035 3252 non
1059 3195 1170 3252 sibi
1203 3197 1325 3252 fore
1345 3195 1510 3266 utile,
1538 3196 1585 3254 si
1607 3201 1754 3269 patri

121 3279 204 3336 cui
233 3281 465 3338 suberat
515 3281 899 3355 praemineret
918 3282 1199 3342 sessionis
1220 3283 1444 3356 ordine,
1463 3301 1582 3342 rem
1623 3285 1757 3344 fecit

121 3371 541 3428 memorabilem
577 3375 640 3427 et
669 3371 1006 3428 imitandam
1024 3374 1292 3446 posteris.
1331 3375 1586 3446 Surgens
1605 3391 1758 3432 nam-

121 3473 223 3527 que
251 3475 277 3516 a
308 3459 497 3518 latere
531 3457 840 3534 principis,
863 3465 922 3518 et
953 3462 1390 3534 suppedaneum
1442 3480 1606 3521 suum
1634 3465 1758 3536 ipse

125 3547 316 3618 ferens,
351 3551 835 3612 abbatemsuum
870 3550 1100 3623 petivit,
1133 3554 1190 3607 et
1217 3553 1410 3623 posito
1450 3554 1521 3610 ad
1577 3553 1760 3626 pedes

123 3634 238 3702 ejus
266 3641 670 3710 suppedaneo,
708 3637 762 3694 in
794 3655 864 3696 eo
899 3639 1023 3711 ipse
1050 3639 1288 3712 resedit,
1311 3641 1455 3698 dans
1489 3641 1760 3699 omnibus

125 3727 402 3785 monachis
421 3723 664 3786 cunctis
698 3728 1064 3800 postmodum
1091 3730 1306 3786 futuris
1330 3731 1659 3788 seculorum
1676 3745 1764 3787 se-

125 3813 262 3871 culis
293 3817 535 3874 formam
574 3813 1113 3888 verzebumilitatis,
1142 3821 1200 3874 et
1221 3820 1372 3890 quod
1391 3834 1528 3876 vere
1545 3819 1764 3876 exalta-

131 3905 215 3957 tur
243 3903 335 3974 qui
367 3909 587 3978 sponte
612 3919 717 3976 pro
744 3907 861 3962 Deo
890 3903 1250 3963 humiliatur.
1285 3909 1403 3964 [Ioc
1447 3923 1588 3978 ergo
1639 3907 1766 3978 ejus

130 3991 325 4048 factum
350 3994 631 4051 omnibus
665 3993 771 4050 fuit
803 3991 1086 4051 miraculo
1113 3999 1172 4051 et
1206 3994 1361 4052 laudi
1422 3996 1619 4053 datum
1651 4001 1763 4068 est,

1867 3202 2058 3254 tamen
2075 3197 2200 3268 ejus
2223 3197 2732 3269 etdisciplina,aut
2756 3196 2802 3253 si
2821 3201 3020 3268 patres
3037 3195 3390 3252 indehabere
3404 3211 3512 3254 ne-

1871 3283 2138 3358 quibant,
2166 3303 2311 3358 quos
2329 3287 2400 3343 de
2422 3287 2543 3344 suis
2562 3291 2760 3358 patres
2777 3287 2968 3342 facere
3001 3283 3352 3354 deligebant.
3391 3287 3514 3341 Vir-

1870 3374 2004 3432 duni
2022 3375 2208 3448 primo
2221 3373 2982 3448 probandos,instituendos
3003 3378 3062 3430 et
3077 3373 3514 3446 morigerandos

1873 3463 2314 3535 dirigebant.Ex
2333 3463 2546 3535 quibus
2569 3477 2694 3534 nos,
2711 3461 3124 3534 licetjuniores
3153 3467 3210 3518 et
3227 3461 3510 3532 moderni,

1873 3549 2070 3626 plures
2087 3552 2396 3623 religiosos
2415 3557 2473 3608 et
2498 3550 2553 3607 in
2575 3551 2726 3607 omni
2747 3550 2966 3607 theoria
2984 3551 3426 3624 probatissimos
3440 3549 3518 3606 vi-

1874 3639 2064 3698 dimus
2079 3643 2258 3713 viros,
2277 3641 2537 3712 angelica
2558 3641 2702 3696 facie
2715 3643 2774 3696 et
2790 3639 2990 3696 habitu
3010 3639 3362 3697 reverendus
3405 3643 3518 3696 :ut-

1875 3745 1947 3786 ex
1967 3731 2338 3788 institutione
2355 3726 2778 3800 discipulorum
2797 3717 3128 3801 patesceret
3145 3733 3377 3798 quantae
3410 3727 3514 3784 rcli

1875 3817 2386 3890 gionisgravitatis
2401 3819 2457 3873 et
2473 3817 2853 3890 perfectionis
2865 3832 3064 3872 eorum
3082 3816 3357 3885 magister
3384 3815 3520 3871 fuis-

1879 3911 1988 3978 set,
2013 3905 2810 3978 cujuseruditionisdecusin
2844 3903 3287 3976 d'scipulorum,
3338 3902 3522 3959 clare-

1881 3997 1979 4053 bat
2002 3995 2281 4052 moribus.
2303 3993 2615 4052 Crescente
2631 4008 2770 4049 sane
2814 4006 3056 4048 numero
3073 3990 3519 4063 discipulorum,

1878 4084 2183 4141 crescebat
2249 4098 2460 4151 census
2502 4083 2806 4140 honorum.
2859 4080 3030 4152 (Vita
3072 4077 3386 4137 Richardi.
3440 4083 3520 4147 9).

1883 4172 2150 4230 Clarebat
2167 4172 2382 4243 ubique
2397 4186 2602 4228 nomen
2619 4168 2891 4226 Richardi
2917 4168 3204 4226 sanctitas
3229 4167 3355 4238 ejus
3401 4168 3524 4225 ubi-

1883 4276 1992 4333 que
2010 4260 2456 4334 praedicabatur,
2473 4263 2532 4316 et
2547 4274 2753 4317 nomen
2769 4259 2863 4314 Dei
2886 4273 2990 4329 per
3013 4273 3143 4313 eum
3165 4255 3527 4313 clariﬁcaba-

1885 4356 1999 4408 tur.
2039 4349 2462 4407 Vidensautem
2503 4347 2787 4406 aacclesiw
2857 4363 2978 4404 sum
3019 4345 3415 4403 vetustissima
3467 4349 3528 4402 et

129 4080 268 4150 quod
299 4097 408 4139 non
433 4098 543 4156 pro
581 4081 754 4139 laude
787 4082 1342 4156 hominum,scdpro
1371 4085 1566 4142 divino
1592 4086 1770 4142 famu-

129 4166 244 4224 litio
273 4175 331 4227 et
361 4177 612 4244 paterna
637 4171 970 4228 reverentia
993 4171 1353 4229 celebratum
1378 4177 1492 4230 est.
1520 4175 1658 4230 Nam
1683 4189 1770 4230 re-

127 4256 711 4331 galismagniﬁcentia
729 4257 1118 4316 humilitatem
1136 4259 1463 4318 nobilitatis
1488 4261 1644 4319 illius
1657 4277 1772 4318 am-

130 4344 369 4419 plexata,
405 4349 832 4420 Christumque
869 4349 923 4404 in
960 4348 1173 4406 famulo
1204 4364 1310 4407 suo
1343 4350 1555 4407 devote
1604 4365 1772 4408 venev

135 4439 266 4503 rata,
291 4452 418 4494 cum
451 4452 590 4494 eum
625 4436 697 4494 ad
729 4452 791 4494 se
824 4437 1155 4507 invitasset,
1193 4443 1252 4494 et
1311 4437 1408 4496 ille
1444 4452 1474 4494 a
1522 4439 1772 4511 pedibus
1803 4508 1842 4512 _
1889 4439 2366 4512 penejamdiruta
2390 4441 2708 4496 sartatecta
2742 4435 2965 4506 delegit
3004 4434 3093 4490 eis
3125 4434 3372 4505 (lcjectis
3413 4449 3529 4489 am-

133 4526 305 4592 palris
333 4527 507 4583 avelli
543 4526 752 4596 nollet,
781 4539 885 4582 rex
907 4526 1099 4583 altiori
1118 4527 1348 4598 ingenio
1369 4528 1481 4585 viri
1522 4508 1774 4600 pruden-
1803 4508 1857 4570 D
1887 4508 2274 4600 pliorajacerc
2297 4528 2667 4584 fundamenta
2692 4529 2749 4582 et
2769 4525 2823 4580 in
2879 4521 3179 4580 meliorem
3223 4525 3436 4576 statum
3469 4525 3527 4576 et

136 4609 260 4669 tiam
291 4616 648 4686 admiratus,
676 4615 949 4672 abbatem
971 4615 1043 4672 ad
1077 4631 1139 4673 se
1171 4621 1476 4674 evocatum
1512 4631 1544 4674 e
1589 4616 1772 4676 latere
1889 4615 2782 4688 nobilioremnovamcompilare
2805 4610 3128 4679 basilicam,
3153 4609 3304 4678 quod
3320 4613 3376 4663 et
3404 4609 3532 4664 bre-

137 4713 232 4757 suo
261 4705 468 4762 sedere
503 4704 668 4774 fecit,
707 4706 883 4775 atque
915 4709 1046 4776 post
1075 4719 1204 4762 eum
1239 4706 1434 4763 domui
1481 4705 1774 4764 Frederici
1888 4704 2152 4762 viaetum
2167 4704 2653 4762 est.’l‘urrescnim
2670 4697 3536 4770 ecclesiaeipsiusdomuusl’re-

138 4791 320 4848 sedem
354 4793 482 4850 sisti
510 4792 819 4865 praecepit.
866 4793 958 4850 Sic
1013 4794 1470 4852 familiaritatem
1519 4797 1674 4867 regis
1719 4800 1778 4853 et
1893 4789 2969 4861 dericusexsuofeeit,eteellariumet
3011 4785 3382 4841 refectorium
3424 4787 3535 4843 fra-

138 4879 454 4954 principum
483 4882 739 4954 adeptus
783 4883 1030 4941 domnus
1079 4884 1264 4942 abbas
1320 4883 1666 4958 Richardus,
1721 4885 1777 4942 in
1895 4885 2069 4939 trum.
2099 4881 2192 4952 (Θ.
2220 4878 3062 4952 Vird.9.)Dormitoriumvero
3086 4894 3215 4936 cum
3245 4875 3535 4946 dejectum

138 4967 1439 5046 brevi,sapientia,consilio,astu,prudentia
1459 4975 1781 5032 ethonesta
1899 4968 2750 5040 restrueretur,etnccessaria
2795 4969 3000 5025 domus
3063 4972 3388 5040 pararetur,
3433 4978 3540 5020 nec

137 5062 583 5120 conversatione
607 5062 1264 5120 cunctismanifestatus
1295 5069 1408 5136 est,
1433 5067 1495 5121 ut
1523 5063 1580 5120 in
1614 5079 1786 5136 nego-
1901 5065 2102 5131 posset
2127 5072 2273 5116 nova
2319 5056 2637 5130 pararinisi
2675 5061 2846 5114 vetus
2893 5057 3294 5126 mandaretur,
3348 5068 3542 5110 accer-

137 5145 237 5202 ciis
265 5149 600 5208 curialibus
626 5149 1786 5224 disponendisnullusilloutilior,nullus
1898 5148 2030 5206 sitis
2084 5161 2329 5220 quorum
2371 5151 2528 5204 esset
2569 5145 2764 5218 operis
2812 5149 2871 5202 et
2912 5145 3090 5201 studii
3161 5144 3216 5201 id
3277 5143 3537 5214 explere,

137 5235 980 5308 prudentior,nullusvalidior
1012 5244 1108 5296 aut
1159 5240 1455 5312 acceptior
1495 5240 1787 5311 judicare-
1897 5253 2028 5296 cum
2088 5236 2266 5308 aliqui
2325 5235 2578 5306 illorum,
2651 5239 2710 5290 ut
2743 5233 3023 5304 assolent,
3095 5232 3539 5302 eruhcsccrent,

1903 5335 1962 5384 et
1992 5343 2196 5384 manus
2241 5339 2532 5398 apponere
2575 5323 2647 5379 'in
2679 5323 3055 5381 subvehendo
3105 5319 3257 5392 quod
3309 5317 3544 5374 munda-

1905 5421 2079 5476 batur
2141 5415 2642 5484 subterfugerent,
2713 5413 2800 5470 vir
2857 5410 3202 5469 humilitatis
3247 5413 3304 5465 et
3339 5406 3547 5477 gratiae

141 5326 245 5380 tur.
263 5325 403 5395 (Pol.
419 5331 542 5400 76.)
561 5327 779 5382 Probat
805 5329 912 5384 hoc
924 5328 1266 5400 principalis
1280 5341 1414 5400 erga
1431 5343 1560 5386 eum
1577 5327 1788 5388 libera-

141 5407 288 5488 litas,
318 5429 431 5488 qua
456 5429 571 5489 pro
594 5428 792 5474 amore
820 5416 948 5490 ejus
975 5416 1359 5491 Virdunense,
1381 5418 1474 5476 cui
1506 5425 1782 5492 praeerat,

207 5612 325 5685 (84)
358 5615 567 5687 Pagus
599 5627 774 5686 supra
796 5613 1102 5688 Memphim
1125 5614 1295 5674 situs.
1729 5542 1952 5602 NOT‘E’
