3894 6312
349 283 464 352 207

351 417 700 478 Frcdcrieus
781 434 918 477 vere
1004 419 1322 492 monachus
1406 427 1579 482 terrm
1648 425 1836 480 fossor
1902 421 2076 483 κιο-Λ

348 508 626 577 cessit,et
658 509 809 579 quod
824 509 1200 567 efl‘ossumest
1237 526 1414 568 onere
1435 513 1590 570 facto
1635 509 1989 584 exportavit.

351 595 623 664 Quisjam
659 597 868 654 similia
898 598 1087 654 facere
1130 600 1532 670 erubesceret,
1587 616 1716 658 cum
1772 598 1992 655 \‘idet‘ct

353 683 722 741 Fredericum
754 686 1208 756 comitistilium,
1239 689 1474 744 fratrem
1493 688 1739 745 duorum
1763 687 1994 751 ducum,

349 772 725 843 imperatoris
758 775 1277 845 consanguineum,
1304 782 1361 832 et
1412 777 1623 833 fecisse
1642 783 1701 832 et
1733 791 1846 832 non
1871 790 2000 830 eru-

350 861 550 917 buisse
571 863 594 916 ?
611 863 770 918 Fecit
791 868 848 918 et
876 863 1008 919 huic
1043 863 1235 920 simile
1253 881 1403 937 Opus
1429 865 1483 920 in
1509 864 1760 922 turrium
1777 867 2002 919 exstru-

347 949 562 1006 etionc.
592 952 728 1006 Cum
752 950 1033 1021 enimjam
1054 952 1106 1007 in
1133 953 1313 1009 altum
1339 957 1638 1010 structura
1673 951 2001 1021 porrigere-

347 1045 464 1101 tur.
499 1043 553 1096 et
579 1045 969 1096 strumentum
1011 1040 1153 1096 illud
1185 1039 1336 1111 quod
1355 1041 1479 1096 avis
1506 1042 1619 1110 (815)
1643 1039 1996 1105 nominatur,

347 1129 726 1186 subvectioue
757 1129 1024 1186 caementi
1059 1133 1347 1200 aptatum,
1377 1128 1654 1200 perpauci
1679 1133 1876 1191 essent
1903 1125 1998 1197 qui

352 1220 589 1287 ferrent,
625 1217 714 1274 bis
739 1217 834 1289 qui
859 1218 992 1274 huic
1021 1219 1211 1274 oﬂlcio
1242 1222 1412 1274 erant
1441 1216 1705 1288 deputati
1734 1215 1901 1283 alias,
1937 1218 1997 1270 ut

347 1305 661 1373 credimus,
694 1305 1020 1376 occupatis,
1086 1305 1291 1362 videns
1319 1306 1410 1362 vir
1462 1306 1650 1361 beata:
1708 1301 1998 1359 memoria:

349 1393 654 1463 quemdam
678 1393 748 1449 de
783 1392 1170 1449 nobilioribus
1194 1397 1504 1460 astantem,
1535 1395 1596 1448 ut
1659 1388 2000 1448 sumcretli-

347 1497 556 1550 gneum
581 1480 723 1537 illud
759 1481 1232 1549 instrumentum,
1259 1485 1315 1536 et
1351 1485 1695 1536 caementum
1729 1477 1899 1547 collo,
1929 1481 1992 1533 ut

351 1569 526 1625 moris
549 1573 660 1639 est,
676 1570 1031 1626 subveheret
1049 1569 1388 1626 ammonuit.
1411 1567 1660 1634 Quicum
1685 1567 1998 1623 erubesce-

352 1664 462 1724 ret,
489 1664 545 1714 et
573 1658 696 1714 suis
729 1657 783 1714 id
810 1657 1104 1714 natalibus
1124 1657 1504 1728 incongruum
1529 1653 1998 1724 adstrueret,vir

1307 287 1675 359 HUGONIS
1716 283 2065 356 ABBATIS
2106 282 2798 352 FLAVINIACENSIS

3649 289 3760 351 208

2177 424 2228 473 8.
2262 417 2544 474 Edifleata
2568 417 2747 486 igitur
2767 431 2908 473 nova
2929 417 3197 475 :eeclesia
3215 419 3422 490 inajorl
3447 419 3671 476 ambitu
3707 427 3760 477 et

2107 505 2449 576 elegantiori
2475 519 2676 576 opere,
2705 505 3103 562 necessarium
3132 505 3238 563 fuit
3257 511 3314 564 ut
3349 523 3602 579 corpora
3624 523 3752 578 quo-

2108 596 2348 652 rundam
2373 598 2704 650 sanctorum
2728 593 3068 664 pontificum
3094 596 3479 652 transmutari
3523 597 3752 654 debuis-

2109 689 2257 738 sent.
2295 685 2448 738 'l‘une
2483 697 2698 752 corpus
2722 681 2904 736 sancti
2931 681 3213 738 Madclvci
3240 684 3648 756 incorruptum
3683 702 3760 742 re-

2111 775 2337 843 pertum
2368 775 2477 839 est,
2511 775 2570 826 et
2593 769 2648 825 in
2679 769 2867 840 crip'a
2895 774 3116 826 sancta:
3143 772 3335 828 Mariae
3365 775 3477 829 sub
3509 773 3684 830 altari
3709 775 3758 832 iu

2109 876 2248 915 vase
2266 873 2588 914 marmoreo
2602 859 2878 915 decenter
2895 874 2955 914 re
2967 859 3402 930 positum.‘l‘une
3416 862 3596 918 etiam
3616 863 3753 919 facta

2109 954 2199 1002 (st
2227 946 2534 1002 tran~lati)
2567 947 2811 1002 duorum
2837 947 3248 1018 episcoporum
3292 949 3513 1006 llildini
3538 956 3600 1007 et
3637 954 3758 1007 ttat-

2113 1036 2266 1091 tonis
2299 1037 2488 1090 Nonas
2510 1035 2656 1102 Maii,
2683 1038 2741 1089 et
2761 1035 2828 1090 ad
2857 1035 3158 1090 dexteram
3181 1037 3754 1108 crucismonasterii,

2110 1124 2180 1178 ad
2197 1123 2496 1178 dexteram
2513 1121 2737 1178 scilicet
2754 1121 2960 1178 altaris
2977 1127 3164 1178 sancti
3182 1124 3466 1182 Johannis
3487 1127 3756 1197 baptista:

2110 1211 2316 1282 positze
2338 1215 2472 1267 sunt
2490 1225 2690 1266 eorum
2715 1210 2996 1281 reliquiae.
3016 1213 3033 1280 (
3057 1213 3187 1268 Vita
3207 1213 3530 1284 Richter/li,
3548 1217 3760 1286 8.)Cor-

2109 1314 2218 1372 pus
2249 1303 2439 1355 autem
2469 1299 2658 1355 domni
2689 1297 3369 1371 Bercngeriicpiscopiet
3393 1303 3668 1358 monachi
3710 1304 3756 1358 in

2109 1388 2373 1458 ingressu
2399 1387 2644 1443 claustri
2671 1393 2861 1442 tamen
2887 1388 3034 1443 intra
3076 1389 3494 1446 monasterium
3561 1406 3756 1462 reper-

2108 1481 2252 1545 tum,
2281 1475 2676 1547 incorruptum
2696 1475 2988 1531 inventum
3015 1481 3128 1546 est,
3151 1484 3405 1548 excepto
3423 1479 3575 1550 pede
3600 1480 3758 1550 quiin

2110 1563 2224 1618 vita
2245 1561 2368 1631 ejns
2384 1562 2560 1629 aruit;
2580 1566 2638 1617 et
2661 1561 2858 1618 cas-ila
2883 1577 3011 1618 cum
3030 1563 3314 1621 sandaliis
3329 1567 3402 1622 ab
3421 1565 3553 1636 ejus
3573 1583 3766 1640 corpoo

2110 1665 2172 1706 re
2196 1651 2497 1706 abstracta
2519 1655 2628 1719 est,
2655 1649 2793 1706 etin
2821 1650 3118 1708 thesauris
3160 1653 3450 1710 {ecclesiae
3473 1669 3613 1710 cum
3641 1655 3764 1712 reli-

352 1746 698 1803 mitissimus
729 1746 960 1802 cervice
996 1746 1304 1818 subposita
1335 1744 1488 1816 quod
1515 1743 1999 1814 rogabatprimus
2026 1770 2079 1830 Β
2109 1738 2264 1809 quiis
2290 1737 2800 1810 reposita.Corpus
2815 1753 2954 1794 vero
2994 1738 3123 1809 ejus
3175 1741 3616 1799 sanctissimum
3676 1759 3762 1799 su-

351 1835 631 1906 implevit.
652 1834 778 1900 (fol.
795 1834 924 1906 76’).
947 1837 1025 1891 Ae
1043 1834 1253 1890 deinde
1276 1831 1763 1905 porrectojuveni
1783 1831 2000 1888 instru-

349 1930 544 1980 mento
575 1924 800 1992 eodem,
821 1940 924 1980 suo
939 1921 1420 1994 docuitexemplo
1435 1927 1500 1979 ut
1521 1921 1776 1978 disceret
1807 1919 1996 1976 facere

349 2013 501 2083 quod
521 2013 734 2068 fecerat
761 2027 956 2068 comes
977 2011 1212 2068 comitis
1227 2010 1406 2081 ﬁlius,
1425 2025 1533 2066 nec
1547 2009 1928 2066 erubesceret
1948 2007 1998 2062 si

347 2101 397 2155 ei
431 2101 863 2173 improbaretur
906 2101 1120 2157 factum
1173 2099 1330 2170 quod
1390 2103 1688 2155 constaret
1743 2097 1815 2151 ab
1875 2096 2000 2166 ipso

353 2189 642 2260 quondam
658 2188 874 2244 comite
891 2187 1504 2259 primitusaetitatum.
1533 2184 1783 2240 Sedcbat
1807 2189 2000 2239 autem

353 2277 596 2346 quadam
623 2275 890 2332 dieidem
921 2276 1012 2330 vir
1036 2273 1433 2331 memorabilis
1485 2273 1538 2328 in
1597 2272 1846 2342 coquina
1900 2271 2004 2328 fra-

355 2363 826 2435 trum,etoperis
871 2363 1166 2434 quippiam
1209 2363 1546 2429 exercebat,
1590 2359 1871 2417 scutellas
1909 2361 2006 2415 ab-

359 2452 523 2508 luens
550 2455 756 2518 etvasa
784 2437 894 2508 alia
913 2452 1230 2518 inundans;
1254 2465 1383 2506 cum
1402 2463 1538 2505 ecce
1553 2449 1622 2504 ad
1641 2448 1855 2504 ostium
1873 2463 2007 2518 quo-

357 2540 546 2612 quinze
567 2515 917 2622 Go‘defridus
933 2538 1052 2595 dux
1073 2515 1395 2608 fraterejus
1424 2537 1744 2596 adveniens
1782 2515 2005 2593 aditum

359 2629 728 2698 precabatur.
763 2628 864 2684 Cui
915 2642 1042 2684 eum
1062 2627 1392 2698 aperuisset
1421 2641 1570 2683 unus
1610 2625 2006 2682 ministrorum

357 2717 453 2786 qui
473 2717 620 2772 forte
636 2715 1454 2786 aderat,vidensduxfratrem
1477 2730 1639 2772 suum
1656 2713 1817 2784 operi
1834 2718 2007 2784 cepto

362 2804 960 2876 izisfstentetn,capitc
983 2802 1264 2860 inclinato
1295 2808 1355 2858 et
1385 2803 1652 2858 alludens
1686 2801 1757 2858 ad
1801 2815 2007 2857 nomen

355 2893 585 2948 comitis
606 2913 626 2948 .·
647 2895 777 2951 Non
801 2893 1046 2963 deceret,
1072 2892 1178 2963 ait,
1195 2892 1461 2950 comitem
1483 2892 1640 2949 talia
1637 2893 1872 2964 facere,
1895 2904 2012 2946 non

354 2983 506 3038 enim
525 2981 646 3039 sibi
657 2997 866 3039 conten
877 2981 1009 3038 iant
1020 2983 1263 3038 nomine
1277 2981 1332 3038 et
1344 2980 1532 3050 actus,
1549 2979 2011 3050 ezobililasgeae-

352 3071 442 3126 eis
479 3069 538 3125 et
567 3070 818 3127 «sibilia
867 3069 1083 3140 operis.
1140 3071 1396 3139 Cutnque
1445 3069 1850 3137 egrederetur,
1912 3066 2010 3123 ille

354 3158 746 3228 egredientem
789 3159 1213 3228 subsequutus,
1266 3160 1434 3210 nacta
1490 3154 1893 3226 oportunitate
1932 3153 2012 3210 lo-

357 3246 693 3316 quendi,sie
710 3245 788 3300 ait
811 3245 976 3300 fratri
1007 3263 1018 3300 :
1047 3243 1417 3315 Optime,ait,
1446 3243 1853 3315 prosequutus
1885 3256 2009 3312 es,o

357 3335 668 3406 (inmania
704 3335 878 3390 tanta
898 3333 1271 3404 estdignitas
1289 3333 1686 3406 lmjnsoﬁeii,
1735 3331 1792 3387 et
1806 3331 2010 3388 tantus

357 3424 556 3480 σπειιί
575 3421 938 3494 inpenditur,
967 3421 1172 3478 beatus
1193 3421 1425 3478 scilicet
1437 3421 1654 3477 Petrus
1685 3421 2006 3492 apostolus,

358 3511 676 3568 rtsaurtus
696 3511 996 3582 confessor
1021 3508 1456 3580 i’itomtsyaoi
1482 3521 1584 3565 nec.
1618 3521 1708 3564 ne
1737 3509 2013 3580 congruit

353 3616 384 3671 γ.
398 3597 671 3668 areitati,
698 3599 1129 3670 utpreesamam.
1142 3596 1226 3654 ad
1238 3597 1346 3654 lioc
1360 3597 1448 3654 eis
1463 3595 1814 3653 exibenimn
1830 3597 2009 3668 quasi

355 3706 385 3757 γ.
397 3701 462 3744 ro
476 3685 790 3743 nobilitate
797 3687 1038 3757 generis
1071 3685 1191 3742 mei
1211 3699 1354 3755 meo
1373 3684 1544 3742 tanta
1557 3685 1649 3742 est
1692 3683 2009 3742 humilitas

357 3789 506 3844 mea,
530 3773 924 3833 atmerearab
937 3776 1024 3832 eis
1037 3775 1100 3831 in
1113 3773 1476 3845 illorumqui
1497 3771 1800 3843 lioeoﬂcio
1835 3771 2009 3843 (tigni

358 3864 953 3922 liabeiitaroonsortio
966 3863 1270 3936 deputari.
1297 3864 1476 3918 Tanta
1505 3865 1789 3918 erattunc
1821 3858 2011 3930 abjec-

359 3949 1507 4025 tiaetsuimetdcspectioinanimaillius
1545 3949 1752 4021 ﬁdelis,
1787 3953 1850 4006 ut
1882 3947 2010 4019 ejus

360 4041 1115 4114 humilitaspraedicaretur,
1141 4045 1199 4097 et
1251 4039 1534 4096 miraculo
1578 4042 1736 4095 esset
1775 4037 2009 4094 eunetis

359 4131 754 4200 quin-overant
774 4128 1546 4198 nobilitatemgenerisejus.
1593 4128 1728 4184 Nam
1773 4141 2010 4184 cumse-

359 4217 525 4272 derct
549 4216 795 4288 quadam
815 4215 940 4272 vice
965 4215 1255 4288 privatus,
1278 4219 1596 4272 etncccsse
1636 4220 1795 4272 esset
1815 4213 1867 4270 ei
1894 4213 2010 4270 eal-

357 4303 816 4360 ccoscxtrahere
853 4301 1172 4374 quidamde
1189 4301 1496 4371 fratribus,
1537 4317 1708 4373 quem
1754 4301 1882 4374 ipse
1922 4317 2012 4358 se-

363 4409 486 4449 nem
503 4392 618 4447 vidi
641 4396 698 4448 et
723 4406 753 4448 a
777 4407 891 4464 quo
907 4390 1188 4464 puerulus
1208 4390 1316 4447 ista
1332 4390 1552 4460 audivi,
1605 4391 1895 4447 Johannes
1915 4405 2012 4447 no-

2111 1827 2310 1900 perius
2325 1841 2526 1883 versus
2539 1825 2831 1883 cancellos
2848 1827 3009 1884 chori
3028 1832 3486 1888 transmutatum
3513 1837 3636 1902 est,
3681 1848 3765 1888 ca-

2111 1915 2234 1972 sula
2254 1931 2395 1971 nova
2411 1917 2467 1970 et
2484 1914 2761 1972 sandaliis
2776 1917 3014 1972 honeste
3032 1922 3351 1987 procurati;
3366 1935 3440 1989 :n,
3458 1925 3518 1975 e‘.
3536 1936 3572 1976 e
3585 1921 3760 1989 regio-

2111 2020 2179 2061 ne
2197 2004 3345 2076 scpulehrialtaresanctiFirmini,quod
3390 2008 3590 2080 ipsius
3630 2013 3763 2066 tem-

2114 2093 2728 2166 poreabeoinventum
2759 2097 2872 2163 est,
2917 2094 3194 2164 positum.
3240 2097 3309 2152 At
3353 2111 3492 2153 vero
3549 2113 3762 2170 corpus

2113 2181 2306 2238 domui
2329 2181 2579 2237 Dadonis
2593 2181 2848 2252 episcopi
2868 2182 3152 2251 eregiane
3194 2182 3446 2240 duorum
3491 2201 3679 2258 supra
3690 2187 3761 2242 di-

2111 2275 2338 2326 ctorum
2360 2270 2692 2342 pontificum
2708 2270 2778 2326 ad
2803 2271 3000 2328 laevam
3021 2271 3250 2328 scilicet
3265 2275 3465 2362 crucis
3483 2281 3766 2333 monaste-

2116 2358 2182 2414 rii
2200 2357 2269 2413 ad
2285 2358 2577 2414 sinistram
2595 2365 2818 2430 partem
2833 2359 3038 2416 altaris
3051 2361 3236 2417 sancti
3251 2357 3477 2418 Martini
3498 2364 3767 2422 honorifi-

2115 2445 2554 2503 ccrcconditum
2588 2453 2700 2502 est.
2744 2446 3123 2520 Reliquorum
3170 2463 3310 2510 vero.
3346 2451 3764 2526 episcoporum

2115 2535 2525 2608 corporainfra
2543 2535 3196 2606 chortuncontincntur,
3230 2541 3286 2596 et
3303 2539 3568 2612 desuper
3609 2544 3764 2599 tabu-

2117 2626 2192 2680 lat
2209 2641 2296 2681 um
2318 2625 2390 2680 de
2405 2624 2696 2696 lapidibus
2710 2626 2962 2682 sectiset
2979 2627 3284 2697 quadratis
3301 2629 3520 2685 factum
3539 2637 3657 2688 est.
3677 2632 3764 2688 At-

2117 2713 3004 2785 tamenquinqueepiscoporum
3044 2731 3291 2787 corpora
3323 2718 3544 2776 subtus
3589 2719 3765 2792 pulpi-

2119 2808 2262 2870 tum,
2282 2817 2394 2872 quo
2415 2802 2792 2872 {evangelium
2811 2803 3114 2870 recitatur,
3153 2805 3445 2861 contineri
3487 2821 3520 2861 a
3571 2808 3763 2865 multis

2120 2891 2470 2960 audivimus,
2513 2907 2754 2961 qutmun
2806 2893 3240 2950 tamennomina
3283 2910 3397 2950 non
3467 2901 3576 2952 ten
3621 2913 3759 2954 mus.

2121 2981 2264 3051 (Fel.
2282 2982 2395 3050 7'7.)
2421 2979 2710 3050 l‘ulpilum
2729 2983 3288 3040 autcuucreercbris
3311 2984 3759 3043 tunsionibusiu

2121 3066 2726 3138 laminastabulasque
2760 3069 3068 3140 producto,
3113 3075 3173 3126 et
3218 3071 3506 3128 deaurato
3556 3075 3760 3132 factum

2119 3173 2249 3214 esse
2265 3162 2497 3214 constat
2536 3173 2595 3214 sa
2608 3158 2681 3214 tis
2696 3163 2966 3214 accurate
2981 3159 3372 3231 eteleganter,
3390 3166 3453 3215 et
3475 3177 3586 3233 per
3609 3168 3675 3220 l2
3691 3166 3765 3220 ta-

2122 3247 2308 3316 bulas,
2354 3246 2848 3317 t'Zprophetarum
2897 3246 3195 3318 imagines,
3241 3251 3306 3304 1'2
3357 3251 3762 3320 apostolorum

2121 3335 2816 3403 formassubvehentium,
2870 3335 3196 3406 sculptorio
3241 3341 3297 3391 et
3344 3337 3624 3405 polimito
3657 3341 3762 3410 (86)

2118 3438 2295 3495 opere
2316 3428 2570 3480 exaratze
2601 3431 2754 3480 sunt.
2772 3425 2840 3479 Et
2861 3423 2962 3479 hcc
2978 3424 3210 3494 quidem
3255 3424 3324 3481 ad
3340 3426 3763 3484 occidentalem

2121 3511 2456 3583 partem,ad
2473 3511 2712 3566 dorsum
2729 3511 2958 3568 scilicet
2988 3513 3269 3569 stantium
3313 3519 3374 3569 et
3407 3517 3763 3582 canentium,

2121 3601 2326 3672 positae
2344 3603 2498 3655 sunt.
2529 3602 2600 3655 At
2615 3615 2754 3655 vero
2769 3601 2838 3656 ad
2854 3601 3388 3672 septemtrionalem
3409 3604 3444 3657 4
3459 3603 3763 3661 ﬂuviorum

2119 3688 2430 3760 speciesde
2447 3688 2718 3759 paradiso
2736 3689 3126 3746 emanantium
3168 3689 3224 3746 in
3249 3693 3284 3745 4
3315 3691 3598 3762 partibus
3637 3692 3742 3750 emi

2119 3781 2274 3833 nent.
2297 3777 2355 3831 In
2369 3791 2572 3848 gyrum
2591 3780 2803 3846 autem,
2822 3791 2936 3848 quo
2959 3776 3262 3848 zemagelii
3287 3779 3584 3837 recitator
3613 3785 3765 3838 stans

2116 3865 2784 3934 obumbratur,Abraha3
2803 3866 2914 3921 oil‘e
2951 3866 3324 3934 entislilium,
3371 3867 3760 3940 Abelagnum,

2118 3952 3533 4026 Isaaebenedicentis,etlacobsupplantantis,et
3579 3957 3762 4015 Tobiae

2118 4040 2478 4114 sepelieutis,
2495 4044 2550 4096 et
2571 4042 2750 4098 David
2772 4043 3413 4115 manufortisimagines
3437 4060 3762 4114 agnoscun-

2120 4133 2239 4201 tur,
2263 4129 2627 4202 similiopcre
2641 4131 2990 4202 eompilatze.
3008 4132 3067 4187 ln
3091 4131 3236 4188 faeie
3278 4137 3477 4189 autem
3499 4133 3764 4191 dominus

2117 4220 2285 4276 Jesus
2316 4219 2930 4290 inthrouomajcstatis
2961 4220 3243 4290 residens,
3282 4221 3540 4293 etVix-go
3559 4227 3758 4290 mater,

2119 4311 2178 4364 et
2217 4307 2781 4379 BaptistaJohanncs
2806 4323 2936 4366 cum
2979 4311 3012 4365 4
3050 4309 3448 4380 aevangelistis
3494 4314 3756 4384 apparet.

2120 4398 2302 4454 Porro
2319 4395 2782 4468 dextralevaque
2817 4397 3042 4454 Domini
3075 4397 3266 4469 angeli
3307 4402 3364 4454 et
3430 4397 3761 4470 archangeli

360 4476 528 4551 mine,
549 4481 936 4554 procumbens
952 4496 1082 4537 cum
1100 4478 1348 4536 velletei
1369 4493 1474 4550 pro
1491 4477 1740 4536 caritate
1764 4478 2006 4550 servire,
2038 4510 2091 4570 Β
2125 4500 2250 4543 cum
2267 4484 2556 4542 Cherubin
2576 4489 2632 4542 et
2655 4486 2934 4559 Seraphin
2980 4485 3355 4558 Redemptori
3415 4488 3760 4560 obsequium

357 4591 370 4626 t
400 4572 752 4643 Ι›,ιιι›ρευριις
771 4575 827 4628 ct
865 4569 1110 4643 quadam
1129 4567 1404 4639 religiosa
1429 4566 1820 4625 obstinatione
1841 4569 2010 4624 obse-

357 4661 551 4731 quium
577 4661 704 4732 ejus
735 4661 1002 4732 recipere
1029 4657 1256 4728 nolens,
1284 4647 1584 4730 prohibuit
1617 4672 1746 4714 cum
1779 4656 2006 4714 dicens:

361 4740 519 4807 (eniti
534 4743 685 4805 milii
701 4741 963 4814 prodest,
976 4739 1192 4813 frater
1206 4739 1456 4796 [tonores
1467 4737 1654 4794 seculi
1666 4736 2013 4808 reliquisse;

353 4823 407 4877 si
424 4823 574 4893 α]ὂά
584 4823 778 4880 tribas
790 4821 1034 4892 obsequi
1044 4835 1157 4888 am,
1179 4819 1341 4891 quod
1352 4817 1692 4874 habuissem
1710 4819 1772 4874 in
1794 4815 2007 4885 seculo,

355 4915 484 4956 etim
499 4917 611 4957 non
622 4905 677 4959 si
685 4903 963 4970 tnecesse,
981 4901 1210 4970 accipio
1227 4905 1253 4955 7
1272 4897 1385 4964 Qui
1409 4898 1492 4954 ad
1510 4897 1618 4953 lzoe
1652 4895 1870 4953 teniat
1893 4909 2012 4954 ser-

355 4995 387 5034 e
419 4997 534 5045 (ειη,
574 4983 882 5038 servitium
921 4981 1081 5051 quod
1110 4994 1228 5035 non
1261 4977 1504 5048 expedit
1539 4975 1822 5048 quomodo
1860 4975 2012 5032 acci-

349 5061 546 5131 pia-ni?
569 5061 650 5115 lta
679 5061 900 5124 dicens,
924 5060 1124 5115 fratris
1145 5055 1428 5130 repressit
1444 5055 1715 5123 animum,
1737 5053 2011 5110 dansom-

359 5138 530 5192 nibus
549 5139 860 5194 maximum
886 5138 1181 5208 patientim
1206 5142 1262 5192 et
1286 5133 1638 5192 humilitatis
1658 5139 1717 5188 ct
1761 5133 2009 5191 vilitatis

358 5213 706 5286 appetendze
733 5214 1166 5272 documentum.
1205 5217 1322 5270 llec
1373 5213 1428 5268 iu
1482 5217 1852 5281 transcursu,
1903 5228 2008 5284 pro

358 5293 776 5348 iulzotcscenda
802 5293 1070 5348 munibus
1097 5296 1282 5349 heatze
1300 5293 1512 5348 mentis
1555 5290 1903 5362 abjectionc,
1927 5292 2010 5347 (li-

355 5379 511 5428 ctuxu
537 5372 615 5428 sit
651 5389 664 5438 ;
691 5387 840 5425 nunc
867 5371 936 5424 ad
965 5373 1221 5429 erdltiem
1239 5373 1321 5427 rei
1341 5373 1641 5428 flectamus
1673 5371 2002 5428 articulum.

2120 4573 2418 4630 exhibent.
2437 4575 2887 4632 lnstrumentum
2902 4591 3040 4632 vero
3055 4573 3197 4631 illud
3217 4574 3374 4646 quod
3393 4581 3668 4648 paratum
3682 4578 3763 4632 est

2121 4661 2381 4734 receptui
2406 4669 2606 4720 textus
2633 4662 2959 4734 zevaugolii,
2983 4663 3274 4720 Iohannes
3297 4665 3684 4736 zevangclista
3715 4663 3761 4718 in

2119 4749 2502 4807 similitudine
2516 4749 2724 4821 aquilae
2749 4749 3277 4806 volantisadornat.
3304 4750 3365 4806 in
3380 4767 3484 4807 ora
3502 4757 3697 4809 autem
3711 4752 3760 4804 et

2120 4838 2455 4895 summitate
2486 4837 2962 4910 operisversibus
2983 4839 3302 4894 exametris
3340 4855 3487 4896 auro
3519 4836 3764 4910 digestis

2120 4927 2306 5000 patris
2330 4925 2599 4984 Riehardi
2615 4927 2849 4983 devotio
2869 4943 3089 4984 summa
3107 4931 3366 4984 notatur.
3405 4929 3764 5001 Propiciato-

2122 5018 2266 5074 rium
2285 5031 2422 5072 sane
2461 5021 2797 5073 sanctorum
2845 5021 3130 5074 exornant
3180 5031 3455 5088 corpora,
3521 5031 3760 5089 quorum

2121 5105 2346 5163 meritis
2367 5106 2533 5162 lloret
2555 5105 2842 5162 meclesia.
2869 5105 2938 5162 Et
2953 5103 3008 5160 in
3025 5102 3214 5160 medio
3234 5104 3472 5174 quidem
3489 5105 3611 5162 alto
3627 5103 3762 5160 satis

2119 5199 2174 5252 et
2205 5194 2554 5266 prominenti
2587 5193 2824 5266 cyborio
2851 5196 3089 5249 sanctus
3111 5191 3360 5263 quiescit
3384 5193 3641 5250 Vitonus
3683 5205 3762 5246 rc-

2119 5282 2359 5338 dimitus
2385 5283 2787 5338 frontemaui'o
2818 5281 3130 5354 purissimo
3161 5285 3219 5336 et
3251 5281 3501 5349 gemmis
3550 5278 3754 5352 pretio-

2120 5371 2388 5441 sissimis,
2423 5371 2635 5441 quibus
2649 5370 3020 5428 concluditur
3035 5370 3309 5439 majestas
3339 5368 3444 5429 Dei
3459 5368 3760 5426 incircum-

1945 5484 2168 5543 NOTAE.

427 5585 540 5658 (δό)
576 5582 876 5655 Hodieque
909 5579 1093 5640 Uallis
1113 5583 1333 5644 oisecm.

2185 5583 2688 5658 (86)multicclore.
