3894 6320
134 391 239 451 209

1353 379 1855 449 CHRONICON.
1891 416 1965 427 —
1997 381 2156 465 1.13.
2188 381 2263 445 ιι.

3396 384 3515 447 210

131 525 330 595 scripta
362 528 419 578 et
452 523 1071 593 iuremprehensibilis,
1107 524 1326 579 habens
1349 522 1419 578 ad
1444 520 1741 574 dexteram
1777 512 1828 573 A
1861 514 2341 588 archiepiscopus
2367 516 2559 587 petiit,
2587 521 2646 571 et
2670 517 2943 588 optinuit,
2971 520 3027 571 et
3057 531 3326 573 reversus
3349 518 3512 574 Colc-

133 612 272 668 beati
303 611 475 680 Petri,
501 615 558 666 ct
594 612 663 667 ad
693 610 877 667 levam
909 610 1171 680 ejusdem
1206 612 1360 667 beati
1386 607 1577 665 Vitoni
1603 621 1745 663 auro

129 701 504 772 prominentes
538 700 816 770 imagines
849 716 1026 771 opere
1054 701 1235 756 factas
1259 696 1577 766 czelatorio,
1605 710 1748 765 quas

128 789 366 845 ambiunt
389 788 655 845 colunnzn
677 788 744 823 ²⁸³
767 804 838 844 ex
859 788 1084 844 electro
1111 787 1424 859 purissimo
1446 800 1574 841 cum
1599 783 1749 839 basi-

130 879 227 933 hus
247 878 535 948 argenteis
550 882 674 933 arte
692 877 847 933 fusili
862 882 920 933 et
936 876 1189 947 anaglifo
1210 876 1532 947 producta}.
1551 876 1746 944 Ipsum

130 980 341 1035 quoque
367 966 666 1037 cyborium
692 965 996 1023 dominicae
1018 963 1495 1033 resurrectionis,
1523 960 1751 1033 appari-

126 1053 287 1109 tionis
315 1057 373 1109 et
406 1052 771 1110 admirabilis
814 1053 1177 1109 ascensionis
1226 1066 1403 1123 Opere
1449 1049 1749 1106 caelator-io

129 1142 398 1211 protensis
426 1142 752 1197 adornatur
775 1142 1060 1211 insigniis,
1088 1142 1305 1196 habens
1326 1144 1460 1195 ante
1484 1153 1543 1194 se
1562 1137 1748 1193 altare

125 1236 391 1285 sacratum
415 1230 470 1285 in
498 1230 721 1286 honore
745 1230 934 1286 sancti
960 1229 1151 1284 Vitoni
1176 1233 1232 1284 et
1249 1228 1503 1284 omnium
1528 1226 1749 1282 confes-

126 1333 303 1373 sorum
325 1337 337 1372 :
359 1318 428 1373 ad
453 1317 643 1373 levam
668 1322 860 1374 autem
895 1317 1081 1373 altare
1113 1321 1405 1374 sacratum
1438 1316 1493 1371 in
1528 1316 1746 1370 honore

129 1406 297 1462 sancti
328 1406 662 1463 Pulchrouii
692 1411 749 1462 et
777 1407 1031 1463 omnium
1062 1411 1401 1476 martyrum,
1438 1405 1656 1460 habens
1688 1407 1744 1459 et

127 1494 293 1565 ipsum
322 1510 483 1551 suum
506 1495 832 1565 cyborium,
856 1510 970 1565 quo
1002 1495 1339 1551 continetur
1360 1508 1576 1564 corpus
1598 1492 1749 1562 ejus-

123 1582 238 1637 dem
269 1582 416 1638 beati
449 1582 811 1654 Pulchrouii,
835 1597 978 1639 auro
1010 1587 1071 1639 et
1096 1587 1338 1653 argento
1362 1582 1703 1637 decoratum
1732 1600 1744 1635 :

124 1685 279 1740 porro
309 1670 375 1725 ad
406 1670 711 1726 dexteram
745 1669 930 1727 altare
962 1671 1019 1726 in
1051 1670 1269 1727 honore
1301 1669 1486 1727 sancti
1511 1671 1746 1724 Posses-

121 1758 259 1813 soris
288 1759 553 1828 habetur,
588 1762 649 1814 et
696 1759 947 1815 omnium
986 1759 1291 1829 virginum,
1326 1772 1455 1815 cum
1487 1757 1743 1828 cyborio,

1859 604 2009 660 uiam
2040 604 2269 661 detulit.
2308 605 2516 660 Fuerat
2551 608 2745 660 autem
2780 620 2908 660 cum
2943 620 3013 660 eo
3047 603 3102 660 in
3133 606 3509 677 expeditione

1860 692 1984 763 ipsa
2008 692 2240 762 quidam
2264 691 2391 760 ejus
2415 692 2911 763 consanguineus,
2938 692 3205 749 dominus
3226 694 3407 750 castri
3439 695 3511 750 de

1861 778 2255 836 Commarccio
2280 781 2409 848 v.88),
2438 783 2495 833 et
2520 778 2699 835 multa
2723 794 2895 850 prece
2917 779 3173 836 obtinuit
3200 782 3271 836 ab
3294 796 3362 837 eo
3387 782 3513 837 bra-

1859 867 2050 924 chium
2076 867 2341 939 corporis
2364 868 2551 923 sancti
2572 867 2970 936 Pantaleouis,
2989 869 3140 938 quod
3158 869 3286 925 etin
3311 871 3510 925 .eccle-

1861 955 1945 1011 sia
1973 956 2198 1027 przet'ati
2225 956 2405 1011 castri
2432 955 2714 1026 reposuit.
2734 955 2996 1012 Evolutis
3020 957 3388 1027 postmodum
3410 958 3512 1013 ali~

1860 1047 1997 1114 quot
2032 1044 2217 1113 annis,
2250 1045 2556 1099 obsessum
2589 1049 2681 1100 est
2712 1049 2973 1100 castrum
3009 1045 3218 1116 ipsum,
3241 1051 3298 1101 ct
3349 1061 3511 1102 ever-

1859 1147 1984 1188 sum
2043 1137 2218 1202 atque
2273 1145 2636 1188 succensum.
2701 1134 2957 1202 Cumque
3039 1134 3260 1189 ﬂamma
3339 1135 3511 1191 tectis

1860 1220 2144 1277 mcclesiae
2176 1220 2540 1291 illaberetur,
2567 1225 2626 1276 et
2648 1220 3002 1277 victricibus
3024 1221 3508 1291 globisinteriora

1859 1309 2143 1365 aacclesim
2193 1309 2500 1379 lamberet,
2546 1308 2753 1366 dolens
2807 1310 3084 1367 sacerdos
3144 1312 3215 1367 de
3274 1313 3511 1368 combu-

1861 1398 2053 1454 stione
2088 1401 2428 1453 sanctarum
2462 1396 2867 1469 reliquiarum,
2891 1398 3119 1475 cuidam
3152 1404 3509 1456 armatorum

1861 1492 1925 1543 ut
1958 1485 2284 1543 :ecclesiam
2328 1486 2741 1555 ingrederetur
2771 1491 2829 1542 et
2862 1486 2933 1543 de
2967 1501 3146 1558 super
3176 1487 3346 1544 altari
3378 1487 3513 1544 reli-

1863 1574 2031 1644 quias
2063 1574 2316 1644 tolleret,
2342 1574 2714 1645 significavit.
2752 1575 2859 1642 Qui
2896 1591 3027 1631 mox
3060 1576 3386 1646 ingressus,
3421 1592 3509 1633 re-

1861 1662 2074 1734 liquias
2108 1662 2237 1719 tulit
2270 1667 2328 1719 et
2363 1663 2669 1735 reposuit;
2703 1667 2760 1719 et
2790 1679 2924 1720 cum
2958 1663 3036 1719 ibi
3070 1664 3301 1721 adesset
3324 1666 3507 1721 abbas

1862 1753 1951 1822 R.,
2000 1752 2295 1809 brachium
2347 1752 2538 1808 sancti
2593 1758 2884 1823 praesente
2936 1753 3264 1824 presbitero
3312 1768 3505 1810 marca

122 1861 224 1916 quo
240 1862 448 1918 corpus
471 1846 604 1916 ejus
627 1846 984 1917 continetur,
1001 1845 1741 1919 similiopereadornatum.
1778 1865 1831 1925 Β
1863 1841 2090 1911 argenti
2117 1841 2170 1896 ei
2203 1841 2465 1899 vendidit
2492 1859 2506 1909 ;
2540 1840 2696 1911 quod
2729 1842 2974 1897 domnus
3002 1841 3125 1913 ipse
3157 1857 3287 1898 cum
3322 1842 3505 1898 sciret

123 1932 302 1990 Altare
330 1949 470 1990 vero
503 1934 693 2004 majus
725 1935 780 1992 in
814 1934 1032 1991 honore
1062 1935 1247 1991 sancti
1278 1933 1433 1990 Petri
1459 1934 1748 2005 apostolo-

124 2038 235 2078 rum
257 2022 533 2094 priucipis
551 2027 846 2079 sacratum
871 2027 957 2079 est
986 2024 1062 2079 ob
1079 2021 1446 2094 privilegium
1460 2020 1745 2078 :ecclesize

121 2109 302 2180 ipsius,
337 2126 465 2181 quae
516 2111 734 2182 priscis
782 2112 1148 2183 temporibus
1194 2110 1249 2166 in
1294 2110 1509 2166 honore
1557 2109 1746 2180 ipsius

120 2199 345 2270 apostoli
376 2205 435 2255 et
470 2201 628 2255 facta
660 2203 717 2254 et
742 2204 1085 2256 consecrata
1110 2203 1217 2255 est.
1242 2200 1388 2255 Ante
1416 2198 1523 2254 hoc
1547 2196 1745 2254 tabula

121 2284 347 2343 habetur
368 2301 568 2354 aurea,
591 2301 736 2344 auro
761 2287 975 2344 mundo
998 2294 1057 2343 et
1084 2287 1402 2359 purissimo
1424 2292 1484 2342 et
1506 2286 1748 2355 gemmis

122 2374 550 2445 preciosissimis
583 2375 934 2431 densissime
965 2380 1256 2445 conserta,
1290 2390 1469 2450 Opere
1500 2374 1745 2430 mirifico

121 2468 172 2517 ct
199 2469 314 2519 arte
343 2464 628 2521 celatoria
656 2466 825 2533 facta,
848 2465 1166 2536 praeferens
1195 2463 1499 2533 imaginem
1521 2462 1746 2519 Domini

123 2550 325 2620 signqu
346 2553 541 2610 crucis
554 2552 817 2610 tenentis
831 2557 885 2607 ct
904 2567 1080 2623 super
1094 2552 1354 2623 aSpidem
1368 2556 1427 2608 et
1444 2552 1744 2608 basilicum

123 2640 464 2711 ambulantis,
482 2648 539 2697 et
559 2641 770 2698 dextra
788 2640 1031 2711 levaquc
1046 2641 1326 2711 imagines
1347 2640 1744 2711 apostolorum

125 2728 264 2783 Petri
284 2729 513 2786 etPauli
532 2729 800 2799 ejusdem
824 2729 1021 2800 operis
1039 2733 1097 2784 et
1125 2728 1363 2784 metalli.
1391 2728 1476 2785 Ad
1501 2744 1745 2799 quorum

124 2816 340 2886 vestigia
359 2818 836 2888 procumbentes,
857 2831 1133 2873 cerneres
1150 2816 1638 2887 imaginesdomni
1657 2833 1746 2889 pa-

122 2903 217 2960 tris
244 2906 501 2961 Richardi
534 2911 600 2964 et
632 2905 924 2962 Mathildis
951 2906 1125 2976 digne
1158 2906 1573 2976 memorabilis,
1609 2923 1745 2978 sup-

125 2990 284 3060 plices
298 3009 495 3051 manus
514 2993 852 3065 tendentes,
869 2998 925 3050 et
947 2994 1110 3065 quasi
1137 2998 1200 3050 ut
1223 2999 1385 3064 grata
1413 2994 1519 3050 hec
1541 3009 1742 3051 eorum

126 3079 381 3137 habeatur
437 3082 687 3152 oblatio,
725 3082 971 3139 alterius
1014 3097 1214 3150 censu,
1251 3081 1496 3138 alterius
1544 3081 1741 3139 studio

122 3166 271 3237 facta,
305 3170 729 3242 supplicantes.
765 3171 868 3242 (Cf.
906 3173 964 3226 C.
1014 3171 1174 3226 Vird.
1201 3170 1280 3241 9.)
1305 3172 1539 3226 Factum
1570 3176 1658 3226 est
1682 3175 1740 3226 et

120 3254 282 3312 altare
312 3259 701 3328 gestatorium
733 3272 804 3314 ex
827 3272 969 3315 auro
996 3258 1305 3329 purissimo
1329 3259 1576 3314 interius
1601 3259 1741 3314 mire

123 3342 473 3403 fabrefactum
525 3360 711 3417 opere
751 3346 1064 3417 consimili,
1098 3346 1296 3402 studio
1341 3352 1401 3401 et
1435 3346 1741 3415 largitione

120 3427 290 3485 domui
312 3432 915 3502 Ilerimanuicomitis,
934 3432 990 3487 in
1012 3432 1245 3488 modum
1265 3432 1595 3488 tabularum
1609 3448 1743 3489 cou-

121 3523 315 3574 sertum
335 3512 390 3575 et
425 3524 807 3592 conpactum,
828 3521 985 3591 quod
1006 3535 1137 3577 cum
1163 3521 1447 3592 aperitur,
1473 3526 1534 3576 et
1556 3521 1741 3577 altare

119 3609 215 3673 est,
243 3615 300 3661 et
330 3609 541 3665 tabulae
580 3608 946 3679 aperiuntur,
984 3609 1198 3679 quibus
1227 3608 1277 3664 si
1333 3623 1550 3665 moram
1586 3609 1743 3664 adhi-

121 3691 256 3762 beas,
283 3697 429 3765 quod
457 3701 548 3752 est
586 3696 1039 3752 instrumentum
1080 3696 1259 3768 Moysi
1292 3700 1348 3753 et
1384 3699 1572 3752 Aaron
1607 3696 1743 3752 ima-

121 3780 325 3848 ginibus
350 3783 698 3854 gloriosum,
726 3784 969 3854 ﬁguram
1002 3784 1306 3841 dominicte
1338 3785 1533 3841 crucis
1552 3786 1743 3855 expri-

122 3867 226 3923 mit.
243 3871 415 3927 Habet
429 3873 541 3929 hoc
557 3888 588 3928 a
609 3877 889 3943 quattuor
901 3871 1241 3928 cardinibus
1255 3877 1535 3943 quattuor
1557 3888 1744 3929 mvau-

120 3955 452 4031 gelistarum,
477 3960 752 4020 hominis.
769 3959 978 4028 leonis,
997 3961 1170 4031 tauri,
1188 3964 1245 4016 et
1271 3960 1480 4031 aquila:
1517 3962 1742 4033 species

122 4057 183 4098 ex
207 4055 436 4116 argento
476 4064 660 4121 opere
712 4048 885 4118 fusdi,
922 4049 1226 4121 praefatum
1275 4048 1460 4104 altare
1509 4055 1743 4120 portan-

125 4130 263 4203 tium,
294 4143 351 4192 et
378 4152 441 4193 se
472 4137 727 4193 invicem
760 4138 946 4193 versis
974 4137 1235 4193 vultibus
1267 4137 1733 4208 respicientium.

125 4220 285 4291 Super
312 4224 493 4295 ipsum
525 4239 670 4281 vero
693 4224 879 4281 altare
903 4225 1202 4282 brachium
1224 4226 1411 4282 sancti
1435 4227 1744 4283 Pantaleo-

124 4307 201 4364 nis
230 4313 452 4382 ponitur
484 4313 669 4386 pallio
702 4313 893 4370 serico
924 4312 1267 4382 involutum,
1293 4319 1352 4369 et
1377 4314 1532 4385 ligno
1566 4315 1745 4371 inclu-

127 4408 253 4467 sum,
283 4407 523 4472 argento
558 4407 620 4458 et
649 4417 792 4458 auro
825 4402 1184 4462 decoratum.
1212 4404 1364 4473 quod
1389 4403 1585 4459 attulit
1612 4419 1743 4461 tum

127 4497 347 4557 corpore
375 4490 644 4559 ejusdem
675 4506 706 4547 a
740 4490 1111 4546 Nichomedia
1138 4490 1500 4548 Coloniensis
1521 4493 1743 4563 cpisco-

129 4584 222 4638 pus
245 4577 367 4647 (87),
392 4583 704 4649 optentum
737 4578 890 4634 dono
918 4578 1547 4650 Coustantiuopolitani
1574 4580 1747 4651 impc-
1776 4564 1827 4623 D

131 4663 340 4732 ratoris,
375 4666 498 4736 (fol.
523 4667 662 4737 77’.)
694 4665 925 4736 quando
964 4682 1068 4737 pro
1098 4666 1224 4736 ejus
1256 4667 1374 4722 ﬁlia
1398 4667 1596 4724 Ottoni
1621 4671 1667 4724 ll
1692 4669 1746 4724 in

129 4751 467 4809 matrimonio
486 4754 787 4823 jungenda
805 4753 974 4823 jussu
989 4754 1247 4824 ejusdem
1264 4755 1495 4811 Ottonis
1508 4756 1575 4811 ad
1592 4771 1751 4812 cum-

126 4832 236 4892 dcm
257 4837 669 4912 imperatorem
694 4840 923 4910 legatus
947 4843 1283 4913 missusest,
1302 4860 1433 4901 cum
1454 4845 1749 4917 episcopis

128 4922 353 4999 duobus,
380 4930 636 4986 ducibus
659 4934 718 4985 et
743 4930 1073 4988 comitibus.
1100 4934 1342 5002 Etcum,
1367 4934 1626 5005 optcntis
1648 4950 1751 5005 pro

127 5010 317 5077 quibus
338 5016 508 5087 ierat,
527 5016 826 5073 licentiam
844 5018 1121 5075 redeundi
1137 5022 1484 5093 accepisset,
1504 5027 1562 5077 et
1579 5023 1649 5076 im
1657 5038 1753 5093 pc-

128 5104 271 5155 rator
298 5103 349 5158 ei
382 5105 687 5176 sociisque
716 5104 845 5174 ejus
876 5120 1106 5164 munera
1141 5107 1306 5180 plura
1338 5110 1672 5182 optulisset,
1693 5115 1755 5166 ct

128 5188 370 5260 accipere
394 5194 755 5262 renuissent,
780 5207 990 5264 corpus
1012 5198 1199 5254 sancti
1215 5199 1669 5255 Pantaleouisab
1684 5214 1754 5256 eo

1773 3215 1822 3276 C

1864 1945 1969 2002 pro
2000 1935 2166 1987 certe
2199 1931 2472 2002 martyris
2500 1945 2631 1987 esse
2656 1929 2960 2000 reliquias,
2985 1930 3227 1987 Virduni
3248 1931 3507 2001 gaudens

1863 2018 2083 2088 attulit,
2119 2024 2175 2073 et
2211 2020 2476 2089 paratum
2510 2022 2755 2088 argento
2786 2022 2847 2073 et
2888 2032 3033 2073 auro
3086 2016 3293 2073 diebus
3342 2017 3507 2072 festis

1861 2121 2039 2177 super
2060 2107 2244 2163 altare
2269 2107 2524 2178 ponitur.
2553 2107 2711 2162 Fecit
2734 2110 2794 2161 et
2817 2105 2926 2161 alia
2952 2105 3118 2176 plura
3142 2110 3500 2173 ornamenta,

1860 2194 2046 2252 libros
2064 2196 2497 2267 evangeliorum
2521 2211 2663 2253 auro
2684 2200 2744 2252 et
2766 2199 3010 2266 argento
3028 2200 3279 2268 paratos,
3297 2209 3506 2252 cruces

1860 2298 1931 2341 ex
1963 2300 2105 2342 auro
2135 2285 2450 2357 purissimo
2484 2290 2535 2356 3,
2563 2284 2890 2341 ventilabra
2913 2288 3189 2364 argentea
3211 2288 3264 2353 2,
3291 2283 3501 2341 librum

1859 2374 2238 2445 epistularum
2274 2380 2295 2429 1
2334 2379 2577 2444 argento
2625 2377 2914 2446 paratum,
2948 2373 3184 2429 missale
3234 2379 3282 2443 l,
3328 2371 3505 2429 colle-

1858 2463 2143 2520 ctariumt
2166 2463 2436 2519 similiter
2452 2468 2694 2533 argento
2708 2467 2965 2535 paratos.
2986 2462 3187 2535 (07.0.
3210 2462 3370 2519 Vird.
3392 2462 3503 2533 11.)

1858 2551 2027 2607 Dedit
2072 2556 2131 2607 et
2172 2552 2478 2608 Heinricus
2525 2551 2841 2622 imperator
2888 2551 3130 2608 calicem
3184 2557 3207 2606 1
3263 2565 3501 2607 aureum

1858 2636 2285 2711 premaximum‘
2310 2655 2437 2696 cum
2468 2639 2713 2709 gemmis
2734 2639 3188 2710 preciosissimis
3208 2643 3267 2695 et
3290 2642 3501 2710 patena

1856 2728 2117 2798 ejusdem
2150 2727 2388 2795 metalli,
2414 2733 2471 2783 et
2505 2726 2854 2783 scutellaml
2887 2728 2957 2783 de
2983 2728 3210 2797 berillo,
3251 2733 3310 2782 et
3354 2726 3504 2799 pixi-

1858 2817 1986 2873 dem
2020 2824 2042 2873 1
2083 2817 2154 2872 de
2187 2816 2475 2885 onichino,
2514 2816 2569 2870 in
2611 2830 2727 2886 qua
2771 2820 3110 2872 servaretur
3153 2831 3372 2887 corpus
3403 2816 3501 2872 do-

1857 2904 2128 2961 minicum
2181 2903 2518 2975 dependens
2569 2918 2747 2975 super
2786 2903 2972 2959 altare
3015 2923 3029 2959 :
3081 2910 3369 2975 praterea
3416 2904 3501 2959 iu-

1857 3007 2094 3049 numera
2128 2992 2274 3048 dona
2306 2991 2431 3048 auri
2466 2996 2526 3048 et
2552 2991 2778 3061 argenti
2811 2995 2868 3047 ct
2900 2990 3252 3063 praediorum
3309 3006 3499 3048 sacra-

1858 3080 2393 3151 rumque‘vestium,
2411 3086 2470 3136 et
2492 3080 2840 3152 pbilacteria
2860 3094 3033 3136 aurea
3058 3085 3118 3135 et
3141 3084 3416 3149 argentea
3443 3085 3500 3135 ct

1853 3168 2177 3225 cristalliua
2210 3184 2339 3225 cum
2372 3173 2703 3225 sanctorum
2757 3168 3038 3240 reliquiis,
3070 3183 3304 3239 capsam
3340 3173 3361 3223 1
3404 3182 3501 3224 au-

1855 3270 2009 3311 ream
2060 3256 2394 3327 insiguitam
2436 3256 2704 3328 reliquiis
2753 3262 2820 3313 12
2843 3256 3262 3328 apostolorum,
3288 3260 3344 3312 et
3372 3270 3499 3312 cor-

1854 3340 1963 3400 nua
1995 3348 2029 3399 2
2058 3345 2314 3400 eburnea
2348 3344 2684 3401 idemtidem
2716 3345 2982 3415 reliquiis
3022 3345 3303 3402 conferta.
3340 3346 3500 3401 Fecit

1852 3433 2028 3488 etiam
2061 3433 2461 3489 memorabilis
2494 3438 2661 3505 pater
2704 3434 3029 3491 Ricbardus
3082 3448 3333 3490 coronas
3366 3440 3399 3490 2
3428 3448 3499 3488 ex

1853 3525 2101 3591 aagcnto
2129 3528 2189 3576 et
2220 3535 2384 3591 auro,
2417 3526 2479 3578 et
2510 3522 2746 3578 tertiam
2801 3522 3122 3593 parvulam,
3160 3522 3254 3579 ubi
3289 3522 3503 3593 depen-

1853 3610 2058 3666 derent
2073 3609 2370 3679 signorum
2386 3615 2597 3666 restes.
2619 3608 2920 3666 Adverada
2946 3625 3179 3681 quoque
3201 3610 3497 3667 comitism

1856 3697 2017 3753 dedit
2048 3703 2255 3754 sancto
2286 3700 2462 3754 Petro
2482 3697 2738 3754 casulam
2760 3697 3003 3753 viridem
3022 3714 3152 3754 cum
3178 3699 3498 3769 aurifrisio,

1853 3788 1909 3841 et
1943 3785 2108 3842 multi
2141 3784 2322 3842 multa
2353 3785 2663 3855 dederunt,
2696 3800 2824 3854 quae
2857 3800 3200 3841 enumerare
3236 3785 3505 3854 longissi-

1857 3889 2008 3929 mum
2039 3878 2149 3929 est.
2190 3872 2346 3928 Unde
2375 3879 2432 3928 et
2465 3873 2521 3927 in
2554 3872 2712 3927 brevi
2746 3873 2937 3928 factus
2965 3877 3056 3927 est
3098 3872 3262 3929 locus
3291 3873 3387 3928 ille
3420 3874 3504 3928 in-

1856 3961 2061 4030 signis.
2100 3959 2191 4031 (G.
2223 3960 2389 4016 Vird.
2425 3963 2476 4029 8,
2510 3960 2588 4031 9.)
2620 3961 2757 4030 Ejus
2787 3973 3036 4030 namque
3070 3960 3341 4032 exemplo
3374 3975 3503 4032 por-

1854 4054 2061 4106 vocata
2099 4048 2407 4119 progenies
2457 4048 2650 4104 domui
2695 4048 2991 4104 Frederici
3043 4047 3241 4105 seculo
3292 4063 3504 4105 renun-

1855 4137 2121 4208 ciavit,et
2140 4137 2427 4193 adherens
2444 4136 2819 4208 discipulatui
2839 4138 3064 4208 prmfati
3084 4137 3269 4209 patris
3286 4138 3501 4209 praedia

1855 4240 1958 4282 sua
1979 4231 2039 4282 et
2063 4225 2407 4297 patrimonia
2431 4224 2715 4282 aeeclcsize
2738 4225 2921 4282 dedit.
2941 4226 3288 4283 Godefridus
3307 4242 3503 4282 comes

1857 4319 2024 4387 pater
2058 4317 2370 4372 Borracum
2395 4316 2578 4386 dedit,
2601 4315 2734 4372 inde
2758 4315 2945 4372 relato
2971 4316 3090 4372 lilio
3113 4332 3218 4373 suo
3242 4318 3314 4372 ab
3335 4316 3502 4372 Italia

1862 4403 2228 4460 Adalberone
2262 4404 2567 4477 episcopo,
2602 4419 2734 4461 cum
2782 4419 2910 4461 eum
2965 4410 3239 4476 parentes
3288 4405 3415 4474 ejus
3447 4404 3501 4460 iu

1859 4493 2125 4548 :ecclesna
2160 4494 2212 4547 S.
2249 4493 2441 4550 Vitoni
2491 4493 2729 4565 sepeliri
2781 4493 3171 4563 mandassent,
3206 4498 3264 4549 et
3297 4500 3500 4550 contra

1859 4597 2061 4638 eorum
2094 4582 2456 4638 voluntatem
2504 4583 2561 4638 in
2612 4582 2877 4640 tecelesia
2909 4582 2963 4636 S.
2998 4582 3188 4638 Mariae
3236 4582 3505 4653 sepultus

1861 4670 2087 4740 fuisset,
2116 4685 2222 4741 pro
2259 4671 2458 4741 requie
2488 4671 2693 4727 animze
2717 4670 2876 4726 illius
2899 4669 3185 4726 dederunt
3211 4671 3263 4725 S.
3293 4670 3503 4727 Vitono

1860 4760 2180 4814 Forbacum
2208 4760 2373 4830 (88").
2404 4761 2475 4813 At
2498 4774 2638 4815 vero
2662 4759 3062 4827 Herimannus,
3082 4758 3499 4828 quietllezelo,

1863 4847 2041 4903 illium
2094 4862 2259 4903 suum
2312 4848 2651 4915 Gregorium
2704 4848 2758 4902 in
2804 4848 2969 4904 annis
3016 4847 3343 4918 puerilibus
3387 4849 3502 4903 Deo

1862 4934 2099 5006 obtulit,
2135 4940 2194 4990 et
2225 4950 2448 4990 omnem
2507 4935 2874 4990 devotionem
2920 4950 3084 4992 suam
3134 4935 3204 4992 ad
3255 4935 3501 4993 eundem

1863 5024 2055 5080 locum
2112 5024 2310 5079 vertit.
2358 5023 2528 5079 Dedit
2580 5023 2732 5078 enim
2779 5024 2835 5078 S.
2883 5025 3058 5080 Petro
3102 5030 3162 5080 et
3204 5024 3258 5080 S.
3293 5025 3502 5081 Vitono

1864 5112 2080 5168 llaslud
2109 5126 2239 5168 cum
2272 5110 2561 5182 accclesia,
2594 5110 2649 5166 in
2695 5112 2935 5167 Fesseca
2968 5127 3137 5169 unam
3168 5113 3501 5185 ecclesiam,

1863 5203 1921 5257 in
1979 5199 2384 5270 Rotgericorte
2442 5202 2508 5254 12
2561 5211 2796 5256 mansos
2856 5198 2912 5254 in
2980 5200 3504 5272 Ermefredegeben

1466 5331 1703 5391 VARIIE
1742 5333 2144 5391 LECTIONES.

1691 5474 1915 5535 ΝΟΤιΕ.

185 5387 359 5452 “ita
386 5409 434 5453 ο.

188 5564 288 5707 (87ζ
317 5570 481 5628 Gero.

188 5636 265 5706 (88
316 5639 481 5700 Comn

186 5636 286 5707 (88)
316 5639 672 5715 Commercy.

1924 5580 2068 5652 (88*)
2101 5578 2379 5638 Forbacb.
