3894 6332
363 357 476 420 211

1323 353 1690 415 HUGONIS
1732 354 2084 418 ABBATIS
2129 355 2812 418 FLAVINIACENSIS

3641 365 3753 424 2ῐὲ

368 501 536 546 unam
569 485 918 546 {BCCIGSiam-
953 487 1032 542 De
1078 485 1169 542 his
1219 485 1434 542 factum
1471 492 1564 541 est
1599 489 1724 558 post
1759 489 2004 542 mortem
2035 487 2090 548 A
2118 489 2324 558 seculi,
2360 489 2460 546 ltic
2485 489 2798 560 expectabo
2850 489 3005 547 diem
3034 493 3296 550 Domini.
3335 495 3416 550 Ad
3451 495 3755 555 missarum

367 579 495 649 ejus
523 575 948 644 concambium,
967 578 1023 631 et
1050 574 1210 631 dedit
1239 591 1340 646 pro
1361 573 1452 631 liis
1475 591 1670 632 comes
1696 575 2010 636 Balduinus

370 664 748 722 Flandrensis
779 663 1104 720 Bonvillare
1145 679 1273 720 cum
1316 663 1552 720 dimidia
1599 663 1870 734 ecclesia,
1905 666 2010 720 Ile-

371 767 588 822 venges
617 751 888 808 similiter
933 767 1063 808 cum
1111 751 1367 821 dimidia,
1399 752 1453 807 in
1503 750 1758 808 Vitereio
1807 752 2010 812 vineas

373 857 502 898 cum
539 841 784 912 quadam
818 845 984 912 parte
1015 839 1318 910 acclesia,
1353 840 1408 896 in
1440 841 1648 897 IIarvia
1682 845 1750 896 30
1781 855 2013 900 mansos

374 944 504 986 cum
554 927 768 985 familia
811 943 1031 998 magna.
1069 929 1160 996 (θ.
1208 928 1370 984 Vird.
1406 931 1482 1004 9.)
1517 929 1648 986 Sine
1682 930 1793 986 isto
1819 935 2010 988 tamen

373 1017 713 1074 concambio
730 1015 1171 1074 tradiditadhuc
1187 1017 1443 1090 prafata
1458 1017 1743 1075 acclesia
1769 1020 2010 1076 Monnau

375 1111 434 1162 et
465 1097 790 1164 acclesiam
819 1120 950 1162 eum
984 1105 1124 1162 silva
1179 1105 1476 1176 speciosa;
1511 1107 1843 1178 Fontagiam
1879 1123 2016 1179 quo-

377 1211 489 1266 que
518 1211 650 1252 cum
689 1193 900 1252 familia
935 1198 992 1250 et
1026 1193 1190 1250 vinea
1231 1194 1468 1266 optima.
1504 1195 1671 1252 Dedit
1704 1196 1877 1252 etiam
1912 1211 2015 1268 pro

379 1283 567 1339 anima
603 1282 703 1338 ﬁlii
737 1281 1032 1339 Godefridi
1063 1296 1135 1337 ex
1165 1283 1486 1338 concubina
1513 1284 1652 1356 nati,
1680 1284 1733 1339 in
1757 1283 2016 1341 claustro

375 1371 676 1442 tumulati,
715 1387 827 1428 non
863 1376 1050 1428 tamen
1075 1372 1240 1442 juxta
1273 1371 1486 1428 fratres
1514 1376 1570 1428 et
1603 1379 1846 1444 patrem,
1874 1373 2020 1430 duas

377 1459 694 1532 acelesias,
741 1474 982 1531 quarum
1043 1475 1152 1517 una
1211 1459 1428 1517 dicitur
1486 1461 1646 1532 llam,
1706 1459 1816 1516 alia
1877 1461 2020 1518 Gen-

376 1549 599 1618 geavia.

459 1641 510 1694 9.
537 1639 695 1695 Fecit
727 1643 786 1696 et
811 1643 1006 1696 vestes
1039 1642 1301 1696 sacratas
1331 1639 1387 1694 in
1419 1637 1682 1695 acclesia
1706 1638 2020 1712 preciosis-

378 1735 576 1791 simas.
612 1731 681 1788 Et
709 1744 837 1786 cum
871 1727 1193 1808 acclesiam
1244 1727 1427 1800 ipsam
1461 1743 1578 1800 pra
1609 1727 1842 1784 cunctis
1872 1742 2020 1784 mor-

2121 577 2319 646 ilaquc
2343 575 2681 648 sollempnia
2717 577 2840 646 ivit,
2867 585 2923 634 et
2950 593 3079 638 cum
3109 583 3596 640 eommunicasset
3618 587 3757 644 vivi-

2119 664 2248 720 ﬁcis
2309 665 2626 736 mysteriis,
2690 664 2890 722 dolore
2937 666 3359 738 aliquantulum
3411 670 3642 742 pulsata
3689 673 3754 730 ad

2121 749 2324 808 cellam
2359 751 2552 820 rediit,
2578 756 2638 807 et
2659 751 3004 810 adveniente
3034 753 3156 811 viro
3178 755 3276 810 Dei
3300 771 3430 812 cum
3457 757 3753 825 fratribus,

2121 839 2340 896 exitum
2375 855 2538 896 suum
2573 840 2944 898 orationibus
2977 842 3185 898 muniri
3212 843 3402 915 petiit,
3429 851 3489 900 et
3507 845 3587 902 sic
3609 846 3760 904 inter

2123 944 2326 984 manus
2355 929 2482 1000 ejus
2516 928 2570 985 in
2601 929 2796 984 cinere
2830 935 2884 987 et
2917 930 3108 987 cilicio
3154 946 3218 989 se
3267 931 3574 1005 reclinaus,
3609 936 3757 992 inter

2123 1017 2299 1073 verba
2333 1018 2616 1074 orationis
2643 1017 2771 1078 lata
2799 1019 3069 1090 spiritum
3094 1020 3328 1079 eﬁlavit.
3356 1023 3424 1077 Et
3448 1024 3756 1083 recedente

2117 1107 2294 1169 ,beata
2327 1107 2535 1176 anima,
2563 1111 2722 1164 tanta
2747 1105 2865 1165 illic
2888 1108 3180 1166 emanavit
3211 1109 3518 1179 ﬂagrantia
3537 1111 3604 1146 ²⁸⁴
3627 1114 3759 1170 odo~

2126 1195 2229 1266 ris,
2262 1201 2322 1252 ut
2357 1195 2498 1252 nulli
2557 1197 2794 1254 dubium
2848 1197 2996 1254 foret
3047 1199 3283 1258 venisse
3332 1200 3453 1258 illic
3502 1205 3757 1258 antorem

2127 1284 2455 1342 suavitatis.
2494 1286 2769 1344 Curatum
2803 1299 2942 1343 sane
2983 1292 3076 1342 est
3108 1302 3322 1358 corpus
3353 1289 3481 1359 ejus
3513 1289 3602 1360 pia
3637 1290 3763 1348 reli-

2125 1373 2424 1444 giosorum
2455 1374 2750 1445 instantia,
2787 1379 2846 1432 et
2886 1391 3071 1446 usque
3116 1376 3170 1434 in
3223 1375 3375 1434 diem
3425 1379 3668 1437 tertium
3713 1381 3762 1436 in

2129 1460 2394 1518 acclesia
2429 1461 2520 1536 pia
2554 1469 2848 1519 servatum
2871 1461 3265 1522 sollicitudine
3287 1469 3342 1522 et
3371 1465 3689 1533 industria;
3711 1472 3762 1523 et

2131 1549 2218 1604 sic
2247 1550 2493 1605 sabbato
2524 1555 2728 1608 sancto
2763 1557 2936 1609 terra
2996 1553 3328 1610 mandatum
3379 1569 3510 1611 cum
3560 1555 3764 1626 gloria.

2135 1638 2238 1707 (Cf.
2268 1636 2334 1696 (ἔ.
2372 1638 2534 1696 Vird.
2551 1640 2626 1710 9.)
2653 1640 2710 1696 In
2737 1639 2844 1696 hoc
2869 1641 3226 1698 monasterio
3249 1643 3497 1703 domnus
3519 1645 3768 1702 Leithar-

2134 1725 2244 1782 dus
2274 1741 2470 1782 eomes
2512 1727 2583 1784 de
2632 1728 2880 1784 Marceio
2928 1729 2999 1786 ad
3043 1731 3488 1789 conversionem
3531 1734 3768 1794 veniens

380 1822 603 1878 talibus
633 1818 757 1876 suis
797 1817 1045 1906 (litasset
1095 1815 1259 1872 bonis
1308 1815 1912 1906 ethpossessionibus,
1951 1816 2020 1906 ad
2050 1845 2103 1906 B
2136 1815 2453 1872 Bailodium
2485 1815 2754 1906 contulit,
2791 1821 2852 1906 et
2883 1816 3082 1874 multis
3131 1819 3297 1878 annis
3347 1821 3402 1878 in
3452 1827 3662 1880 sancto
3697 1823 3768 1881 vi-

381 1910 648 1967 ultimum
682 1905 1058 1976 semetipsum
1087 1906 1202 1960 Deo
1229 1903 1466 1976 optulit,
1502 1910 1563 1960 et
1595 1905 1914 1961 monachus
1945 1905 2024 1960 fa-

381 2003 514 2054 ctus
545 2001 654 2067 est,
692 1999 752 2052 ut
786 1994 841 2049 in
873 1998 1155 2051 aternum
1186 2007 1316 2049 cum
1341 1993 1572 2048 Christo
1597 1996 1889 2062 regnaret.
1916 1995 2024 2049 Ma-

381 2084 584 2142 thildis
615 2087 830 2150 autem,
865 2097 1012 2140 uxor
1043 2081 1169 2151 ejus
1199 2081 1373 2152 digne
1405 2080 1818 2150 memorabilis,
1855 2082 2024 2138 bonis

383 2173 610 2247 pollens
626 2171 947 2228 virtutibus
959 2174 1018 2225 et
1033 2169 1452 2228 misericordia
1466 2169 2021 2240 studensoperibus,

383 2263 440 2320 in
462 2261 727 2319 claustro
749 2258 932 2332 ipsius
957 2257 1296 2314 monasterii
1320 2257 1590 2314 defuncta
1613 2257 2026 2314 venerabiliter

386 2349 639 2422 quiescit
669 2349 923 2404 humata.
953 2347 1130 2418 Cujus
1158 2345 1228 2404 ad
1259 2349 1434 2418 caput
1471 2345 1585 2402 ﬁlia
1615 2360 1814 2402 eorum
1839 2346 2026 2405 0dilia

388 2439 552 2508 virgo
575 2435 971 2496 sacratissima
997 2434 1185 2492 locum
1211 2433 1387 2492 habet
1413 2433 1728 2506 sepulchri.
1753 2433 1894 2504 (Fol.
1913 2438 2025 2510 78.)

389 2530 466 2586 De
486 2526 593 2582 hac
617 2540 809 2582 sermo
833 2523 1122 2594 extitit,et
1148 2539 1255 2580 nos
1271 2538 1300 2581 a
1319 2523 1653 2581 senioribus
1677 2523 2024 2596 audivimus,

391 2615 546 2688 quod
567 2627 804 2685 egressa
833 2627 864 2670 a
887 2612 1100 2670 ﬁnibus
1125 2612 1382 2672 Bavaria
1404 2613 1631 2670 venerit
1656 2611 1974 2670 Virdunum
1997 2617 2030 2671 4

391 2705 533 2762 feria
566 2709 700 2760 ante
732 2706 994 2760 sanctum
1026 2701 1177 2758 diem
1211 2701 1440 2772 pascha
1471 2701 1675 2758 volens
1701 2717 1828 2758 cum
1863 2707 2028 2773 patre

387 2799 450 2850 et
482 2796 665 2850 matre
697 2796 756 2848 et
781 2790 1060 2849 fratribus
1080 2789 1231 2846 diem
1253 2790 1480 2861 pascha
1503 2790 1824 2848 celebrare.
1849 2790 2029 2856 Quam

391 2897 519 2939 cum
551 2881 642 2938 vir
673 2880 897 2938 Domini
931 2879 1258 2936 Richardus
1305 2879 1556 2937 intuitus
1607 2879 1836 2950 fuisset,
1879 2879 2029 2936 inter

393 2969 600 3028 blanda
625 2967 1330 3039 consolationisalloquia.
1350 2982 1421 3024 an
1435 2967 1652 3038 aliquid
1675 2966 2032 3024 inﬁrmitatis

391 3062 696 3132 pateretur
727 3055 1132 3126 interrogavit.
1162 3055 1284 3121 Qua
1327 3054 1718 3127 respondente
1749 3069 1944 3111 sanam
1969 3069 2032 3112 se

391 3162 540 3220 esse,
571 3151 628 3205 et
662 3145 883 3203 nullius
915 3143 1269 3214 egritudinis
1299 3143 1627 3200 molestiam
1669 3157 1731 3199 se
1780 3144 2032 3213 sentire;

394 3236 492 3294 ille
522 3234 845 3308 prophetia
879 3233 1093 3305 spiritu
1127 3233 1358 3304 plenus,
1385 3231 1711 3304 pravidens
1737 3232 2034 3290 imminere

392 3331 628 3398 tempus
650 3321 976 3380 vocationis
994 3321 1122 3392 ejus
1147 3339 1160 3376 :
1199 3319 1338 3377 Vale
1359 3321 1460 3391 ait,
1465 3319 1632 3393 ﬁlia,
1653 3334 1790 3378 cere
1815 3321 2038 3382 salutis

396 3413 802 3486 ateruaﬂlia.
833 3413 989 3472 Nam
1015 3423 1151 3468 cras
1181 3409 1296 3468 hac
1335 3410 1399 3466 iu
1426 3409 1576 3468 liora
1619 3410 1944 3468 assumeris
1973 3413 2040 3470 in

389 3501 596 3575 gloria
613 3519 639 3572 ,ο
667 3501 726 3558 et
747 3501 1000 3571 recipies
1029 3513 1069 3557 a
1097 3499 1218 3556 Dea
1256 3512 1366 3570 pro
1414 3497 1552 3557 bene
1573 3499 1762 3570 gestis
1780 3501 2040 3571 pramia

395 3591 775 3662 smpitcrua.
807 3588 1018 3659 Ei’ccit
1043 3589 1201 3646 enim
1230 3588 1286 3644 te
1313 3588 1472 3646 Deus
1501 3588 1723 3646 sociam
1752 3601 1876 3646 esse
1902 3603 2040 3646 sau-

398 3681 631 3739 ctarum
641 3679 968 3751 virginum,
985 3677 1462 3750 guiajocundum
1473 3678 1529 3734 ei
1544 3679 1609 3736 iu
1620 3676 1793 3735 corde
1815 3677 1912 3734 tuo
1923 3677 2041 3736 cir~

391 3769 682 3842 ciuitatis
719 3768 1091 3842 praeparasti
1140 3765 1572 3825 habitaculum.
1609 3765 1924 3837 Obstupuit
1969 3767 2039 3822 ad

398 3859 546 3918 hanc
571 3872 770 3916 vocem
795 3857 871 3930 pii
896 3856 1082 3930 patris
1103 3854 1314 3912 ancilla
1338 3855 1458 3925 Dei,
1479 3859 1536 3910 et
1563 3854 1696 3926 quia
1722 3855 1910 3912 virum
1940 3855 2040 3912 Dei

396 3949 649 4007 credidit
670 3964 782 4006 non
806 3961 984 4021 posse
1007 3945 1260 4016 mentiri,
1277 3943 1473 4001 verbis
1486 3943 1862 4015 ejuscredula
1884 3945 2040 4016 cepit

399 4039 470 4096 de
503 4039 616 4096 ﬁne
647 4054 752 4098 suo
783 4041 1064 4106 tractare,
1089 4048 1371 4092 excessus
1402 4049 1540 4092 suos
1573 4037 1956 4104 pertractare,
1981 4039 2038 4091 ct

399 4128 738 4198 suffragium
757 4124 1180 4184 consolationis
1199 4127 1257 4180 et
1273 4121 1556 4180 orationis
1568 4123 1640 4180 ab
1653 4137 1721 4178 eo
1738 4127 2036 4193 expetere.

400 4219 472 4272 At
496 4216 593 4272 ille
617 4221 794 4286 caput
813 4217 1079 4270 sanctum
1101 4226 1278 4282 super
1305 4215 1512 4282 pectus
1534 4225 1702 4267 suum
1725 4211 2037 4280 reclinans,

401 4309 482 4374 et,
513 4302 677 4374 quasi
704 4301 820 4372 jam
855 4315 958 4373 per
986 4298 1485 4371 incorruptionem
1535 4299 1800 4370 corporis
1838 4304 1898 4354 et
1928 4298 2042 4370 spi-

402 4393 554 4449 ritus
601 4391 853 4448 alterata
899 4391 1081 4459 esset,
1113 4402 1239 4444 eam
1286 4385 1643 4458 demulcens,
1671 4388 2042 4445 confortabat

402 4481 675 4555 spiritum
705 4478 832 4550 ejus
881 4477 938 4536 in
983 4477 1240 4549 Domino,
1277 4491 1608 4550 proponens
1659 4477 1884 4534 beatam
1916 4490 2040 4533 eam

2065 3197 2115 3259 Ο

2133 1917 2276 1960 vens
2329 1904 2653 1976 preposito,
2701 1905 2935 1961 tandem
3016 1906 3409 1978 Cathalaunis,
3458 1924 3575 1980 quo
3650 1925 3768 1968 eum

2135 1993 2487 2050 oboedientia
2550 1994 2810 2065 miserat,
2843 1995 3156 2052 defunctus
3185 2002 3242 2054 et
3276 1998 3548 2070 sepultus
3577 2004 3692 2072 est,
3717 2006 3767 2058 et

2136 2080 2366 2138 demum
2398 2082 2640 2140 Virduni
2672 2083 2893 2140 relatus
2923 2084 2979 2140 in
3003 2083 3267 2144 claustro
3308 2087 3639 2145 tumulatus
3668 2097 3767 2146 est.

2136 2171 2307 2243 (Vita
2329 2171 2646 2242 Richardi,
2663 2173 2742 2244 9.)
2767 2172 3112 2232 Codefridus
3130 2173 3248 2230 dux
3270 2175 3578 2234 Gozelonis
3602 2179 3772 2234 frater

2137 2258 2350 2316 ibidem
2384 2258 2676 2330 sepultus,
2709 2264 2778 2317 ‘29
2809 2275 3040 2318 mansos
3070 2261 3126 2316 in
3158 2264 3458 2322 Beurunes
3504 2265 3690 2335 dedit,
3719 2271 3768 2322 et

2137 2361 2239 2406 sua
2274 2347 2685 2419 suppellectile
2718 2347 2910 2406 locum
2943 2349 3250 2408 admodum
3270 2352 3596 2423 ampliavit.
3625 2356 3772 2410 Dedo

2137 2436 2312 2493 etiam
2344 2437 2416 2493 de
2448 2437 2688 2494 Comitis
2703 2443 2898 2494 castro
2915 2438 3080 2508 juxta
3104 2439 3483 2498 Teodorieum
3507 2444 3770 2501 comitem

2141 2525 2355 2582 ibidem
2392 2525 2445 2580 in
2480 2525 2746 2595 ingressu
2780 2527 3122 2584 monasterii
3148 2529 3422 2598 quiescit.
3451 2531 3773 2588 Ludovicus

2141 2627 2372 2686 quoque
2403 2628 2598 2670 comes
2629 2617 2685 2670 et
2719 2615 3055 2674 monachus.
3089 2615 3181 2686 (θ.
3232 2617 3390 2678 Vird.
3425 2623 3480 2690 9,
3515 2623 3632 2692 11.)
3671 2621 3771 2676 llil-

2143 2702 2364 2760 dradus
2385 2717 2582 2759 comes
2606 2702 2957 2760 Richardum
2991 2704 3171 2763 ﬁlium
3200 2720 3363 2764 suum
3395 2713 3526 2778 post
3561 2711 3771 2780 episco-

2142 2806 2276 2862 pum
2340 2792 2511 2847 beato
2556 2791 2708 2862 patri
2761 2791 3171 2863 baptizandum
3221 2793 3493 2866 oﬂ‘ereus,
3545 2797 3773 2854 Baronis

2141 2883 2367 2937 curtem
2399 2883 2602 2938 saneto
2634 2879 2843 2936 Vitono
2875 2879 3056 2951 dedit,
3089 2885 3148 2940 et
3181 2881 3494 2942 defunctus
3541 2885 3602 2942 in
3649 2885 3773 2954 gali-

2143 2965 2232 3022 lea
2258 2967 2372 3036 (89)
2407 2966 2681 3024 tumulari
2713 2967 2944 3024 meruit.
2978 2969 3099 3026 Non
3131 2973 3222 3026 est
3275 2977 3468 3028 autem
3504 2972 3679 3030 facile
3703 2987 3774 3028 re-

2146 3056 2318 3126 ferre,
2341 3060 2478 3126 quot
2511 3055 2582 3112 de
2613 3055 2866 3114 diversis
2899 3057 3164 3128 partibus
3193 3058 3472 3131 Francia,
3499 3061 3772 3118 Neustrie

2142 3149 2202 3200 et
2226 3143 2569 3214 Austrasia,
2598 3145 2813 3216 spretis
2835 3145 3137 3203 mundana
3157 3147 3438 3206 vanitatis
3463 3147 3767 3216 illecebris,

2147 3235 2256 3291 sub
2287 3233 2600 3305 disciplina
2633 3238 2694 3290 et
2726 3234 3062 3304 magisterio
3088 3236 3271 3307 patris
3291 3237 3572 3295 Richardi
3601 3253 3771 3294 mona-

2147 3323 2310 3380 stica
2342 3336 2404 3379 se
2439 3323 2764 3380 subdebant
2800 3323 3088 3392 religioni.
3125 3324 3208 3382 Ita
3260 3339 3510 3396 namque
3559 3327 3618 3384 in
3664 3327 3772 3393 ejus

2148 3426 2342 3468 amore
2358 3426 2420 3466 se
2438 3413 2631 3470 transf
2632 3411 2872 3468 uderant
2889 3427 3078 3482 reges,
3097 3412 3404 3483 pontiﬁces
3416 3419 3477 3469 et
3493 3421 3770 3486 potentes,

2151 3506 2212 3560 ut
2244 3517 2469 3560 summo
2519 3516 2648 3560 eum
2695 3508 3121 3559 venerarentur
3167 3503 3398 3574 affectu,
3452 3511 3512 3560 et
3569 3512 3772 3577 patrem

2148 3603 2279 3646 eum
2312 3588 2576 3646 dicerent
2607 3589 2813 3660 patria
2843 3591 2917 3646 ob
2949 3595 3253 3662 paternum
3285 3591 3414 3661 ejus
3431 3607 3575 3663 erga
3596 3607 3772 3650 omnes

2151 3679 2442 3747 affectum,
2477 3693 2589 3748 quo
2617 3682 2864 3737 cunctos
2908 3680 3142 3736 fovebat
3188 3684 3246 3735 et
3297 3679 3621 3739 relevabat.
3657 3683 3772 3737 Erat

2149 3766 2302 3822 enim
2337 3766 2468 3837 pius
2516 3765 2569 3824 in
2622 3766 2809 3837 vultu,
2855 3766 3217 3824 reverendus
3261 3769 3520 3839 incessu,
3557 3783 3776 3828 severus

2150 3855 2306 3912 circa
2338 3855 2638 3926 reprobos,
2690 3853 2880 3912 dulcis
2928 3870 3063 3925 erga
3115 3856 3435 3927 benivolos,
3470 3859 3653 3915 forma
3695 3859 3775 3913 ho-

2150 3947 2372 4013 nestus,
2404 3943 2631 4000 actione
2663 3943 3043 4016 compositus,
3079 3945 3398 4016 praferens
3430 3961 3664 4018 semper
3693 3947 3775 4002 ho-

2149 4037 2376 4090 nestum
2410 4031 2558 4100 utili,
2591 4032 2688 4102 qui
2722 4031 2882 4090 nullo
2912 4037 3160 4103 terrore,
3194 4033 3351 4090 nulla
3385 4034 3721 4092 adulatione
3747 4048 3772 4088 a

2152 4135 2290 4182 vero
2322 4121 2681 4190 ﬂecteretur,
2708 4121 2764 4177 in
2789 4121 3202 4178 observatione
3234 4122 3454 4192 regula
3487 4123 3775 4180 ferventis-

2151 4210 2350 4279 simus,
2414 4210 2468 4266 in
2523 4209 2890 4278 corrigendis
2946 4211 3115 4268 viciis
3169 4211 3684 4282 prudentissimus,
3727 4211 3771 4266 in

2152 4299 2428 4356 castitate
2485 4297 2944 4370 eluentissimus,
3007 4299 3063 4354 in
3115 4299 3438 4356 exibitione
3512 4302 3771 4358 bonorum

2151 4401 2390 4458 Operum
2421 4385 2901 4456 perfectissimus.

2225 4477 2309 4529 10.
2344 4471 2527 4544 (1020)
2585 4471 2888 4530 Baldricus
2944 4473 3124 4542 igitur
3179 4473 3520 4532 Leodiensis
3577 4476 3774 4546 episco-

401 4551 546 4641 l‘cre,
581 4585 752 4642 quam
785 4575 1013 4627 certum
1042 4571 1168 4623 erat
1202 4567 1273 4624 ad
1307 4566 1542 4638 nuptias
1574 4565 1704 4636 agni
1739 4565 2036 4623 festinare.
2069 4551 2124 4614 D
2156 4578 2264 4634 pus
2295 4561 2433 4633 (89')
2455 4577 2585 4618 cum
2611 4561 2841 4619 beatum
2865 4561 3050 4618 virum
3075 4561 3245 4618 unice
3276 4561 3576 4636 diligeret,
3608 4577 3772 4620 emno-

400 4663 540 4719 Post
573 4661 680 4718 hcc
711 4674 838 4717 eam
870 4657 1112 4719 reﬁcere
1144 4657 1342 4728 jussit,
1379 4655 1646 4712 omnibus
1695 4653 2042 4712 mirantibus

404 4750 690 4822 quomodo
722 4763 848 4806 eam
883 4761 1079 4806 sanam
1110 4751 1166 4804 et
1200 4748 1464 4816 vegetam
1497 4744 1554 4801 in
1585 4742 1842 4800 crastino
1874 4742 2044 4798 mori-

402 4845 590 4898 turam
617 4837 960 4911 predixerit.
980 4837 1040 4894 In
1053 4835 1372 4892 crastinum
1395 4836 1588 4890 autem
1607 4831 1834 4902 liquore
1858 4831 2044 4889 sancti

403 4929 514 4986 olei
547 4931 619 4986 ab
647 4943 715 4986 eo
749 4927 1009 4995 inuncta,
1042 4939 1174 4982 cum
1205 4923 1423 4980 nullam
1465 4920 1838 4991 gravedinem
1889 4924 2047 4993 pate-

403 5021 587 5087 retur,
621 5015 896 5073 mandato
929 5028 1250 5086 pauperum
1280 5026 1411 5070 cum
1462 5025 1533 5067 eo
1578 5009 1866 5080 interfuit,
1899 5013 1959 5066 et
1989 5009 2046 5065 in

404 5105 606 5164 eodem
649 5120 762 5176 quo
809 5103 1034 5161 laverat
1082 5102 1262 5176 pedes
1313 5113 1631 5174 pauperum
1681 5098 1809 5158 loco
1857 5097 2046 5158 virum

407 5193 638 5252 beatum
672 5191 886 5249 intuita
924 5210 936 5244 :
967 5192 1109 5261 Hec,
1145 5191 1246 5262 ait,
1271 5189 1510 5262 requies
1535 5201 1667 5248 mea
1687 5187 1756 5248 in
1772 5187 2050 5250 sacculum

2156 4651 2311 4712 bium
2343 4650 2626 4710 Lobiense
2659 4649 2879 4708 divitiis
2923 4649 3434 4722 opulentissimum
3467 4653 3522 4712 ei
3536 4649 3772 4736 ~tradidit

2153 4739 2493 4810 regendum,
2515 4744 2580 4796 ut
2613 4738 2901 4796 industria
2933 4739 3060 4808 ejus
3092 4738 3398 4809 religionis
3430 4740 3486 4796 in
3513 4757 3584 4796 eo
3616 4740 3771 4795 refor-

2155 4832 2338 4887 maret
2365 4827 2751 4899 propositum,
2771 4827 2925 4898 quod
2937 4827 3248 4886 videbatur
3271 4843 3302 4884 a
3329 4829 3586 4900 pristino
3607 4828 3772 4897 rigore

2157 4918 2523 4974 inmutatum.
2561 4915 2736 4986 Cujus
2768 4915 3033 4988 exemplo
3057 4915 3394 4972 delectabili
3417 4919 3768 4988 provocatus.

2155 5020 2286 5062 cum
2307 5004 2400 5064 vid
2410 5010 2538 5064 cret
2551 5003 2886 5073 religiosam
2899 5005 3026 5074 ejus
3041 5004 3548 5062 conversationem
3563 5004 3616 5060 in
3633 5000 3772 5058 bonis

2157 5099 2216 5152 et
2250 5094 2470 5154 sanctis
2502 5093 2780 5163 moribus,
2815 5098 2876 5148 et
2923 5093 3346 5149 incrementum
3399 5092 3693 5163 religionis
3725 5090 3768 5142 rt

2159 5182 2498 5242 monastica
2530 5181 2908 5252 perfectionis
2939 5181 2994 5237 in
3037 5180 3304 5237 coenobio
3347 5181 3556 5238 eodem
3599 5189 3770 5237 excre-

1768 5317 2002 5382 VABIIE
2044 5313 2441 5376 LECTIONES.

1992 5475 2213 5532 NOTE.

473 5411 542 5445 '8‘
580 5412 673 5470 ita
701 5423 750 5466 ο.

474 5589 587 5725 έ89)
621 5587 796 5652 Area,
830 5582 1052 5638 nostris
1091 5583 1369 5656 gallcrie.
1457 5654 1468 5665 .

497 5661 616 5725 89')
645 5651 935 5712 Wolbodo
961 5668 976 5716 ;
1007 5654 1080 5709 cf.
1115 5657 1260 5710 Ann.
1295 5653 1468 5708 Laubi

497 5651 616 5730 89")
645 5651 935 5712 Wolbodo
961 5668 976 5716 ;
1007 5651 1260 5710 cf.'Ann.
1295 5653 1660 5712 Laubienses.
1704 5655 1800 5711 SS.
1832 5653 1926 5723 ιν,
1959 5657 2046 5723 18,

2233 5580 2402 5636 Gesta
2436 5594 2568 5652 epp.
2604 5580 2825 5634 Camer.
2861 5579 2897 5635 l.
2935 5581 2984 5650 3,
3016 5593 3066 5634 c.
3102 5583 3187 5633 15.
3225 5577 3320 5634 SS.
3357 5580 3474 5656 VII,
3510 5581 3627 5644 670.
