3894 6382
140 355 244 416 218

1357 353 1864 422 CHRONICON.
1909 391 1988 404 —
2036 360 2189 422 LIB.
2239 363 2312 424 Ii.

3417 373 3532 433 214

140 503 292 546 scere
317 487 581 559 gaudens
616 487 948 558 miraretur,
991 489 1148 560 cepit
1191 489 1306 559 jam
1345 490 1562 560 majora
1595 490 1770 546 medi-
1801 489 1856 552 Α
1887 492 1968 548 sis
2001 495 2267 552 abbatias
2290 497 2343 552 ei
2368 498 2745 570 quamplurcs
2771 501 3034 570 tradidit,
3063 503 3352 561 abbatiam
3375 505 3538 564 scili-

139 579 264 647 tari,
295 582 350 633 et
382 577 434 633 iu
470 575 759 632 suburbio
807 576 1106 632 Leodiensi
1143 577 1194 632 in
1229 577 1444 634 honore
1481 579 1768 635 Laurentii

140 666 394 738 martyris
425 665 848 722 monasterium
872 665 1134 723 ediﬁcari
1158 667 1490 723 constituit.
1517 669 1770 724 Evocato

140 771 266 825 ergo
292 756 360 812 ad
393 771 456 812 se
487 755 695 811 eodem
731 755 964 825 abbate,
990 755 1345 812 desiderium
1369 773 1533 813 suum
1565 758 1616 812 ei
1641 771 1774 829 ape-

143 845 329 914 ruit,et
342 849 402 900 ut
419 843 697 900 desiderii
715 843 844 913 ejus
857 849 1211 914 cooperator
1223 845 1527 901 accederet
1550 847 1771 903 monuit

141 939 192 988 et
218 934 543 988 obtestatus
575 936 666 987 est
695 931 957 988 adiciens
997 932 1238 990 multum
1273 933 1615 1006 perfectioni
1648 935 1774 1004 ejus

145 1035 292 1094 posse
322 1021 631 1092 proﬁcere,
664 1021 711 1076 si
745 1021 873 1090 ejus
918 1021 1114 1078 studio
1160 1025 1216 1077 et
1251 1021 1532 1079 industria
1566 1009 1774 1080 domus

143 1112 230 1166 Dei
256 1113 652 1178 extrueretur,
689 1109 742 1164 in
780 1124 896 1180 quo
945 1109 1074 1166 laus
1103 1115 1162 1167 et
1191 1111 1378 1180 gloria
1433 1113 1532 1168 Dei
1565 1113 1774 1168 devote

141 1201 224 1255 die
251 1205 541 1268 noctuque
594 1197 1023 1254 celebraretur.
1085 1199 1226 1267 (Pol.
1273 1199 1407 1271 78’.)
1463 1201 1773 1273 Adquievit

143 1289 219 1344 vir
241 1287 492 1357 Domini,
543 1293 604 1342 et
637 1288 1015 1357 congregatis
1047 1289 1376 1346 artiﬁcibus
1399 1333 1414 1361 ,
1469 1289 1776 1360 delegatis-

142 1391 240 1448 que
283 1376 637 1432 necessariis
693 1377 1045 1448 sumptibus,
1099 1378 1332 1435 Christo
1392 1379 1624 1436 domino
1679 1381 1777 1436 ad-

139 1467 377 1536 juvante,
411 1469 470 1521 et
503 1466 682 1520 beato
744 1466 1057 1523 Laurentio
1099 1472 1476 1540 coeperantc,
1521 1483 1668 1540 opus
1695 1469 1778 1525 in-

137 1555 386 1609 choatum
418 1553 661 1623 agiliter
685 1553 991 1626 perﬁcitur
1013 1560 1070 1611 et
1096 1557 1422 1627 dedicatur,
1453 1561 1510 1614 et
1541 1559 1770 1630 fratres,

142 1643 226 1714 qui
257 1643 365 1698 Deo
395 1643 714 1699 cotidianis
735 1643 1110 1700 deservirent
1163 1660 1232 1701 ex
1265 1647 1617 1703 monasterio
1649 1661 1776 1703 san-

140 1732 209 1787 cti
238 1732 419 1788 Vitoni
443 1731 853 1798 adducuntur;
877 1733 1090 1804 quibus
1116 1733 1241 1791 loco
1267 1735 1564 1806 praepositi
1590 1735 1775 1808 przeﬁ-

1887 579 2024 638 licet
2057 585 2244 640 sancti
2278 586 2432 641 Petri
2457 586 2791 658 Gandensis,
2815 587 3106 646 abbatiam
3131 593 3536 654 sanctiAman-

1886 669 1964 741 di,
1989 672 2280 728 abbatiam
2314 673 2500 729 sancti
2536 675 2774 746 Bertini,
2801 677 3093 734 abbatiam
3119 681 3303 735 sancti
3333 680 3510 738 Ricba

1887 758 1954 813 rii
1979 762 2036 814 et
2057 761 2348 816 abbatiam
2391 763 2575 818 sancti
2622 763 2848 822 Judoci.
2899 765 3072 822 Rexit
3103 771 3162 821 et
3193 766 3304 824 alia
3340 783 3536 838 quam-

1885 846 2134 919 plurima
2186 850 2449 920 cenobia,
2503 851 2946 924 Bretuliensem,
3012 854 3536 930 Humulariensem,

1887 937 2072 992 sancti
2099 937 2354 1004 Quintini
2381 938 2450 996 de
2475 941 2687 1012 Monte,
2705 942 2890 998 sancti
2916 941 3537 1015 Wandregisili,sancti

1888 1026 2150 1096 Huberti,
2187 1028 2374 1084 sancti
2425 1027 2700 1100 Remacli,
2755 1030 3354 1104 Malmundariensem,
3390 1035 3539 1092 Wal-

1885 1113 2303 1185 tlodorensem,
2358 1116 2643 1188 Bclliloci,
2681 1119 2866 1174 sancti
2917 1119 3151 1190 Urbani,
3185 1123 3370 1180 sancti
3405 1123 3538 1180 Vin-

1888 1202 2064 1258 centii
2098 1203 2402 1262 Mettensis
2454 1205 2680 1277 insulae,
2715 1210 2771 1262 et
2807 1207 2917 1264 alia
2954 1207 3226 1280 perplura
3262 1224 3390 1281 qum
3421 1225 3534 1269 non

1887 1295 2201 1348 occurrunt
2235 1293 2550 1363 memorias,
2579 1308 2724 1367 quas
2746 1309 2948 1352 omnes
2972 1295 3026 1351 in
3053 1296 3349 1354 meliorem
3374 1313 3537 1371 repa-

1889 1380 2038 1435 ravit
2063 1385 2298 1453 statum,
2325 1387 2386 1438 et
2409 1381 2736 1440 melioratis
2759 1384 3002 1440 abbatcs
3020 1384 3090 1440 de
3115 1385 3237 1442 suis
3253 1401 3400 1460 quos
3423 1387 3538 1444 eie-

1888 1468 1972 1538 git
2005 1469 2284 1526 instituit.
2323 1471 2637 1528 Cenobium
2671 1487 2810 1528 vero
2845 1472 3128 1544 Belliloci,
3155 1475 3344 1532 sancti
3378 1477 3534 1534 Petri

1890 1557 2351 1629 Catalaunensis,
2405 1559 2592 1616 sancti
2649 1560 2864 1616 Urbani
2895 1559 2964 1594 ³⁸⁸
3009 1561 3218 1634 ipsein
3277 1563 3398 1621 vita
3430 1579 3536 1620 sua

1889 1644 2058 1700 rexit.
2084 1647 2324 1702 Preerat
2359 1651 2492 1703 tunc
2517 1649 2918 1706 Cameracensi
2967 1650 3250 1707 :ecclesiae
3269 1655 3329 1708 ct
3373 1653 3538 1712 Atre-

1891 1733 2114 1790 batensi
2149 1734 2442 1792 Gerardus
2463 1737 2820 1794 venerabilis
2844 1738 3175 1811 episcopus.
3212 1740 3314 1796 Hic
3333 1739 3537 1800 aeccle-

141 1820 281 1876 citur
321 1819 564 1876 domnus
617 1820 972 1892 Stephanus,
1005 1823 1101 1892 qui
1134 1823 1190 1878 in
1225 1823 1466 1894 prmfato
1525 1825 1770 1881 cenobio
1802 1842 1857 1903 Β
1891 1821 2033 1878 siam
2066 1823 2252 1880 sancti
2285 1823 2523 1879 Vedasti
2549 1825 2602 1880 in
2624 1826 2907 1885 suburbio
2929 1827 3303 1889 Atrebatensi
3338 1829 3532 1898 sitam,

142 1906 410 1963 cellerarii
437 1908 631 1964 ofﬁcio
656 1909 1026 1978 fungebatur.
1051 1911 1262 1967 Tactus
1286 1911 1458 1967 simili
1485 1911 1650 1968 bonas
1676 1912 1771 1968 dc-

141 1997 368 2052 \'otionis
388 1995 1280 2068 desideriodomnusRotgerius
1295 2001 1772 2056 Catalaunicazci-

143 2085 974 2158 vitatisepiscopus,industria
989 2094 1044 2143 et
1061 2088 1262 2145 labore
1299 2089 1562 2159 ejusdem
1583 2090 1768 2162 patris

146 2171 389 2227 llicliardi
423 2173 479 2228 in
515 2174 810 2230 suburbio
834 2173 1241 2232 Catalaunensi
1266 2176 1319 2232 in
1341 2177 1561 2233 honore
1584 2177 1768 2234 sancti

146 2261 281 2316 Petri
325 2262 748 2318 monasterium
783 2277 812 2318 a
845 2263 1233 2321 fundamentis
1259 2266 1612 2332 construxit,
1647 2271 1707 2322 et
1738 2281 1768 2322 a

145 2351 468 2407 monasterio
485 2353 762 2423 sepefato
779 2351 988 2408 fratres
997 2368 1128 2431 cum
1152 2354 1324 2410 libris
1339 2358 1394 2410 et
1415 2356 1770 2412 ornamentis

149 2440 484 2510 necessariis,
507 2441 604 2512 qui
631 2440 778 2495 inibi
811 2441 1195 2512 deservirent,
1219 2442 1481 2514 deduxit,
1499 2444 1626 2499 etin
1651 2444 1769 2500 vita

147 2543 231 2582 sua
263 2529 376 2598 ipse
402 2545 504 2601 per
519 2545 584 2586 se
621 2533 874 2600 utraque
904 2531 1051 2586 rexit
1083 2531 1454 2588 monasteria.
1482 2532 1501 2601 (
1518 2533 1651 2590 Vita
1672 2534 1774 2590 Ri-

148 2615 351 2688 chardz',
373 2633 420 2675 e.
452 2622 668 2689 19.)Dc
701 2635 818 2690 quo
840 2619 948 2675 hoc
975 2620 1161 2676 fertur
1181 2619 1466 2690 mirabile,
1485 2621 1617 2692 quia
1640 2636 1771 2677 cum

152 2708 320 2761 turres
349 2707 618 2764 ecclesiae
646 2709 836 2765 sancti
871 2709 1162 2764 Laurentii
1197 2709 1253 2764 in
1286 2709 1466 2765 altum
1493 2709 1609 2779 jam
1643 2726 1775 2782 por-

152 2800 320 2863 rectze,
352 2799 408 2852 et
438 2813 630 2867 usque
695 2798 766 2854 ad
797 2811 1072 2867 cacumen
1132 2797 1375 2854 elevatae
1409 2799 1771 2869 postmodum

153 2883 368 2941 reclines
390 2885 761 2956 viderentur,
778 2890 836 2942 et
863 2887 917 2942 in
939 2886 1103 2942 ruina
1127 2900 1324 2942 eorum
1346 2884 1415 2920 ³⁸⁸
1434 2891 1598 2942 certa
1619 2893 1772 2944 esset

153 2969 370 3038 dejectio
397 2975 708 3043 :rcclesim,
741 2973 828 3029 vir
859 2975 958 3030 Dei
1005 2974 1340 3030 adveniens.
1373 2973 1634 3030 dolorem
1668 2976 1776 3030 fra-

153 3062 468 3132 trum,quem
490 3078 560 3119 ex
576 3063 682 3120 ted
695 3063 748 3117 io
768 3062 1108 3132 dejiciendzc
1126 3067 1183 3118 et
1199 3063 1411 3119 iterum
1435 3064 1773 3136 reparandae

155 3149 309 3204 turris
328 3149 640 3222 habebant,
678 3151 890 3208 blande
919 3152 1261 3208 consolatus
1283 3157 1470 3218 est;et
1490 3155 1774 3211 nocturno

157 3241 381 3309 tempore
427 3241 760 3298 :ecclesiam
792 3241 1108 3310 ingressus,
1145 3256 1274 3297 cum
1307 3241 1530 3298 diutius
1562 3241 1614 3296 in
1648 3257 1775 3298 ora-

156 3323 287 3382 tione
301 3330 926 3400 pernoctasset,januis
949 3329 1262 3402 patefactis
1282 3344 1557 3400 egressus
1577 3335 1690 3400 est,
1715 3335 1772 3386 et

155 3412 332 3471 iterum
350 3419 596 3474 orationi
624 3419 970 3474 incumbens
992 3433 1121 3474 cum
1145 3419 1520 3490 surrexisset,
1547 3419 1773 3489 signum

154 3504 521 3578 crueisedidit,
542 3511 604 3564 et
630 3507 942 3564 confestim
961 3511 1182 3578 turres,
1200 3522 1327 3578 qua)
1345 3507 1596 3562 reclines
1619 3507 1777 3564 vide-

161 3591 358 3664 bantur,
390 3595 522 3652 dato
575 3595 834 3652 maxime
885 3597 1138 3667 strepitu
1172 3596 1226 3651 in
1261 3611 1392 3652 sese
1443 3595 1776 3652 resilientes

160 3680 544 3740 subsederunt:
571 3689 662 3754 et,
684 3688 746 3740 ut
767 3684 1146 3740 cernentibus
1169 3688 1349 3756 patet,
1375 3685 1450 3740 ita
1473 3685 1527 3740 in
1551 3698 1614 3740 se
1638 3685 1779 3741 resi-

164 3763 363 3840 lierunt,
389 3779 448 3828 ut
469 3773 711 3829 cunctis
734 3770 919 3843 palam
954 3772 1196 3829 daretur
1219 3771 1486 3843 intelligi,
1511 3773 1778 3842 angelico

165 3854 207 3909 ill
237 3859 426 3915 factum
455 3875 588 3918 esse
614 3860 968 3916 ministerio.
996 3862 1212 3916 Tantus
1241 3865 1433 3917 autem
1456 3861 1778 3918 resilientis

165 3943 206 3998 in
229 3960 283 4000 se
299 3951 602 4007 structurae
623 3949 892 4020 crepitus
919 3949 1108 4004 factus
1123 3955 1236 4018 est,
1264 3954 1327 4006 ut
1353 3950 1563 4006 fratres
1587 3965 1780 4007 mona-

164 4035 300 4089 sterii
327 4041 619 4094 tantorum
657 4040 1160 4094 sacramentorum
1186 4038 1370 4107 ignari
1399 4053 1428 4094 a
1455 4037 1625 4095 lectis
1649 4055 1779 4096 cum

167 4123 374 4181 maximo
401 4126 612 4183 timore
645 4130 1026 4195 exurgercnt,
1065 4131 1339 4198 putantes
1372 4126 1426 4182 in
1461 4127 1628 4184 ruina
1663 4133 1782 4184 tur-

167 4209 452 4284 rinmqnam
479 4215 843 4270 verebantur
858 4212 1140 4284 dejcctam
1172 4229 1302 4270 esse
1323 4219 1546 4286 partem
1579 4217 1782 4272 :ecclc-

171 4297 766 4365 si:e.QuosvirDomini
783 4301 850 4356 ad
871 4302 1453 4360 consuetudinarium
1471 4305 1783 4362 matutino-

174 4399 273 4440 rum
287 4389 515 4446 ofﬁcium
531 4391 815 4459 invitans,
843 4389 968 4461 ipse
983 4405 1111 4446 cum
1125 4391 1280 4446 eisin
1293 4391 1514 4462 terruit,
1541 4397 1599 4448 et
1616 4408 1779 4450 mane

171 4472 293 4530 facio
313 4477 574 4536 beneﬁcia
593 4478 822 4536 Domini
841 4479 1030 4535 oculis
1044 4479 1290 4537 videnda
1311 4481 1682 4552 monstravit,
1705 4485 1782 4538 at-

1888 1911 1958 1967 de
1976 1911 2238 1968 maximis
2251 1911 2476 1968 divitiis
2491 1913 2561 1968 ad
2579 1913 2881 1970 maximam
2899 1915 3194 1972 redactam
3212 1917 3533 1990 penuriam,

1887 2015 2036 2056 anno
2067 2000 2137 2056 ab
2186 2000 2588 2058 incarnatione
2617 2003 2839 2058 Domini
2899 2005 3038 2059 1008
3070 2004 3202 2066 huic
3237 2005 3387 2076 patri
3435 2020 3536 2064 no-

1885 2093 2029 2159 stro,
2068 2103 2236 2158 quem
2271 2089 2437 2145 unice
2470 2089 2772 2161 diligebat,
2807 2091 3162 2162 assignavit;
3213 2091 3266 2147 in
3303 2107 3413 2164 qua
3446 2093 3536 2149 vir

1883 2177 2106 2234 Domini
2129 2182 2288 2233 tanta
2313 2178 2434 2248 egit
2475 2183 2533 2234 et
2560 2192 2769 2250 passus
2793 2183 2904 2250 est,
2952 2183 3035 2250 ut,
3069 2179 3116 2234 si
3141 2179 3367 2250 singula
3401 2181 3539 2244 seri:

1883 2266 2184 2336 berentur,
2215 2271 2272 2322 et
2309 2266 2517 2323 lectori
2573 2272 2638 2323 ut
2669 2281 2880 2324 vereor
2911 2267 3126 2324 tedium
3157 2275 3216 2326 et
3248 2268 3536 2326 audienti-

1883 2354 1993 2411 bus
2023 2359 2372 2425 generarent
2408 2355 2742 2422 fastidium;
2777 2357 2877 2412 sed
2910 2355 2980 2412 de
3001 2355 3202 2414 multis
3230 2371 3414 2428 pauca
3451 2357 3536 2416 di-

1882 2443 2064 2500 cenda
2098 2450 2254 2514 sunt,
2289 2449 2346 2499 et
2383 2444 2630 2502 fortasse
2655 2443 2860 2501 utilius
2885 2445 3228 2518 proderunt.
3265 2445 3534 2506 Dicamus

1887 2531 2084 2602 itaque
2117 2532 2253 2602 quid
2289 2547 2482 2588 rerum
2518 2532 2942 2601 intercesserit,
2979 2538 3040 2590 ut
3072 2531 3143 2589 ad
3174 2533 3422 2606 inopiam
3450 2549 3537 2590 re-

1887 2620 2188 2690 digeretur
2219 2619 2382 2677 locus
2438 2625 2735 2676 tantarum
2769 2621 3124 2680 divitiarum.
3160 2623 3282 2680 Non
3341 2627 3534 2682 autem

1884 2707 2030 2776 visa,
2065 2707 2165 2763 sed
2195 2721 2226 2762 a
2259 2708 2587 2764 senioribus
2609 2707 2807 2765 audita
2841 2709 3166 2767 referimus.

1960 2801 2016 2850 11
2057 2795 2299 2862 Quidam
2324 2795 2700 2852 servientium
2735 2796 2923 2856 sancti
2973 2797 3208 2854 Vedasti
3234 2797 3290 2852 in
3313 2800 3532 2854 tantam

1887 2887 2162 2956 eruperat
2197 2883 2548 2954 proterviam
2570 2883 2659 2954 "7,
2682 2884 2738 2939 in
2758 2887 2977 2942 tantam
3010 2889 3352 2940 excreverat
3378 2887 3536 2940 inso-

1889 2971 2147 3042 lentiam,
2171 2971 2303 3042 quia
2327 2971 2627 3044 aliquanto
2659 2971 3027 3030 necessarius
3067 2978 3193 3028 erat
3225 2972 3528 3044 aacclesiae,

1889 3066 1953 3118 ut
1984 3061 2129 3116 infra
2177 3060 2387 3116 atrium
2418 3061 2752 3118 monasterii
2789 3059 3020 3118 domum
3051 3061 3162 3117 sibi
3213 3060 3536 3116 constitue-

1888 3154 1980 3206 ret
2011 3164 2228 3220 magna
2247 3148 2579 3206 altitudinis
2603 3153 2665 3204 et
2688 3149 3047 3208 fortitudinis
3096 3149 3261 3222 quasi
3287 3164 3394 3222 pro
3419 3148 3530 3206 tui-

1888 3239 2044 3295 tione
2067 3237 2196 3294 loci.
2224 3237 2334 3294 Sed
2357 3243 2525 3294 nacta
2549 3238 2952 3310 oportunitate
2975 3237 3346 3296 contumatize
3362 3252 3525 3294 exer-

1888 3327 2106 3396 cendae,
2133 3325 2529 3384 sccularitatls
2556 3326 2610 3384 in
2645 3327 2997 3394 monasterio
3026 3325 3523 3398 superabundanti

1889 3415 2112 3472 desidia
2142 3418 2512 3490 provocatus,
2530 3419 2966 3490 propugnacula
2989 3415 3197 3485 erexit,
3216 3413 3530 3472 inﬁrmiora

1891 3503 2154 3575 munivit,
2180 3508 2239 3559 et
2263 3505 2508 3580 nonjam
2535 3519 2639 3578 pro
2672 3503 2822 3575 loco,
2857 3505 2956 3560 sed
3005 3507 3206 3559 contra
3255 3502 3445 3560 locum
3476 3509 3536 3559 et

1891 3595 2066 3648 Deum
2082 3593 2549 3649 rebellarcnisus
2571 3597 2684 3663 est,
2707 3593 2851 3648 bona
2873 3593 3156 3648 zecclesize
3181 3591 3532 3666 diripiendo,

1890 3683 2236 3738 vernaculos
2252 3687 2316 3738 et
2339 3681 2647 3738 ancillulas
2663 3682 2896 3740 sibimet
2917 3680 3306 3752 aggregando,
3325 3695 3532 3737 canum

1895 3771 2145 3840 turbam,
2188 3770 2536 3827 histrionum
2577 3775 2991 3826 etscurrarum
3022 3769 3276 3840 ineptam
3329 3784 3539 3840 conge-

1893 3858 2034 3914 riem
2068 3858 2427 3929 deducendo,
2462 3873 2566 3916 nec
2615 3872 2716 3912 eos
2745 3857 2816 3912 ab
2849 3857 3112 3925 ingressu
3145 3856 3392 3913 claustri
3447 3871 3536 3912 ar-

1891 3947 2114 4004 cendo:
2150 3946 2270 4018 (fol.
2313 3949 2404 4020 79)
2436 3961 2564 4004 cum
2612 3945 2809 4017 potius
2843 3944 2966 4020 ipse
2999 3944 3055 3999 in
3085 3959 3154 4000 eo
3213 3943 3540 4016 obsequen-

1891 4035 2036 4090 tium
2067 4035 2320 4108 stipatus
2355 4035 2559 4091 cuneis
2586 4032 2818 4090 assidue
2841 4031 3096 4102 sederet,
3123 4037 3183 4088 et
3207 4031 3536 4088 habitacula

1897 4137 2199 4180 servorum
2231 4123 2329 4179 Dei
2362 4122 2592 4180 actibus
2620 4119 2842 4180 illicitis
2863 4120 3275 4192 prophanaret.
3301 4119 3407 4176 Ubi
3443 4133 3540 4176 ve-

1897 4228 1962 4268 ro
1990 4211 2078 4268 vir
2110 4211 2207 4270 Dei
2239 4210 2569 4266 coenobium
2603 4209 2792 4282 ipsum
2819 4206 3134 4280 regendum
3163 4208 3446 4280 suscepit,
3481 4212 3541 4262 et

1897 4315 1924 4356 a
1961 4299 2263 4370 fratribus,
2319 4297 2532 4370 quibus
2577 4301 2704 4353 erat
2753 4311 2914 4353 mens
2955 4297 3172 4370 sanior,
3235 4301 3544 4370 susceptus

1896 4393 2005 4458 cst,
2041 4402 2150 4444 non
2184 4392 2270 4443 est
2307 4401 2517 4460 passus
2541 4391 2759 4442 tantam
2785 4385 2991 4442 domus
3020 4385 3118 4441 Dei
3147 4383 3347 4441 videre
3378 4383 3546 4440 deso-

1897 4477 2168 4534 lationem
2183 4476 2362 4547 ;quin
2395 4476 2566 4532 immo
2597 4475 2668 4532 ad
2707 4475 2835 4546 ejus
2864 4473 3212 4532 omnimodis
3244 4487 3307 4529 se
3343 4486 3547 4545 supcr-

170 4565 330 4630 q::cad
348 4581 593 4625 amorem
617 4583 720 4625 cos
743 4567 889 4624 tanti
915 4569 1180 4624 beneficii
1205 4568 1509 4640 largitoris
1534 4551 1776 4626 miriﬁce
1811 4551 1863 4610 D
1894 4565 2155 4622 extendit
2184 4565 2565 4638 ereptionem.
2619 4564 2907 4636 Cogitavit
2941 4569 3131 4618 tamen
3166 4562 3214 4618 si
3253 4566 3447 4632 posset
3481 4560 3548 4615 li-

171 4650 614 4730 animavitJlujus
637 4657 906 4713 miraculi
933 4657 1202 4714 testisest
1223 4661 1352 4714 tota
1374 4657 1776 4716 Leodiens=ium

171 4738 420 4806 riwtas,et
447 4753 648 4818 patres
663 4745 1050 4816 quividerunt
1073 4751 1459 4804 narraveruut
1475 4761 1542 4804 ea
1561 4747 1782 4818 ﬁliis,ct

173 4825 252 4880 lilii
288 4829 519 4890 ﬁliorum
555 4834 716 4902 ﬁliis,
748 4837 806 4889 ut
823 4839 1204 4902 cognosceret
1236 4836 1540 4904 generatio
1573 4835 1776 4892 altera.

173 4913 506 4988 Temporibus
519 4923 640 4978 illis
656 4921 844 4994 princi
857 4937 920 4992 pa
931 4923 1100 4978 batur
1116 4924 1350 4980 Francis
1362 4925 1778 4995 Robcrtus,qni

173 5001 521 5067 Constantiam
558 5011 1010 5068 duxituxorem.
1056 5011 1157 5068 ilic
1183 5017 1274 5067 ter
1295 5013 1464 5068 beato
1500 5014 1649 5085 patri
1685 5028 1783 5069 no-

175 5095 276 5148 stro
303 5097 578 5156 abbatiam
605 5098 798 5155 sancti
827 5099 980 5154 Petri
1004 5099 1446 5156 Corhciaccnsis
1471 5099 1780 5170 regendam

171 5185 502 5259 Contradid’t,
525 5196 589 5245 ut
605 5187 737 5257 ejus
755 5187 1122 5244 institutione
1143 5193 1206 5244 et
1227 5188 1427 5257 vigore
1443 5193 1781 5248 servaretur

174 5264 215 5320 in
243 5283 301 5325 eo
331 5276 514 5344 regula
537 5276 732 5348 patris
756 5275 1074 5346 Benedicti,
1099 5282 1160 5334 et
1190 5277 1352 5347 rigor
1367 5277 1782 5337 reformaretur

174 5362 464 5419 monasticae
494 5363 911 5420 institutionis.
950 5362 1266 5422 Balduinus
1295 5379 1437 5426 vero
1470 5365 1784 5426 Flandrcn-

1898 4655 2044 4710 berti
2081 4655 2239 4711 illius
2269 4653 2533 4714 emollire
2566 4653 2776 4710 mentis
2799 4651 3101 4722 duriciam,
3137 4653 3196 4705 et
3235 4649 3546 4706 verborum

1893 4743 2201 4799 dulcedine
2227 4741 2296 4776 ⁸⁸⁸
2326 4742 2509 4799 lenire
2547 4741 2922 4814 proterviam,
2958 4743 3021 4794 ut
3061 4739 3317 4794 cessaret
3350 4737 3420 4793 ab
3450 4751 3550 4806 op-

1893 4832 2200 4904 pressione
2222 4835 2278 4887 et
2302 4830 2748 4888 conculcatione
2771 4827 3078 4896 :eccleslte,
3106 4825 3199 4882 cui
3225 4838 3329 4896 pro
3349 4823 3548 4882 debito

1893 4920 2340 4991 etjurenaturaz
2361 4917 2612 4974 debebat
2642 4917 2836 4992 potius
2851 4915 3098 4974 subesse
3130 4925 3299 4982 quam
3339 4925 3551 4982 praees-

1895 5025 1977 5066 sc.
2013 5008 2121 5064 Sed
2146 5022 2380 5064 servum
2397 5006 2605 5064 malum
2623 5020 2733 5061 non
2753 5005 3024 5073 frangunt
3040 5001 3214 5057 verba
3232 4999 3333 5056 sed
3351 5000 3552 5056 verbe-

1895 5113 1978 5168 ra,
1997 5097 2148 5154 sicut
2163 5096 2304 5154 dicit
2325 5092 2921 5168 Sapientia,quoniam
2937 5089 3277 5162 animantis
3291 5088 3555 5146 calidum

1893 5187 2184 5258 suscipiet
2200 5187 2452 5244 vulnera
2482 5183 2684 5254 (Prov.
2721 5196 2918 5252 xxvm,
2953 5181 3070 5248 14).
3097 5181 3166 5234 Et
3218 5177 3354 5234 licet
3377 5177 3554 5232 verba

1894 5275 2178 5346 sapientis
2211 5275 2326 5330 sint
2359 5277 2632 5345 tanquam
2665 5269 2813 5326 clavi
2836 5269 2891 5330 in
2919 5268 3103 5326 altum
3139 5265 3332 5336 deﬁxi,
3363 5269 3554 5326 tamen

1895 5379 2009 5420 non
2043 5363 2228 5424 audiit
2281 5360 2502 5419 stultus
2529 5359 2704 5420 verba
2729 5357 3080 5436 prudentiae,
3105 5355 3236 5430 quia
3263 5369 3374 5418 non
3401 5351 3535 5410 dice

1496 5517 1732 5578 VARUE
1771 5514 2170 5580 LECTIONES.

232 5635 288 5669 ""
313 5642 386 5697 ita
414 5659 458 5702 ι’.
490 5647 558 5681 ’⁸⁸
590 5649 807 5719 aliqua
839 5660 1032 5704 erasa.
1065 5649 1134 5684 ’⁸⁷
1167 5648 1564 5721 propterviam
1595 5662 1643 5704 c.
1678 5645 1749 5682 ’⁸⁸
1774 5646 2081 5703 dulcenide
2111 5660 2159 5701 ι’.
