3894 6384
306 335 426 398 215

1257 331 1626 396 HUGONIS
1673 329 2022 391 ABBATIS
2070 331 2750 399 FLAVINIACENSIS

3601 337 3741 395 2l6

311 470 409 526 bat
441 482 508 524 ea
538 481 668 538 quae
718 466 1102 521 versabantur
1135 465 1188 521 in
1239 464 1417 520 corde
1445 465 1588 533 ejus.
1635 461 1942 533 impletum
1978 463 2034 522 Α
2068 465 2417 525 mitteretur.
2443 471 2800 538 Totumergo
2825 483 2886 524 se
2909 467 3283 524 committens
3324 465 3595 534 Domino,
3621 465 3738 520 ivit

310 557 463 614 enim
517 559 646 611 erat
689 553 829 610 illud
850 553 1166 609 veridicum
1193 553 1516 608 Salomonis
1543 551 1946 624 proverbium:

318 643 642 711 Quinutrit
657 657 888 700 servum
913 641 1184 710 delioule,
1207 641 1424 698 sentiet
1463 641 1634 698 illum
1657 641 1952 696 contuma-

314 748 434 791 cem
458 733 654 798 (Prov.
682 747 834 788 xxix.
859 732 970 801 21).
1003 728 1148 795 Quid
1183 729 1421 798 faceret,
1466 744 1580 798 quo
1604 743 1663 784 se
1695 733 1953 784 verteret

317 822 484 878 anxia
510 834 672 876 mens
695 819 803 874 viri
822 818 950 874 Dei?
967 818 1166 874 Cilicio
1185 818 1380 888 itaque
1395 817 1953 886 obvolvitur,cinere

319 909 671 981 aspergitur,
697 913 777 977 et,
799 907 852 962 in
877 906 1155 964 excubias
1175 905 1464 961 commissi
1488 905 1684 974 gregis
1711 905 1957 977 pervigi-

319 998 406 1053 les
437 1000 640 1052 noctes
665 995 1091 1064 dueens,Deum
1119 995 1468 1066 precabatur
1487 993 1861 1061 attentius,ut
1885 995 1957 1048 ab

320 1083 706 1157 Oppressione
758 1081 974 1139 inimici
1005 1086 1061 1138 et
1113 1083 1501 1137 membrorum
1534 1081 1660 1149 ejus
1691 1086 1960 1136 tueretur

321 1171 646 1229 :ecclesiam
677 1187 860 1241 suam,
885 1170 1267 1227 misereretur
1301 1169 1578 1240 parvulis,
1613 1174 1670 1224 et
1694 1174 1963 1240 protege-

325 1265 412 1316 ret
443 1275 473 1316 a
506 1259 812 1326 seandalo;
847 1274 909 1316 se
933 1261 1117 1330 ipsum
1152 1273 1400 1330 quoque,
1431 1272 1597 1328 quem
1620 1257 1706 1313 eis
1743 1273 1964 1328 praepo-

325 1354 544 1420 suerat,
581 1348 752 1405 talem
787 1348 1004 1404 faceret
1038 1351 1102 1402 ut
1158 1346 1410 1404 subditis
1467 1361 1595 1402 eum
1627 1350 1686 1401 et
1719 1350 1960 1400 matrem

327 1439 517 1510 pietas
547 1442 606 1494 et
636 1441 860 1509 patrem
893 1436 1158 1492 exiberet
1191 1435 1518 1506 diSeiplina,
1547 1439 1608 1492 ut
1632 1440 1790 1490 esset
1819 1434 1964 1490 ineo

325 1531 384 1582 et
406 1527 566 1597 juste
583 1524 896 1581 consulens
929 1523 1348 1592 misericordia,
1383 1528 1438 1578 et
1476 1523 1566 1595 pie
1597 1523 1826 1579 seviens
1850 1523 1968 1578 dis-

326 1614 560 1686 ciplina.
586 1615 762 1670 Nacta
780 1613 959 1683 igitur
977 1613 1258 1684 temporis
1279 1612 1676 1683 Oportuuitate
1693 1609 1966 1683 pepulum

329 1705 698 1774 conveniens,
733 1718 862 1760 eum
911 1717 1092 1774 pauca
1127 1718 1231 1774 pro
1265 1717 1326 1757 re
1351 1705 1411 1756 et
1452 1706 1710 1772 tempore
1759 1705 1968 1756 contra

2065 557 2346 625 cubitum,
2373 563 2551 630 caput
2585 558 2804 613 habens
2839 562 3145 626 retectum,
3183 559 3442 628 paratus,
3479 555 3525 610 si
3565 555 3742 610 Deus

2065 643 2337 713 vellet,ad
2370 642 3080 715 excipiendumjugulum.
3108 644 3246 698 Cum
3269 657 3409 698 ecce
3441 645 3580 696 ante
3612 657 3744 695 ma-

2065 732 2317 789 tutinum
2345 738 2596 802 lcmyus,
2617 733 2887 788 omnibus
2917 735 3049 803 post
3079 729 3338 786 laborem
3363 728 3744 800 quiescenti-

2069 821 2194 888 bus,
2228 821 2340 877 duo
2374 820 2479 889 illi,
2512 836 2756 890 quorum
2790 825 2915 875 erat
2948 819 3147 891 operis
3175 823 3235 874 et
3266 817 3594 874 vcluutatis
3639 832 3746 888 pa-

2067 915 2215 964 trem
2264 908 2556 979 jugulare,
2610 913 2923 978 surgentes
2979 907 3246 964 clanculo
3307 907 3742 963 dormitorium

2065 998 2452 1068 cgrediuntur
2468 1015 2481 1062 ;
2497 1003 2554 1053 et
2569 997 2818 1054 accincti
2832 998 2924 1067 gla
2939 997 3068 1067 diis,
3085 1013 3214 1053 cum
3233 995 3301 1052 de
3322 1001 3605 1067 perpetra
3618 996 3746 1050 nde

2071 1087 2292 1142 scelere
2306 1102 2365 1141 se
2391 1092 2590 1142 mutuo
2615 1086 2964 1141 devotantes
2985 1088 3488 1150 eoutestarentur,
3513 1083 3590 1138 ad
3623 1086 3744 1138 hoc

2073 1175 2336 1232 ultimum
2369 1175 2728 1230 devenerunt
2757 1178 2816 1229 ut
2853 1187 3001 1230 unus
3035 1171 3265 1229 illorum
3303 1173 3746 1244 pedetemptim

2075 1263 2300 1331 singula
2328 1262 2656 1319 dormitorii
2689 1261 2838 1316 lecta
2871 1261 3172 1330 circuirct,
3197 1276 3265 1316 ne
3282 1260 3499 1331 aliquis
3523 1276 3750 1330 super-

2074 1357 2230 1407 esset
2262 1352 2358 1422 qui
2411 1350 2699 1420 vigilaret,
2735 1365 2764 1406 a
2807 1365 2920 1420 quo
2951 1347 3308 1420 deprehendi
3340 1349 3746 1405 verebantur.

2077 1440 2242 1506 Quod
2278 1440 2374 1494 ubi
2400 1440 2612 1496 factum
2635 1444 2748 1508 est,
2773 1445 2834 1494 et
2858 1437 2955 1493 ille
2973 1443 3064 1493 est
3085 1452 3358 1493 reversus
3379 1436 3453 1492 ad
3477 1437 3746 1498 socium,

2079 1533 2312 1600 captata
2329 1525 2992 1600 oportunitatemalieite
3010 1524 3630 1598 perpetrandze,simul
3652 1541 3754 1595 pa-

2078 1619 2192 1674 tris
2225 1616 2496 1673 llichardi
2527 1615 2720 1672 cubile
2751 1616 2966 1671 adeunt
2993 1613 3307 1684 videntque
3331 1613 3520 1668 virum
3540 1615 3754 1684 rapite

2084 1709 2310 1763 retecto
2326 1713 2687 1778 soporatum.
2707 1705 2848 1773 (Fel.
2865 1703 2996 1774 79’.)
3014 1705 3268 1774 Cumque
3283 1717 3435 1759 unus
3450 1702 3695 1758 audaci:
3727 1719 3754 1756 ι·

330 1793 664 1866 superbiam
721 1791 1117 1860 disseruisset,
1151 1795 1208 1845 et
1251 1789 1321 1845 de
1353 1788 1628 1845 sedando
1661 1787 1967 1857 religionis
1999 1810 2052 1869 Β
2086 1796 2138 1851 in
2173 1793 2396 1851 scelere
2442 1797 2718 1850 armatam
2752 1793 2806 1848 in
2867 1791 3028 1848 illum
3057 1791 3346 1847 vibrasset
3401 1790 3751 1851 dexteram,

332 1881 633 1954 proposito
647 1879 1057 1936 nichilominus
1081 1878 1324 1950 quedam
1343 1876 1808 1949 perorasset,ubi
1825 1875 1968 1932 vidit

333 1969 586 2028 deﬂexos
607 1969 679 2024 ad
702 1983 764 2024 se
790 1968 1010 2024 animos
1043 1966 1263 2039 populi,
1283 1965 1662 2023 munitionem
1688 1979 1857 2035 quam
1881 1979 1972 2036 pa-

331 2058 591 2114 tiebatur
623 2056 884 2112 infestam
909 2055 1112 2123 adivit,
1133 2059 1212 2126 et,
1247 2070 1313 2111 ea
1346 2055 1610 2111 funditus
1643 2053 1972 2124 destructa,

332 2143 492 2202 illum
516 2145 612 2216 qui
637 2150 838 2200 contra
859 2143 1150 2216 justitiam
1177 2143 1436 2200 tumidus
1458 2142 1860 2214 superbiebat,
1884 2156 1977 2197 ca-

334 2239 494 2306 ptum
516 2234 572 2289 in
603 2232 915 2289 elemosina
946 2232 1132 2288 sancti
1165 2230 1404 2288 Vedasti
1437 2231 1643 2286 sedere
1675 2234 1731 2286 et
1763 2229 1833 2285 de
1863 2230 1980 2284 elc-

336 2322 556 2378 mosina
578 2321 777 2378 vivere
810 2320 1086 2389 instituit,
1113 2319 1315 2390 sicque
1339 2319 1526 2376 locum
1561 2320 1632 2374 ab
1655 2319 1780 2388 ejus
1801 2325 1858 2374 et
1881 2321 1981 2374 ob-

339 2409 706 2481 sequentium
739 2408 866 2479 ejus
899 2407 1342 2480 importunitate
1372 2406 1610 2478 eripuit.
1645 2407 1804 2479 Cepit
1839 2423 1980 2477 ergo

341 2501 504 2555 tanto
529 2496 847 2554 ferventior
869 2496 1084 2552 studiis
1107 2495 1402 2566 religiosis
1422 2495 1786 2565 insistere,et
1807 2496 1983 2552 dedu-

339 2586 454 2644 ctis
481 2600 512 2642 a
542 2585 802 2641 Virduno
833 2583 1114 2640 fratribus
1149 2584 1202 2639 in
1247 2583 1572 2656 spiritualis
1603 2584 1866 2640 exercitii
1901 2588 1986 2653 ty-

342 2674 568 2732 rocimo
600 2673 864 2745 probatis
907 2686 1107 2729 curam
1141 2671 1248 2728 loci
1283 2673 1594 2742 commisit,
1657 2673 1809 2728 inter
1839 2688 1986 2743 quos

342 2767 466 2819 erat
499 2761 832 2820 Rothardus
864 2775 894 2817 a
930 2760 1138 2817 Leodio
1171 2761 1456 2832 sapientia
1487 2765 1543 2816 et
1575 2760 1857 2831 religione
1891 2777 1984 2816 no-

344 2851 783 2922 minatissimus,
809 2852 1026 2922 quanto
1049 2854 1290 2907 noverat
1311 2853 1367 2905 et
1393 2850 1504 2906 sibi
1531 2850 1626 2920 qui
1655 2856 1903 2922 praeerat
1927 2854 1987 2904 et

343 2942 430 2998 eis
487 2941 584 3012 qui
631 2942 908 2997 suberant
939 2939 1235 3012 expedire.
1269 2942 1480 2996 Verum
1543 2940 1676 3010 quia
1712 2941 1829 2995 vita
1861 2939 1989 3009 ejus

344 3038 506 3088 casta
525 3035 584 3086 et
608 3034 808 3087 sancta
830 3028 1090 3086 moribus
1110 3028 1558 3084 inhabitantium
1579 3028 1986 3096 aversabatur,

347 3119 671 3190 durumque
701 3117 788 3172 eis
811 3115 1123 3172 videbatur
1144 3115 1300 3186 quod
1324 3115 1381 3170 in
1407 3121 1598 3170 mente
1619 3115 1804 3170 veteri
1829 3129 1972 3183 coge

347 3207 560 3264 bantur
583 3221 730 3263 nova
747 3203 1114 3273 meditari,ex
1138 3202 1460 3258 rebellione
1479 3203 1720 3259 audacia
1741 3207 1988 3274 sumpta,

349 3296 540 3352 conati
563 3299 700 3350 sunt
724 3292 958 3364 quidam
980 3305 1183 3348 eorum
1197 3290 1268 3347 de
1290 3290 1419 3361 ejus
1438 3295 1624 3346 morte
1641 3295 1916 3346 tractare.

422 3387 507 3440 12.
560 3381 902 3436 imminente
933 3379 1129 3450 itaque
1189 3377 1678 3450 quadragesimali
1714 3383 1992 3450 tempore,

353 3471 486 3543 quia
535 3470 643 3526 hec
673 3470 799 3524 erat
833 3467 1167 3524 monasterii
1218 3466 1419 3537 regula
1454 3472 1518 3522 ut
1549 3466 1603 3522 in
1639 3465 1756 3522 illis
1788 3467 1997 3523 diebus

355 3558 558 3616 artiori
583 3571 646 3613 se
678 3556 927 3629 quisque
947 3560 1228 3612 mactaret
1246 3555 1624 3623 continentia,
1646 3569 1774 3611 cum
1795 3555 1866 3611 ad
1891 3556 1998 3612 hoc

356 3645 726 3719 propensiori
759 3659 897 3701 cura
930 3648 990 3700 et
1014 3643 1350 3700 ferventiori
1373 3642 1888 3715 compellerentur,
1917 3649 1994 3699 te-

355 3741 490 3792 ctus
521 3733 579 3790 in
601 3733 781 3790 corde
805 3731 956 3789 livor
977 3732 1132 3804 cepit
1166 3732 1343 3788 altius
1367 3745 1626 3803 serpere,
1645 3736 1703 3787 et
1737 3731 1807 3786 ad
1831 3731 2000 3803 peril-

355 3823 626 3881 eiendum
657 3819 812 3894 quod
843 3820 1255 3879 anbelaverant
1282 3821 1337 3877 in
1370 3820 1498 3877 dies
1523 3824 1770 3876 mentem
1795 3834 2003 3878 excru-

357 3913 568 3970 ciatam
601 3925 960 3984 permovere.
998 3909 1143 3978 Quid
1177 3909 1376 3966 multis
1403 3909 1804 3965 inmoramur?
1833 3909 2002 3966 Venit

357 4001 787 4060 sacratissimus
843 3999 971 4056 dies
1006 4013 1186 4056 edanze
1243 3997 1570 4068 dominicze,
1603 4002 1824 4069 etquae
1875 4003 2004 4054 erat

360 4091 522 4164 pacis
535 4095 594 4146 et
613 4086 1474 4157 concordiae,reconciliationis
1487 4091 1544 4142 et
1563 4085 2000 4157 misericordiae,

359 4178 483 4235 lucc
517 4177 780 4234 factiosis
809 4175 1081 4233 convenit
1112 4175 1238 4230 dies
1280 4175 1630 4246 proditionis
1661 4179 1719 4232 et
1768 4174 2004 4231 malitiae

361 4266 790 4339 perpetrandae.
841 4263 1235 4319 Deliberatum
1267 4268 1355 4320 est
1387 4263 1538 4319 enim
1583 4264 1734 4335 apud
1777 4263 1910 4320 illos
1945 4265 2006 4320 ut

361 4369 431 4410 eo
464 4353 558 4410 die
591 4351 952 4426 perexpleto,
977 4366 1104 4407 cum
1131 4357 1260 4422 post
1282 4351 1589 4408 ministerii
1611 4352 1888 4410 salutaris
1910 4367 2008 4408 ex-

364 4441 679 4514 pletionem
713 4440 803 4496 vir
836 4440 1042 4496 beatus
1068 4440 1220 4496 fessa
1245 4440 1511 4510 corporis
1543 4442 1796 4496 membra
1821 4441 2004 4512 quieti

2025 3160 2074 3222 Ο

2086 1883 2743 1953 ΙηἮυΙιὶοοὺνίςρςυρηιθ
2767 1882 3018 1938 divinam
3041 1895 3177 1950 erga
3205 1896 3268 1936 se
3281 1879 3754 1935 seusitclemeu-

2087 1975 2246 2043 tiam,
2273 1987 2341 2028 ne
2375 1973 2650 2043 perderet
2683 1975 2928 2043 patrem,
2962 1970 3058 2040 qui
3101 1969 3320 2025 multos
3350 1966 3423 2024 ad
3453 1973 3753 2024 mternam

2089 2061 2536 2120 transmissurus
2579 2066 2706 2118 erat
2760 2059 3163 2116 hereditatem.
3201 2058 3402 2113 Stabat
3434 2060 3654 2112 exerta
3688 2055 3754 2088 ’39

2088 2151 2314 2220 dextra,
2349 2151 2516 2222 inpos
2547 2151 2617 2206 ad
2665 2147 3008 2218 feriendum,
3042 2161 3148 2203 nec
3178 2147 3344 2218 inpos
3375 2143 3450 2200 ad
3479 2142 3755 2214 gladium

2090 2241 2506 2312 reponendum.
2563 2239 2608 2294 Ο
2640 2235 2983 2293 admirabile
3011 2235 3110 2291 Dei
3155 2233 3566 2306 .prmconium!
3609 2231 3756 2288 mira

2091 2329 2410 2402 patientia!
2447 2327 2634 2399 pietas
2660 2325 3048 2398 praedicanda!
3077 2325 3312 2380 Poterat
3332 2323 3508 2378 Iesus
3543 2327 3758 2378 noster

2093 2433 2230 2474 suos
2263 2417 2396 2474 illos
2427 2415 2764 2488 palestrites
2793 2429 2823 2470 a
2860 2405 3082 2486 peccati
3116 2411 3419 2468 voluntate
3447 2415 3755 2477 avertere,

2094 2509 2344 2578 poterat,
2408 2519 2537 2560 mox
2573 2507 2632 2560 ut
2680 2502 2934 2572 cogitata
2967 2501 3038 2556 ad
3089 2499 3357 2556 effectum
3419 2499 3758 2570 perducere

2096 2597 2548 2666 temptaverunt,
2573 2597 2758 2647 morte
2783 2589 3049 2644 multare.
3077 2587 3185 2644 Sed
3228 2587 3509 2644 sustinuit
3531 2585 3593 2642 in
3621 2585 3760 2640 mul-

2097 2689 2153 2739 ta
2183 2682 2465 2754 patientia
2524 2679 2674 2736 filios
2707 2679 2825 2748 irw,
2860 2681 2923 2734 ut
2955 2677 3174 2732 faceret
3231 2674 3382 2731 ﬁlios
3413 2673 3761 2730 misericor-c

2096 2772 2225 2826 dia).
2261 2770 2476 2825 Invasit
2507 2783 2647 2836 ergo
2695 2767 2966 2822 miserum
3001 2764 3161 2819 illum
3190 2763 3366 2818 timor
3395 2778 3532 2819 cum
3571 2762 3756 2824 febre,

2097 2863 2154 2915 et
2187 2857 2430 2914 recessit
2461 2872 2489 2912 a
2525 2856 2675 2911 lecto
2712 2854 2916 2926 patris,
2971 2867 3139 2923 quem
3177 2851 3526 2922 protegebat
3563 2849 3757 2919 gratia

2101 2945 2549 3017 Omnipotentis.
2589 2945 2700 2999 Nec
2735 2941 2917 2998 multo
2952 2945 3085 3012 post
3118 2939 3284 3010 signo
3315 2939 3458 2995 dato
3512 2941 3756 2993 ventum

2101 3039 2192 3091 est
2224 3034 2294 3089 ad
2319 3032 2664 3101 recelesiam,
2682 3029 2854 3088 etille
2877 3044 3045 3101 quem
3062 3025 3757 3084 remordebatconseien—

2103 3124 2206 3191 tia,
2231 3113 3392 3182 interaliosnocturnalisinaxiinterfuit,
3419 3125 3756 3184 quanquam

2106 3217 2382 3281 tremens,
2418 3223 2743 3280 quanquam
2773 3206 3054 3276 infirmus,
3099 3217 3426 3275 quanquam
3465 3199 3759 3256 mordacis

2105 3297 2483 3357 conscientiae
2515 3295 2770 3353 stimulis
2819 3301 3170 3365 aggravatus
3201 3291 3304 3348 Ubi
3347 3305 3490 3347 vero
3520 3297 3757 3346 ventum

2107 3387 2295 3444 estad
2328 3387 2625 3455 tenebras,
2663 3384 2837 3439 miser
2861 3382 2978 3453 ille,
3001 3381 3136 3438 dum
3155 3381 3352 3452 Illyric
3389 3379 3756 3436 elci’soneum

2109 3476 2382 3532 versibus
2405 3478 2768 3544 cantaretur,
2792 3473 2969 3528 corde
2993 3473 3376 3541 compunctus
3397 3467 3659 3537 genibus
3673 3479 3758 3537 pa-

2113 3564 2220 3619 tris
2253 3562 2567 3618 advolutus
2597 3565 2708 3630 est,
2739 3559 2998 3616 clamans
3027 3565 3086 3614 et
3117 3557 3244 3628 ipse
3267 3555 3418 3627 patri
3448 3573 3461 3608 :
3487 3555 3755 3622 Domina,

2109 3654 2408 3719 miserere,
2445 3649 2675 3707 scilicet
2726 3653 2788 3705 ut
2837 3648 2925 3704 sui
2957 3647 3356 3714 misereretur,
3391 3642 3546 3698 sicut
3589 3644 3757 3698 Deum

2112 3741 2222 3798 sibi
2253 3739 2514 3796 misereri
2550 3738 2918 3810 precabatur.
2948 3734 3266 3806 Obstupuit
3295 3732 3382 3790 vir
3413 3736 3670 3788 sanctus
3693 3729 3756 3786 ad

2114 3834 2332 3886 tactum
2376 3827 2574 3884 fratris
2614 3827 2881 3896 vestigiis
2905 3826 3032 3897 ejus
3059 3820 3520 3895 procumbentis,
3540 3825 3606 3876 et
3629 3816 3754 3890 quid

2113 3922 2268 3975 esset
2303 3931 2543 3988 prorsus
2590 3915 2914 3988 ignorabat.
2949 3913 3252 3988 Suscepto
3285 3913 3481 3988 tamen
3511 3922 3588 3988 eo
3612 3905 3756 3988 etin

2114 3977 2338 4062 partem
2363 3977 2680 4056 declinato,
2713 3985 3033 4041 orationem
3067 3977 3402 4054 complevit,
3429 3985 3486 4035 et
3521 3977 3756 4035 datolu-

2115 4077 2268 4133 mine
2317 4075 2533 4134 ceteris
2563 4074 2632 4129 ad
2668 4077 2851 4129 strata
2903 4070 3392 4142 regredientibus,
3427 4068 3666 4140 aliquos
3694 4063 3756 4119 de

2117 4167 2398 4224 fratribus
2454 4179 2652 4222 secum
2705 4161 2978 4227 retinuit;
3032 4159 3432 4228 seeedensque
3485 4157 3542 4212 in
3571 4156 3752 4212 locum

2115 4271 2458 4326 congruum,
2490 4253 2622 4310 data
2661 4249 3061 4324 oportunitate
3085 4247 3382 4319 loquendi,
3415 4249 3752 4301 trementem

2119 4347 2354 4401 fratrem
2385 4349 2443 4400 et
2477 4342 2822 4416 plorantem,
2846 4344 3090 4408 totoque
3117 4351 3367 4408 corpore
3393 4340 3570 4390 terra:
3607 4345 3755 4406 pros-

2116 4439 2273 4490 trato
2302 4433 2494 4506 capite
2529 4437 2742 4488 terram
2795 4427 3118 4496 ferientem,
3153 4424 3291 4496 quid
3341 4427 3650 4495 pateret-ur
3679 4433 3754 4474 rc-

363 4506 611 4601 laxaret,
645 4544 775 4588 eum
807 4543 1010 4586 omnes
1039 4506 1380 4600 dormirent,
1404 4529 1476 4585 ab
1507 4528 1592 4586 eis
1618 4506 2001 4601 gladiis'peri-
2034 4511 2086 4570 D
2116 4522 2376 4595 quisivit.
2400 4520 2502 4576 llle
2522 4517 3242 4590 gemituinterrumpente:
3266 4506 3750 4582 Peccavi,inquit,

364 4624 642 4678 meretur.
671 4620 714 4676 Ο
747 4617 1127 4692 praesumptio
1159 4617 1498 4674 temeraria!
1523 4633 1558 4674 o
1583 4617 1888 4690 impudens
1909 4633 2008 4674 au-

363 4709 548 4768 datia!
586 4709 727 4778 Quis
760 4710 942 4776 furor,
995 4712 1128 4779 post
1159 4705 1508 4764 immolatum
1544 4705 1700 4763 illam
1749 4707 1882 4776 agni
1915 4721 2010 4778 pa-

365 4800 578 4859 schalis
601 4799 917 4874 victimam,
938 4811 1004 4854 ea
1029 4797 1122 4854 die
1145 4795 1234 4853 vel
1256 4800 1428 4853 nocte
1449 4809 1796 4867 quemquam
1817 4809 2012 4865 quam-

363 4891 454 4948 vis
507 4888 986 4948 nocentissimum
1035 4885 1207 4942 morti
1265 4884 1662 4954 adjudieavit?
1691 4884 1806 4938 Nec
1840 4882 2012 4939 latuit

364 4981 552 5037 virum
578 4979 810 5035 beatum
837 4975 1034 5032 feralis
1057 4974 1153 5030 illa
1184 4973 1464 5030 malorum
1497 4971 1866 5028 deliberatio.
1905 4981 2015 5029 Au-

367 5067 476 5124 diit
505 5081 753 5137 namque
803 5065 960 5136 quod
989 5079 1055 5120 ea
1089 5067 1263 5120 nocte
1310 5063 1384 5118 ab
1415 5061 1609 5133 impiis
1643 5061 2017 5132 perimendus

367 5159 543 5225 esset,
576 5167 681 5210 nec
714 5153 929 5210 timuit.
987 5151 1176 5208 Timor
1205 5151 1358 5207 enim
1387 5149 1610 5206 Domini
1661 5153 1880 5218 castus,
1916 5148 2016 5219 qui

369 5245 672 5316 permanet
705 5240 760 5295 in
795 5239 1056 5296 seculum
1087 5239 1294 5311 seculi,
1330 5255 1360 5296 a
1383 5242 1576 5294 mente
1599 5238 1725 5308 ejus
1745 5237 2014 5294 timorem

371 5329 580 5387 mortis
629 5325 902 5396 exclusit,
939 5327 1070 5398 quia
1102 5331 1346 5384 noverat
1402 5325 1555 5397 quod
1586 5325 1799 5382 nemini
1840 5339 2020 5396 super

371 5433 502 5476 eum
535 5419 804 5490 potestas
833 5413 1091 5486 daretur,
1118 5415 1227 5472 nisi
1259 5420 1539 5487 quantum
1571 5429 1600 5471 a
1631 5413 1870 5472 Domino
1892 5428 2020 5484 per-

2115 4615 2182 4670 in
2201 4612 2410 4682 celum,
2421 4616 2612 4682 pater,
2636 4609 2694 4664 et
2711 4621 2908 4664 coram
2930 4605 3117 4674 inqui
3139 4601 3407 4659 nolebam
3424 4601 3550 4657 dici
3573 4601 3632 4656 et
3649 4607 3754 4655 ess:

2104 4703 2283 4775 ﬁlius
2297 4693 3197 4782 tuus,faclussumpsrscg/uutor
3208 4692 3364 4748 tuus.
3374 4691 3440 4745 Et
3461 4691 3751 4782 proferens

2117 4789 2373 4862 gladium
2393 4771 2595 4844 de'sub
2623 4783 2849 4841 eueulla
2879 4801 2890 4837 :
2915 4784 3084 4852 Ecce,
3109 4780 3319 4851 inquit,
3339 4793 3514 4849 quem
3531 4771 3752 4862 eximii

2118 4859 2284 4936 nocte
2303 4878 2417 4934 Itac
2455 4876 2536 4934 ad
2544 4875 2676 4950 feri
2683 4872 2897 4929 cadum
2929 4872 3003 4940 te,
3021 4870 3126 4928 sed
3153 4872 3330 4925 Jesus
3348 4859 3754 4938 tuusprolerit

2122 4969 2196 5024 te.
2235 4967 2402 5022 Volui
2423 4964 2660 5036 quidem
2679 4961 2932 5034 perdere
2961 4961 3034 5028 lc,
3057 4957 3164 5016 sed
3176 4957 3480 5028 protector
3500 4957 3638 5012 tuus
3657 4953 3751 5008 Do-

2119 5058 2319 5113 minus
2343 5053 2615 5124 defendit
2629 5053 2700 5108 te.
2741 5051 2955 5106 Is’avcmi
2970 5049 3246 5118 gladium
3265 5047 3331 5102 in
3353 5046 3427 5114 te,
3451 5046 3558 5102 sed
3599 5041 3752 5112 cujus

2123 5144 2414 5202 estcirtus
2425 5141 2703 5212 etimpcri
2712 5154 2867 5210 um,g
2877 5137 2980 5195 [ad
3007 5151 3105 5192 um
3121 5135 3503 5203 continuit,ct
3513 5134 3569 5189 te
3583 5149 3620 5190 a
3632 5141 3752 5188 mor-

2127 5231 2390 5304 tc,m-eab
2425 5231 2677 5286 interitu
2698 5229 2914 5284 anima
2933 5225 2993 5282 et
3007 5223 3080 5282 ab
3126 5222 3450 5280 homicidio
3487 5215 3747 5279 solearii.

2125 5321 2316 5378 Parce
2335 5333 2472 5391 ergo
2491 5317 2664 5386 milii,
2690 5317 2838 5386 quia
2859 5313 3118 5371 converti
3143 5310 3401 5384 paratus
3419 5325 3556 5368 sum
3577 5311 3634 5366 et
3649 5304 3750 5362 iui:

2123 5408 2370 5468 monitis
2415 5406 2816 5478 adquiescere,
2845 5399 3346 5474 regularibusgue
3372 5398 3554 5457 subdi
3597 5391 3746 5455 insti-

1728 5544 1966 5602 VARIE
2005 5541 2404 5602 LECTIONES.

465 5635 536 5674 ²⁸⁹
565 5635 768 5692 exerta
797 5614 1053 5704 corripit
1075 5633 1136 5689 ι.
1166 5633 1369 5689 extera
1398 5642 1446 5688 ο.
