3894 6332
115 324 224 385 ΞΠ

1316 276 1810 393 ΟΗΗΟΝΙΟόΝ.
1856 363 1935 375 —-
1975 330 2128 391 LIB.
2178 330 2251 392 II.

3418 341 3540 403 218

139 455 300 543 tutis.-
329 459 572 515 tantum
601 459 764 517 dona
791 461 946 519 mihi
975 462 1135 533 quod
1153 463 1385 533 deliqui
1406 464 1471 521 in
1492 463 1565 531 te,
1591 464 1650 520 et
1667 477 1774 520 ora
1807 465 1854 525 Α
1888 462 2145 533 videtur,
2181 465 2334 533 quod
2367 469 2534 521 tanto
2564 480 2693 523 eum
2746 468 2958 525 affectu
3005 469 3230 542 dilexit,
3263 488 3435 543 quem
3467 475 3539 532 de

146 541 303 603 Deam
316 561 428 618 pro
448 562 564 604 me.
585 550 712 604 Non
738 552 862 605 erat
889 550 996 606 hoc
1010 565 1186 619 grave
1203 552 1373 607 beato
1394 552 1537 622 viro,
1555 551 1770 607 donare

154 637 504 695 Pt‘ccanti'nus
534 637 590 692 in
624 653 710 707 se,
737 638 834 708 qui
868 638 940 694 ad
975 639 1241 710 proprias
1263 639 1505 708 injurias
1528 647 1655 696 erat
1680 655 1776 712 pa-

158 714 538 779 tientissimus.
575 727 720 781 Toto
754 740 893 794 ergo
921 741 1171 797 corpore
1205 733 1520 798 prostrato,
1551 728 1773 798 gratias

159 810 249 871 “sit
268 813 591 882 protectori
616 829 724 870 suo
747 815 883 884 Deo,
913 814 1043 870 inde
1070 815 1236 870 fratri
1265 816 1511 885 benigne
1534 815 1776 872 indulsit

161 899 405 969 Quidquid
437 899 493 953 in
533 915 598 956 se
630 900 982 971 deliquerat,
1010 901 1323 973 plurimum
1355 918 1485 960 eum
1517 903 1778 960 consola-

158 986 254 1057 tus,
286 986 585 1044 iuculcaus
621 993 686 1044 ut
714 990 1099 1046 confiteretur
1120 991 1356 1047 Domino
1383 996 1618 1063 peccata
1644 1007 1776 1059 sua;

157 1075 331 1130 dicens
354 1080 662 1146 peccatum
686 1076 999 1147 aliquando
1012 1093 1140 1134 esse
1157 1084 1482 1150 peccatum,
1499 1086 1554 1135 et
1573 1095 1776 1152 penam

158 1166 374 1234 peccati,
411 1179 546 1235 quae
578 1166 764 1221 omnia
800 1166 987 1223 vitare
1030 1168 1242 1237 quiret,
1274 1168 1372 1238 qui
1420 1169 1775 1225 confessioni

155 1267 364 1322 operam
396 1252 588 1308 daret.
626 1255 815 1310 Pauca
848 1269 991 1324 ergo
1026 1271 1130 1327 pro
1161 1261 1425 1328 tempore
1476 1256 1774 1327 loquutus,

158 1342 368 1395 fratrem
404 1341 777 1398 eonsolatum
811 1343 1054 1413 dimisit,
1090 1344 1236 1399 dans
1286 1344 1344 1400 in
1392 1346 1683 1401 mandatis
1716 1351 1774 1401 ut

158 1443 300 1482 mane
332 1429 486 1484 facto
520 1430 593 1485 ad
626 1444 690 1485 se
717 1431 955 1501 rediret,
982 1438 1039 1487 et
1065 1447 1192 1502 quas
1216 1432 1324 1487 sibi
1351 1432 1781 1504 imperarentur

157 1520 370 1588 faceret,
395 1522 456 1572 et
490 1518 569 1572 ita
605 1518 928 1575 discessum
961 1524 1071 1575 est.
1100 1522 1273 1575 Pater
1296 1521 1621 1578 Richardus
1654 1538 1782 1578 ora-

156 1606 349 1660 torium
383 1606 577 1676 petiit,
605 1611 663 1662 et
698 1608 852 1678 (ιιι)ιί
886 1609 1170 1679 superfuit
1207 1610 1398 1665 noctis
1427 1610 1481 1666 in
1508 1610 1779 1667 laudibus

153 1694 435 1749 Creatoris
465 1694 684 1763 exegit.
711 1696 813 1750 Die
848 1697 1017 1752 facto.
1048 1697 1232 1768 prima
1266 1698 1441 1767 dicta,
1468 1705 1781 1755 consuetu-

1892 557 2074 607 mortc
2092 567 2195 608 sua
2214 557 2504 611 tractasse
2521 558 2965 624 eoguoveratJu
2985 574 3097 628 quo
3110 561 3539 619 consideranda

1889 645 1974 697 est
2003 642 2191 710 pictas
2222 643 2347 712 ejus
2370 646 2424 697 et
2453 644 2732 714 patientia
2768 644 3098 715 invicibilis,
3119 649 3444 717 qumvieem
3464 649 3541 706 le-

1890 729 2164 786 deutibus
2189 731 2512 801 rependere
2546 748 2655 789 non
2690 733 2869 801 novit,
2899 749 3008 804 qua
3035 735 3088 790 in
3111 739 3339 792 tantum
3363 739 3542 795 abun-

1890 818 2065 874 dabat
2087 819 2265 875 animi
2285 820 2414 891 ejus
2435 820 2659 877 directa
2676 822 3045 893 simplicitas,
3065 828 3127 881 ut
3146 840 3315 896 quem
3333 841 3542 897 passus

1892 907 2080 962 fuerat
2107 907 2424 978 inimicum,
2452 924 2583 966 eum
2610 911 2720 966 sibi
2756 913 3026 967 crederet
3062 913 3237 970 {ldum
3269 915 3538 972 amicum.

1893 996 1936 1050 Ο
1972 1010 2133 1051 mens
2156 1011 2293 1052 vere
2320 996 2486 1068 plena
2514 999 2630 1054 Deo
2658 1000 2669 1054 !
2694 998 3044 1070 simplicitas
3069 1002 3196 1058 sine
3220 1003 3542 1059 simulatio-

1896 1099 1963 1140 ne
1990 1086 2002 1139 !
2030 1085 2247 1141 caritas
2276 1086 2400 1141 sine
2432 1085 2785 1143 emulatione
2813 1091 2825 1143 ε
2852 1089 2962 1144 Sed
2987 1091 3274 1146 sufficiant
3308 1092 3538 1147 interim

1893 1172 2027 1242 ista,
2067 1174 2458 1231 festinandum
2494 1177 2665 1233 nobis
2698 1180 2784 1233 est
2828 1178 2897 1234 ad
2950 1178 3193 1250 reliqua.
3231 1182 3351 1236 Non
3386 1183 3538 1237 enim

1891 1276 2094 1317 omnes
2120 1264 2249 1333 ejus
2275 1264 2527 1320 virtutes
2548 1264 2721 1327 animi
2737 1266 3074 1323 describere
3092 1283 3419 1339 possumus.
3440 1269 3538 1325 Su-

1895 1352 2323 1421 persedeudum
2359 1353 2653 1423 aliquibus
2682 1358 2793 1424 est,
2827 1358 2887 1410 ut
2920 1356 2987 1410 ad
3022 1357 3248 1426 potiora
3295 1358 3540 1414 sufﬁcia-

1896 1454 2042 1494 mus.
2064 1441 2129 1494 Et
2158 1454 2304 1495 nunc
2331 1440 2561 1510 quidem
2589 1442 2658 1498 de
2683 1442 3075 1500 benificientia
3100 1444 3362 1501 dicamus
3384 1447 3537 1516 quod

1894 1543 2221 1598 possumus,
2257 1529 2389 1599 quia
2424 1545 2533 1586 non
2567 1531 2753 1586 omnia
2789 1546 3118 1602 possumus,
3156 1534 3286 1604 quia
3325 1535 3403 1591 ita
3428 1535 3535 1590 sibi

1895 1616 2143 1672 ﬁliorum
2177 1617 2399 1673 animos
2431 1618 2817 1690 obligaverat,
2854 1626 2914 1676 ut
2969 1622 3253 1678 inmemor
3285 1622 3535 1692 injurim,

1895 1718 2112 1761 memor
2142 1707 2348 1774 gratim
2382 1706 2698 1764 diceretur.
2727 1709 3145 1766 Considerabat
3169 1712 3319 1766 enim
3343 1711 3541 1780 singu-

151 1782 357 1837 .linarie
385 1782 575 1838 ofﬁcio
605 1783 866 1854 expleto,
902 1785 998 1841 ubi
1030 1789 1260 1857 tempus
1301 1791 1651 1858 oportunum
1685 1788 1784 1843 da-
1813 1811 1865 1871 Β
1895 1790 2080 1849 lorum
2133 1794 2393 1864 aﬂ‘ectus,
2430 1796 2844 1864 necessitates,
2880 1799 3331 1868 oportunitates,
3366 1804 3426 1855 et
3458 1801 3536 1855 ita

152 1875 259 1925 tum
274 1876 382 1940 est,
402 1874 629 1942 patrem
649 1871 801 1927 illius
816 1873 1146 1943 requisivit,
1166 1879 1222 1929 et
1243 1874 1375 1930 data
1391 1876 1777 1947 confessione,

148 1959 579 2030 penitentiaque
629 1968 895 2032 accepta,
931 1961 1125 2018 alacer
1168 1966 1225 2018 et
1258 1978 1461 2034 sospes
1491 1966 1563 2020 ab
1596 1979 1665 2019 eo
1697 1979 1784 2019 re-

146 2048 334 2115 cessit,
356 2047 562 2103 dicens
596 2048 841 2105 multum
875 2050 986 2105 sibi
1023 2051 1303 2121 prodesse
1337 2051 1489 2122 quod
1522 2053 1628 2109 hac
1653 2068 1783 2109 eum

142 2137 442 2193 occasione
468 2138 746 2194 Dominus
769 2137 878 2194 sibi
896 2138 1190 2195 aseiverit.
1222 2140 1320 2196 llic
1343 2157 1414 2196 ex
1440 2145 1576 2197 tunc
1597 2142 1784 2212 patris

142 2225 408 2281 Ricbardi
428 2227 537 2283 fuit
559 2225 713 2282 ﬁlius
735 2226 1110 2284 dulcissimus
1133 2233 1189 2283 et
1214 2229 1780 2300 comesindividuus,

140 2313 228 2370 hic
257 2315 640 2372 consiliorum
673 2316 987 2388 particeps,
1023 2317 1155 2387 quia
1188 2322 1315 2373 erat
1358 2316 1654 2375 nobilibus
1696 2334 1787 2374 or-

136 2409 229 2459 tus
262 2403 564 2461 natalibus
595 2411 653 2460 et
688 2404 908 2461 litteris
940 2406 1199 2477 adprime
1228 2406 1518 2477 eruditus,
1545 2412 1604 2462 et
1629 2407 1786 2463 vide-

140 2494 233 2545 bat
253 2492 307 2547 in
334 2508 403 2548 eo
430 2494 811 2565 penitentiam
837 2509 966 2549 cum
991 2494 1362 2550 verecundia.
1381 2495 1439 2549 In
1464 2494 1784 2567 capitulum

130 2581 226 2634 ubi
262 2586 501 2637 ventum
533 2586 650 2649 est,
676 2582 965 2653 publicam
1002 2583 1381 2654 penitentiam
1407 2585 1525 2653 egit
1551 2600 1680 2640 cum
1704 2600 1788 2640 so-

124 2688 135 2719 ι
164 2670 221 2724 io
256 2671 438 2726 corde
462 2671 723 2726 contrito
746 2675 804 2727 ct
832 2671 1155 2741 humiliato,
1182 2678 1241 2727 et
1266 2673 1479 2729 fratres
1497 2672 1787 2742 glorifica-

123 2763 344 2814 verunt
382 2762 580 2821 Deum,
620 2760 717 2829 qui
752 2760 967 2815 avertit
1016 2766 1318 2831 peccatum
1378 2761 1485 2817 hoc
1537 2762 1607 2817 ab
1657 2762 1783 2817 eis:

123 2853 180 2899 et
200 2846 323 2915 jam
354 2848 406 2903 in
436 2848 636 2917 majori
659 2848 1035 2905 veneratione
1060 2854 1321 2905 sanctum
1337 2850 1433 2905 Dei
1460 2850 1672 2905 habere
1697 2866 1788 2906 ce-

125 2944 374 3005 perunt,
410 2952 582 3006 quem
618 2940 732 2993 Deo
766 2937 1153 3005 karissimum,
1190 2939 1401 2993 mortis
1430 2938 1784 3010 inpavidum,

122 3026 220 3078 sui
272 3030 768 3097 contemptorem,
826 3026 1048 3096 injurize
1095 3026 1460 3097 donatorem,
1496 3032 1552 3081 et
1605 3029 1679 3084 ob
1731 3028 1785 3084 id

120 3113 311 3168 Deum
351 3114 717 3170 defensorem
751 3120 809 3170 et
842 3118 1095 3170 tutorem
1122 3116 1338 3171 habere
1364 3115 1784 3172 scicbantJam

120 3207 331 3257 autem
366 3204 412 3259 si
447 3203 578 3274 quis
607 3208 767 3258 esset
799 3204 896 3274 qui
928 3204 1052 3259 viro
1076 3204 1174 3259 Dei
1201 3204 1513 3274 aliquando
1538 3205 1784 3261 infestus

123 3291 669 3363 fuisset,surgebat
697 3293 752 3347 iu
780 3293 1061 3363 medio,et
1089 3293 1784 3364 confitebaturquidquid

124 3378 279 3435 illud
306 3384 878 3451 esset,satisvercns
904 3398 971 3437 ne
994 3382 1168 3437 etiam
1204 3382 1361 3437 circa
1395 3396 1458 3437 se
1492 3382 1785 3438 descviret

125 3466 463 3538 indignatio
478 3471 697 3527 divina.
717 3471 1326 3541 Precabanturitaque
1350 3485 1549 3526 omnes
1566 3471 1787 3542 pariter

127 3554 247 3610 sibi
282 3556 597 3627 indulgeri,
632 3557 767 3628 quia
799 3572 928 3613 eum
959 3572 1072 3613 non
1118 3565 1182 3614 ut
1228 3557 1528 3614 decuisset
1564 3560 1785 3628 patrem

129 3649 189 3696 et
216 3644 514 3702 dominum
542 3650 966 3717 tractaverant,
982 3652 1037 3701 ct
1059 3646 1207 3701 facta
1232 3653 1322 3701 est
1349 3647 1512 3702 ruina
1538 3646 1786 3703 duorum

134 3732 228 3786 sui
261 3733 451 3804 ipsius
483 3740 540 3790 et
572 3734 889 3791 multorum
921 3735 976 3789 in
1001 3735 1210 3806 spiritu
1231 3735 1608 3791 resurrectio.
1639 3734 1782 3804 (Fol.

134 3823 250 3890 80.)
290 3821 471 3891 Igitur
502 3823 594 3878 vir
646 3823 742 3877 Dei
791 3822 1049 3892 generali
1104 3822 1374 3878 omnibus
1425 3822 1787 3892 indulgentia

139 3907 297 3977 data,
329 3914 485 3965 tanta
508 3910 580 3942 ²⁹⁰
602 3910 660 3965 in
691 3916 996 3982 posterum
1026 3911 1097 3966 ab
1128 3910 1396 3966 omnibus
1428 3910 1676 3966 caritate
1706 3910 1789 3966 di-

142 3993 332 4053 lectus
378 4003 488 4068 est,
526 4004 591 4055 ut
650 3998 861 4055 merito
920 3999 1219 4055 diceretur
1284 4018 1295 4053 :
1350 4000 1492 4055 Hac
1534 3999 1789 4055 mutatio

145 4084 402 4144 dea-tem
430 4088 681 4144 Exclesi
714 4089 906 4155 (Psat.
935 4103 1120 4158 Lxxvi,
1156 4089 1263 4157 11).

216 4180 299 4230 l3.
328 4177 610 4232 Ordinata
647 4177 846 4247 itaque
875 4176 1083 4233 deliine
1126 4175 1391 4233 :ecclesia
1428 4176 1694 4249 personis
1729 4181 1786 4232 et

151 4265 498 4320 necessariis
513 4265 874 4334 sumptibus,
892 4263 1212 4320 Virdunum
1230 4264 1424 4334 rediit,
1445 4264 1787 4335 praedictum

154 4350 381 4408 fratrem
403 4368 601 4409 secum
628 4351 951 4422 deducens,
980 4353 1112 4423 quia
1138 4352 1503 4423 intelligebat
1527 4369 1655 4410 eum
1680 4355 1790 4411 uti-

154 4436 201 4492 le
233 4455 329 4495 vas
359 4442 620 4497 futurum
655 4441 710 4496 in
742 4441 912 4496 domo
961 4441 1200 4497 Domini.
1236 4442 1349 4498 Nec
1381 4457 1510 4497 eum
1544 4457 1680 4514 Spes
1713 4444 1789 4499 fe-

1897 1879 2226 1949 quibusque
2278 1881 2531 1936 mirabili
2577 1883 2885 1939 verborum
2919 1889 2978 1938 et
3009 1884 3206 1940 vultus
3232 1886 3419 1955 gratia
3451 1900 3539 1943 oc-

1896 1968 2159 2036 curebat,
2183 1966 2466 2036 adjicieus
2498 1970 2674 2024 verba
2711 1970 2859 2024 bona
2890 1970 3065 2026 rebus
3098 1972 3281 2039 bouis,
3307 1976 3365 2026 et
3392 1987 3539 2043 pl‘tB-

1897 2054 2188 2112 dieatiouc
2221 2056 2466 2125 benigna
2496 2061 2551 2112 et
2586 2057 2832 2113 humana
2864 2072 2925 2114 se
2958 2059 3080 2129 ipse
3103 2060 3533 2129 commendans,

1896 2147 1962 2202 ut
1988 2142 2572 2214 pltu'is"cstimaretur
2595 2145 2820 2201 animus
2840 2148 2984 2217 ejus,
3011 2162 3180 2217 quam
3205 2146 3349 2204 illud
3373 2149 3538 2218 quid-

1897 2231 2035 2301 quid
2060 2235 2218 2287 esset
2241 2232 2392 2303 quod
2414 2235 2788 2303 querebatur.
2809 2234 2913 2305 [CL
2931 2236 3155 2305 Smne,
3171 2235 3258 2292 De
3270 2235 3455 2309 benef.
3476 2252 3535 2305 η,

1896 2320 1974 2391 2.]
2011 2320 2503 2387 Quemadmodum
2536 2323 2688 2379 enim
2726 2323 2780 2378 in
2825 2324 2985 2393 egris
3015 2325 3387 2396 oportunitas
3421 2324 3536 2381 cibi

1897 2408 2295 2477 salutarisest,
2314 2415 2535 2481 etaqua
2560 2413 2908 2482 tempestive
2929 2412 3060 2468 data
3088 2412 3324 2470 remedii
3348 2413 3536 2470 locum

1896 2498 2077 2568 Optin.
2103 2502 2144 2566 t,
2173 2498 2249 2553 ita
2282 2499 2561 2555 benelicia
2583 2499 2731 2569 ejus,
2758 2501 3023 2571 quamvis
3044 2500 3211 2571 levia,
3239 2501 3369 2572 quia
3396 2516 3537 2573 pra:—

1897 2589 1991 2641 sto
2020 2592 2206 2654 erant,
2234 2586 2366 2656 quia
2390 2588 2777 2643 occurrebant
2804 2589 3115 2659 voluntati,
3139 2590 3386 2659 gratiam
3414 2605 3540 2661 pre-

1898 2672 2067 2739 ciosi,
2103 2672 2206 2728 sed
2240 2674 2382 2729 lenti
2417 2681 2476 2729 et
2509 2675 2606 2730 diu
2634 2676 2880 2744 cogitati
2917 2677 3173 2733 muneris
3204 2677 3534 2733 vincebant.

1898 2760 2240 2817 Gratissima
2281 2762 2432 2817 enim
2482 2767 2646 2819 erant
2699 2763 2832 2833 quia
2885 2771 3106 2835 parata,
3140 2766 3274 2835 quia
3327 2764 3536 2833 facilia,

1900 2849 2032 2920 quia
2065 2851 2429 2919 oceurentia,
2466 2852 2562 2907 ubi
2596 2850 2753 2907 nulla
2787 2861 2913 2907 erat
2946 2868 3102 2908 mora
3136 2853 3244 2909 nisi
3291 2853 3345 2909 in
3392 2854 3541 2909 acci-

1899 2938 2115 3009 pientis
2147 2939 2517 2995 verecundia.
2545 2941 2791 2995 Noverat
2817 2941 2968 2996 enim
2991 2942 3271 3013 optimum
3292 2957 3421 2998 esse
3446 2958 3540 2997 au-

1902 3026 2173 3083 tecedere
2204 3028 2486 3098 cujusque
2511 3028 2884 3100 desiderium,
2906 3036 2964 3085 et
2992 3031 3316 3102 proximum
3341 3031 3501 3100 sequi
3525 3048 3539 3097 ;

1901 3114 2045 3172 illud
2075 3131 2215 3171 vero
2245 3115 2472 3187 melius,
2509 3132 2798 3188 occupare
2846 3121 3155 3188 antequam
3207 3123 3535 3187 rogaretur.

1900 3206 2036 3259 Nam
2066 3220 2196 3261 cum
2222 3205 2436 3260 homini
2462 3207 2667 3277 probo,
2697 3210 2758 3262 ut
2782 3206 2864 3261 ait
2886 3207 3099 3262 Seneca
3126 3206 3182 3262 in
3204 3205 3356 3263 libro
3377 3207 3460 3275 (ιι,
3488 3210 3540 3277 1)

1903 3293 1971 3349 de
2005 3294 2329 3363 Beneﬁciis,
2356 3294 2426 3350 ad
2452 3295 2772 3364 rogandum
2798 3310 2864 3351 os
2890 3299 3221 3365 concurrat,
3245 3300 3301 3351 et
3328 3295 3543 3351 sufl‘uu-

1901 3382 2076 3438 datur
2092 3384 2293 3452 rubor,
2313 3382 2408 3452 qui
2427 3382 2533 3438 hoc
2556 3387 2911 3439 tormentum
2928 3383 3174 3438 remittit
3193 3382 3539 3454 multiplicat

1904 3486 2132 3526 munus.
2170 3469 2334 3525 Nulla
2385 3470 2536 3525 enim
2570 3485 2664 3526 res
2697 3472 2894 3527 carius
2926 3477 3180 3541 constat,
3215 3486 3384 3541 quam
3417 3486 3544 3541 qua»

1902 3560 2177 3632 precibus
2205 3564 2398 3632 empta
2450 3566 2542 3617 est
2616 3562 2754 3616 llinc
2804 3566 3042 3617 sanctus
3091 3562 3441 3618 Benedictus
3474 3563 3544 3617 de

1901 3648 2107 3705 dandis
2129 3649 2483 3705 necessariis
2505 3664 2682 3718 agens
2707 3668 2719 3706 :
2748 3649 3111 3717 C’onsideret,
3139 3648 3344 3718 inquit,
3363 3648 3548 3707 abbas

1898 3737 2290 3809 inﬁrmitates
2302 3736 3079 3808 indigentium,nonmalam
3092 3737 3451 3792 voluntatem
3463 3738 3547 3793 2'12-

1897 3825 2465 3890 m’deatiumﬂuico.
2494 3818 2838 3879 Siderandas
2859 3824 3231 3879 infirmitates
3257 3824 3543 3894 praecipit,

1900 3912 2326 3970 occurrendum
2352 3911 2519 3967 docet
2546 3911 2835 3983 precibus,
2864 3910 3230 3966 divinandam
3255 3912 3542 3982 cujusque

1901 4001 2335 4069 necessitatem,
2374 4004 2436 4055 ut
2468 3998 2709 4068 rogandi
2743 3998 3064 4054 necessitas
3094 3998 3417 4054 auferatur.
3446 3999 3549 4053 Cc-

1903 4097 2091 4145 terum
2125 4093 2185 4143 et
2216 4088 2323 4143 hoc
2358 4087 2410 4142 in
2448 4092 2612 4158 patre
2647 4091 2846 4143 nostro
2889 4085 3313 4142 beneficientize
3346 4090 3547 4158 partes

1901 4178 2212 4249 adjuvabat
2246 4176 2399 4247 quia,
2428 4175 2632 4246 siquis
2661 4175 2713 4230 ei
2748 4174 2818 4232 de
2843 4175 3093 4232 secretis
3117 4175 3341 4244 animze,
3369 4174 3441 4230 de
3465 4174 3549 4229 in-

1902 4265 2086 4322 ternis
2117 4264 2326 4321 mentis
2358 4264 2612 4321 motibus
2643 4263 3051 4334 confitebatur,
3073 4267 3235 4319 tanta
3266 4263 3317 4319 ei
3354 4263 3544 4318 iuerat

1902 4355 2111 4412 mentis
2138 4353 2486 4424 benignitas,
2513 4356 2672 4409 tanta
2699 4352 2969 4423 dulcedo,
2999 4357 3157 4409 tanta
3183 4351 3537 4424 compassio,

1903 4448 1965 4500 ut
1996 4443 2092 4513 qui
2125 4442 2286 4499 solus
2318 4442 2634 4499 advenerat
2666 4445 2730 4498 ut
2769 4455 2828 4498 se
2861 4440 3161 4513 proderet,
3198 4434 3446 4496 alterum
3482 4456 3543 4496 se

156 4527 310 4583 fellit‘.
339 4531 499 4601 Cepit
527 4530 683 4587 enim
720 4533 883 4585 totus
910 4529 1194 4587 alteralus
1226 4531 1578 4601 perfectiora
1612 4532 1788 4588 mcdi-
1818 4523 1869 4582 D
1901 4532 2063 4588 illum
2094 4546 2224 4588 esse
2255 4531 2523 4586 crederet
2548 4530 2640 4586 cui
2664 4530 3079 4599 confitebatur,
3104 4528 3196 4584 cui
3222 4543 3332 4584 non
3357 4528 3547 4583 imme-

152 4617 276 4687 tari,
307 4634 497 4675 amare
549 4620 943 4688 honestatem,
978 4618 1221 4688 diligere
1267 4618 1551 4689 ordinem,
1587 4636 1787 4676 omnes

156 4704 255 4759 sibi
288 4722 654 4778 przeponere,
682 4721 746 4761 se
780 4705 1050 4763 omnibus
1080 4711 1455 4779 postponere,
1480 4712 1536 4763 et
1571 4708 1618 4764 si
1649 4708 1786 4778 quid

153 4797 229 4847 est
265 4798 414 4865 quod
450 4795 637 4851 virum
671 4795 983 4850 honestum
1017 4795 1242 4866 deceat,
1276 4796 1347 4851 ad
1400 4796 1456 4851 id
1510 4797 1694 4853 modis
1726 4813 1787 4854 se

151 4884 408 4938 clunibus
441 4883 782 4940 informare.
822 4881 1199 4947 Quamobrem
1234 4883 1638 4954 diligebatura
1662 4886 1786 4941 viro

152 4970 262 5039 Dei,
297 4976 351 5025 et
385 4972 683 5028 cotidiana
710 4984 846 5025 mon
876 4969 1027 5026 tione
1051 4974 1117 5029 ad
1141 4973 1380 5029 meliora
1406 4972 1681 5028 sectanda
1706 4973 1789 5028 ia-

146 5058 451 5114 citabatur.
486 5060 793 5115 Leduinus
827 5071 1027 5113 nomen
1077 5065 1203 5116 erat
1254 5059 1399 5115 viro.
1436 5059 1537 5114 llic
1568 5062 1657 5114 est
1690 5059 1787 5116 ille

149 5145 441 5217 Leduinus,
467 5147 567 5219 qui
600 5143 984 5219 postmodum
1011 5145 1177 5215 jussu
1202 5156 1257 5203 ct
1286 5146 1619 5203 obedientia
1644 5163 1789 5219 υνξε-

143 5234 279 5290 dicti
302 5237 484 5307 patris
507 5237 625 5293 sub
648 5249 726 5290 eo
752 5231 946 5287 sancti
967 5233 1191 5295 Vedasti
1219 5235 1389 5294 annis
1411 5234 1611 5291 multis
1634 5237 1787 5292 rexit

143 5323 463 5382 aeeclesiam.
496 5326 725 5383 Verum
752 5319 869 5375 hoc
902 5318 954 5374 in
984 5330 1141 5394 patre
1174 5331 1382 5384 nostro
1411 5324 1786 5381 memorabile

1900 4621 2016 4676 rito
2051 4626 2340 4690 tamquam
2373 4618 2545 4673 alteri
2576 4618 2687 4674 sibi
2721 4617 2975 4674 animum
2999 4630 3168 4673 suum
3193 4615 3538 4686 applicaret,

1897 4713 1953 4765 et
1980 4724 2043 4764 se
2066 4708 2253 4780 ipsum
2276 4706 2566 4763 crederet.
2586 4706 2948 4763 Occurrebat
2978 4718 3226 4774 namque
3251 4702 3540 4759 voluntati

1898 4798 2046 4868 ejus,
2073 4802 2133 4851 et
2165 4795 2243 4850 ita
2276 4794 2327 4850 ei
2359 4795 2859 4858 conformabatur,
2884 4806 3015 4847 eum
3038 4789 3276 4846 dolente
3310 4788 3539 4859 dolens,

1896 4900 2025 4941 cum
2059 4882 2341 4938 tribulato
2374 4880 2645 4952 spiritum
2671 4885 2727 4934 et
2754 4879 2875 4949 ipse
2906 4877 3365 4934 contribulatum
3388 4876 3545 4933 adbi-

1899 4973 2061 5041 bens,
2098 4976 2159 5028 ut
2190 4985 2360 5028 unam
2393 4968 2641 5024 animam
2674 4966 2907 5023 duobus
2942 4966 3136 5022 inesse
3163 4964 3540 5036 corporibus,

1898 5062 2032 5117 dum
2056 5060 2303 5116 alterum
2327 5072 2389 5114 se
2411 5062 2613 5128 stupet
2637 5055 2686 5112 is
2709 5055 2805 5126 qui
2831 5054 3171 5119 advenerat,
3200 5053 3535 5111 miraretur.

1898 5149 2034 5216 Quae
2066 5144 2165 5204 res
2178 5146 2511 5217 gratissima
2545 5150 2635 5202 est
2659 5136 3331 5214 mediocribus,utilli'ma
3358 5143 3540 5215 pusil-

1897 5235 1992 5306 lis,
2018 5236 2114 5307 qui
2144 5250 2213 5291 eo
2245 5237 2492 5291 utuntur
2522 5232 2734 5290 affectu
2765 5246 2877 5303 quo
2908 5230 3110 5287 vident
3127 5230 3239 5288 sibi
3264 5230 3531 5288 adclines

1898 5324 2111 5394 quibus
2140 5323 2461 5393 loquuntur
2492 5336 2597 5379 seu
2630 5321 3004 5380 conﬁtentur.

1505 5499 1741 5557 VARUE
1784 5498 2181 5556 LECTIONES.
2274 5488 2277 5495 ’

198 5628 255 5666 ’³ο
279 5632 452 5687 tamta
481 5637 534 5684 σ.
