3894 6354
382 364 500 427 219

1341 357 1710 419 HUGONIS
1752 354 2102 418 ABBATIS
2144 349 2822 414 FLAVINIACENSIS

3669 351 3792 410 220

457 490 541 544 14.
565 487 1538 560 Jamveroincapitolio(90)siquis
1553 501 1878 544 sermonem
1896 485 2024 555 ejus
2053 483 2106 543 A
2137 497 2262 539 rum
2292 481 2591 553 acceperis
2619 479 3031 536 elemosinam!
3059 481 3285 536 Summa
3311 480 3432 536 haec
3459 478 3789 535 liberalitas

387 575 668 646 audisset,
707 583 866 634 totus
896 578 1388 646 tremebat,totus
1422 577 1714 646 estuabat,
1757 580 1917 630 totus
1951 574 2020 628 ad

391 665 934 736 reprehendendum
961 681 1024 722 se
1045 665 1412 722 cutissimum
1438 664 1736 721 stimulum
1753 677 2030 734 compun-

390 753 605 810 ctionis
634 753 970 826 adhibebat,
1005 769 1072 816 ac
1105 753 1151 810 si
1186 769 1304 826 pra)
1336 753 1527 810 oculis
1564 753 1790 809 videret
1823 755 2025 822 parata

389 842 668 910 gehennae
692 842 978 914 incendia,
995 842 1416 914 suppliciorum
1432 841 1738 912 dispertita
1755 839 2030 896 omnimo-

396 931 464 987 da
493 945 729 1001 genera,
767 933 947 989 donec
981 932 1328 1004 procederet
1352 929 1679 987 consolatio
1701 929 1772 984 ab
1794 943 1896 985 ore
1914 941 2032 984 ser-

397 1021 760 1090 mocinantis,
787 1021 950 1078 fieret
977 1021 1222 1081 dulcedo
1248 1019 1438 1076 mellis
1468 1020 1658 1089 iingua
1694 1019 1842 1089 ejus,
1868 1018 2031 1073 favus

397 1109 688 1166 distillans
719 1110 867 1166 labia
901 1111 1064 1179 ejus!
1092 1110 1291 1182 (Cant.
1319 1125 1392 1180 iv,
1425 1110 1538 1177 11.)
1573 1107 1712 1177 (Fol.
1744 1109 1884 1179 80‘.)
1910 1109 2030 1162 Non

399 1199 549 1256 enim
598 1198 1005 1256 dissimulabat
1051 1203 1294 1270 peccata
1345 1197 1826 1268 delinquentium,
1861 1196 2032 1251 immo

397 1301 526 1343 cum
557 1288 628 1343 de
657 1287 824 1345 viciis
855 1303 1044 1344 sermo
1077 1293 1250 1358 esset,
1279 1289 1357 1344 ita
1382 1303 1581 1344 eorum
1617 1286 1850 1358 pr0prie
1873 1299 2036 1356 spur-

394 1376 582 1444 citias,
601 1376 1028 1434 immundiciam
1052 1380 1108 1432 et
1137 1379 1399 1432 factorem
1426 1377 1622 1432 verbis
1646 1375 2032 1446 exprimebat,

397 1469 458 1520 ut
484 1467 580 1536 qui
607 1465 836 1521 audiret
856 1463 2036 1536 miraretur,etabhorrenstalibusimpli-

398 1553 768 1610 cariomnino
785 1555 1206 1611 detestaretur.
1226 1557 1360 1610 Erat
1387 1554 1441 1610 in
1466 1553 1704 1623 eojustc
1727 1551 2038 1608 consulens

401 1642 824 1712 misericordia,
841 1647 898 1698 et
917 1643 1005 1714 pie
1024 1643 1254 1698 seviens
1274 1642 1600 1712 disciplina.
1621 1644 1689 1697 Ut
1709 1641 1860 1696 enim
1886 1640 1962 1695 ait
1981 1640 2034 1695 in

401 1729 715 1786 Moralibus
740 1730 1082 1788 mitissimus
1113 1731 1320 1787 doctor
1353 1731 1682 1799 Gregorius,
1706 1729 2038 1786 misericor-

2139 577 2249 641 est,
2287 570 2590 626 memorari
2623 584 2822 624 eorum
2858 570 2954 640 qui
2987 585 3050 626 se
3099 571 3207 626 tibi
3259 570 3395 625 dum
3443 569 3785 625 adviverent

2139 660 2575 726 commiserunt,
2602 673 2847 729 quorum
2872 658 3019 714 vivis
3042 657 3366 728 laboribus,
3387 673 3634 728 quorum
3662 671 3788 712 san-

2139 749 2313 821 guine
2347 746 2639 818 pasceris;
2665 746 2783 816 qui,
2809 746 3078 803 fiduciam
3100 761 3262 802 suam
3285 749 3412 818 post
3440 747 3620 800 Deum
3645 745 3703 799 in
3735 751 3786 800 te.

2143 841 2448 908 ponentes,
2467 850 2568 907 per
2582 841 2929 892 manustuas
2943 837 3058 891 Deo
3074 835 3508 902 feneraverunt,
3528 833 3662 890 dum
3687 850 3790 891 sua

2141 927 2248 982 tibi
2283 941 2388 997 pro
2417 925 2546 995 ejus
2578 939 2774 980 amore
2809 924 3006 994 largiti
3039 929 3195 980 sunt.
3232 925 3353 980 Non
3387 922 3578 980 defuit
3605 924 3789 992 gratia

2143 1014 2264 1072 htcc
2314 1013 2464 1088 patri
2517 1019 2744 1085 nostro,
2780 1013 2953 1068 immo
3006 1013 3060 1068 in
3112 1011 3380 1068 omnibus
3421 1011 3794 1067 monasteriis

2145 1121 2274 1182 quae
2298 1106 2560 1174 regebat,
2579 1120 2732 1174 mox,
2754 1107 2813 1158 ut
2841 1102 3195 1176 potuit,jure
3217 1100 3456 1174 perenni
3480 1101 3791 1156 constituit

2145 1200 2209 1252 ut
2242 1195 2294 1251 in
2328 1193 2683 1263 kalendario,
2710 1191 3070 1261 singulorum
3106 1191 3350 1247 fratrum
3374 1195 3436 1246 et
3461 1191 3796 1246 benefacto-

2146 1299 2270 1341 rum
2295 1283 2565 1340 ecclesize
2591 1282 2687 1352 qui
2713 1280 2912 1337 seculo
2935 1285 3328 1350 excesserant,
3345 1279 3552 1335 divisis
3565 1278 3794 1350 paginis

2146 1373 2399 1443 nomina,
2430 1371 2824 1427 anniversaria
2856 1384 3086 1441 quaque
3118 1369 3212 1425 die
3241 1369 3315 1424 'in
3347 1367 3612 1440 capitulo
3647 1369 3791 1423 reci-

2158 1465 2446 1530 tarentur,
2473 1459 2814 1529 diligentius
2847 1461 3126 1514 annotato
3149 1458 3284 1528 quid
3317 1458 3570 1528 quisque
3595 1460 3799 1512 contu-

2149 1549 2316 1606 lisset
2338 1547 2622 1618 ecclesim,
2644 1553 2707 1604 ut
2732 1548 2866 1604 dum
2888 1561 3090 1602 eorum
3116 1546 3392 1602 beneficia
3419 1547 3635 1602 fratres
3660 1560 3800 1618 prae-

2149 1634 3799 1705 sentialitcrrecolerentannotationediligentissima,re~

2149 1727 2472 1783 calesceret
2504 1727 2556 1782 in
2590 1725 2676 1781 eis
2709 1739 2909 1780 eorum
2945 1725 3240 1796 memoria,
3273 1728 3334 1780 et
3377 1728 3546 1780 tanto
3575 1723 3801 1792 gratius

402 1817 1661 1890 diaveldisciplinamultumdestituitur,si
1683 1817 2038 1874 unasimal—
2063 1835 2122 1898 Β
2152 1819 2615 1872 memorarentur
2644 1813 2898 1884 illorum,
2923 1816 3142 1883 quanto
3173 1813 3472 1886 acceptior
3513 1813 3685 1868 ﬂeret
3722 1827 3801 1867 re-

405 1908 532 1963 tera
547 1907 832 1964 teneatur.
852 1908 1107 1964 Affectus
1127 1913 1372 1980 patrem,
1389 1909 1576 1981 pietas
1597 1911 1860 1976 matrem,
1879 1920 2038 1961 reve—

403 1995 583 2050 rentia
611 1995 836 2052 timoris
861 1995 1173 2065 dominum,
1201 1997 1508 2069 disciplina
1531 1995 1844 2051 exhibebat
1872 1993 2042 2064 magi-

403 2086 611 2154 strum,
639 2084 790 2155 quod
822 2089 1006 2143 totum
1037 2085 1108 2141 de
1139 2084 1560 2142 beneficientiae
1585 2084 1743 2140 fonte
1767 2083 2043 2156 procede-

406 2171 521 2226 bat.
555 2172 798 2228 Nolebat
829 2174 980 2230 enim
1011 2174 1278 2230 consumi
1313 2188 1522 2230 munus
1555 2187 1744 2242 suum,
1771 2171 1866 2242 qui
1899 2186 2045 2228 sem-

405 2274 508 2330 per
531 2266 772 2331 paratus
795 2265 919 2317 erat
945 2262 1015 2318 ad
1039 2261 1284 2328 donum;
1312 2261 1440 2317 ideo
1469 2262 1523 2316 in
1549 2260 1737 2316 dando
1763 2259 2044 2316 beneficio

410 2348 702 2420 corporali
727 2363 830 2406 seu
855 2349 1165 2420 spirituali,
1195 2365 1372 2406 sensu
1395 2349 1683 2406 communi
1706 2354 1762 2404 et
1795 2349 2045 2404 rationa-

412 2435 511 2491 bili
545 2440 792 2508 tempus,
827 2436 1038 2507 locum,
1077 2452 1357 2509 personas
1407 2438 1779 2508 observabat,
1813 2437 1946 2507 quia
1986 2442 2044 2492 et

415 2526 724 2582 momentis
753 2527 1014 2596 qua-dam
1047 2531 1212 2596 grata
1247 2531 1304 2582 et
1342 2528 1566 2598 ingrata
1600 2532 1754 2584 sunt.
1798 2528 2042 2598 [Sauac.,

411 2616 497 2671 De
512 2614 634 2672 ben.
652 2614 796 2685 n,1.]
817 2617 1106 2685 ingratum
1121 2622 1212 2672 est
1231 2616 1592 2688 beneficium,
1613 2617 1764 2686 quod
1781 2617 1876 2673 diu
1895 2617 2046 2671 inter

411 2703 604 2759 dantis
637 2718 837 2760 manus
870 2704 1041 2773 hesit,
1077 2705 1234 2775 quod
1267 2705 1398 2775 quis
1432 2719 1569 2776 egre
1619 2705 1856 2772 dimisit,
1892 2703 2045 2776 quod

411 2793 494 2848 sic
526 2792 664 2848 dare
694 2793 856 2849 visus
876 2797 988 2860 est,
1015 2793 1182 2864 quasi
1203 2793 1310 2850 sibi
1337 2793 1618 2866 eriperet.
1649 2794 1782 2849 ldco
1804 2794 1894 2849 vir
1919 2795 2048 2849 bea-

407 2884 504 2938 tus
532 2896 660 2938 cum
693 2880 914 2952 aliquid
947 2881 1018 2937 ab
1041 2896 1110 2937 eo
1135 2897 1162 2937 a
1189 2881 1326 2937 filiis
1352 2886 1703 2953 quereretur
1719 2881 2048 2953 corporalis

411 2973 510 3026 aut
532 2969 858 3040 spiritualis
888 2970 1280 3039 necessitatis,
1297 2985 1412 3027 non
1435 2971 1745 3038 dubitavit,
1763 2985 1833 3026 ne
1857 2969 2047 3042 proxi-

409 3074 536 3115 mus
561 3064 714 3115 esset
750 3073 780 3114 a
807 3065 1076 3128 negante,
1109 3063 1167 3114 et
1215 3057 1427 3115 nullam
1479 3059 1727 3113 referret
1775 3057 2042 3130 gratiam,

409 3147 607 3220 (Ibid.,
643 3163 703 3216 ιι,
737 3147 786 3218 ὅ)
822 3148 1013 3203 sciens
1035 3147 1213 3202 nichil
1244 3161 1373 3202 esse
1407 3152 1520 3202 tam
1567 3161 1823 3202 amarum
1876 3161 2044 3216 quam

410 3236 506 3292 diu
521 3236 798 3306 pendere,
813 3251 943 3291 cum
957 3235 1183 3304 equiori
1211 3235 1402 3291 animo
1418 3235 1640 3290 feratur
1657 3250 1685 3290 a
1703 3235 2046 3306 quibusdam

411 3324 649 3395 praecidi
677 3338 838 3394 spem
859 3337 1020 3379 suam
1043 3338 1212 3393 quam
1239 3323 1411 3378 trahi.
1433 3322 1592 3388 Quod
1621 3327 1810 3379 autem
1836 3322 2047 3380 donum

416 3417 529 3468 tam
555 3411 726 3467 dulce
748 3411 984 3480 homini,
1003 3426 1170 3482 quam
1190 3411 1396 3480 juvare
1411 3411 1679 3482 consilio,
1701 3411 2050 3483 participare

411 3498 733 3569 laboribus,
749 3499 1178 3554 communicare
1199 3499 1518 3569 doloribus,
1539 3500 1799 3556 relevare
1822 3504 2053 3556 estuan-

414 3592 531 3642 tem
578 3587 849 3658 animum,
877 3587 1132 3656 gaudere
1183 3603 1311 3644 cum
1364 3588 1676 3658 gaudente,
1728 3588 1866 3643 flere
1923 3602 2051 3644 cum

417 3675 588 3732 flente
607 3677 630 3731 ?
652 3675 752 3732 His
773 3675 960 3746 donis,
987 3676 1075 3732 his
1111 3677 1410 3733 beneflciis
1441 3676 1690 3733 filiorum
1715 3677 1770 3731 in
1793 3691 1854 3732 se
1883 3676 2056 3732 defle-

415 3769 580 3820 xerat
603 3765 872 3835 gratiam,
890 3769 955 3821 ut
978 3765 1245 3836 injuriam
1267 3764 1394 3836 ejus
1419 3780 1579 3821 suam
1599 3765 2050 3835 arbitrarentur,

415 3852 676 3910 laatitiam
695 3854 822 3924 ejus
842 3867 1004 3910 suam
1025 3854 1359 3924 crederent,
1377 3855 1545 3926 cujus
1565 3858 1724 3910 tanta
1750 3858 1875 3910 erat
1899 3854 2055 3909 beni-

412 3941 606 4012 gnitas
631 3947 712 4012 ut,
730 3943 1001 3998 veniente
1021 3957 1112 4012 eo,
1131 3943 1177 3998 si
1206 3943 1342 4014 quid
1369 3943 1424 3998 in
1451 3943 1901 4012 congregatione
1926 3958 2058 4014 qua-

416 4029 554 4086 libet
572 4029 786 4086 morari
802 4029 1093 4098 licuisset,
1111 4046 1241 4088 cum
1260 4031 1664 4103 egrederetur,
1680 4031 1876 4088 nullus
1897 4037 2056 4089 esset

417 4119 512 4188 qui
542 4133 654 4175 non
690 4133 752 4174 se
779 4119 1043 4187 juvatum
1077 4124 1138 4174 et
1178 4119 1520 4191 relevatum,
1557 4125 1950 4177 sustentatum
1996 4126 2053 4176 et

418 4205 813 4262 confortatum
838 4205 1193 4262 letabundus
1213 4207 1591 4274 gloriaretur.
1615 4211 1736 4263 Jam
1759 4223 1896 4265 vero
1917 4208 2058 4264 libe-

419 4291 712 4347 ralitatem
746 4293 801 4346 in
833 4307 903 4348 eo
937 4292 1163 4348 laudari
1198 4307 1442 4349 necesse
1473 4309 1586 4350 non
1618 4299 1728 4366 est,
1753 4311 1920 4366 cujus
1944 4311 2055 4352 non

421 4381 652 4436 minima
678 4380 871 4451 portio
895 4386 1006 4450 est,
1027 4380 1081 4436 in
1098 4381 1254 4436 omni
1272 4382 1512 4451 uegocio
1525 4383 1831 4440 considera
1843 4400 1902 4440 re
1919 4400 2060 4455 quo-

419 4471 589 4524 modo
615 4469 870 4539 quidque
893 4474 992 4525 aut
1025 4469 1259 4526 dicatur
1289 4475 1390 4526 aut
1425 4470 1544 4526 fiat.
1572 4472 1709 4528 Nam
1737 4473 2060 4544 procedens

2156 1903 2530 1976 prwsentatio
2575 1901 3012 1958 benefactorum
3053 1900 3303 1959 illorum.
3341 1900 3504 1968 Quod
3541 1905 3609 1958 ut
3644 1915 3798 1956 acce-

2155 1994 2312 2064 ptius
2337 1991 2522 2060 fieret,
2541 2005 2867 2047 sermonem
2886 1989 3018 2045 inde
3041 1990 3245 2046 habuit
3267 2004 3462 2046 coram
3490 1989 3796 2057 fratribus,

2155 2096 2322 2152 quem
2337 2084 2646 2152 exceptum
2663 2078 3059 2135 kalendarium
3075 2077 3385 2148 eidem,cui
3400 2077 3508 2134 hec
3525 2078 3803 2134 inscribe~

2158 2171 2394 2240 bantur,
2440 2167 2745 2241 przescribi
2773 2167 3050 2238 instituit,
3068 2167 3121 2222 in
3147 2182 3261 2238 quo
3285 2166 3661 2226 dulcedinem
3685 2166 3802 2236 ejus

2155 2264 2215 2314 et
2245 2259 2548 2330 pietatem,
2575 2255 2881 2313 caritatem
2906 2258 3080 2326 atque
3103 2255 3587 2326 misericordiam,
3611 2257 3710 2327 qui
3733 2256 3804 2310 di-

2157 2347 2408 2416 ligenter
2421 2345 2694 2412 advertit,
2714 2344 3078 2416 perpendere
3095 2349 3310 2415 potest.
3327 2344 3560 2410 Quanto
3577 2359 3719 2400 vero
3732 2345 3804 2398 af-

2159 2437 2316 2492 fectu
2347 2439 2407 2490 et
2429 2434 2624 2491 studio
2649 2433 2981 2489 memoriam
3008 2433 3416 2489 defunctorum
3441 2433 3800 2502 eorumdem,

2161 2525 2214 2580 id
2247 2527 2336 2580 est
2371 2522 2619 2578 oﬂicium
2643 2522 2794 2593 quod
2819 2521 3049 2591 vigilias
3073 2521 3338 2592 dicimus,
3362 2526 3418 2577 et
3445 2521 3642 2578 missa
3661 2521 3804 2591 cele-

2165 2613 2488 2668 brationem
2522 2611 2611 2681 agi
2652 2610 3304 2674 instituerit,noverunt
3343 2610 3439 2681 qui
3483 2611 3596 2666 hoc
3617 2611 3800 2667 facere

2161 2705 2613 2758 consueverunt.
2635 2701 2742 2754 Per
2758 2699 2948 2755 omnia
2963 2700 3116 2755 circa
3145 2699 3478 2755 memoriam
3505 2697 3802 2756 defuncto-

2160 2807 2285 2846 rum
2323 2788 2773 2858 benignissimus
2803 2788 3022 2844 extitit.
3057 2788 3288 2844 Sciebat
3339 2789 3491 2844 cnim
3545 2789 3684 2860 quia
3727 2791 3798 2845 ni-

2159 2879 2274 2936 chil
2309 2879 2364 2934 in
2395 2879 2644 2934 fructum
2678 2877 2968 2948 pervenit,
3003 2877 3154 2948 quod
3187 2891 3298 2933 non
3329 2892 3358 2932 a
3392 2877 3588 2950 primo
3625 2894 3796 2950 usque

2161 2970 2229 3026 ad
2254 2973 2576 3023 extremum
2593 2965 2835 3038 aequalis
2847 2965 3078 3022 cultura
3101 2965 3502 3037 prosequitur.
3522 2967 3666 3022 Ideo
3681 2982 3798 3022 con-

2162 3057 2468 3113 missorum
2497 3054 2607 3111 sibi
2643 3058 2700 3110 et
2734 3055 2788 3109 in
2817 3055 2935 3110 vita
2971 3058 3028 3109 et
3056 3054 3108 3109 in
3134 3060 3322 3109 morte
3345 3052 3796 3110 sollicitudinem

2161 3147 2252 3218 pia
2271 3143 3005 3215 scdulitateestOperatus.
3026 3141 3172 3208 Quid
3196 3146 3386 3199 autem
3413 3141 3486 3198 de
3513 3143 3798 3200 fortudine

2160 3240 2219 3292 et
2239 3232 2624 3306 temperantia
2649 3232 2926 3302 dicemus,
2946 3231 3159 3302 quibus
3183 3229 3326 3287 adeo
3350 3233 3680 3301 regebatur
3697 3231 3800 3290 an-

2163 3338 2290 3379 mus
2321 3321 2465 3392 ejus,
2501 3325 2564 3376 ut
2595 3321 2789 3376 innata
2824 3320 2933 3375 sibi
2956 3319 3502 3376 viderentur?Nam
3535 3337 3672 3376 cum
3705 3322 3802 3376 for-

2163 3410 2354 3468 titudo
2385 3410 2506 3466 sine
2537 3408 2920 3480 temperantia
2955 3408 3285 3479 iniquitatis
3320 3409 3400 3464 sit
3433 3410 3706 3485 materia,
3733 3410 3798 3465 ita

2163 3502 2218 3557 in
2244 3516 2312 3556 eo
2332 3515 2506 3556 unum
2531 3499 2916 3554 condiebatur
2931 3512 3002 3553 ex
3019 3496 3205 3553 altero
3243 3498 3577 3554 utalterum
3604 3498 3802 3555 sineai-

2163 3595 2292 3646 tero
2307 3588 2489 3644 videri
2507 3586 2866 3660 [videre.E’d.
2880 3585 2972 3658 P.]
2989 3589 3045 3640 et
3061 3584 3210 3641 velle
3225 3585 3570 3642 discernere
3587 3587 3800 3644 omnino

2168 3679 2315 3734 foret
2342 3675 2725 3748 impossibile.
2743 3674 2980 3731 Iustitia
2995 3689 3280 3730 verocum
3298 3674 3616 3748 prudentia
3637 3677 3799 3748 priva-

2171 3771 2288 3823 tum
2302 3765 2412 3821 sibi
2429 3763 2783 3820 domicilium
2798 3764 2852 3818 in
2869 3762 2996 3832 ejus
3013 3767 3250 3835 pectore
3262 3762 3801 3836 collocaverat,qui-

2169 3857 2278 3912 bus
2295 3853 2540 3912 utilisad
2559 3855 2746 3910 omnia
2766 3853 2953 3928 pietas
2968 3867 3076 3909 non
3094 3852 3295 3908 deerat
3314 3853 3585 3910 scientiae
3599 3854 3802 3910 discre-

2170 3941 2328 3998 tione
2354 3941 2592 3996 munita.
2611 3939 2774 3996 Nulla
2799 3943 2884 3996 est
2911 3945 3104 3996 autem
3131 3939 3393 4010 scicntia,
3423 3938 3471 3995 si
3497 3939 3800 3998 utilitatem

2170 4029 2415 4102 pietatis
2447 4028 2753 4096 dehabeat,
2780 4027 2912 4098 quia
2935 4027 3030 4097 qui
3058 4027 3204 4082 bona
3223 4026 3456 4096 cognita
3483 4029 3700 4100 exequi
3722 4041 3802 4082 ne-

2167 4118 2356 4189 gligit,
2393 4132 2518 4174 sese
2549 4116 2905 4187 adjudicium
2951 4115 3142 4172 artius
3192 4115 3452 4186 stringit.
3490 4117 3630 4174 meo
3684 4115 3798 4188 quia

2167 4207 2256 4262 vir
2287 4206 2384 4262 Dei
2419 4211 2680 4275 noverat,
2707 4203 3068 4274 singularum
3099 4203 3210 4259 sibi
3237 4203 3524 4262 virtutum
3553 4203 3799 4278 proprie-

2170 4299 2324 4351 tates
2357 4294 2736 4365 adquisierat,
2770 4293 2984 4366 quibus
3025 4293 3284 4349 munitus
3325 4295 3526 4350 mundi
3562 4292 3802 4350 fallentis

2171 4383 2456 4440 lenocinia
2485 4383 2824 4454 superabat.
2849 4383 3058 4437 Verum
3085 4379 3153 4436 ad
3179 4381 3537 4438 narrationis
3556 4383 3800 4438 ordinem

2173 4476 2554 4528 revertamur.

416 4571 485 4614 ex
534 4555 889 4612 liberalitate
917 4558 1105 4614 omnis
1159 4559 1486 4629 benignitas
1521 4565 1819 4632 prOperat,
1845 4566 1904 4618 et
1937 4577 2060 4633 pro-
2091 4548 2142 4607 D
2245 4564 2329 4617 15.
2367 4561 2528 4615 Anno
2568 4559 2640 4615 ab
2682 4559 2792 4616 inc.
2819 4560 2976 4614 Dom.
3008 4563 3136 4615 1011
3188 4560 3422 4616 Romam
3465 4557 3800 4616 venerabilis

421 4645 981 4716 priumestlibenter
1015 4647 1282 4703 facientis
1307 4648 1428 4703 cito
1454 4648 1659 4704 facere.
1679 4648 1886 4719 (Ibid.,
1903 4648 2058 4723 ωδ.)

418 4732 522 4799 Qui
541 4734 692 4790 enim
710 4733 876 4790 tarde
889 4735 1114 4791 etdiem
1131 4735 1202 4790 de
1219 4734 1312 4792 die
1328 4737 1676 4807 protrahens
1693 4738 1932 4808 profuit,
1949 4753 2058 4795 non

417 4837 489 4878 ex
503 4823 694 4879 animo
710 4822 867 4890 fecit;
884 4823 960 4878 ita
978 4824 1124 4880 duas
1144 4839 1237 4880 res
1253 4824 1534 4881 maximas
1551 4825 1946 4895 perdidit,tem
1960 4843 2062 4895 pus

418 4915 478 4966 et
508 4916 911 4981 argumentum
948 4917 1144 4968 amica)
1176 4912 1498 4969 voluntatis
1521 4929 1536 4976 ;
1563 4913 1696 4984 quia
1722 4916 1888 4970 tarde
1913 4915 2064 4973 vci’e

423 4998 675 5056 nolentis
697 5003 808 5056 est.
824 4999 1152 5070 Aliquando
1176 5015 1316 5057 vero
1335 5001 1390 5056 in
1407 5001 1624 5058 tedium
1640 5001 1931 5060 adductus
1946 5005 2066 5060 ani-

423 5102 570 5157 mus,
605 5088 811 5158 incipit
835 5088 1030 5145 odisse
1056 5089 1402 5145 beneficium
1423 5090 1555 5146 dum
1580 5096 1870 5162 expectat.
1900 5093 2063 5160 Quod

425 5179 616 5230 autem
649 5175 834 5245 majus
867 5178 1210 5234 beneficium
1230 5193 1398 5248 quam
1427 5179 1674 5234 mortuis
1697 5181 1917 5238 referre
1938 5197 2068 5252 gra-

429 5263 585 5334 tiam,
611 5267 668 5319 et
695 5265 916 5334 requiei
945 5280 1143 5323 eorum
1171 5267 1476 5339 providere
1498 5272 1556 5324 et
1578 5269 1909 5342 consulere,
1930 5286 2064 5342 quo-

2173 4651 2342 4721 pater
2361 4646 2688 4703 Richardus
2713 4647 2842 4718 ivit,
2861 4652 2921 4703 et
2945 4647 3261 4703 Benedicto
3281 4662 3444 4719 papze
3470 4647 3525 4702 in
3549 4645 3801 4704 amicitiis

2167 4738 2430 4809 junctus,
2467 4735 2956 4793 familiarissimus
2987 4737 3040 4792 ei
3071 4737 3291 4792 extitit.
3329 4737 3544 4792 Eodem
3589 4749 3799 4810 quoque

2172 4841 2320 4883 anno
2351 4841 2480 4882 cum
2513 4829 2672 4882 esset
2697 4825 2810 4897 jam
2841 4825 3178 4882 nominatus
3217 4825 3305 4881 vir
3355 4825 3411 4880 in
3463 4823 3800 4882 monasterio

2175 4916 2361 4974 sancti
2397 4914 2631 4970 Vedasti
2665 4915 2760 4970 cui
2794 4917 3046 4985 praeerat
3078 4913 3329 4970 rectoris
3360 4914 3567 4986 officio,
3605 4913 3802 4970 revela-

2177 5005 2367 5060 tiones
2397 5004 2566 5059 factze
2595 5007 2733 5058 sunt
2781 5001 2834 5058 ei
2887 5002 2944 5056 in
2997 5001 3201 5057 eodem
3255 5003 3543 5073 coenobio,
3579 5015 3799 5075 quarum

2177 5097 2402 5149 textum
2435 5091 2585 5146 idem
2621 5090 2746 5162 ipse
2799 5089 2952 5146 misit
3004 5090 3276 5147 omnibus
3325 5091 3614 5148 :ecclesize
3667 5089 3800 5153 filiis,

2179 5195 2324 5258 quas
2356 5180 2530 5236 etiam
2565 5177 2784 5251 placuit
2821 5178 2912 5234 hic
2963 5181 3250 5236 annotari.

2251 5271 2432 5342 (1011,
2455 5270 2554 5340 Ap.
2579 5270 2668 5339 17)
2695 5287 2721 5317 ‹‹
2740 5267 2958 5323 Elcctis
2978 5265 3047 5298 ὀί
3069 5266 3338 5326 ecclesiae
3358 5268 3458 5324 Dei
3481 5262 3802 5324 orthodoxis

1787 5377 2023 5433 νΑΡιῐίΕ
2064 5375 2460 5433 LECTIONES.

491 5465 558 5500 ²⁹¹
583 5466 708 5524 F’ol.
725 5469 907 5522 81-83.
925 5465 1157 5524 inserta
1178 5469 1381 5525 eadem
1396 5484 1598 5540 malm,
1616 5472 1947 5536 atramento
1945 5473 2190 5552 pallido
2199 5471 2428 5544 scripta
2445 5470 2874 5530 minutissimis
2897 5469 3238 5526 litterarum.
3253 5469 3550 5540 ductibas,
3569 5479 3791 5544 quorum

2011 5569 2232 5625 ΝΟΤΕ.

495 5636 608 5706 (90)
641 5636 674 5689 i.
711 5649 760 5690 e.
797 5632 1071 5704 capitulo.
