3894 6360
108 367 208 429 221

1358 366 1856 433 UHRONICON.
1894 401 1970 411 —
2001 367 2150 428 LIB.
2198 366 2270 427 II.

3387 378 3504 441 222

106 504 160 553 et
192 499 369 554 unitis
403 499 627 555 unitati
650 499 915 571 corporis
948 499 1001 555 in
1020 498 1235 554 Christi
1260 500 1451 570 capite
1477 500 1751 557 membris
1780 498 1836 559 Α
1867 498 1972 554 tati
2006 498 2295 567 videntes,
2315 513 2403 555 me
2424 498 2655 556 concite
2674 501 2882 559 adesse
2914 503 3079 573 signo
3104 505 3341 573 faciunt,
3365 504 3503 560 duo-

108 586 423 642 Richardus
464 587 568 643 Dei
596 589 822 644 favente
843 586 1186 656 gratialicet
1248 587 1518 657 indignus
1549 590 1746 661 abbas,

107 676 211 730 ista
236 675 579 745 legentibus
613 681 915 748 perpetum
947 676 1156 733 salutis
1194 676 1426 744 gaudia.
1482 677 1624 744 (Fel.
1658 680 1747 747 8|)

108 764 441 832 Evangelica
475 765 739 822 veritate
755 765 952 821 edocti
977 768 1035 821 et
1052 765 1235 821 totius
1251 764 1601 833 evangelicae
1616 766 1746 831 fidej

110 852 453 908 auctoritate
489 852 545 909 in
614 853 840 910 Christo
874 852 1119 922 fundati,
1170 858 1411 923 paterna
1460 868 1596 923 erga
1646 869 1747 911 vos

112 941 526 1011 quodammodo
545 943 793 1012 junctus
819 940 1239 1011 sollicitudine,
1260 947 1515 1001 vestram
1534 943 1746 999 fratres

110 1029 460 1087 dilectissimi
493 1030 920 1102 exemplarirei
938 1030 1412 1098 divinitusgesta)
1427 1046 1749 1090 commone-

110 1119 244 1173 facio
273 1118 613 1187 caritatem,
642 1133 813 1191 quam
849 1118 919 1175 ad
944 1118 1409 1177 commonitionis
1432 1122 1644 1175 vestra:
1661 1135 1748 1177 so-

106 1206 291 1263 latium
326 1221 433 1278 per
457 1208 755 1278 quendam
774 1208 1011 1264 fratrem
1036 1212 1302 1265 nostrum
1330 1221 1430 1279 per
1463 1222 1565 1267 sex
1580 1208 1746 1265 hora-

106 1310 220 1349 rum
252 1295 449 1365 spacia
474 1295 700 1366 spiritu
744 1295 904 1353 velut
955 1296 1165 1352 mentis
1214 1310 1460 1353 excessu
1520 1302 1744 1367 raptam

107 1382 264 1439 nobis
293 1382 556 1441 voluisse
594 1384 719 1440 fieri
756 1384 1139 1453 manifestam,
1166 1384 1416 1443 divinam
1456 1384 1745 1453 conjicere

110 1486 403 1540 possumus
428 1472 716 1542 gratiam.
753 1472 890 1538 Quae
916 1471 1051 1529 licet
1076 1471 1484 1543 spiritualibus
1517 1487 1622 1531 nos
1654 1488 1749 1529 res

111 1573 352 1629 pugnare
375 1559 689 1630 nequioris
703 1560 1066 1617 multimodis
1087 1560 1511 1631 scripturarum
1530 1561 1749 1618 divina-

109 1664 223 1703 rum
254 1647 507 1704 occultis
530 1653 597 1707 et
630 1648 757 1718 ipsa
783 1648 877 1705 vix
917 1647 1302 1707 subtilissima
1362 1649 1576 1707 mentis
1622 1649 1746 1706 acie

105 1736 535 1793 contrectandis
568 1750 807 1806 semper
839 1736 1093 1793 instruat
1123 1736 1509 1807 documentis,
1545 1742 1749 1795 nosta-

1865 601 2107 657 rumque
2140 587 2382 643 fratrum
2411 587 2649 657 junctus
2672 589 2978 660 obsequio,
3022 605 3192 660 quam
3255 592 3500 656 primum

1862 675 2018 745 affui,
2052 680 2109 733 et
2136 690 2265 731 mox
2299 676 2737 746 expositolecto
2753 678 2885 748 quia
2909 679 3155 749 spiritus
3199 680 3393 736 exitus
3410 680 3499 735 sui

1860 763 2700 835 separationecolluctabatur,
2720 766 3403 837 psalmodiaalitaniisque
3422 768 3502 824 in-

1861 853 2075 910 sistens
2106 868 2329 909 omnem
2354 853 2562 910 adesse
2586 854 2692 910 feci
2715 856 3247 924 congregationem.
3277 856 3500 923 Quibus

1859 941 2129 1012 expletis,
2167 942 2510 998 funebribus
2540 940 2746 999 intenti
2781 944 3048 1014 exequiis
3077 950 3141 1000 ut
3196 958 3226 1000 a
3251 945 3497 1001 circum-

1860 1028 2177 1097 stantibus,
2240 1028 2373 1098 quia
2404 1028 2673 1099 spiritum
2736 1030 2998 1087 funditus
3044 1031 3340 1089 exalasset
3404 1033 3501 1089 vix

1858 1130 2077 1174 summa
2096 1121 2325 1187 poterat
2344 1116 2646 1185 diligentia
2664 1118 2877 1188 inquiri
2893 1119 3160 1178 dicendo:
3177 1121 3505 1179 Subvenite

1857 1204 2052 1262 sancti
2074 1204 2207 1269 Dei,
2224 1203 2443 1261 exitum
2459 1204 2585 1272 ejus
2605 1211 2664 1262 et
2683 1222 2748 1262 es
2761 1208 3076 1265 emundare
3090 1208 3238 1279 cepi.
3264 1210 3401 1265 Cum
3422 1209 3501 1264 in-

1855 1292 2024 1348 terim
2051 1292 2167 1360 jam
2192 1293 2407 1349 subitis
2435 1292 2503 1327 ²⁹²
2534 1295 2826 1365 turbatus,
2848 1311 2933 1353 me
2951 1299 3185 1369 corpori
3239 1298 3497 1354 defuncti

1857 1379 2133 1451 applicui,
2168 1396 2452 1451 manuque
2468 1397 2589 1438 mea
2605 1384 2732 1453 ejus
2754 1385 2837 1439 ori
2857 1386 3075 1455 pectori
3100 1385 3493 1456 vitalibusque

1859 1469 2242 1525 subtilissima
2273 1469 2642 1539 indagatione
2667 1473 2918 1542 admota,
2954 1474 3225 1546 spiritum
3244 1475 3500 1531 veluttc-

1858 1557 2205 1613 nuissimiac
2228 1558 2595 1615 subtilissimi
2612 1560 2766 1616 aeris
2783 1562 2978 1617 flatum
2996 1563 3187 1620 inesse
3216 1563 3498 1634 prmscnsi

1859 1650 1915 1701 et
1943 1645 2182 1702 remissa
2213 1648 2695 1704 commendaticia
2730 1651 3019 1721 oratione,
3051 1652 3323 1722 quidnam
3346 1652 3499 1707 futu-

1862 1749 1985 1790 rum
2017 1735 2445 1805 cssetcepimus
2465 1742 2796 1807 expectare.
2822 1740 2963 1795 Cum
2982 1746 3114 1811 post
3138 1741 3296 1796 velut
3326 1742 3499 1797 unius

110 1839 225 1880 men
246 1840 315 1880 ex
349 1824 714 1883 assiduitate
746 1828 1067 1895 torpentes,
1127 1840 1540 1899 corporemque
1573 1825 1749 1897 impa-
1777 1852 1830 1913 B
1863 1822 2016 1879 horze
2044 1823 2299 1894 spacium
2338 1824 2684 1881 tenuissimo
2714 1831 2773 1882 et
2804 1827 2901 1882 vix
2952 1829 3213 1884 sensibili
3240 1830 3497 1899 singultu

111 1912 298 1968 tientis
330 1917 565 1971 naturas
614 1912 991 1969 remissiones
1040 1913 1346 1973 adversum
1404 1913 1748 1985 pernitionis

111 2001 262 2070 quasi
290 2017 361 2057 ex
375 2002 716 2057 securitate
734 2001 890 2056 hosti
921 2015 993 2056 ex
1010 2000 1259 2059 adverso
1273 2001 1421 2059 lnsid
1434 2002 1569 2059 ianti
1591 2006 1748 2073 pate-

111 2088 391 2157 facientes,
424 2088 748 2147 manifesta
778 2104 881 2160 per
902 2090 1048 2149 hanc
1077 2090 1361 2149 visionem
1381 2090 1477 2147 Dei
1512 2090 1747 2147 misera-

111 2177 275 2246 tione,
298 2178 368 2234 ad
402 2179 704 2235 internum
730 2178 1173 2235 meutisnostra}
1195 2178 1750 2237 etdiscussionisrc-

113 2266 364 2325 ducimur
395 2265 823 2336 subtilitatem,
858 2265 1292 2336 proutquisque
1316 2270 1579 2325 nostrum
1613 2268 1749 2323 sub-

116 2354 389 2413 tilissima
423 2354 724 2414 mentiset
746 2355 1122 2413 discretionis
1143 2354 1312 2414 oculo
1330 2355 1747 2423 transﬁgurata

115 2448 551 2514 comparataque
568 2443 713 2499 huic
728 2442 965 2500 visionis
986 2444 1293 2501 sententiae
1307 2443 1744 2514 prophetarum,

115 2530 520 2602 apostolorum,
552 2531 1056 2601 evangelistarum
1090 2546 1318 2602 quoque
1371 2531 1747 2590 invictissima

117 2618 446 2676 discretione
479 2620 603 2677 hoc
639 2618 695 2675 in
716 2634 777 2675 se
808 2619 878 2675 ad
904 2618 1216 2679 utilitatem
1266 2634 1428 2679 suam
1478 2620 1750 2677 veritatis

116 2707 512 2765 transformare
545 2707 849 2767 studuerit
893 2706 1227 2765 testatione.
1292 2707 1528 2766 Cunctis
1575 2708 1749 2764 etiam

118 2794 301 2865 liquet,
335 2795 493 2866 quod
526 2796 665 2853 sine
698 2795 1050 2855 detrimento
1082 2795 1301 2854 silentii
1324 2796 1597 2865 tegimine
1639 2812 1751 2855 non

120 2883 347 2955 velatur,
384 2885 543 2955 quod
583 2883 798 2941 divinae
832 2883 1226 2943 miserationis
1273 2885 1670 2943 ostentatione
1694 2886 1751 2943 in

124 2972 348 3031 salutem
380 2979 663 3035 nostram
685 2972 1111 3031 manifestatur.
1144 2973 1392 3031 Narrare
1421 2988 1559 3029 vero
1573 2987 1750 3044 opera

118 3062 319 3118 Domini
345 3078 477 3120 cum
511 3063 601 3119 sit
632 3060 1035 3131 honoriﬁcum,
1060 3075 1125 3119 ea
1170 3060 1406 3120 silentio
1463 3062 1750 3133 subprimi

124 3150 506 3219 perniciosum.
527 3148 691 3216 Quid
708 3163 952 3219 namque
978 3153 1090 3205 tam
1105 3148 1556 3207 saluberrimum
1576 3153 1751 3220 atque

121 3237 427 3309 utillimum,
468 3252 653 3310 quam
688 3236 896 3294 divinas
953 3236 1244 3307 largitatis
1302 3238 1533 3308 donum,
1597 3239 1751 3309 quod

123 3325 273 3383 habet
299 3328 597 3399 quispiam
650 3324 947 3394 singulare
995 3341 1124 3382 cum
1157 3325 1288 3383 aliis
1348 3326 1751 3396 participando

125 3414 268 3469 faciat
299 3415 440 3473 illud
463 3428 611 3473 esse
634 3428 938 3471 commune
963 3434 976 3469 :
999 3413 1154 3485 quod
1194 3429 1325 3471 cum
1352 3414 1433 3483 lit,
1485 3413 1580 3470 illa
1636 3414 1754 3469 Sal-

126 3504 321 3560 vateris
345 3504 566 3573 jussio,
599 3512 712 3573 qua
729 3501 1173 3567 dicitueruod
1198 3502 1508 3561 dicocobz’s
1556 3503 1623 3558 in
1678 3504 1754 3559 te-

122 3590 301 3649 aebris
328 3592 582 3660 (Matth.
613 3607 672 3661 x,
693 3591 785 3661 27)
808 3594 866 3647 et
882 3590 1125 3661 reliqua.
1145 3590 1321 3660 Cujus
1351 3591 1752 3661 nonjussionis

124 3678 221 3737 vim
253 3681 930 3751 perpendentes,etteto
947 3679 1156 3737 mentis
1177 3679 1382 3735 annisu
1409 3678 1565 3735 illam
1598 3694 1752 3735 com-

127 3766 267 3834 plere
298 3768 596 3837 volentes,
615 3767 768 3840 quod
788 3767 840 3825 in
874 3767 1203 3826 tenebriset
1237 3768 1293 3823 in
1323 3780 1483 3837 aure,
1501 3767 1554 3823 id
1587 3767 1750 3823 estin

127 3856 353 3925 o:culto,
388 3856 753 3926 audivimus,
789 3857 865 3913 ob
896 3855 1209 3912 multorum
1230 3854 1539 3912 utilitatem
1570 3856 1626 3911 in
1640 3870 1754 3911 mc-

127 3942 263 3999 dium
296 3946 673 4016 proferimus.
710 3945 857 4002 Sane
887 3958 1055 4002 nemo
1095 3948 1356 4001 autumet
1398 3944 1491 4003 hic
1533 3943 1752 4014 aliquid

130 4031 377 4091 falsitatis
393 4049 530 4091 esse
556 4033 937 4104 permixtum,
955 4036 1052 4090 aut
1067 4048 1097 4090 a
1121 4033 1371 4088 veritate
1385 4032 1754 4102 aliquatenus

127 4119 305 4177 credat
335 4121 618 4189 alienum,
646 4120 920 4190 quoniam
936 4121 1091 4177 sicut
1115 4119 1463 4190 audivimus,
1482 4119 1752 4190 vidimus,

129 4205 323 4277 absque
345 4207 641 4267 mendacii
676 4207 808 4265 fuco
842 4206 995 4265 fideli
1028 4207 1362 4265 narratione
1413 4207 1757 4278 perstrinxi-

131 4307 258 4353 mus.
289 4297 444 4356 Nuuc
477 4298 669 4368 igitur
700 4296 772 4353 ad
803 4297 1195 4353 narrationem
1228 4296 1311 4352 rei
1356 4300 1541 4365 gestae
1557 4295 1751 4353 stilum

132 4389 419 4445 vertamus.
438 4386 659 4443 Debita
679 4384 984 4454 religionis
1001 4385 1328 4443 reverentia
1344 4383 1634 4455 paschalia
1660 4399 1756 4440 no~

134 4467 209 4524 bis
236 4477 298 4529 50
325 4473 557 4533 dierum
591 4473 1020 4543 exequentibus
1043 4471 1530 4543 solempnia,cum
1560 4471 1615 4527 in
1648 4471 1754 4529 hoc

1863 1911 2083 1983 pariter
2110 1916 2169 1971 et
2200 1910 2456 1968 anhelitu
2482 1928 2691 1983 cepere
2718 1914 2867 1971 labia
2886 1920 3154 1985 tremere,
3172 1918 3499 1987 deindeque

1862 2000 2668 2073 inconditumquasisuspiria
2694 2004 2981 2071 gementis
3024 2005 3353 2061 etdolentis
3394 2005 3499 2060 lin-

1859 2103 1968 2159 gua
1986 2094 2385 2148 summotenus
2399 2091 2667 2146 emittere
2693 2093 2972 2163 sonitum,
3005 2094 3367 2164 subindeque
3383 2095 3500 2151 dis-

1859 2181 2107 2247 cretum,
2133 2178 2218 2233 vel
2231 2183 2293 2234 ut
2306 2179 2534 2248 vagitus
2553 2180 2833 2237 infantum
2849 2182 3021 2237 verba
3042 2183 3291 2238 formare
3305 2182 3499 2238 volen-

1861 2270 2001 2322 tum.
2036 2267 2246 2337 Sicque
2277 2273 2368 2323 est
2398 2282 2468 2324 eo
2500 2283 2686 2340 usque
2712 2276 3154 2341 perventum,ut
3178 2274 3400 2329 rectum
3427 2272 3494 2328 ad

1859 2360 2120 2411 nostrum
2146 2357 2418 2412 formaret
2448 2358 2624 2414 verba
2657 2359 2939 2415 auditum.
2959 2359 3067 2415 Sed
3101 2360 3499 2430 quaesointen-

1860 2443 2000 2514 dite,
2037 2444 2169 2514 quia
2203 2444 2456 2513 linguam
2487 2449 2888 2502 commovebat
2914 2452 3303 2518 tantum,cum
3330 2449 3385 2504 in
3420 2464 3501 2505 re-

1859 2532 2316 2603 liquiscorporis
2342 2534 2635 2603 membris,
2666 2535 2858 2605 capite
2890 2535 3039 2603 dico,
3059 2535 3246 2593 oculis
3286 2541 3341 2592 et
3386 2551 3502 2593 ma-

1860 2620 2051 2690 nibus,
2077 2621 2241 2676 coxis
2264 2626 2324 2676 et
2357 2621 2601 2692 pedibus
2634 2622 2829 2678 nullus
2860 2625 3091 2679 omnino
3142 2639 3208 2680 ac
3241 2625 3289 2680 si
3343 2625 3500 2694 ligno

1860 2707 1997 2765 vitae
2029 2707 2252 2764 inesset
2268 2709 2530 2779 spiritus,
2558 2710 2710 2779 quod
2730 2725 2991 2779 praesens
3032 2712 3346 2768 fratrumet
3394 2714 3503 2769 fre-

1863 2810 2047 2867 quens
2079 2796 2482 2853 indubitanter
2506 2798 2835 2852 testabatur
2886 2802 3164 2855 attactus.
3230 2800 3339 2855 Sed
3379 2802 3500 2858 visa

1864 2884 2005 2940 inibi
2037 2888 2096 2939 et
2120 2884 2459 2953 colloquuta
2485 2887 2688 2940 nostro
2708 2883 2931 2942 auditui
2955 2888 3132 2942 verba
3168 2887 3497 2956 solalingua

1865 2973 2170 3040 formabat;
2206 2986 2334 3042 quas
2369 2973 2421 3028 in
2453 2987 2515 3028 se
2562 2972 2924 3044 postmodum
2950 2988 3225 3033 reversus
3264 2990 3293 3030 a
3342 2975 3502 3031 nullo

1865 3062 1974 3118 sub
2007 3061 2134 3117 celo
2167 3061 2457 3117 hominum
2492 3060 2625 3116 sciri
2658 3062 2919 3132 putabat.
2958 3062 3057 3118 Cui
3110 3063 3504 3119 assistensno-

1865 3151 2057 3206 tarius
2072 3149 2375 3220 impressis
2390 3149 2589 3207 eadem
2615 3149 2885 3217 signabat
2903 3150 3140 3221 litteris,
3160 3156 3357 3221 quaeet
3377 3152 3503 3222 ipse

1785 3203 1831 3267 Ο
1862 3252 2147 3309 corporeo
2176 3238 2541 3309 postmodum
2568 3252 2710 3294 usus
2725 3238 3040 3310 colloquio,
3067 3253 3179 3294 non
3195 3239 3305 3296 alia
3330 3244 3504 3309 atque

1865 3325 1975 3381 alia
2009 3326 2341 3381 testabatur
2364 3339 2394 3379 a
2429 3340 2493 3381 se
2523 3326 2718 3382 visaet
2741 3326 3081 3397 colloquuta
3110 3342 3240 3383 esse
3268 3328 3498 3383 iuczelo.

1863 3413 2041 3479 Quem
2061 3427 2191 3468 eum
2206 3412 2259 3467 in
2278 3414 2780 3483 subsequentibus
2796 3414 2979 3470 lector
2992 3415 3349 3485 audieris,nc
3364 3414 3503 3485 quid

1862 3516 2063 3558 eorum
2094 3501 2306 3570 ambigi
2341 3517 2511 3572 posse
2530 3503 2874 3572 credideris,
2893 3504 3295 3560 vehementius
3321 3519 3505 3561 emor-

1865 3594 2027 3645 tuum
2058 3604 2275 3661 corpus
2308 3590 2551 3647 humana
2588 3592 2837 3648 formare
2870 3606 3041 3664 posse
3071 3594 3249 3649 verba
3267 3592 3507 3648 mirabe-

1864 3677 1967 3746 ris,
1995 3691 2162 3747 quam
2196 3677 2243 3732 si
2271 3681 2326 3732 et
2359 3677 2665 3748 utriusque
2690 3679 3025 3737 testamenti
3058 3680 3359 3735 verissima
3418 3693 3507 3735 as-

1863 3764 2044 3823 sertio
2060 3765 2221 3823 credi
2253 3764 2575 3835 compellit,
2601 3767 2672 3821 ab
2703 3781 2772 3821 eo
2830 3773 2892 3823 ut
2918 3767 3099 3822 refert
3144 3768 3332 3823 visum
3370 3781 3505 3823 esse

1863 3867 1977 3908 non
2008 3852 2389 3909 dubitaveris.
2426 3853 2759 3921 Egredienti
2786 3869 2815 3908 a
2847 3868 3095 3925 corpore
3113 3855 3315 3911 animae
3347 3855 3521 3925 mali:

1863 3955 2107 4011 gnarum
2140 3941 2452 4011 spirituum
2484 3942 2610 3998 tres
2644 3940 2765 4010 ipsa
2798 3956 2898 3997 sua
2922 3941 3148 3997 vrsione
3204 3942 3504 3999 terribiles

1866 4028 2174 4084 astiterunt
2211 4027 2340 4094 ;cui
2367 4027 3086 4100 quasihorrillcoimpulsu
3130 4029 3501 4099 insultantes,

1864 4116 2138 4173 dicebant
2167 4129 2230 4172 se
2259 4115 2567 4173 habituros
2598 4116 2747 4173 hunc
2776 4117 3079 4173 tormentis
3120 4116 3503 4173 infernalibus

1864 4204 2262 4274 cruciandum,
2287 4216 2522 4263 suarum
2557 4203 2641 4258 illi
2690 4204 3130 4261 attestationem
3182 4205 3504 4261 inferentes

1866 4293 2165 4364 culparum
2186 4292 2511 4349 :cultellum
2530 4293 2758 4349 scilicet
2775 4293 3075 4363 cujusdam
3102 4294 3302 4350 fratris
3321 4297 3504 4351 nostri
3544 4308 3555 4313 ·

1869 4381 2171 4454 parvulum
2203 4395 2370 4452 quem
2387 4380 2679 4445 oblivione
2694 4387 2753 4437 et
2774 4382 3129 4452 negligentia
3146 4383 3361 4440 dudum
3379 4398 3508 4454 per-

1868 4470 2115 4539 diderat,
2132 4468 2629 4540 cujusquamlibet
2649 4470 2880 4526 minima
2930 4471 3385 4542 videaturculpa
3402 4486 3508 4528 nec

133 4561 349 4619 cenobio
376 4563 536 4632 quod
576 4564 673 4615 est
723 4559 1192 4617 Atrebatensium
1243 4560 1420 4617 situm
1471 4560 1527 4615 in
1587 4561 1752 4630 urbe,
1788 4554 1838 4614 D
1869 4558 2053 4631 priori
2085 4558 2348 4615 confessa
2379 4572 2484 4613 nec
2540 4559 2707 4614 venia
2760 4560 2949 4615 fuerat
2983 4559 3272 4615 absoluta.
3330 4559 3506 4615 Afl‘uit

134 4647 523 4714 pretiosissimi
558 4648 918 4707 confessoris
933 4648 1146 4707 Christi
1171 4647 1752 4705 Vedasticultudica»

133 4737 238 4791 tum
267 4738 613 4805 honorifico,
647 4737 742 4794 cui
799 4737 925 4808 ipse
974 4737 1326 4796 monachica:
1381 4737 1757 4794 continentiae

134 4821 487 4896 instituendis
523 4824 859 4895 disciplinis
879 4827 995 4883 Deo
1026 4831 1267 4883 auctore
1305 4824 1594 4894 deservio,
1653 4826 1759 4880 hec

133 4911 392 4972 divinitus
418 4913 646 4971 accidit
672 4912 844 4971 visio.
872 4914 1113 4980 Quidam
1135 4914 1380 4970 fratrum
1423 4919 1757 4969 nostrorum

134 4998 414 5061 debilitate
429 5000 711 5073 corporis
724 5007 1078 5071 praeventus,
1110 5002 1266 5060 lecto
1280 5006 1373 5057 est
1388 5000 1757 5071 aegritudinis

134 5096 452 5160 occupatus.
479 5093 700 5160 Sicque
714 5089 942 5151 duobus
956 5090 1277 5148 transactis
1303 5089 1532 5159 diebus,
1550 5090 1605 5146 in
1628 5089 1758 5160 ipso

137 5177 285 5235 tercii
299 5178 411 5238 diei
434 5178 638 5237 noctis
656 5182 994 5249 perventum
1009 5182 1099 5237 est
1114 5178 1387 5248 articulo,
1404 5192 1533 5235 cum
1557 5176 1758 5235 dolore

137 5263 425 5323 anxietatis
446 5281 573 5323 suae
608 5264 785 5320 nimio
809 5266 917 5321 hoc
967 5267 1125 5324 visus
1153 5272 1247 5323 est
1303 5265 1456 5335 exigi
1499 5265 1760 5327 funditus

139 5351 365 5419 migrare
397 5355 469 5411 de
490 5353 718 5412 seculo.
746 5352 905 5419 Quod
932 5355 1141 5411 fratres
1182 5352 1551 5424 vigilesinibi
1583 5353 1759 5425 depu-

1869 4646 2043 4702 etiam
2078 4646 2238 4717 pacis
2263 4650 2319 4701 et
2339 4645 2736 4703 lucisMiebael
2764 4646 3029 4715 angelus,
3080 4645 3312 4702 hostilis
3353 4646 3511 4700 inva-

1871 4734 2052 4791 sionis
2081 4739 2243 4790 tutor
2267 4734 2692 4790 serenissimus.
2712 4734 2934 4800 Quibus
2954 4734 3247 4802 utrimque
3261 4747 3510 4789 conven-

1868 4822 1969 4891 tis,
2004 4822 2059 4876 in
2091 4820 2777 4879 momentoinfernalibus
2803 4821 3049 4877 astitere
3079 4819 3377 4876 claustris.
3404 4821 3507 4875 Ubi

1872 4910 2022 4980 ignis
2056 4909 2338 4965 maximus
2384 4910 2771 4979 quantitatem
2806 4907 3227 4977 magnitudinis
3278 4908 3510 4963 omnino

1870 4998 2180 5067 excedens,
2217 4997 2359 5054 locis
2383 4995 2500 5052 illis
2516 4995 2848 5053 eruciandis
2865 4995 3169 5051 animabus
3193 4996 3512 5068 eratdepu-

1874 5094 2051 5157 tatus,
2087 5088 2284 5158 nigras
2315 5087 2460 5143 adeo
2481 5089 2537 5141 et
2574 5085 3117 5142 fetentesemittens
3161 5085 3511 5154 ﬂammas,in

1872 5190 1985 5249 quo
2013 5174 2501 5239 traditorDomini
2518 5175 2544 5229 Ι
2553 5172 2697 5230 udas
2719 5178 2922 5229 catena
2964 5172 3222 5244 undique
3241 5173 3508 5243 strictus,

1872 5265 2189 5336 majoribus
2220 5263 2274 5318 in
2305 5262 2932 5332 diejudiciitormentis
2965 5263 3513 5319 servaturcrucian-

1872 5352 1998 5408 dus.
2034 5352 2257 5418 Quibus
2286 5350 2473 5405 anima
2506 5366 2569 5407 se
2610 5351 2950 5422 deputatam
3009 5362 3272 5421 sperans,
3331 5350 3511 5406 nimio

1475 5478 1709 5538 VARUS
1752 5475 2147 5535 LECTIONES.

138 5589 240 5635 non
255 5586 438 5656 pauci
460 5584 609 5656 fere
653 5584 1041 5656 evanuerunt.
1075 5581 1887 5656 Singalg_cnnttmt_inter
1915 5584 1983 5656 Q7
2009 5580 2074 5656 et
2093 5584 2162 5656 7t;
2195 5579 2403 5636 lineas.
2425 5578 2549 5656 {ta
2607 5578 2667 5633 ν.
2705 5576 3359 5656 _0!._UR1§1_0HS,__czti
3385 5594 3495 5652 apo

136 5648 732 5722 ﬂuitem/“alienun
760 5656 920 5710 81-83
948 5648 1234 5712 debemus.
1313 5653 1382 5686 ²⁹²
1393 5654 1608 5726 fuitne
1634 5651 1888 5709 subtus?
1923 5652 1987 5706 U.
2018 5650 2295 5706 Fortasse
2322 5648 2579 5705 motibus
2609 5648 2718 5705 aut
2747 5648 2866 5704 tale
2888 5650 3040 5720 quid
3067 5649 3311 5704 cecidit.
3416 5648 3445 5701 ἱ
