3894 6316
116 269 217 333 225
1332 267 1654 335 CHRONIl

1974 270 2130 337 LIB.
2164 274 2236 337 ιΙ.
3376 285 3494 351 226

113 411 214 455 non
234 396 521 455 dimittam
538 396 614 467 te,
636 398 792 469 sede,
816 398 969 470 sede,
985 398 1136 458 sede.
1164 397 1363 456 Anima
1393 400 1589 466 Quare
1606 414 1722 458 non
1750 402 1803 461 A
1832 416 1963 459 mus
1997 402 2169 458 tunc?
2197 402 2463 473 Domine,
2490 404 2587 462 die
2613 406 2789 475 mihi,
2827 409 2982 480 quid
2993 409 3299 482 faciemus
3331 415 3488 474 tunc.

111 486 338 543 dimittis
352 487 475 542 me?
505 487 781 556 Angelus.
808 488 940 545 Non
961 488 1264 546 dimittam
1294 490 1366 557 te,
1391 490 1515 547 nisi
1534 489 1723 545 venie-
1836 490 2107 559 Angelus.
2138 492 2284 547 Dico
2301 491 2431 561 tibi,
2450 493 2989 554 luncvenietillein
3004 513 3174 557 cruce
3191 516 3494 574 praepara-

112 589 227 631 mus
243 574 319 629 ad
332 575 723 632 Satvatorem.
748 575 1025 646 Angelus.
1065 577 1223 646 Veni,
1249 591 1469 634 eamus.
1497 576 1719 632 Anima.
1835 577 1947 635 tus.
1972 578 2075 635 Ani
2085 593 2193 633 mn.
2216 578 2524 647 Odomine,
2544 581 2824 652 dicmihi,
2840 585 2993 654 quid
2994 586 3306 656 faciemus
3321 591 3493 647 tunc?

115 662 574 719 Odominesancte
586 662 1142 733 Michaet,dicmihi
1152 678 1285 736 qua
1298 666 1515 723 estista
1528 665 1725 721 altera
1838 665 2264 734 Angulus.1)ico
2282 666 2411 734 tibi,
2434 667 3070 729 tuncdicetSalvator:
3093 678 3492 748 Oomnesgen-

112 751 353 806 mansio?
374 750 643 820 Angelus.
666 752 833 809 Alter
841 753 1178 823 paradisus
1191 754 1294 811 est.
1316 754 1536 810 Anima.
1562 755 1607 810 0
1625 754 1727 809 do-
1836 754 1940 823 tes,
1957 756 2192 825 angeli,
2220 756 2596 827 archangeli,
2612 758 2885 829 apostoli,
2902 776 2932 816 ο
2953 776 3151 820 omnes
3164 766 3388 835 gentes,
3405 769 3493 824 vi-

112 841 262 907 mine,
285 840 417 910 quis
430 839 642 896 estiste
652 840 819 896 homo
836 843 859 895 ?
881 840 1155 911 Angelus.
1181 843 1311 898 Duo
1330 842 1527 899 sancti
1549 842 1726 899 Elius
1838 842 1966 898 dele
1982 844 2208 923 dolores
2222 858 2403 914 meos;
2403 860 2487 915 pa
2499 846 2593 917 lpa
2603 847 2655 902 te
2666 848 3013 916 etvidete;vi
3018 851 3146 907 dcte
3147 856 3492 923 passionem

111 931 160 985 et
176 931 335 987 Eme.
363 928 580 985 Anima.
609 930 654 984 0
673 929 922 999 domine,
945 930 1097 1000 quid
1110 931 1367 1003 faciunt
1387 931 1518 988 hic?
1542 933 1727 999 Ange-
1832 918 2752 1006 meamfmanusmeas;sicutfui
2767 936 2829 991 in
2842 918 3387 1011 Nuceproptervos,
3402 945 3493 1001 sic

112 1018 991 1090 lus.ExpectantjudiciumDei.
1012 1019 1231 1075 Anima.
1254 1019 1560 1088 Odomine,
1576 1018 1728 1089 quid
1832 1033 1963 1075 sum
1984 1035 2183 1077 coram
2202 1021 2382 1078 vobis.
2411 1024 2662 1079 Oomnes
2686 1025 2913 1095 gentes,
2937 1040 3053 1082 non
3073 1043 3293 1085 aurum
3317 1031 3379 1086 et
3392 1046 3490 1087 ar-

97 1106 313 1177 facient
337 1106 505 1162 tunc?
533 1106 805 1176 Angelus.
848 1106 1050 1162 Erunt
1074 1107 1160 1163 ibi
1190 1121 1495 1179 quousque
1522 1106 1727 1163 veniat
1827 1109 2071 1178 genium
2113 1110 2361 1180 propter
2380 1125 2483 1167 vos
2520 1111 2678 1181 dedi,
2710 1114 3017 1169 necullum
3040 1115 3357 1189 hominem,
3387 1120 3493 1176 sed

109 1193 456 1251 .lnticristus.
478 1198 516 1249 A
528 1193 701 1249 nima.
724 1193 969 1259 Quando
980 1195 1176 1250 veniet
1188 1195 1567 1264 Anticristus,
1583 1208 1614 1250 ο
1628 1194 1723 1250 do-
1833 1210 2041 1267 corpus
2056 1212 2263 1252 meum.
2286 1200 2330 1253 Ο
2343 1214 2428 1253 om
2439 1213 2538 1255 nes
2543 1214 2656 1270 gen
2666 1201 2767 1268 tes,
2787 1216 2888 1272 ego
2902 1206 3102 1261 amavi
3116 1220 3233 1275 vos,
3254 1207 3488 1264 tradidi

104 1284 258 1351 mine,
271 1282 413 1353 quid
406 1282 657 1354 facient
668 1282 840 1339 tunc?
865 1282 1136 1353 Angelus.
1161 1283 1322 1340 Tunc
1336 1297 1361 1340 ς
1372 1282 1586 1354 urgent
1600 1283 1718 1340 illi.
1832 1297 2041 1356 corpus
2054 1300 2244 1342 meum
2253 1288 2492 1358 propter
2506 1302 2625 1357 vos,
2638 1289 2832 1345 videte
2845 1290 3067 1349 dolores
3078 1306 3248 1350 meos.
3264 1295 3480 1351 Anima.

102 1370 296 1427 Anima.
335 1370 442 1427 Ubi
476 1371 769 1442 pergent?
800 1370 1071 1440 Angelus.
1101 1371 1197 1427 Ad
1220 1372 1421 1429 secula
1459 1371 1717 1429 terrena.
1836 1375 1880 1429 0
1902 1373 2150 1443 domine,
2171 1376 2947 1445 quidrespondebunttunc?
2968 1380 3241 1449 Angelus.
3268 1384 3480 1440 Omnia

102 1460 297 1516 Anima.
324 1460 638 1529 Odomine,
669 1460 808 1530 quis
827 1460 1042 1517 estille
1065 1460 1511 1518 Antichristus?
1540 1461 1723 1531 Ange-
1831 1476 2009 1533 opera
2042 1463 2239 1519 vestra
2275 1463 2709 1534 respondebunt
2738 1468 2984 1537 propter
3019 1482 3137 1525 vos.
3185 1470 3404 1527 Anima.
3444 1474 3488 1526 0

99 1549 195 1604 lus.
217 1546 465 1620 Magnus
485 1548 884 1615 diabolusest,
902 1548 1225 1619 ipsedicet:
1243 1550 1371 1619 Ego
1390 1563 1522 1606 sum
1547 1548 1722 1606 C'hri-
1834 1549 2085 1620 domine,
2114 1551 2267 1622 quid
2286 1553 2531 1622 postea?
2554 1554 2829 1622 Angelus.
2864 1556 3023 1613 Tunc
3049 1557 3337 1614 sedebunt
3351 1574 3486 1629 apo-

95 1639 239 1704 stus;
259 1638 478 1707 Helgas
509 1636 674 1694 dicet
689 1651 824 1706 non,
850 1638 909 1693 et
926 1637 1132 1693 Enoeh
1151 1637 1453 1694 similiter.
1490 1636 1715 1692 Anima.
1830 1637 1971 1695 stoli
1996 1638 2077 1694 ad
2097 1639 2401 1695 dexteram
2426 1641 2483 1697 et
2500 1655 2696 1698 omnes
2718 1643 2940 1714 angeli.
2981 1644 3200 1700 Anima.
3238 1647 3281 1702 0
3303 1647 3486 1715 domi-

99 1723 623 1787 OsancteMichael.
640 1725 793 1796 quid
796 1724 1515 1797 facienttunc?dicmihi.
1536 1727 1719 1794 Ange-
1748 1752 1801 1813 Β
1830 1741 1904 1783 ne
1922 1728 2126 1783 sancte
2153 1727 2440 1798 Michael,
2478 1728 2573 1786 dic
2598 1729 2773 1795 mihi,
2809 1732 2962 1802 quid
2974 1733 3281 1804 faciemus
3314 1735 3486 1792 tunc?

93 1813 186 1870 lus.
212 1815 344 1871 Dico
363 1814 490 1870 tibi.
515 1814 872 1871 Saluatoris
893 1814 1066 1872 testes
1087 1814 1278 1883 erunt,
1302 1814 1572 1870 etdicent
1590 1813 1719 1882 ejus
1833 1815 2109 1884 Angelus.
2143 1817 2319 1872 Bene.
2369 1816 2586 1872 Anima.
2624 1819 2668 1874 0
2700 1819 2950 1889 domine,
2993 1821 3147 1892 quid
3176 1822 3485 1894 faciemus

93 1902 482 1972 testimonium,
510 1903 577 1959 et
595 1902 993 1959 testimonium
1016 1917 1213 1960 eorum
1230 1916 1433 1959 verum
1455 1903 1557 1959 est.
1586 1903 1720 1957 Ani-
1831 1903 2001 1960 tunc!
2024 1903 2295 1973 Angelus.
2321 1905 2557 1969 Anima.
2584 1920 2775 1977 quare
2798 1922 2914 1963 non
2937 1911 3166 1966 cessas?
3188 1911 3408 1967 Anima.
3441 1913 3484 1969 0

93 2006 187 2046 ma.
214 1993 255 2047 0
271 2005 459 2047 omnes
485 1991 699 2061 gentes
720 2004 835 2047 non
857 1991 1123 2049 credatis
1141 1990 1274 2060 illi;
1304 1990 1516 2048 credite
1541 1989 1714 2061 mihi,
1828 1992 2060 2048 domine
2073 1993 2175 2063 pie
2194 1994 2397 2050 sancte
2418 1994 2701 2063 Michael,
2730 1995 2826 2051 die
2844 1995 3013 2053 mihi.
3041 1997 3317 2066 Angelus.
3342 1999 3483 2057 Scis

90 2080 218 2149 quia
232 2080 513 2137 Salvator
533 2079 627 2135 est
642 2078 708 2135 in
728 2080 883 2148 celo;
902 2081 1010 2151 qui
1033 2078 1140 2137 hoc
1160 2092 1278 2136 non
1295 2079 1506 2150 credit,
1530 2078 1719 2136 vitam
1826 2093 2047 2148 verum,
2063 2094 2266 2137 verum
2274 2082 2437 2153 potes
2449 2084 2625 2153 scire,
2639 2085 2787 2154 quia
2801 2084 3017 2141 Petrus
3022 2085 3260 2155 primus
3277 2087 3480 2159 loquu-

89 2167 339 2223 oeternam
362 2182 479 2223 non
499 2166 766 2224 habebit.
806 2168 850 2223 0
870 2180 1066 2224 omnes
1091 2166 1297 2238 gentes
1319 2180 1436 2223 non
1456 2166 1719 2224 credatis
1830 2167 1924 2226 tus
1938 2168 2041 2225 est.
2063 2169 2279 2225 Anima.
2299 2171 2568 2240 Domine,
2591 2172 2745 2241 quid
2747 2173 2951 2245 faciet
2966 2173 3211 2230 sanctus
3232 2174 3483 2231 Petrus?

90 2255 630 2317 istiseduclorisnon
645 2252 1717 2326 habebitpotestatem.0Antichriste,
1829 2256 2108 2326 Angelus.
2144 2258 2262 2314 Ille
2278 2258 2591 2328 judicabit
2607 2261 2867 2331 primus,
2900 2261 3192 2318 secun'tus
3224 2263 3477 2332 Paulus,

89 2356 252 2412 quare
277 2342 508 2400 setucis
534 2342 780 2414 gentes?
823 2342 1008 2398 Verba
1040 2343 1143 2399 tua
1171 2355 1289 2399 non
1309 2344 1452 2400 sunt
1475 2356 1635 2399 vera.
1674 2343 1719 2398 0
1832 2344 2364 2403 terciusJohannes
2376 2346 2684 2418 Baptista;
2697 2347 3041 2407 tuncomnes
3054 2352 3332 2423 apostoli;
3345 2353 3483 2409 tunc

86 2431 261 2487 sancte
271 2430 722 2501 .ltiehael,quid
715 2430 1413 2502 facienttunc?Angelus.
1425 2431 1569 2488 Dico
1585 2429 1712 2499 tibi,
1818 2432 2395 2505 judicabantsancti
2408 2435 2740 2505 heremitee;
2762 2438 2900 2495 tunc
2908 2432 3169 2512 perfecti
3180 2441 3475 2498 monachi.

90 2518 453 2575 testimonium
453 2517 1716 2590 prophetabuntquiaSalvatoroeniet;qui
1830 2522 2055 2578 Anima.
2088 2524 2131 2579 0
2154 2522 2406 2594 domine,
2440 2524 2595 2595 quid
2614 2524 2753 2581 tunc
2768 2525 3170 2596 judicabant?
3201 2526 3475 2599 Angelus.

88 2607 179 2663 hoc
202 2606 398 2675 credit,
422 2607 642 2667 saluus
663 2608 796 2663 erit.
822 2606 967 2664 Dico
990 2606 1122 2677 tibi,
1145 2606 1323 2663 multi
1354 2605 1594 2663 credent
1602 2620 1713 2675 per
1824 2610 1984 2667 Boni
2007 2611 2264 2682 episwpi
2288 2611 2428 2669 tunc
2446 2611 3259 2673 reddentrationemdeomni
3273 2631 3481 2688 pecore

86 2695 316 2766 Helgam
343 2696 400 2752 et
426 2694 662 2752 Enoch.
699 2694 919 2751 Anima.
949 2695 1215 2751 0sancte
1239 2693 1524 2763 Michael,
1559 2693 1717 2766 quid
1826 2710 1950 2755 suo.
1989 2698 2211 2754 Anima.
2252 2700 2296 2754 0
2324 2698 2575 2768 domine,
2616 2699 2770 2770 quid
2797 2701 2973 2757 tunc?
3004 2702 3277 2772 Angelus.
3319 2706 3482 2763 Tune

87 2784 288 2843 facient
312 2784 477 2841 tunc?
502 2782 783 2854 Angelus.
811 2783 957 2840 Dico
982 2783 1090 2840 tibi
1100 2800 1127 2851 ;
1133 2781 1587 2856 prophetabunt
1601 2797 1716 2839 ωηο
1825 2785 2209 2843 venientboni
2208 2785 2573 2858 presbyteri,
2592 2787 2731 2843 tunc
2730 2788 3211 2858 judicabuntitli
3220 2834 3231 2846 .
3252 2792 3473 2848 Anima.

90 2872 181 2927 nia
197 2886 326 2930 vera
345 2872 906 2944 usqueadmortem.
935 2871 1154 2927 Anima.
1187 2873 1317 2938 Qua
1334 2872 1519 2928 morte
1540 2870 1723 2929 erunt
1830 2875 1875 2932 0
1898 2874 2151 2945 domine,
2187 2873 2339 2947 quid
2351 2874 2659 2946 faciemus
2691 2875 2861 2932 tunc?
2892 2876 3165 2946 Angelus.
3199 2880 3361 2937 Tunc
3386 2895 3479 2936 ve-

91 2962 370 3018 morituri?
393 2960 676 3031 Angelus.
702 2960 1017 3033 Interfecti
1038 2961 1214 3017 erunt
1222 2974 1335 3032 pro
1357 2961 1470 3017 Dei
1492 2974 1709 3017 amore.
1825 2962 1999 3018 nient
2020 2960 2156 3018 boni
2182 2960 2363 3033 lagci,
2381 2961 3019 3034 etjudicabuntomnia
3035 2964 3203 3023 bona.
3220 2967 3479 3025 Illivero

93 3051 282 3107 Anima.
310 3056 353 3109 0
373 3054 613 3109 domine
625 3048 1121 3117 sancteMichael,
1141 3049 1239 3106 dic
1257 3047 1429 3120 mihi,
1454 3050 1717 3122 q-uidfa-
1749 3104 1794 3122 η
1825 3050 1934 3122 qui
1955 3048 2100 3105 sunt
2116 3049 2416 3121 agricolae,
2440 3051 2633 3106 multa
2656 3049 2823 3121 bona,
2850 3051 3049 3109 omnia
3073 3052 3223 3110 bona
3247 3054 3477 3111 labora-

86 3141 278 3198 eiemus
299 3138 765 3210 tunc?Angelus.
789 3140 832 3194 0
853 3138 1278 3206 anima,eessa.
1310 3138 1529 3195 Anima.
1557 3140 1600 3195 0
1622 3138 1717 3194 do-
1746 3137 1795 3168 υ
1824 3137 2055 3206 verunt,
2093 3138 2295 3195 omnia
2329 3137 2480 3195 bona
2504 3139 2867 3210 receperunt.
2901 3140 3121 3196 Anima.
3159 3142 3204 3199 0
3225 3141 3475 3214 domine,

87 3229 221 3284 mine
238 3231 433 3287 sancte
460 3227 753 3295 Michael,
774 3228 874 3298 pie
887 3229 1088 3298 pater,
1117 3227 1215 3284 dic
1236 3225 1406 3283 mihi.
1436 3227 1710 3297 Angelus.
1827 3224 1982 3298 quid
1996 3226 2305 3299 faciemus
2330 3227 2503 3283 tunc?
2535 3226 2812 3297 Angelus.
2841 3229 3002 3285 Tunc
3018 3230 3258 3286 venient
3270 3232 3481 3288 mulie-

91 3317 229 3373 Tunc
255 3317 494 3375 ardebit
517 3317 709 3373 omnis
743 3315 923 3372 terra.
962 3315 1187 3370 Anima.
1227 3313 1386 3381 Quid
1409 3316 1715 3387 faciemus
1820 3326 1937 3371 res.
1960 3314 3478 3391 Anima.0DominesancteMichael,quidfaciemus

84 3403 220 3471 tunc,
236 3405 496 3462 domine?
512 3403 801 3461 dicmihi.
822 3402 1097 3471 Angelus.
1122 3402 1716 3460 TuncvenietSalva-
1825 3401 2002 3458 tunc?
2032 3401 2310 3473 Angelus.
2336 3403 2482 3460 Dico
2506 3403 2635 3461 tibi.
2660 3403 2779 3461 Ille
2804 3406 2913 3475 qui
2935 3405 3132 3463 dixit:
3176 3406 3332 3464 Vade
3351 3422 3476 3466 mu-

82 3490 174 3548 tor.
202 3493 409 3549 Anima.
433 3494 549 3551 Pie
568 3492 824 3561 domine,
850 3492 1318 3563 quid/aciemus
1337 3491 1509 3548 tunc?
1533 3492 1715 3560 Ange-
1825 3487 2107 3560 lier,jam
2118 3491 2243 3548 noli
2248 3505 2499 3563 peccare
2510 3506 2583 3549 ne
2597 3491 2859 3550 deterius
2872 3493 3124 3565 t.bialiq
3134 3496 3241 3551 uid
3251 3497 3477 3553 contin~

83 3576 174 3634 lus.
196 3579 907 3649 TuncvenientMatheus,
924 3578 1190 3648 Marcus,
1212 3580 1402 3637 Lucas
1413 3579 1473 3635 et
1487 3579 1714 3636 Johan-
1816 3577 1930 3650 gat
1950 3577 2188 3648 (Joann.
2205 3593 2255 3650 v,
2277 3581 2384 3650 14),
2397 3579 2711 3652 judicabit
2727 3581 2892 3639 illas.
2921 3582 3139 3639 Anima.
3161 3583 3470 3657 Odomine,

80 3679 181 3726 nes.
204 3669 306 3727 Illi
329 3669 558 3727 dicent:
581 3670 731 3725 Ossa
749 3667 950 3737 arida,
966 3667 1231 3739 surgite;
1250 3666 1457 3724 audite
1472 3665 1713 3724 verbum
1820 3666 2318 3739 misericordiam,
2344 3667 2499 3738 quid
2500 3669 2810 3741 faciemus
2834 3670 3007 3726 tunc?
3026 3671 3302 3741 Angelus.
3325 3673 3473 3730 Dico

82 3758 311 3814 Domini.
343 3760 505 3816 Tunc
524 3758 829 3815 veniemus
851 3770 1052 3813 coram
1070 3756 1397 3814 Salvatore
1403 3772 1430 3826 ;
1442 3755 1581 3813 tunc
1600 3756 1716 3814 erit
1825 3753 1952 3811 tibi.
1967 3754 2128 3812 Tunc
2138 3754 2713 3813 dicetrevaalvator
2726 3759 2925 3814 omnia
2941 3757 3091 3815 bona
3103 3759 3201 3816 his
3212 3760 3477 3830 quisunt

82 3846 507 3904 mundusnovus
521 3847 582 3903 et
594 3846 755 3902 terra
769 3859 939 3902 nova.
961 3844 1182 3901 Anima.
1203 3845 1247 3900 0
1264 3844 1496 3901 domine
1509 3845 1713 3902 sancte
1822 3840 1905 3897 ad
1931 3842 2257 3913 dexteram,
2282 3843 2343 3900 et
2357 3843 2557 3900 omnia
2577 3843 2744 3900 mala
2773 3843 2871 3900 his
2900 3845 3008 3915 qui
3026 3846 3173 3902 sunt
3188 3846 3271 3901 ad
3289 3848 3463 3904 sinis-

82 3931 321 3992 .ltiehaei
336 3937 443 4007 pie
477 3936 680 4007 pater,
715 3932 867 4006 quid
889 3933 1199 4005 faciemus
1231 3932 1402 3990 tunc?
1432 3930 1706 4002 Angelus.
1822 3929 1997 3986 tram.
2022 3930 2692 4001 Tunceritreumagnus
2706 3930 3348 4004 etfortis,omnisplebs
3362 3934 3472 3993 hu-

81 4021 207 4079 Dico
228 4023 352 4079 tibi.
373 4023 605 4079 Anima.
634 4021 930 4089 Dicmihi,
946 4022 1013 4078 in
1024 4034 1148 4092 qua
1156 4020 1368 4093 forma
1387 4022 1705 4079 veniemus.
1817 4016 2083 4074 miliata.
2112 4016 2275 4074 Tunc
2295 4016 2452 4075 dicet
2466 4018 2755 4075 Salvator
2774 4038 2795 4075 .-
2817 4019 3023 4076 Omnes
3035 4018 3244 4091 gentes
3264 4020 3467 4078 amavi

84 4110 324 4179 Angelus.
362 4113 409 4168 0
436 4112 675 4181 anima,
707 4123 891 4178 cessa,
921 4109 1076 4166 satis
1107 4108 1340 4166 audisti
1357 4108 1704 4180 prophetas.
1817 4117 1957 4172 vos;
1976 4104 2139 4161 volui
2159 4105 2341 4162 utvos
2357 4102 2522 4161 domo
2544 4106 2864 4173 veniretis;
2882 4119 2984 4164 vos
3003 4107 3306 4166 noluistis.
3337 4109 3471 4165 Ani-

82 4197 260 4256 Omnis
275 4199 438 4270 plebs
462 4197 716 4257 habebit
717 4198 988 4271 formam
1010 4196 1273 4268 triginta
1292 4210 1605 4266 annorum,
1628 4197 1710 4254 si—
1819 4206 1928 4247 ma.
1959 4193 2003 4249 0
2023 4192 2274 4265 domine,
2304 4192 2459 4265 quid
2477 4198 2614 4251 tunc
2635 4192 2839 4251 dicent
2856 4194 2974 4266 illi,
3004 4195 3112 4268 qui
3134 4195 3286 4255 bona
3298 4197 3464 4270 fece-

78 4286 189 4342 mul
213 4288 326 4343 tam
341 4288 551 4360 pueri,
574 4286 845 4357 juvenes,
881 4284 1278 4342 adolescentes
1307 4297 1491 4356 quam
1517 4296 1703 4342 senes.
1816 4280 2002 4337 runt?
2023 4280 2297 4352 Angelus.
2321 4280 2468 4339 Dico
2491 4280 2623 4352 tibi,
2653 4282 2793 4341 tunc
2818 4283 3423 4356 respondebuntjusti
3445 4305 3466 4342 .-

82 4373 277 4432 Anima.
322 4379 366 4433 0
393 4376 672 4445 Domine,
713 4374 868 4446 quid
897 4373 1196 4445 faciemus
1228 4373 1399 4430 tunc?
1427 4370 1702 4442 Angelus.
1818 4369 2086 4440 Domine,
2109 4368 2350 4441 quando
2371 4370 2425 4427 te
2442 4370 2743 4428 vidimus?
2761 4372 3091 4444 Nunquam
3105 4373 3469 4445 tevidimus;

84 4462 221 4521 Tune
230 4465 301 4521 ha
311 4463 489 4523 bebili
493 4480 523 4522 s
540 4478 754 4521 novam
766 4475 1021 4522 carnem.
1039 4460 1498 4519 Tuncveniem-us
1508 4474 1707 4518 coram
1735 4452 1787 4515 D
1816 4470 1923 4515 nec
1943 4457 1998 4515 te
2014 4458 2272 4517 vidimus
2291 4472 2396 4516 nec
2412 4459 2689 4518 minimos
2712 4460 2861 4519 tuos.
2889 4459 3050 4519 Tunc
3072 4461 3231 4519 dicet
3244 4463 3333 4520 Sa
3342 4465 3464 4520 lea-

82 4551 299 4609 Domino
319 4568 519 4611 omnes
540 4551 751 4625 angeli
773 4557 825 4608 et
841 4548 1218 4621 archangeli,
1243 4549 1383 4606 tunc
1402 4548 1708 4607 duodecim
1820 4545 1908 4603 tor
1920 4567 1940 4603 .-
1958 4546 2456 4619 Quandofecistis
2466 4548 2574 4605 uni
2588 4547 2658 4604 de
2667 4547 2938 4607 minimis
2951 4548 3107 4619 istis,
3123 4548 3270 4606 mihi
3273 4549 3465 4620 fecis-

79 4642 559 4709 apostoli.Anima.
576 4640 736 4706 Quid
730 4638 1090 4711 facientilli
1102 4639 1125 4692 ?
1140 4637 1409 4707 Angelus.
1426 4636 1537 4694 Illi
1547 4637 1708 4695 sede-
1817 4634 1897 4692 tis
1909 4633 2147 4705 (Matth.
2165 4650 2299 4704 xxv,
2316 4635 2425 4706 40).
2442 4634 2663 4691 Anima.
2685 4635 3463 4708 0domine,quidfaciemus

80 4725 204 4784 bunt
219 4744 390 4802 super
408 4730 586 4788 sedes
605 4727 933 4797 duodecim,
951 4724 1383 4797 etjudicabunt
1400 4724 1708 4782 duodecim
1815 4733 1988 4785 tunc?
2002 4726 2270 4797 Angelus.
2286 4727 2337 4783 J
2333 4727 2453 4784 usti
2467 4726 2625 4796 bene,
2641 4725 2779 4783 bene
2780 4726 2962 4797 justi.
2977 4727 3141 4783 Tunc
3155 4725 3429 4783 dicetreu
3440 4746 3461 4783 .-

77 4814 246 4876 tribus
269 4820 487 4877 Israel.
519 4817 744 4873 Anima.
781 4817 825 4872 0
847 4815 1079 4874 domine
1105 4815 1308 4872 sancte
1324 4812 1590 4871 Michael
1600 4814 1708 4885 pie
1825 4816 2044 4886 Venite,
2061 4814 2351 4873 benedicti
2357 4815 2566 4888 patris
2582 4814 2719 4883 mei,
2726 4813 3287 4885 possideteregnum
3303 4813 3465 4884 quod

64 4906 719 4980 pater,quidfaciemus
733 4901 1707 4972 tunc?Dicmihi.Angelus.0mnia
1810 4903 1979 4962 vobis
2001 4905 2230 4976 paravi
2267 4902 2341 4960 ab
2379 4902 2614 4975 origine
2650 4900 2861 4959 mundi
2901 4899 3140 4969 (Matth.
3178 4914 3309 4971 xxv,
3343 4901 3455 4972 34).

74 5006 225 5064 opera
238 4995 426 5053 omnis
441 4993 617 5067 plebs
634 4991 1283 5049 habebitinmanusua.
1303 4990 1525 5046 Anima.
1547 4991 1591 5047 0
1608 4989 1707 5047 do-
1819 4993 1981 5049 Tunc
1991 4992 2315 5063 eritgloria
2325 5005 2549 5063 magna
2559 5002 2736 5061 super
2747 5002 2857 5047 eos.
2877 4986 3102 5046 Anima.
3119 4986 3450 5055 Post,domi

73 5084 225 5153 mine,
248 5082 487 5155 quando
508 5079 1049 5139 venietSalvator?
1067 5078 1339 5150 Angelus.
1358 5077 1572 5136 Adhuc
1588 5091 1706 5135 non
1810 5093 1903 5149 ne,
1918 5075 3150 5151 quidfacientilliadsinistram.Angelus.
3173 5074 3459 5149 0anima,

72 5170 228 5227 venit.
255 5172 477 5227 Anima.
508 5166 826 5238 Odomine,
848 5169 1086 5239 quando
1106 5167 1322 5234 veniet,
1346 5165 1705 5238 quidfacie-
1812 5180 1997 5227 cessa.
2033 5167 2254 5223 Anima.
2291 5168 2336 5225 0
2359 5167 2587 5224 domine
2609 5165 2813 5225 sancte
2841 5163 3127 5235 Michael,
3162 5164 3259 5223 die
3281 5164 3454 5224 mihi.

73 5255 656 5329 mustunc?Angelus.
679 5255 1297 5315 Tuncvenietsanctus
1311 5254 1530 5311 Petrus
1531 5253 1709 5325 prin-
1815 5253 2090 5325 Angelus.
2124 5254 2267 5310 Dico
2299 5253 2427 5311 tibi.
2461 5252 2652 5311 Ibunt
2665 5254 2732 5312 in
2759 5253 3126 5325 supplicium
3153 5252 3453 5309 aeternum.

73 5355 183 5415 ceps
192 5348 592 5418 apostolorum
603 5344 665 5400 et
673 5343 1361 5417 dicet:0fratres,sedete
1370 5354 1707 5413 omnesgen-
1814 5342 2036 5399 Anima.
2063 5342 2320 5399 Osancte
2335 5339 2617 5412 Michael,
2635 5341 2732 5398 dic
2741 5342 2893 5398 mihi
2905 5339 3006 5417 ubi
3018 5341 3286 5414 pergunt
3300 5339 3461 5397 illa?

75 5430 160 5490 les.
173 5433 814 5505 Tuncvenietmagnus
823 5429 1274 5494 Jesussalvator
1284 5430 1700 5502 etredeniptor.
1819 5429 1985 5498 Quod
2001 5429 2058 5489 si
2078 5427 2344 5488 eritillis
2363 5427 2528 5485 ult/ra
2556 5428 2774 5499 aliqua
2791 5430 3084 5489 remissio.
3114 5424 3369 5498 Angelus
3412 5427 3460 5485 0

76 5521 270 5581 Anima.
289 5525 335 5583 0
347 5522 610 5593 domine,
624 5531 808 5594 quam
820 5534 1099 5599 magnam
1112 5520 1464 5598 angustiam
1480 5518 1705 5584 videbi-
1812 5520 2043 5594 animo,
2068 5517 2199 5581 dico
2220 5515 2350 5579 tibi.
2385 5513 2782 5587 Indulgentia
2806 5518 2921 5585 Dei
2936 5515 3213 5611 moueret
3224 5514 3377 5587 illis,
3400 5513 3463 5574 et
