3894 6348
404 316 519 378 22⁸7
1375 312 1739 373 HUGONIS
1781 310 2133 370 ABBATIS
2176 309 2722 371 FLAVINIACEN
2732 312 2854 371 SlS
3708 311 3812 371 228

407 447 609 520 angeli
623 447 733 503 Dei
739 446 983 518 facient
1004 443 1601 517 raptumsuperiltos.
1623 445 1834 500 Omnes
1855 441 2051 500 sancti
2080 445 2136 505 A
2166 439 2386 497 Anima.
2408 437 2712 508 Odomine,
2731 439 3216 514 qualesiu/irmi?
3240 439 3511 508 Angelus.
3538 442 3661 508 Qui
3671 441 3812 500 satis

409 535 778 594 intercedent
793 535 874 592 ad
893 535 1079 591 Deum
1097 548 1203 605 pro
1223 533 1376 591 illis.
1406 531 1622 588 Anima.
1661 533 1706 589 0
1725 532 1972 601 domine,
1999 529 2053 588 si
2165 527 2605 588 excusationem
2627 544 2740 586 non
2762 530 2981 586 habent
2999 531 3067 586 de
3073 529 3308 602 peccat:
3313 543 3341 586 s
3359 529 3506 594 suis,
3539 530 3647 586 illi
3669 529 3809 586 sede-

413 635 608 681 omnes
621 621 862 680 liberati
879 623 1084 680 erunt?
1108 619 1378 691 Angelus.
1404 621 1726 678 Possumus
1745 629 2056 678 succurere
2167 618 2313 676 bunt
2325 632 2502 690 super
2520 619 2785 676 rivulum
2815 619 3016 676 istum.
3055 619 3276 674 Anima.
3315 619 3360 674 0
3381 619 3642 686 domine,
3672 619 3810 688 quid

412 711 564 770 illis.
593 711 861 768 Paucum
873 711 976 768 est.
1004 710 1222 766 Anima.
1253 709 1540 768 Odomine
1555 709 1755 766 sancte
1769 707 2051 778 Michael,
2149 708 2486 780 facie-mus?
2508 707 2780 778 Angelus.
2819 709 2979 778 Veni,
3005 705 3310 766 ostendam
3331 705 3458 765 tibi.
3499 707 3673 764 Vide.
3702 709 3812 763 Ani.

419 799 514 858 dic
540 799 713 870 mihi,
746 803 854 872 qui
867 799 1114 874 facient
1134 798 1408 872 raptum?
1441 797 1714 868 Angelus.
1745 797 1892 854 Dico
1921 795 2050 853 tibi.
2167 811 2274 852 ma.
2305 795 2608 866 Odomine,
2633 795 2786 868 quid
2806 797 3050 855 esthoc?
3075 797 3348 866 Angelus.
3373 794 3522 854 Haec
3541 797 3696 852 sunt
3713 796 3812 853 tor-

2164 885 2363 942 menta
2378 902 2394 954 ;
2407 883 3040 958 ibisedebuntimpuri.
3056 883 3809 960 utibipeniteantsuperri-

2165 974 3385 1046 culumistumusqueindiemjudiciiDei.
3413 974 3648 1031 Anima.
3676 976 3812 1031 Odo.

2165 1065 2344 1133 mine,
2376 1077 2600 1136 magna
2628 1064 2772 1122 sunt
2797 1064 2921 1122 ista
2951 1065 3259 1121 tormenta.
3309 1061 3466 1130 Quid
3473 1064 3810 1136 facimus?

2170 1152 2443 1222 Angelus.
2501 1151 2661 1222 Veni,
2705 1153 3010 1210 ostendam
3050 1152 3180 1211 tibi.
3220 1155 3486 1224 Sequere
3527 1165 3642 1209 me.
3687 1153 3811 1210 Vide

422 1243 639 1299 Anima.
669 1245 714 1300 0
731 1242 980 1313 domine,
1001 1243 1110 1314 qui
1131 1241 1368 1300 liberati
1385 1255 1500 1298 non
1504 1239 1771 1315 fuerint,
1797 1238 1948 1311 quid
1951 1238 2060 1312 fa-
2168 1240 2364 1312 ignem
2383 1254 2686 1312 magnum.
2714 1239 2935 1297 Anima.
2959 1243 3002 1298 0
3016 1240 3270 1310 domine,
3295 1241 3434 1312 quis
3447 1240 3694 1299 estille?
3718 1243 3751 1296 A
3763 1257 3809 1296 n-

416 1331 718 1388 cientilli?
741 1328 1010 1401 Angelus.
1041 1330 1459 1387 Certemalum.
1485 1329 1703 1384 Anima.
1729 1328 2055 1384 0domine..
2169 1327 2354 1399 gelus.
2386 1328 2903 1402 Vide.fudam,qui
2919 1329 3395 1387 tradiditDeu-m.
3415 1327 3809 1385 Anima.0Ju-

419 1419 559 1477 tunc
578 1418 732 1491 quid
733 1419 981 1492 facient
996 1417 1100 1476 "‘1?
1123 1416 1395 1490 Angelus.
1425 1419 1469 1475 0
1489 1417 1713 1486 anima,
1739 1430 1928 1488 quare
1947 1430 2062 1473 non
2171 1416 2268 1488 da,
2285 1417 2813 1488 quareeendidisti
2825 1431 3036 1490 corpus
3049 1419 3471 1490 etsanquinem
3482 1418 3718 1475 domini
3729 1433 3810 1473 no-

420 1507 648 1567 cessas?
682 1509 780 1565 Vis
797 1508 1012 1565 audire
1032 1509 1138 1579 qui
1145 1508 1185 1564 d
1187 1507 1463 1580 facient?
1482 1509 1660 1578 Deus,
1681 1508 1839 1564 Deus
1856 1502 2066 1562 reddet
2169 1505 2284 1563 stri
2303 1507 2450 1564 Jesu
2475 1506 2740 1565 Christi?
2762 1508 2958 1574 Quare
2971 1504 3286 1564 tradidisti
3301 1507 3613 1564 domi-num
3629 1507 3809 1562 tuum?

419 1598 554 1656 illis
577 1597 897 1655 secundum
924 1611 1101 1669 opera
1120 1611 1235 1654 sua
1253 1595 1706 1654 renibutionem
1733 1595 2062 1666 Postquam
2177 1595 2372 1660 Quare
2377 1596 2595 1669 fecisti
2615 1593 2754 1654 hoc?
2783 1595 3057 1666 Angelus.
3089 1595 3290 1652 Multa
3307 1595 3672 1668 malafecit,
3689 1609 3808 1668 pro-

416 977 474 1034 et
493 977 800 1036 duodecim
825 976 1079 1049 apostoli
1101 975 1342 1049 facient
1365 975 1628 1048 raptum,
1653 975 1714 1032 et
1729 987 1924 1031 omnes
1953 985 2058 1031 an-

412 1063 1673 1137 qeli.Anima.0dominesancteMichael,.
1755 1105 1766 1118 .
1850 1105 1862 1117 .
1945 1105 1957 1118 .
2040 1104 2052 1117 .

425 1686 584 1745 dicet
603 1687 690 1744 eis
711 1685 780 1720 ’³⁸
805 1705 818 1741 :
841 1685 1142 1745 Discedite
1159 1685 1467 1744 maledicti
1482 1687 1549 1744 in
1567 1689 1760 1756 ignem
1781 1683 2062 1742 aternum
2090 1747 2140 1756 _‘
2163 1684 2373 1756 pterea
2395 1683 2646 1755 recipiet
2669 1681 2871 1742 omnia
2899 1683 3082 1742 maia.
3137 1683 3310 1742 Vides
3339 1684 3492 1742 istos
3523 1683 3807 1740 homines?

423 1773 664 1845 (Matth.
683 1789 809 1844 xxv,
827 1774 938 1846 41),
961 1774 1192 1832 reddite
1203 1747 1836 1846 operavestra'anqelis
1849 1771 2062 1829 vestris
2090 1747 2144 1806 B
2163 1747 2292 1830 Ille
2295 1771 2440 1845 fuit
2456 1747 2638 1838 dives,
2658 1771 2825 1830 modo
2847 1773 2938 1831 est
2951 1785 3204 1844 pauper.
3232 1772 3456 1830 Anima.
3498 1773 3548 1830 0
3571 1771 3802 1831 domine.

420 1863 638 1935 quibus
649 1864 1020 1922 sei-vicistis!
1032 1877 1150 1920 non
1169 1863 1462 1922 eritultra
1477 1862 1605 1920 ulla
1624 1860 2058 1920 misericordia.

425 1951 516 2008 Ibi
547 1950 668 2008 erit
692 1951 960 2009 luctuosa
987 1951 1046 2008 et
1063 1949 1368 2010 tenebrosa
1396 1953 1644 2009 mansio.
1683 1949 1846 2007 Tunc
1873 1947 2068 2006 veniet

417 2039 723 2098 Salvator.
763 2041 982 2097 Anima.
1022 2041 1066 2097 0
1092 2039 1342 2111 domine,
1383 2039 1536 2111 quid
1561 2038 1769 2112 faciet
1792 2037 2065 2096 dominus

419 2129 601 2186 Deus?
615 2127 887 2200 Angelus.
911 2130 954 2185 0
967 2130 1192 2198 anima,
1209 2142 1399 2200 quare
1409 2142 1526 2186 non
1537 2127 1756 2186 cessas?
1771 2124 2058 2183 Animam.

424 2219 470 2275 0
493 2215 745 2288 domine,
769 2217 868 2274 dic
884 2217 1057 2286 mihi,
1091 2215 1244 2288 quid
1258 2217 1566 2290 faciemus
1593 2215 1764 2273 tunc?
1787 2214 2060 2287 Angelus.

422 2305 564 2361 Dico
581 2303 710 2362 tibi.
742 2305 900 2362 Tunc
923 2304 1082 2361 dicet
1095 2305 1413 2362 Salvator:
1445 2305 1642 2362 Venite
1663 2302 1745 2362 ad
1761 2316 1852 2360 me
1870 2315 2066 2362 omnes

418 2392 527 2463 qui
561 2389 852 2449 laboratis
883 2391 944 2447 et
968 2391 1200 2449 onerati
1241 2391 1402 2461 estis,
1437 2391 1496 2448 et
1519 2401 1622 2464 ego
1650 2391 1919 2463 reficiam
1965 2403 2066 2449 vos

419 2476 661 2550 (Matth.
681 2492 762 2542 xl,
776 2478 890 2550 28).
927 2478 1032 2536 Vos
1053 2480 1410 2550 quisequuti
1428 2480 1570 2537 estis
1580 2477 2066 2537 mesedebitissu-

416 2577 524 2637 per
549 2563 718 2623 sedes
751 2563 1097 2636 (duodecim,
1131 2565 1503 2638 judicantes]
1538 2565 1844 2624 duodecim
1873 2564 2065 2624 tribus

419 2654 624 2713 Israel
633 2652 870 2717 (Matth.
890 2667 1002 2726 xIx,
1019 2655 1128 2719 28).
1154 2655 1328 2713 Modo
1339 2656 1532 2712 venite
1547 2655 1630 2714 ad
1637 2667 1761 2726 me;
1776 2669 1878 2728 ego
1893 2655 1962 2712 do
1973 2667 2066 2712 vo-

422 2741 754 2815 bisqaudia
769 2741 1009 2813 aeterna,
1026 2745 1094 2802 in
1104 2741 1322 2816 quibus
1318 2743 2001 2817 permanebitis.Anima.
2021 2743 2067 2801 0

421 2830 669 2902 domine,
695 2830 1111 2904 quidfacient,
1137 2833 1430 2904 quiiliam
1447 2847 1640 2892 vocem
1661 2830 1937 2890 audiunt.
1958 2834 2066 2888 An-

417 2918 602 2991 gelu.
630 2922 775 2978 Dico
798 2919 926 2978 tibi.
954 2918 1320 2978 Letabuntur
1337 2919 1468 2980 sine
1475 2923 1624 2995 ﬁne,
1653 2922 1872 2978 Anima.
1903 2921 1949 2978 0
1971 2919 2066 2977 do-

417 3008 789 3068 minesancte
805 3007 1090 3080 Michael,
1116 3007 1270 3081 quid
1273 3009 1583 3082 faciemus
1601 3011 1758 3067 tunc.
1789 3007 2059 3080 Angelus.

2173 1859 2402 1933 quidm
2419 1861 2626 1931 faciet,
2652 1859 2894 1919 habebit
2907 1863 3312 1920 remissionem
3334 1863 3406 1918 de
3415 1862 3670 1933 peccato
3689 1863 3805 1918 suo?

2175 1950 2446 2020 Angelus.
2474 1951 2606 2009 Non
2626 1948 2748 2008 nisi
2768 1952 2836 2009 in
2853 1947 3122 2022 judicio;
3155 1951 3294 2009 tunc
3315 1950 3707 2010 dimitteretur
3725 1950 3805 2007 illi

2173 2034 2374 2093 omnia
2395 2037 2644 2108 peccata
2671 2051 2802 2094 sua.
2841 2037 3063 2094 Anima.
3099 2037 3143 2094 0
3171 2037 3424 2107 domine,
3461 2037 3622 2111 quid
3632 2039 3804 2110 facie-

2173 2123 2338 2182 r..us?
2369 2123 2642 2195 Angelus.
2677 2125 2824 2184 Dico
2856 2124 2985 2184 tibi.
3026 2125 3256 2184 Eamus
3283 2123 3356 2183 de
3383 2126 3503 2184 ista
3527 2127 3800 2198 pericu-io.

2171 2211 2288 2284 Seq
2299 2225 2434 2270 uere
2459 2227 2564 2271 me.
2601 2213 2773 2270 Modo
2795 2211 3102 2271 ostendam
3125 2213 3236 2272 tibi
3256 2226 3484 2286 magna
3503 2211 3801 2272 mirabilia

2172 2313 2304 2374 qua
2343 2299 2540 2360 adhuc
2575 2315 2689 2360 non
2726 2301 2956 2360 vidisti.
3013 2302 3172 2360 Vide.
3216 2302 3436 2358 Anima.
3486 2304 3534 2360 0
3574 2303 3801 2367 domine,

2173 2388 2324 2462 quid
2343 2389 2588 2447 esthoc?
2617 2389 2890 2460 Angelus.
2925 2390 3218 2464 Infernus
3246 2391 3600 2463 malignus;
3627 2389 3711 2450 ibi
3735 2403 3803 2447 se-

2175 2477 2316 2535 dent
2341 2478 2628 2550 adulteri,
2642 2477 2904 2550 periuri,
2923 2479 3090 2552 falsi
3112 2479 3386 2552 episcopi,
3423 2481 3581 2539 ἀιςί
3599 2478 3804 2552 presbi-

2174 2563 2308 2635 teri,
2315 2567 2482 2640 falsi
2501 2565 2794 2637 monachi,
2812 2565 2900 2626 ibi
2915 2567 3200 2626 sedebant
3212 2582 3401 2640 usque
3417 2570 3506 2625 ad
3512 2567 3553 2639 j
3557 2567 3799 2626 udicium

2173 2654 2297 2712 Dei.
2331 2654 2551 2713 Anima.
2581 2657 2626 2714 0
2644 2656 2848 2714 sancte
2874 2656 3161 2727 Michael,
3187 2657 3338 2728 quid
3349 2657 3691 2730 faciemus?
3710 2658 3796 2710 An-

2173 2743 2358 2813 gelus.
2397 2745 2662 2816 Sequere
2697 2758 2804 2800 me.
2858 2743 3066 2802 Adhuc
3111 2744 3417 2803 ostendam
3462 2745 3583 2805 tibi
3620 2745 3795 2801 omnia

2172 2831 2354 2888 mala.
2382 2831 2603 2888 Anima.
2634 2833 2679 2888 0
2699 2827 2952 2903 domine,
2981 2845 3096 2902 que
3116 2832 3290 2890 sunt?
3313 2831 3596 2902 Angelus.
3618 2831 3796 2890 Adhuc

2172 2917 2526 2978 monstrabo.
2559 2917 2732 2978 Vides
2751 2920 3014 2992 quantas
3031 2921 3302 2978 animas?
3326 2921 3557 2978 Anima.
3589 2923 3632 2978 0
3645 2921 3754 2978 dom
3765 2922 3797 2976 i—

2173 3021 2267 3080 ne,
2316 3007 2472 3066 unde
2505 3007 2825 3066 venerunt?
2864 3008 3138 3080 Angelus.
3181 3011 3311 3068 Hoc
3349 3011 3442 3068 est
3481 3011 3608 3068 tota
3644 3017 3792 3067 terre.

421 3099 466 3156 0
486 3097 710 3168 anima,
737 3111 926 3170 quare
935 3111 1052 3154 non
1063 3100 1293 3156 cessas?
1317 3099 1536 3155 Anima.
1558 3100 1602 3156 0
1621 3097 1854 3156 domine
1863 3098 2067 3156 sancte
2096 3101 2145 3164 Ο
2173 3095 2384 3153 Adhuc
2394 3110 2510 3154 non
2522 3097 2612 3154 est
2621 3096 2881 3168 plenum,
2902 3095 3102 3156 adhuc
3115 3111 3231 3154 non
3246 3099 3389 3155 sunt
3403 3111 3627 3156 omnes.
3658 3097 3797 3154 Vide:

419 3184 700 3255 Michael,
716 3185 916 3242 adhuc
937 3183 1034 3243 dic
1045 3185 1212 3242 mihi.
1230 3185 1504 3257 Angelus.
1520 3187 1785 3259 Sequere
1799 3199 1906 3244 me.
1934 3186 2066 3244 Ani-

420 3285 531 3330 ma.
559 3274 605 3330 0
622 3271 828 3330 sancte
845 3271 1130 3344 Michael,
1155 3272 1260 3331 ubi
1282 3273 1452 3331 debeo
1471 3286 1572 3348 seq
1581 3275 1644 3332 ui
1667 3275 1755 3332 te?
1787 3273 2060 3346 Angelus.

419 3361 548 3432 Ego
571 3360 700 3418 dico
719 3359 846 3418 tibi.
881 3361 1093 3419 Adhuc
1112 3361 1350 3420 ostendo
1373 3361 1485 3420 tibi
1503 3375 1727 3435 magna
1749 3361 1918 3434 bona,
1940 3376 2068 3421 ma-

415 3463 604 3522 quum
611 3449 994 3522 paradisum.
1025 3449 1185 3508 Vide.
1203 3450 1423 3508 Anima.
1451 3453 1495 3509 0
1513 3453 1716 3510 sancte
1735 3452 2019 3523 Michael,
2035 3465 2067 3510 ο

426 3536 678 3608 domine,
701 3551 886 3610 quam
894 3539 1116 3610 pulcra
1135 3539 1226 3597 est
1239 3539 1364 3597 ista
1381 3541 1646 3598 mansio!
1682 3541 1840 3608 Quid
1857 3541 1965 3599 hoc
1983 3537 2073 3598 est

429 3625 694 3684 domine?
715 3623 988 3698 Angelus.
1011 3627 1146 3686 Non
1159 3627 1289 3686 dico
1303 3627 1413 3686 tibi
1426 3629 1629 3699 modo;
1646 3629 1752 3687 sed
1768 3629 1906 3686 vide
1924 3627 2070 3687 alte-

2173 3184 2352 3242 illum
2361 3197 2647 3257 magnum
2658 3185 2766 3258 qui
2779 3185 2868 3243 est
2879 3185 3108 3257 ligatus
3119 3185 3380 3244 catenis?
3395 3186 3622 3243 Anima.
3640 3185 3794 3242 Domi

2172 3273 2466 3343 ne,video.
2485 3272 2757 3344 Angelus.
2774 3272 2890 3330 Ille
2902 3287 3152 3346 magn-us
3157 3275 3298 3347 fuit
3317 3275 3690 3332 Coloniensis
3701 3272 3798 3343 epi-

2172 3369 2381 3434 scOpus
2405 3361 2538 3434 (95).
2573 3362 2792 3418 Anima.
2831 3361 2876 3420 0
2897 3363 3147 3434 domine,
3181 3364 3322 3436 quis
3345 3364 3515 3431 fuit?
3556 3361 3798 3434 Angelus.

2175 3449 2394 3508 Pastor
2399 3449 2556 3524 fuit,
2579 3464 2697 3508 non
2697 3451 2842 3524 fuit
2842 3452 3075 3523 pastor,
3093 3451 3200 3509 sed
3223 3453 3706 3519 mercennarius;
3721 3450 3802 3507 ille

2180 3537 2514 3612 lupusfuit.
2537 3537 2759 3596 Anima.
2789 3541 2832 3596 0
2849 3540 3102 3612 domine,
3122 3540 3648 3610 misericordiam;
3665 3537 3798 3596 habe-

2179 3625 2268 3684 bit
2299 3627 2773 3700 indulgentiam?
2814 3628 3088 3698 Angelus.
3129 3629 3278 3686 Non.
3324 3629 3593 3700 Magnus
3625 3627 3797 3702 pastor

429 3715 812 3774 rum.Anima.
835 3715 1665 3790 Video,domine,quiapulcra
1677 3715 2070 3776 estistaman-
2159 3715 2318 3786 fuit,
2349 3715 2452 3774 sed
2478 3729 2594 3772 non
2617 3715 2942 3774 custodivil
2962 3716 3256 3788 pracepta
3288 3718 3562 3775 Domini.
3601 3717 3791 3772 Anima.

434 3804 546 3874 sio,
559 3806 711 3877 quia
721 3803 1328 3878 pulcherparadisus.
1343 3805 1640 3878 Dicmihi,
1655 3807 1906 3877 domine,
1920 3805 2072 3879 quid

434 3891 656 3950 esthoc.
677 3892 948 3964 Angelus.
966 3893 1094 3952 Hoc
1113 3895 1204 3952 est
1217 3893 1929 3968 refriqeriumjustarum
1941 3894 2071 3952 ani-

433 3993 686 4038 marum.
709 3982 976 4040 Tercium
986 3995 1104 4040 non
1115 3984 1286 4056 potes
1295 3983 1512 4041 videre.
1538 3983 1758 4041 Anima.
1785 3981 2074 4041 Odomine

431 4068 633 4128 sancte
643 4068 928 4141 Michael,
947 4070 1444 4130 misericordiam.
1470 4071 1742 4142 Angelus.
1767 4071 1914 4130 Dico
1936 4065 2071 4140 tibi,

428 4169 548 4214 non
559 4154 790 4215 videbis
813 4157 1079 4230 tertium,
1093 4158 1268 4217 donec
1275 4159 1481 4217 veniat
1495 4157 1623 4217 dies
1629 4157 1861 4230 judicii
1875 4157 2070 4215 Domi-

429 4244 516 4301 ni.
540 4241 763 4300 Anima.
783 4245 828 4301 0
839 4243 1088 4315 domine,
1104 4245 1600 4319 quidfaciemus?
1614 4245 1886 4318 Angelus.
1899 4245 2072 4304 Modo

423 4329 655 4390 ibimus
667 4330 750 4389 ad
767 4331 1100 4405 infernum.
1127 4331 1348 4392 Anima.
1377 4334 1678 4406 Odomine,
1703 4335 1856 4408 quid
1870 4333 1959 4393 ibi
1963 4335 2074 4408 fa-

2180 3807 2224 3862 Ο
2245 3806 2512 3876 Domine,
2538 3805 2692 3878 quid
2705 3807 3045 3880 faciemus?
3073 3807 3344 3878 Angelus.
3375 3809 3644 3878 Eamus;
3661 3805 3796 3864 modo

2177 3890 2481 3952 ostendam
2499 3891 2644 3961 tibi;
2663 3905 2908 3966 sequere
2926 3909 3034 3952 me.
3059 3895 3231 3952 Modo
3251 3895 3406 3967 sede,
3426 3899 3654 3964 ani-ma,
3668 3893 3791 3954 sede.

2179 3981 2400 4038 Anima.
2429 3982 2474 4039 0
2494 3982 2744 4053 domine,
2771 3995 2964 4054 quare
2978 3995 3094 4048 non
3115 3984 3375 4042 dimittis
3397 3988 3528 4042 me?
3552 3983 3792 4055 Angelus.

2177 4068 2388 4128 Adhuc
2412 4071 2606 4128 multa
2633 4071 2937 4130 miracula
2963 4071 3374 4131 demonstrabo
3405 4074 3541 4132 tibi.
3566 4076 3796 4144 Sequere

2177 4171 2287 4216 me.
2324 4157 2484 4216 Vide.
2511 4160 2732 4216 Annua.
2763 4161 2808 4217 0
2828 4159 3080 4232 domine,
3105 4161 3259 4235 quid
3277 4161 3368 4220 est
3383 4161 3529 4221 hoc?
3557 4159 3793 4232 Angelus.

2179 4244 2309 4304 Hoc
2323 4251 2462 4305 sunt
2475 4247 2584 4320 qui
2600 4248 2802 4306 omnia
2820 4245 2969 4307 bona
2989 4249 3430 4322 laboraverunt,
3445 4249 3712 4310 etsedent
3720 4245 3798 4302 hic

2180 4345 2370 4408 usque
2403 4333 2485 4394 ad
2501 4336 2810 4409 judicium
2847 4338 2979 4395 Dei.
3025 4337 3245 4396 Anima.
3280 4341 3326 4396 0
3351 4340 3609 4411 domine,
3639 4345 3796 4410 quare

427 4419 649 4518 ciemus
665 4418 976 4518 ?Angelus.
993 4420 1442 4518 ‘0stendamtibi
1454 4421 2073 4518 tormenta.Anims.__0
2098 4454 2154 4518 Β
2325 4423 2558 4518 vadunt
2573 4427 2910 4518 inregnum
2939 4427 3086 4518 Dei?
3115 4425 3392 4518 Angelus.
3425 4429 3664 4518 Anima,
3683 4425 3793 4518 dico

431 4506 682 4579 domine,
697 4520 770 4565 ne
785 4509 1102 4581 permittas
1111 4523 1202 4568 me
1212 4509 1464 4570 intrare.
1481 4510 1750 4584 Angelus.
1767 4512 1914 4571 Dico
1935 4510 2067 4584 tibi,

425 4609 545 4654 non
557 4601 644 4655 est
653 4595 821 4656 homo
832 4598 900 4656 in
913 4597 1096 4671 terra,
1109 4599 1218 4673 qui
1228 4613 1346 4658 non
1355 4597 1788 4660 debeatvidere.
1807 4601 2072 4674 Sequere

423 4697 532 4743 me.
565 4686 723 4744 Vide.
753 4687 975 4744 Anima.
1005 4687 1308 4762 Odomine,
1333 4689 1765 4762 quidsunthce?
1783 4689 2061 4760 Angelus.

427 4775 773 4835 Mansiones
793 4774 899 4835 ubi
918 4775 1204 4836 habitant
1219 4777 1465 4838 diaboli.
1492 4778 1712 4837 Anima.
1750 4781 1796 4836 0
1816 4777 2066 4850 domine,

427 4864 580 4936 quid
587 4865 930 4939 faciemus?
957 4866 1232 4938 Angelus.
1261 4867 1528 4940 Sequere
1545 4881 1654 4927 me.
1679 4865 1852 4926 Modo
1879 4865 2072 4926 venie-

422 4965 555 5010 mus
567 4954 941 5028 admaqnam
955 4955 1246 5028 etfortem
1257 4969 1499 5029 aquam.
1517 4955 1739 5014 Anima.
1759 4955 2066 5029 Odomine,

426 5049 615 5110 quare
629 5055 746 5100 non
767 5043 1028 5103 dimittis
1056 5045 1182 5102 me?
1212 5045 1484 5117 Angelus.
1529 5043 1671 5103 Veni
1691 5044 1752 5102 et
1765 5044 2070 5104 ostendam

427 5124 559 5184 tibi.
595 5127 747 5186 Vide.
773 5130 997 5189 Anima.
1025 5133 1070 5191 0
1091 5131 1341 5206 domine,
1361 5129 1516 5206 quid
1523 5130 1782 5206 faciunt
1796 5131 1928 5193 hic?
1959 5135 2069 5192 An-

436 5211 604 5283 gelus
658 5215 758 5274 Ibi
785 5218 1071 5280 sedebunt
1091 5221 1327 5294 infirmi
1353 5234 1542 5296 usque
1567 5222 1636 5282 in
1664 5217 1820 5280 diem
1835 5219 2070 5294 judicii

2181 4511 2310 4572 tibi.
2328 4512 2550 4574 Nullus
2565 4513 2829 4572 intrabit
2839 4525 3028 4588 usque
3043 4517 3424 4588 injudicium
3439 4517 3574 4577 Dei.
3600 4512 3794 4572 Animae

2181 4601 2489 4674 Odomine,
2501 4601 2654 4676 quid
2659 4603 2996 4674 faciemus?
3015 4605 3291 4676 Angelus.
3312 4605 3488 4664 Sede.
3519 4607 3616 4665 Vis
3628 4601 3792 4662 adhuc

2177 4690 2376 4750 dicam
2401 4689 2543 4750 tibi?
2565 4690 2786 4750 Anima.
2823 4692 2974 4750 Volo.
3006 4692 3284 4764 Angelus.
3313 4694 3462 4754 Dico
3487 4694 3615 4754 tibi.
3641 4687 3792 4750 Mulli

2178 4773 2440 4838 homines
2466 4777 2609 4838 sunt
2631 4777 2700 4837 in
2727 4781 3012 4838 mundum
3029 4780 3121 4851 ²⁹⁹,
3147 4782 3256 4854 qui
3279 4781 3387 4840 hoc
3407 4794 3527 4840 non
3547 4772 3790 4840 viderunt

2175 4867 2336 4942 quod
2363 4866 2430 4926 tu
2454 4867 2639 4928 vides.
2693 4869 2914 4926 Anima.
2952 4869 2997 4926 0
3026 4868 3278 4939 domine,
3328 4869 3521 4942 quid?
3552 4865 3786 4939 Angelus.

2176 4957 2322 5016 Dico
2335 4953 2468 5016 tibi.
2481 4955 2666 5016 Multi
2678 4955 2942 5016 homines
2954 4958 3234 5029 suntqui
3247 4973 3366 5016 non
3381 4947 3792 5026 videruntquod

2179 5043 2244 5104 tu
2255 5044 2436 5104 vides.
2454 5044 2674 5104 Anima.
2695 5044 2740 5102 0
2763 5045 3014 5117 domine,
3033 5043 3268 5104 dimitte
3280 5059 3372 5104 me
3399 5047 3494 5105 ire
3511 5045 3593 5105 ad
3587 5043 3791 5120 fratres

2175 5147 2330 5192 meos
2351 5132 2410 5191 et
2426 5131 2624 5192 dicam
2649 5131 2782 5190 illis
2807 5134 3014 5191 omnia
3047 5147 3180 5206 qua
3200 5131 3352 5193 vidi.
3387 5133 3652 5206 Angelus.
3689 5129 3790 5188 Non

2178 5222 2324 5282 .nisi
2343 5221 2616 5280 dominus
2632 5219 2724 5280 Sa
2733 5219 2923 5280 lvator
2933 5221 3204 5282 voluerit.
3223 5223 3370 5282 Dico
3401 5223 3538 5295 tibi;
3561 5219 3703 5280 sicut
3723 5216 3786 5273 leo

1780 5324 2020 5385 VARIiE
2056 5327 2460 5386 LECTIONES.

495 5412 568 5451 ποι
591 5427 711 5476 m
737 5417 1002 5476 nam;
1073 5418 1144 5456 m
1169 5433 1286 5482 νοω
1309 5423 1551 5484 δυβιαε.
1625 5421 1696 5500 "7
1721 5436 1844 5484 eos:
1865 5423 2043 5486 deest.
2119 5423 2191 5460 ⁸⁸⁸
2216 5415 2320 5484 ἐπ’
2335 5439 2385 5485 c.
2459 5423 2532 5462 ³⁸⁸
2555 5426 2632 5500 qd
2661 5439 2696 5484 ο

499 5581 614 5656 (οι)
663 5575 1022 5656 Euergerum
1050 5559 1294 5648 innuero
1320 5587 1574 5649 videtur.

2013 5519 2241 5582 NOTE.
