3894 6358
387 320 498 387 231

1350 317 1720 385 HUGONIS
1760 314 2115 381 ABBATIS
2156 313 2838 380 FLAVINIACENSIS

3686 316 3790 378 ἔξω

393 454 582 528 spatio
607 450 1213 522 contigitinflrmasse.
1243 450 1349 518 Qui
1371 453 1544 508 nimio
1591 453 2032 522 ingravescente
2061 457 2117 517 Α
2147 449 2214 506 ti.
2239 450 2398 506 Deus
2430 461 2532 521 ego
2559 462 2708 506 sum.
2734 447 2878 505 Scio
2897 446 3056 504 enim
3083 446 3281 503 omnia
3297 459 3428 516 qua
3427 444 3680 518 fecisti,
3704 457 3794 502 nec
3838 481 3852 493 -

391 541 692 612 languoris
711 541 800 598 sui
816 539 1019 597 dolore
1042 541 1112 596 ad
1137 540 1326 611 ipsum
1348 541 1731 601 Kalendarum
1749 542 2034 609 Augusta-

391 645 518 686 rum
543 629 711 699 (Aug.
733 631 784 701 l)
807 629 906 698 qui
923 643 1026 700 pro
1045 627 1296 685 vinculis
1322 629 1475 685 beati
1492 629 1648 684 Petri
1671 625 2032 684 venerationi

392 719 641 776 debetur
678 715 1036 774 evocationis
1066 730 1186 773 sua:
1220 717 1542 788 perductus
1573 721 1664 773 est
1705 716 1877 786 diem,
1903 729 2033 772 cum

393 805 786 878 praesentibus
811 805 1091 861 fratribus
1111 805 1322 860 mentis
1335 819 1584 862 excessu
1608 811 1830 876 raptus,
1851 818 2038 859 emor-

394 902 496 952 tuo
521 893 754 966 penitus
767 893 950 950 exivit
971 906 999 948 e
1023 907 1288 964 corpore,
1315 893 1557 964 locaque
1579 894 1844 949 revisens
1864 893 2037 948 infer-

396 983 452 1038 ni
478 982 620 1038 vidit
645 981 822 1039 multa
847 997 975 1054 qum
999 981 1167 1038 nobis
1195 996 1389 1038 coram
1419 982 1676 1038 testibus
1699 980 1910 1052 positis
1935 995 2037 1050 pro

396 1071 646 1128 veritate
671 1070 1084 1140 confirmando,
1110 1069 1233 1126 sola
1249 1070 1492 1126 absente
1509 1069 1721 1142 spiritu
1747 1069 2037 1126 referebat

401 1159 618 1230 lingua,
642 1164 702 1216 et
726 1159 1087 1227 postmodum
1114 1163 1353 1231 peracto
1379 1157 1549 1230 pleno
1567 1158 1744 1214 trium
1767 1157 2037 1213 horarum

400 1249 598 1320 spacio
620 1249 674 1304 in
707 1264 768 1304 se
811 1262 1102 1317 reversus,
1137 1247 1333 1304 verius
1364 1247 1448 1304 sic
1492 1247 1872 1303 confirmabat
1917 1245 2039 1301 visa

401 1351 678 1408 praesens,
695 1339 758 1392 ut
772 1335 895 1392 haec
915 1350 1084 1406 quam
1103 1349 1173 1391 eo
1193 1335 1321 1406 ipso
1336 1340 1488 1390 teste
1505 1334 1684 1390 inscio
1700 1333 2044 1406 praenotavi-

401 1441 529 1481 mus
551 1423 930 1480 subtitulabit
970 1422 1263 1495 paginula.
1291 1422 1624 1492 Egredienti
1647 1423 1853 1479 anima)
1877 1421 2039 1477 missi

399 1527 470 1569 ex
493 1512 680 1569 oillcio
702 1513 1078 1568 tenebrarum
1105 1511 1396 1582 principes
1417 1511 1686 1580 extitere,
1737 1510 2042 1582 paratique

400 1599 748 1670 conducere,
784 1599 930 1672 ipsis
967 1599 1352 1656 infernalibus
1383 1598 1659 1656 claustris
1677 1598 1838 1655 dicto
1867 1597 2045 1654 citius

399 1689 640 1760 afluere,
671 1688 840 1758 cujus
861 1703 994 1745 mox
1017 1689 1273 1745 debitam
1298 1703 1574 1760 penarum
1597 1702 1832 1744 causam
1853 1685 2045 1742 acturi

400 1777 855 1834 introduxerunt
877 1777 932 1832 in
967 1777 1217 1847 domum,
1253 1791 1402 1847 quae,
1428 1776 1583 1833 sicut
1609 1791 1682 1832 ex
1703 1775 1877 1832 nimia
1909 1773 2048 1830 cali-
2075 1806 2128 1866 B

399 1865 556 1936 ginis
575 1871 634 1922 et
660 1865 898 1922 fatentis
921 1865 1058 1922 fumi
1075 1865 1367 1922 densitate
1383 1864 1723 1937 expressius
1735 1863 1928 1932 colligi
1949 1877 2048 1934 po-

400 1955 532 2024 tuit,
553 1959 730 2011 tantae
751 1953 1165 2024 magnitudinis
1189 1953 1465 2011 immensa
1484 1953 1695 2010 civitas
1715 1954 1840 2010 fuit.
1866 1953 2048 2024 Hujus

399 2043 654 2116 parietes
677 2046 734 2099 et
760 2042 988 2098 interna
1012 2042 1256 2099 munitio
1273 2043 1430 2099 velut
1455 2041 1638 2098 muris
1657 2045 1947 2111 extructa,
1967 2041 2051 2097 in-

400 2133 586 2190 terius
618 2131 874 2204 undique
897 2131 1118 2187 litteris
1131 2131 1445 2187 videbatur
1467 2129 1719 2202 depicta,
1745 2129 2052 2187 continens

399 2237 427 2277 a
453 2219 742 2293 principio
763 2219 947 2276 totius
972 2219 1169 2276 mundi
1185 2225 1446 2291 peccata,
1471 2218 1578 2275 nisi
1602 2232 1730 2289 quae
1752 2231 1894 2290 pura
1917 2233 2050 2274 con-

401 2308 655 2366 fessione
678 2313 738 2364 et
772 2307 1095 2380 penitentia
1145 2312 1280 2364 sunt
1333 2306 1599 2376 remissa,
1633 2306 1878 2376 quedam
1909 2321 2048 2363 vero

400 2395 766 2465 conculcata,
801 2399 863 2452 ut
885 2395 1198 2465 iterentur,
1231 2395 1418 2452 adhuc
1443 2394 1759 2451 viventium
1779 2395 2048 2450 servabat

403 2483 761 2541 memoriam.
792 2485 912 2539 lluc
943 2482 1256 2540 deductam
1271 2483 1516 2538 animam
1533 2481 1800 2539 diabolus
1822 2488 2046 2553 tenens,

403 2571 562 2630 illam
582 2570 850 2628 horribili
873 2570 1044 2626 nimis
1069 2571 1322 2643 impulsu
1349 2571 1760 2642 cepitagitare,
1781 2572 2048 2642 tondere,

403 2659 766 2732 gravissimis
783 2659 1078 2730 virgarum
1102 2659 1290 2731 plagis
1309 2659 1602 2730 insistere,
1627 2663 1685 2715 et
1711 2664 1924 2732 praeter
1946 2659 2052 2716 bec

405 2749 734 2821 appositum
761 2749 911 2818 ignis
937 2751 1286 2804 tormentum
1303 2747 1711 2818 comminitari,
1730 2763 1867 2804 suas
1879 2747 2052 2804 etiam

2145 537 2274 594 ulla
2285 537 2520 608 peccati
2533 536 2904 610 negligentia
2915 533 3114 592 evenit
3106 533 3224 607 fra
3231 535 3312 590 tri
3319 531 3423 592 bus
3437 533 3572 590 tuis
3585 535 3682 590 cui
3694 547 3788 590 nou

2143 625 2452 694 intersim;
2469 639 2562 682 me
2590 625 2812 691 adora;
2842 623 3027 681 habeo
3045 622 3348 696 siquidm
3375 622 3428 678 te
3462 623 3540 678 in
3555 634 3692 678 mea
3706 637 3790 694 po

2147 713 2445 784 testate,et
2459 713 2856 784 defratribus
2879 713 3003 770 tuis
3020 726 3224 769 unum.
3246 712 3419 768 Hem!
3433 711 3605 769 Num
3621 711 3789 768 meibi

2148 803 2370 859 dudum
2390 801 2734 870 uidisti,ubi
2754 801 2904 873 quia
2916 801 2976 857 et
2991 802 3061 858 in
3068 799 3360 872 potestate
3370 814 3510 857 mea
3533 813 3674 856 eras
3687 798 3816 854 heia.

2143 905 2282 948 rens
2308 890 2700 963 prasensisti,
2727 891 2786 946 et
2806 889 3073 962 fratrem
3101 889 3267 946 tuum
3280 903 3394 961 per
3421 887 3792 946 subitaneus:

2145 980 2389 1036 mortem
2417 980 2488 1035 ut
2513 994 2645 1035 eum
2671 978 2826 1035 mihi
2839 979 3089 1050 perdere
3110 976 3372 1035 deberem
3391 976 3699 1049 suj‘ocare
3717 978 3794 1033 de

2149 1067 2286 1126 bui?
2323 1069 2409 1125 I’u
2457 1068 2639 1125 etiam.
2671 1067 2776 1124 hec
2798 1067 3038 1140 fecisti,
3072 1079 3204 1137 qua
3231 1068 3297 1123 in
3333 1066 3580 1138 pariete
3599 1065 3792 1124 hocin-

2147 1157 2376 1228 scripta
2403 1156 2638 1214 uidisti.
2654 1156 2778 1213 Sed
2805 1158 2860 1214 si
2883 1157 2977 1212 eis
2997 1154 3072 1212 ab
3094 1155 3192 1213 his
3205 1155 3521 1212 tormentis
3537 1155 3790 1225 liberari,

2148 1259 2240 1302 me
2259 1246 2466 1314 adora,
2516 1258 2687 1316 quem
2715 1245 2991 1314 angelum
3012 1243 3124 1300 Dei
3164 1257 3288 1300 esse
3313 1243 3674 1314 cognovisti.
3709 1245 3791 1300 llic

2151 1334 2338 1390 anima
2371 1333 2466 1389 illa
2503 1333 2555 1388 in
2591 1337 2832 1389 mortem
2863 1347 3047 1402 usque
3072 1332 3267 1402 flagris
3297 1337 3355 1388 et
3380 1332 3658 1389 adhibito
3682 1333 3792 1402 igne

2147 1423 2262 1494 jam
2294 1425 2570 1494 superata
2605 1421 2876 1477 dicebat:
2915 1423 2960 1477 0
2991 1421 3222 1477 dom-ine
3259 1422 3440 1491 Deus,
3475 1420 3795 1478 misericor-

2153 1514 2336 1570 diam.
2365 1512 2576 1582 Ardeo,
2596 1512 2866 1581 Domine,
2905 1525 3035 1567 mea
3055 1511 3268 1583 culpa;
3284 1511 3496 1568 sancte
3525 1509 3792 1576 Michael,

2152 1599 2598 1658 succurremihi
2618 1610 2639 1657 .I
2679 1605 2735 1654 et
2753 1620 2772 1656 .-
2800 1600 2996 1664 Quare
3021 1613 3113 1656 me
3127 1599 3360 1656 domine
3385 1599 3798 1670 derelequisii?

2154 1689 2347 1746 multa
2357 1688 2674 1758 sunt,scio,
2692 1689 2958 1758 Domine,
2991 1692 3232 1760 peccata
3255 1701 3408 1754 mea,
3439 1687 3695 1745 domnus
3713 1686 3790 1744 ab

2159 1778 2264 1836 bas
2283 1779 2404 1835 scit
2427 1791 2519 1848 ea,
2553 1779 2598 1834 0
2617 1778 2798 1847 Deus,
2814 1791 3000 1848 quam
3021 1791 3245 1849 magna
3259 1775 3448 1846 suntj
3451 1776 3566 1833 udi
3571 1779 3669 1834 cia
3679 1775 3793 1834 tua?

2161 1868 2204 1923 0
2229 1855 2448 1935 Satan,
2481 1879 2673 1937 quare
2713 1880 2830 1922 non
2885 1865 3145 1923 dimittis
3194 1867 3320 1922 me?
3346 1866 3488 1923 Non
3518 1867 3574 1924 te
3605 1866 3793 1933 adoro;

2156 1956 2278 2014 scio
2307 1955 2367 2012 et
2393 1969 2494 2026 ego
2511 1955 2660 2026 quia
2689 1955 2753 2010 tu
2763 1955 2963 2012 omnia
2993 1955 3132 2024 scis,
3155 1955 3262 2012 sed
3281 1955 3534 2012 Domini
3548 1955 3794 2026 potestas

2158 2045 2248 2102 est
2266 2045 2332 2100 in
2360 2044 2497 2101 calo
2528 2043 2585 2100 et
2610 2045 2679 2100 in
2706 2044 2888 2112 terra,
2907 2043 2964 2099 et
2977 2045 3113 2114 ipsa
3139 2043 3788 2114 judicetintermeette.

2163 2132 2393 2199 Quodsi
2415 2133 2480 2188 tu
2491 2133 2650 2189 Deus
2663 2145 2740 2202 es,
2755 2131 3224 2204 ubisuntanqeli
3237 2133 3364 2190 tui?
3388 2133 3648 2190 Ostende
3663 2132 3792 2188 mihi

2143 2220 2378 2293 faciem
2391 2221 2573 2278 tuam.
2597 2220 2720 2278 Phi
2731 2229 2751 2276 .I
2763 2221 3039 2278 mentiris
3050 2220 3341 2278 .IAlterum
3369 2220 3791 2294 anqelumcidi;

2156 2309 2466 2366 mentiris!
2486 2323 2602 2366 non
2631 2323 2692 2367 es
2720 2311 2989 2381 angelus.
3025 2310 3153 2381 Ego
3181 2311 3236 2367 te
3279 2323 3668 2382 recognosco;
3685 2309 3791 2365 αἰα-

2162 2399 2328 2456 belus
2344 2412 2420 2455 es.
2453 2399 2597 2456 Scio
2627 2399 2778 2469 quia
2799 2398 3382 2470 angelusfuisti,sed
3399 2397 3687 2470 superbia
3705 2399 3788 2454 tua

2161 2487 2231 2544 de
2246 2487 2366 2544 celo
2394 2487 2680 2544 cecidisti.
2695 2486 2862 2552 Quod
2879 2500 3015 2557 ergo
3036 2488 3100 2543 in
3111 2486 3373 2544 vinculis
3394 2487 3528 2545 tuis
3539 2501 3683 2556 sum,
3699 2488 3790 2542 Do-

2159 2577 2314 2632 mini
2321 2575 2590 2647 potestas
2612 2575 2703 2633 est
2715 2575 2774 2630 et
2811 2575 3110 2644 uoluntas,
3130 2589 3246 2630 non
3260 2575 3384 2632 tua.
3401 2575 3498 2633 Et
3531 2575 3784 2638 dicmihi,

2161 2665 2300 2736 quis
2313 2663 2782 2736 estfratermeus
2801 2663 2904 2720 illi
2917 2677 3090 2734 quem
3111 2661 3394 2721 habes?et
3420 2679 3603 2736 quum
3626 2663 3785 2719 totius

2163 2753 2426 2810 scientia:
2448 2757 2505 2808 et
2531 2751 2820 2808 memoria}
2867 2757 2961 2808 est
3009 2751 3196 2808 anima
3225 2756 3463 2809 terrena
3503 2753 3612 2809 hac
3674 2751 3786 2807 halii

403 2835 488 2893 illi
513 2837 840 2910 improbare
870 2835 1091 2910 culpas,
1137 2842 1564 2908 repraesentans
1618 2836 1896 2908 quasdam
1945 2851 2058 2893 saa-

405 2925 572 2984 dulas
601 2932 660 2984 et
685 2925 1110 2998 quaterniolos,
1145 2940 1294 2997 quos
1337 2925 1702 2996 negligenter
1747 2930 1804 2982 et
1835 2925 2056 2995 absque

2163 2841 2385 2898 tationc
2417 2840 2628 2898 soluta.
2673 2840 3180 2898 Reminiscebatur
3201 2840 3374 2910 enim,
3395 2843 3539 2913 quia
3563 2847 3621 2898 et
3638 2843 3784 2898 inter-

2165 2930 2293 3001 fuit,
2317 2929 2473 3001 quod
2508 2931 2689 2985 frater
2722 2928 2820 2985 ille
2848 2944 3052 2986 novem
3085 2930 3406 2986 transactis
3429 2929 3660 3000 diebus,
3680 2944 3784 2985 cum

406 3015 621 3089 prioris
641 3014 885 3074 licencia
914 3014 1152 3088 proprio
1174 3028 1283 3072 usu
1319 3013 1712 3071 contrectavit
1736 3013 2050 3070 habendas.
2163 3018 2402 3090 expleto
2434 3017 2852 3076 matutinarum
2884 3018 3072 3076 officio
3104 3017 3401 3090 paululum
3437 3035 3574 3076 cum
3605 3018 3784 3076 ceteris

403 3103 694 3176 Pluraque
721 3104 836 3162 alia
858 3104 1178 3162 autoritatc
1215 3102 1372 3158 illius
1403 3117 1464 3158 se
1489 3101 1806 3158 retinuisse
1829 3101 1883 3156 in
1912 3117 2056 3172 prae.
2085 3155 2130 3179 η
2166 3122 2229 3164 se
2263 3107 2579 3164 reclinaret
2611 3107 2664 3162 in
2698 3106 2873 3178 lecto,
2909 3107 3078 3163 nobis
3132 3107 3544 3166 nescientibus
3594 3123 3699 3179 quo
3725 3106 3787 3160 in-

405 3155 424 3160 _
450 3155 692 3176 ____1__
723 3155 1173 3162 ,πη----πη
1404 3155 1459 3158 __
1912 3155 2022 3172 τη-
2167 3155 2227 3164 η
2263 3155 2577 3164 _-,_-_,__,_
2699 3155 2848 3163 ,πη
2910 3155 3076 3163 .--κη
3134 3155 3544 3166 --,--_-__---,..-
3635 3155 3696 3164 ν,

405 3192 564 3250 dicto
586 3190 1736 3264 parietejuxtasignabatinscripta,quae
1760 3189 2052 3246 fraterille
2084 3155 2134 3218 Ο
2167 3196 2461 3252 ﬁrmitatis
2504 3197 2729 3268 morbo,
2765 3155 2873 3252 sed,
2927 3211 3058 3252 cum
3092 3196 3371 3268 pmsemi
3433 3155 3643 3254 ιῃοιιιῖε
3690 3208 3785 3250 sua;

405 3282 463 3340 in
493 3281 862 3340 confessione
883 3293 1190 3350 numquam
1213 3279 1403 3350 potuit
1426 3278 1782 3336 comminisci
1807 3295 1910 3351 pro
1934 3279 2052 3336 vita

405 3385 529 3428 sua.
564 3371 676 3426 Pro
699 3369 914 3440 quibus
957 3381 1089 3424 cum
1119 3365 1462 3439 multiplicia
1504 3367 1908 3437 infligerentur
1938 3371 2054 3425 tor-

407 3461 734 3515 mentorum
761 3455 1012 3528 ilagella,
1045 3456 1336 3514 consciam
1358 3459 1584 3513 tantum
1611 3456 1906 3514 fatebatur
1932 3455 2053 3513 cul-

411 3561 560 3618 pam,
596 3545 965 3617 divinamque
1016 3544 1430 3601 m'serabiliter
1460 3544 1570 3602 sibi
1602 3559 1813 3615 rogans
1844 3546 2052 3602 subve-

407 3634 530 3691 nire
561 3633 947 3704 clementiam.
1004 3633 1234 3690 Sciebat
1290 3633 1440 3688 enim
1471 3633 1580 3689 hoc
1630 3646 1694 3690 se
1723 3651 1735 3705 ι
1767 3634 2046 3691 romercri

405 3727 608 3780 reatus
635 3722 724 3779 sui
747 3721 1120 3793 exigentibus
1150 3720 1361 3794 culpis,
1392 3737 1458 3778 ac
1483 3725 1722 3794 prepter
1743 3721 1848 3779 hec
1881 3737 2051 3793 ange-

406 3809 534 3872 lice
565 3811 894 3884 praesentia:
923 3809 1141 3868 auxilio
1171 3825 1234 3868 se
1267 3810 1531 3881 destitui,
1556 3809 1856 3882 solamque
1878 3811 2051 3868 relin-

407 3899 522 3970 qui.
557 3899 662 3956 llle
693 3911 828 3956 vero
859 3898 1110 3972 amplius
1141 3897 1466 3956 insultabat
1494 3899 1717 3970 dicens,
1743 3898 1898 3956 illam
1917 3900 2050 3972 jure

403 3986 667 4045 humana)
699 3987 920 4046 militia
954 4003 1113 4046 suam
1140 3987 1355 4044 debere
1380 3986 1525 4058 fieri,
1551 3987 1781 4059 sibique
1803 3989 2046 4062 servire,

405 4091 510 4134 nec
535 4076 730 4148 aliquo
761 4077 931 4134 modo
961 4077 1034 4133 ab
1058 4075 1240 4132 illatis
1264 4090 1436 4148 posse
1457 4077 1764 4134 tormentis
1785 4076 2046 4148 liberari,

403 4163 513 4220 nisi
548 4164 842 4234 adoraret,
877 4177 908 4219 a
936 4179 1054 4236 quo
1086 4179 1200 4220 non
1231 4165 1474 4220 haberet
1499 4165 1556 4220 in
1586 4171 1927 4238 perpetuum
1961 4181 2052 4223 se-

407 4251 619 4323 parari.
648 4251 748 4308 Cui
774 4256 1014 4308 ecuntra
1063 4251 1250 4308 anima
1274 4251 1678 4310 illaimmensae
1697 4253 2052 4311 Deielemen—

406 4338 504 4396 tiae
527 4338 794 4396 recolens
819 4344 1204 4411 sacramenta,
1239 4355 1344 4412 spe
1373 4341 1618 4411 quadam
1641 4347 1700 4398 et
1739 4342 2050 4400 credulita-

405 4425 486 4483 tis
541 4426 892 4484 conﬂdentia
957 4427 1196 4498 confisa,
1248 4434 1421 4500 sputa
1475 4429 1529 4485 in
1589 4430 1790 4487 faciem
1851 4431 2046 4504 dabat,

2162 3282 2425 3354 periculo
2455 3282 2702 3340 emissus
2732 3297 2762 3338 a
2786 3283 3069 3339 fratribus
3101 3282 3310 3339 fuisset
3341 3298 3374 3338 e
3405 3281 3588 3352 lecto,
3607 3287 3661 3339 et
3683 3285 3786 3354 post

2163 3371 2334 3428 unius
2365 3371 2522 3428 horae
2546 3371 2804 3444 spacium
2851 3371 2949 3426 vix
2989 3371 3310 3442 recepisset
3337 3371 3484 3428 vitae
3515 3371 3782 3443 spiritum;

2162 3459 2290 3529 ejus
2313 3459 2638 3516 subitanea:
2661 3457 2832 3516 morti
2857 3473 2928 3516 eo
2949 3458 3198 3530 amplius
3211 3457 3785 3530 condolens,mortife—

2162 3561 2256 3604 ras
2287 3546 2474 3604 hostis
2529 3547 2776 3603 insidias
2807 3547 3204 3618 exprobrabat
3237 3546 3445 3604 dicens
3478 3568 3490 3603 :
3526 3549 3572 3606 0
3597 3547 3778 3610 Satur,

2159 3635 2362 3693 omnia
2383 3635 2580 3692 trahis
2602 3635 2685 3692 ad
2711 3636 2785 3692 te.
2821 3635 3016 3701 Quare
3046 3635 3327 3708 decepisti
3346 3635 3567 3694 illum?
3608 3637 3680 3694 In
3701 3633 3784 3690 hoc

2159 3724 2221 3782 et
2245 3724 2311 3782 tu
2329 3723 2628 3794 mentiris,
2660 3725 2809 3796 quia
2836 3738 3044 3782 servus
3074 3724 3212 3782 tuus
3230 3739 3347 3783 non
3375 3726 3535 3797 erit;
3557 3735 3784 3782 mamm-

2161 3813 2255 3870 tus
2283 3813 2373 3870 est
2394 3813 2649 3870 multum
2680 3813 2738 3870 et
2777 3813 3048 3884 humilis,
3083 3813 3144 3870 et
3163 3827 3399 3887 magna
3427 3829 3581 3887 erga
3621 3824 3782 3870 omnes

2157 3900 2508 3959 obedientiee
2529 3901 2591 3958 et
2609 3902 2884 3974 pietatis,
2917 3915 2991 3959 ac
3001 3916 3112 3974 per
3133 3901 3241 3960 hoc
3267 3904 3637 3961 concertetur
3655 3900 3706 3958 et
3718 3899 3782 3956 ei-

2157 3989 2290 4061 cet;
2306 3990 2364 4047 et
2387 3991 2536 4062 quia
2563 3988 2771 4049 nullus
2802 3991 2890 4048 est
2915 3991 3335 4049 misericordia
3369 3992 3488 4050 Dei
3505 3993 3670 4065 ﬂuis,
3699 3985 3782 4060 qui

2157 4091 2275 4135 non
2299 4079 2543 4136 mortem
2563 4077 2670 4136 sed
2705 4079 3107 4151 penitentiam
3135 4078 3444 4138 desiderat
3459 4075 3778 4153 peccatoris,

2159 4167 2296 4224 tuus
2316 4180 2436 4225 non
2457 4167 2591 4238 erit,
2606 4167 2713 4224 sed
2721 4167 3094 4224 concertetur
3105 4167 3346 4226 etoioet.
3366 4170 3412 4225 0
3406 4169 3638 4242 frater,
3651 4176 3780 4232 care,

2157 4257 2526 4330 cacefrater
2549 4256 2817 4314 insidias
2847 4259 2998 4329 ejus,
3029 4271 3106 4314 ne
3133 4257 3397 4330 decipiat
3425 4258 3501 4316 te.
3533 4253 3783 4316 Str-lector

2156 4345 2388 4414 mundi,
2419 4357 2701 4403 succurre
2727 4344 2903 4416 mihi,
2933 4345 3159 4403 Sancte
3185 4345 3474 4416 Mimael,
3509 4357 3688 4418 quare
3709 4340 3780 4397 de-

2158 4433 2469 4506 reliquisti
2487 4433 2811 4490 me?Pater
2835 4433 3058 4504 sancte,
3089 4435 3596 4493 misericordiam!
3618 4426 3779 4490 Domi-

407 4512 576 4570 simul
599 4518 660 4570 et
681 4513 986 4571 inhonesta
1027 4520 1204 4586 prout
1236 4514 1445 4586 dignus
1466 4521 1553 4574 est
1576 4517 1924 4590 improperia
1949 4518 2052 4574 im-
2079 4513 2132 4575 D
2161 4535 2253 4593 ne,
2271 4521 2472 4592 ardeo,
2494 4522 2696 4582 ardeo.
2725 4523 2770 4578 0
2786 4523 3008 4594 Satan,
3022 4521 3095 4580 ut
3113 4523 3266 4595 quid
3277 4538 3368 4581 me
3386 4525 3510 4582 tota
3528 4524 3622 4582 die
3626 4517 3779 4594 pust:

408 4615 679 4675 precans,
714 4601 964 4674 singulis
998 4602 1158 4660 illius
1187 4603 1383 4662 verbis
1399 4619 1502 4662 sua
1527 4605 1753 4676 singula
1775 4606 2048 4678 reddens,

407 4689 516 4746 hoc
539 4690 669 4764 ipso
694 4705 964 4748 sermone
987 4690 1223 4749 dicebat
1247 4711 1258 4747 :
1285 4693 1372 4750 Tu
1391 4693 1548 4750 enim
1571 4694 1752 4751 totius
1764 4694 2054 4768 superbire

405 4779 464 4836 et
477 4779 840 4851 perditionis
859 4779 1132 4852 spiritus,
1149 4781 1256 4853 qui
1277 4780 1559 4854 decepisti
1569 4783 1779 4854 Evam,
1797 4783 2055 4856 infecis-

407 4867 456 4924 ti
469 4869 660 4927 multa
669 4870 856 4940 mala,
871 4883 1006 4942 qua
1007 4881 1120 4942 per
1137 4869 1193 4926 te
1203 4868 1681 4942 humanoqeneri
1689 4871 2056 4944 suntiltata;

405 4955 460 5011 te
477 4969 594 5014 non
613 4957 816 5028 adoro,
860 4959 1010 5029 quia
1034 4959 1100 5014 tu
1119 4957 1309 5030 es/ur
1327 4959 1388 5016 et
1404 4959 1595 5030 latro;
1632 4959 1802 5017 modo
1828 4959 2057 5018 tantam

401 5044 746 5113 potestatem
767 5045 948 5103 habes
969 5047 1036 5104 in
1053 5059 1165 5116 me,
1191 5047 1250 5102 et
1267 5045 1423 5104 hanc
1441 5060 1556 5104 non
1573 5047 1821 5105 haberes
1840 5050 1962 5106 nisi
1984 5049 2058 5106 ti-

407 5128 466 5186 bi
489 5129 635 5186 data
640 5133 1151 5208 fuissetdesuper.
1192 5135 1351 5192 Deus
1379 5133 1672 5208 estfortis
1691 5137 1752 5192 et
1755 5135 1968 5208 potens
2001 5137 2060 5196 et

401 5215 703 5274 immensa
720 5219 1162 5292 misericordia,
1180 5221 1239 5278 et
1255 5223 1454 5293 ipsum
1479 5226 1588 5295 qui
1601 5238 1714 5295 pro
1735 5238 1826 5282 me
1831 5239 2057 5298 passus

389 5303 1039 5377 fuitadoroDdomine
1048 5311 1208 5368 Deus
1217 5322 1599 5382 meus,quare
1608 5325 1699 5370 me
1710 5313 2060 5386 dereliquis.

404 5391 453 5448 ti
463 5390 488 5444 ?
515 5391 903 5462 Tuformasti
921 5407 1013 5450 me
1032 5397 1089 5452 et
1107 5399 1329 5456 creasti
1347 5412 1465 5470 me;
1485 5399 1678 5457 multa
1697 5402 1842 5458 sunt
1845 5415 2056 5472 pecca-

407 5476 637 5550 tamen,
662 5479 929 5551 Domine,
963 5495 1096 5541 mea
1120 5485 1314 5560 culpa.
1371 5486 1474 5546 Cui
1503 5492 1742 5546 econtra
1783 5488 2052 5550 diabolus

405 5565 804 5642 respondebat
826 5568 991 5632 :Non
1009 5571 1127 5632 erit
1141 5573 1234 5634 ita
1246 5575 1475 5647 ,‘tunon
1494 5589 1565 5638 ea
1585 5577 1890 5652 confessus
1890 5579 2056 5652 fuis-

2164 4612 2224 4669 et
2233 4613 2448 4682 punis?
2469 4613 2584 4668 Hec
2607 4617 2665 4667 et
2697 4611 2808 4668 alia
2847 4611 3014 4684 plura
3046 4611 3138 4668 his
3171 4611 3385 4669 similia
3409 4629 3538 4684 quae
3577 4611 3777 4684 pmpter

2165 4699 2666 4772 importunitatem
2684 4699 3141 4772 multiplicitatis
3157 4699 3482 4759 lectoribus
3501 4714 3639 4758 nova
3657 4708 3777 4768 quab-

2165 4802 2278 4860 que
2311 4787 2753 4845 fastidientibus
2803 4788 2994 4847 minus
3021 4803 3346 4860 congruum
3399 4789 3656 4862 ingerere
3679 4779 3775 4839 vili-

2167 4876 2491 4948 pendimus.
2521 4877 2660 4934 Cum
2696 4877 2980 4949 ejusmodi
3005 4877 3420 4936 confabulatus
3468 4877 3776 4936 altrinsecus

2168 4963 2518 5036 infatigabili
2540 4965 2927 5024 altercatione
2940 4971 3323 5026 consererent
3337 4968 3524 5024 anima
3539 4970 3593 5023 et
3615 4961 3774 5019 diabo-

2167 5051 2279 5124 lus,
2303 5058 2768 5128 consumptaque
2792 5055 2992 5127 ilagris
3022 5071 3152 5113 cum
3196 5056 3314 5128 jam
3357 5071 3501 5128 pene
3522 5069 3582 5112 se
3599 5050 3772 5107 victam

2169 5145 2230 5197 ut
2284 5154 2413 5197 eum
2465 5143 2740 5200 adoraret
2785 5143 3182 5216 profiteretur,
3217 5158 3388 5215 quam
3421 5159 3530 5202 non
3562 5139 3771 5210 impetus

2168 5229 2321 5297 ignis
2349 5229 2613 5288 ardentis
2643 5235 2702 5288 et
2735 5231 2986 5288 lucentis
3011 5247 3040 5289 a
3073 5231 3244 5301 longe
3280 5233 3354 5290 ad
3383 5233 3511 5303 ejus
3539 5225 3769 5286 auxilium

2165 5317 2408 5374 veniens
2439 5319 2598 5390 cepit
2627 5334 2968 5392 comparare
3001 5319 3262 5391 angelus,
3297 5319 3466 5390 cujus
3498 5307 3770 5391 placidissi-

2167 5419 2274 5461 ma)
2305 5408 2634 5477 praesentiae
2665 5408 2872 5478 gratiae
2913 5409 3232 5481 resumptis
3263 5401 3489 5466 viribus
3535 5395 3769 5462 conviciis

2098 5549 2101 5552 .
2165 5495 2418 5568 amplius
2468 5496 2808 5569 insistebat,
2861 5496 3101 5571 perfidis
3132 5497 3351 5554 inimici
3411 5485 3767 5570 praesumpliO'

2171 5583 2345 5644 nibus
2374 5586 2657 5644 resistens
2688 5590 2748 5646 ct
2779 5586 3018 5644 dicens:
3055 5588 3100 5646 0
3137 5587 3335 5646 Satan
3360 5587 3572 5655 Satn»,
3613 5574 3766 5638 multa
