3894 6330
128 327 248 386 233

1385 339 1884 407 CHRONICON.
1916 381 1997 394 —
2023 350 2178 414 LIB.
2219 356 2296 420 II.

3426 381 3540 441 234

123 459 180 514 te
200 459 268 514 in
288 459 384 515 die
411 459 662 518 Domini
691 465 1013 535 expectant
1036 469 1220 540 mala,
1270 471 1419 542 quia
1439 486 1501 529 es
1531 472 1782 533 humani
1811 477 1866 537 A
1894 483 2084 538 tutum
2115 493 2304 544 mater
2334 491 2552 550 caritas
2586 500 2818 557 saneta.
2857 499 2990 559 Visa
3024 504 3134 562 hoc
3157 507 3379 568 interea
3413 528 3541 570 san-

123 548 631 570 _m___.__-._,_.‘_.-
669 551 717 570 Α
751 552 970 570 __
1063 556 1074 570 .
1377 559 1438 570 υ
1489 561 1506 570 -

108 549 351 615 generis
358 548 636 619 perditio
658 551 717 606 et
731 552 1106 624 perditionis
1136 571 1338 615 causa.
1363 559 1536 616 Modo
1556 575 1672 618 non
1691 577 1784 620 me

114 635 358 706 tenebis,
410 638 480 693 de
514 653 609 694 me
638 640 870 699 diutius
899 657 1013 700 non
1045 646 1358 718 gaudebis,
1388 650 1556 706 modo
1589 652 1643 707 te
1668 667 1785 709 non

113 725 333 794 adoro;
354 727 509 796 quia
533 727 600 782 tu
625 729 781 786 Deus
799 731 905 800 sis,
927 734 1204 792 mentiris
1214 754 1238 804 ,-
1257 737 1456 794 nichil
1460 740 1783 810 potestath

117 813 299 870 habes
320 815 590 886 amplius
637 817 702 872 in
721 833 827 874 me.
868 821 913 876 0
937 823 1142 878 sancte
1165 821 1450 897 Michael,
1483 827 1586 885 ubi
1613 830 1706 887 es?
1739 831 1783 887 0

118 903 392 972 Domine,
412 904 934 980 misericordiam;
951 923 1084 967 mea
1096 913 1290 984 culpa,
1314 915 1594 987 Domine;
1612 919 1781 976 rideo

111 993 348 1046 malum
375 1007 592 1064 meum,
626 996 778 1066 quia
811 1001 1280 1074 pr.rceptis:tuis
1309 1016 1425 1060 non
1453 1004 1699 1064 obedici.
1739 1011 1784 1067 0

113 1080 315 1136 sancte
333 1079 632 1152 Michael,
664 1085 1161 1145 misericordiam.
1195 1091 1476 1163 Emendo,
1511 1095 1781 1168 Domine,

117 1169 398 1239 emendo;
443 1171 567 1226 Deo
585 1173 874 1243 promitto
923 1175 980 1233 et
1033 1178 1238 1236 sancto
1295 1180 1472 1239 Petro
1499 1183 1558 1240 et
1580 1185 1783 1244 sancto

119 1256 318 1314 Paulo
333 1257 394 1314 et
413 1259 685 1318 omnibus
705 1264 951 1334 sanctis,
974 1267 1176 1324 omnia
1188 1269 1680 1344 quidquidrogas
1676 1275 1784 1346 fa-

114 1345 294 1401 ciam.
331 1346 578 1418 Adjuta
630 1363 740 1418 me,
797 1351 1063 1423 Domine,
1099 1367 1203 1426 ego
1256 1357 1466 1416 ardea!
1498 1360 1578 1416 Ad
1614 1345 1782 1432 quem

116 1434 362 1505 angelus
393 1456 406 1491 :
467 1437 636 1510 Tace,
664 1439 772 1498 hoc
817 1442 906 1498 est
932 1444 1206 1502 voluntas
1235 1447 1382 1519 Dei;
1405 1449 1514 1506 sed
1537 1465 1783 1522 sequere

118 1538 224 1580 me.
263 1525 337 1579 Et
355 1525 458 1580 illa
476 1527 742 1598 :S’equor
756 1529 826 1598 te,
846 1529 1097 1602 domine,
1115 1533 1366 1592 ettecum
1380 1539 1640 1608 paratus
1650 1553 1784 1597 sum

106 1611 173 1668 in
197 1614 458 1670 mortem
481 1628 674 1686 usque
692 1618 802 1678 ire.
833 1619 960 1676 Sed
980 1621 1150 1690 quid,
1187 1623 1282 1680 die
1307 1625 1480 1696 milii,
1526 1627 1776 1700 domine,

99 1701 208 1756 ille
218 1701 444 1773 frater
461 1705 858 1777 meusfaciel,
883 1707 954 1764 de
973 1723 1089 1780 quo
1111 1710 1277 1769 dixit
1292 1713 1446 1772 milii
1477 1715 1770 1790 diabolus,

123 1791 284 1860 quod
301 1791 862 1863 decepissetillum?
885 1796 1442 1890 Osancteillicliael,
1469 1803 1782 1878 indulgen-
1813 1827 1862 1890 Β
1894 1813 1992 1866 tur
2045 1813 2278 1887 ail‘ectu,

123 1879 290 1948 tiam,
316 1881 824 1953 misericordiam,
841 1884 1092 1955 domine,
1111 1887 1527 1962 deeo,[dimitte
1542 1907 1779 1966 meper.

106 1980 249 2038 gere
268 1967 358 2025 ad
365 1969 1203 2042 fratresmeos,-emendabunt
1227 1981 1316 2034 se!
1339 1979 1454 2038 Dic
1477 1983 1652 2054 milii,
1685 1983 1781 2042 do-

105 2055 285 2112 mine.
324 2057 587 2116 Possum
639 2061 722 2117 ad
748 2060 926 2118 illum
957 2061 1172 2137 loqui:
1232 2065 1371 2124 bene
1398 2071 1616 2128 omnia.
1651 2071 1779 2129 Mox

114 2149 362 2216 recepto
397 2145 455 2202 in
489 2161 739 2220 corpore
801 2150 1014 2222 spiritu
1048 2153 1289 2226 resedit,
1345 2162 1672 2229 vocatoque
1705 2174 1777 2216 ex

103 2233 337 2290 nomine
392 2233 496 2292 illo
529 2237 624 2307 qui
677 2253 937 2309 przesens
969 2240 1045 2296 ibi
1077 2241 1280 2298 aderat
1336 2244 1538 2316 fratre,
1570 2247 1720 2304 dixit
1759 2273 1772 2308 :

112 2320 426 2394 Care/tat,
454 2337 528 2380 ne
557 2325 826 2397 decipiat
865 2327 920 2384 te
940 2329 1217 2388 diabolus
1259 2334 1412 2404 quia
1421 2347 1536 2406 per
1581 2335 1779 2408 ipsum

105 2409 1772 2485 fuiltibiproxima..................

107 2509 180 2566 ab
202 2511 429 2582 angelo
446 2513 706 2583 spiritus
722 2517 1064 2574 remanente
1087 2520 1344 2578 emortuo
1363 2536 1602 2594 corpore
1619 2509 1781 2583 sicut

105 2599 316 2672 prius;
341 2601 406 2656 et
424 2601 628 2658 dixit:
660 2603 705 2659 0
725 2604 930 2660 sancte
948 2603 1230 2679 Michael,
1242 2608 1357 2680 fui
1378 2609 1460 2667 ad
1478 2611 1655 2670 illum
1695 2655 1708 2668 .
1755 2656 1766 2670 .

102 2736 115 2748 .
159 2736 172 2748 .
216 2737 230 2751 .
261 2695 740 2769 fratresomnes
759 2700 904 2758 nidi.
926 2701 1009 2758 Ad
1029 2717 1195 2774 quem
1221 2704 1774 2782 angelus-Sequere

100 2807 207 2849 me.
234 2795 307 2849 Et
341 2793 445 2850 illa
469 2815 491 2852 :
527 2797 766 2868 Sequor
785 2798 858 2870 te,
891 2799 1141 2858 domine.
1175 2803 1274 2859 llis
1299 2803 1472 2862 dictis
1501 2809 1772 2869 tenebra-

110 2897 228 2938 rum
256 2887 319 2940 to
365 2925 379 2939 .
427 2923 442 2938 .
489 2925 504 2940 .
549 2925 562 2940 .
609 2926 622 2940 .
669 2926 683 2940 .
729 2927 742 2942 .
791 2927 804 2942 .
851 2929 865 2943 .
910 2929 922 2941 .
967 2888 1176 2946 abinde
1201 2893 1590 2962 procedentes
1623 2895 1769 2954 duce

109 2979 335 3050 angelo,
398 2995 612 3038 rursus
659 2982 716 3037 in
749 2981 919 3040 aliam
969 2984 1344 3044 introductus
1389 2993 1478 3046 est
1511 2991 1743 3051 domum

105 3081 228 3136 quae
260 3069 404 3140 quia
438 3068 593 3126 lucis
623 3085 691 3127 ac
721 3073 1055 3130 serenissim
1097 3116 1110 3130 .
1167 3118 1178 3132 .
1231 3075 1290 3149 pl
1341 3119 1356 3134 .
1411 3121 1424 3136 .
1479 3121 1491 3134 .
1548 3122 1560 3136 .
1616 3123 1629 3138 .
1681 3125 1694 3139 .
1749 3067 1764 3149 ἶ

99 3163 344 3221 nimium
411 3167 731 3238 renitebat,
765 3169 897 3238 ejus
942 3145 1335 3241 pulcritudine
1367 3175 1614 3234 miratus
1663 3145 1767 3236 nec
1799 3179 1848 3240 C

104 3253 246 3310 satis
263 3253 504 3327 expleri
521 3269 629 3312 nec
653 3272 758 3327 pro
775 3261 912 3316 voto
926 3259 1115 3328 potuit
1139 3261 1372 3332 saciari,
1399 3264 1499 3319 sed
1524 3265 1600 3322 du
1635 3308 1648 3322 .
1695 3309 1707 3323 .
1749 3321 1762 3336 ,

119 3365 221 3420 pon
256 3393 270 3406 .
315 3393 330 3407 .
369 3352 664 3422 stupende
684 3368 751 3410 ac
769 3355 1072 3412 tremendo
1095 3357 1458 3430 prospiciens
1481 3361 1770 3421 intellexit

109 3439 272 3508 cujus
303 3445 476 3495 esset
499 3439 773 3512 cilicium,
799 3446 858 3498 et
887 3443 960 3500 ad
992 3443 1130 3514 quid
1163 3444 1329 3503 locus
1359 3447 1459 3504 ille
1491 3449 1640 3508 lueis
1672 3469 1770 3524 po-
1841 3493 1851 3498 -

106 3526 318 3584 tuisset
375 3527 604 3584 haberi.
668 3529 912 3586 Videbat
965 3547 1211 3604 namque
1241 3535 1297 3590 in
1349 3551 1416 3592 ea
1480 3539 1768 3609 parietum

107 3615 426 3685 superﬁcie
461 3617 802 3688 conscripta
850 3619 1034 3677 totius
1062 3619 1293 3678 humani
1349 3625 1586 3694 generis
1620 3628 1767 3686 bona

104 3715 296 3774 Opera,
336 3703 444 3760 sed
473 3709 532 3760 et
587 3705 978 3779 quodcunque
1024 3709 1230 3768 usibus
1259 3711 1527 3772 humanis
1555 3715 1612 3772 in
1645 3719 1770 3788 qui-

110 3790 366 3849 buslibet
431 3798 523 3850 est
570 3796 862 3853 creaturis
897 3798 1060 3869 utile,
1119 3801 1274 3871 quod
1321 3801 1766 3863 elemosinarum

105 3894 338 3938 munera
374 3883 740 3954 pauperibus
764 3886 980 3943 Christi
1018 3893 1217 3959 potest
1239 3892 1490 3962 expendi
1523 3909 1628 3965 pro
1649 3896 1768 3952 ani-

104 3981 321 4026 marum
354 3969 570 4042 salute,
618 3973 892 4044 quodque
918 3976 1082 4046 quasi
1123 3978 1496 4036 substantiali
1527 3981 1766 4041 edicens

107 4058 342 4113 materia
379 4059 516 4114 mihi
571 4059 882 4118 videbatur
910 4077 1278 4137 expressum,
1320 4081 1508 4138 equos
1539 4070 1765 4128 scilicet

105 4147 160 4197 et
175 4145 473 4217 jumenta.
510 4147 710 4204 asinos
761 4164 1016 4221 ovesque
1045 4159 1103 4207 et
1137 4153 1370 4212 diversa
1400 4155 1765 4216 diversorum

107 4233 463 4307 animalium,
499 4251 706 4294 aurum
741 4253 994 4310 quoque,
1050 4248 1380 4314 argentum,
1431 4251 1630 4303 vestes
1661 4262 1768 4318 per

109 4319 393 4394 pluraque
427 4325 694 4396 preciosa
721 4325 849 4396 ejus
880 4329 1116 4397 generis
1143 4345 1404 4404 munera,
1435 4336 1768 4406 peregrino-

107 4423 226 4465 rum
252 4411 536 4484 hospitia,
555 4427 879 4484 pauperum
900 4415 1284 4490 lectisternia,
1301 4426 1616 4494 ceteraque
1637 4439 1767 4495 gra-

108 4498 182 4554 tis
207 4499 477 4572 impensa
503 4515 612 4572 pro
635 4501 852 4559 Christi
884 4503 1116 4562 nomine
1139 4506 1442 4580 beneﬁcia,
1467 4512 1764 4570 straminis
1797 4531 1845 4592 ι)

104 4598 165 4640 ac
189 4587 306 4643 feni
341 4589 696 4660 manipulos,
721 4593 994 4648 vetustos
1024 4592 1199 4650 etiam
1222 4595 1433 4668 socios,
1461 4603 1520 4654 et
1547 4599 1764 4657 virides

107 4672 327 4733 olerum
355 4675 614 4748 plantas,
661 4678 916 4751 desuper
937 4681 1100 4751 quasi
1155 4681 1251 4740 ﬁlo
1284 4699 1622 4759 suspensas,
1658 4704 1762 4746 nec

109 4775 215 4820 non
239 4769 440 4836 potum
466 4779 636 4836 aqua:
659 4766 890 4836 frigidm
903 4768 976 4826 de
998 4783 1113 4840 quo
1135 4771 1415 4830 Dominus
1435 4775 1562 4847 ipse
1585 4781 1764 4852 testa_

106 4853 199 4906 tur
228 4852 439 4910 ﬁdeles
484 4869 628 4911 suos
655 4855 711 4910 in
736 4861 954 4914 aeterna
977 4859 1097 4914 vita
1129 4864 1456 4919 mercedem
1488 4879 1601 4921 non
1634 4881 1764 4937 per-

101 4937 254 4996 dere.
289 4941 564 4998 Ceterum
587 4943 721 5012 quia
747 4943 981 5014 longum
1013 4951 1103 5003 est
1139 4948 1375 5006 edicere
1405 4953 1619 5021 omnia,
1656 4955 1760 5012 hec

101 5033 157 5081 et
181 5029 349 5100 plura
374 5029 489 5086 alia
517 5031 750 5088 Christo
774 5033 832 5088 in
850 5035 1127 5092 membris
1151 5037 1276 5094 suis
1295 5037 1509 5098 collata
1531 5049 1762 5100 sancta-

104 5129 224 5172 rum
249 5117 706 5177 elemosinarum
733 5119 877 5177 vidit
900 5121 1160 5194 donaria,
1187 5141 1432 5198 quarum
1460 5145 1565 5202 pro
1589 5136 1759 5190 aeter-

101 5216 185 5259 na:
215 5206 352 5264 vita:
410 5209 808 5264 retributione
841 5210 894 5266 in
937 5220 1259 5285 conspectu
1289 5217 1392 5273 Dei
1425 5219 1609 5276 solum
1637 5236 1758 5278 ser-
1823 5257 1828 5262 ο

105 5305 269 5359 vatur
319 5304 376 5367 in
427 5305 728 5376 memoria,
762 5310 825 5362 ut
882 5307 1066 5391 majgr
1095 5311 1323 5368 scilicet
1379 5315 1481 5371 Dei
1541 5317 1756 5390 populo

105 5397 298 5456 futuro
353 5406 414 5456 et
467 5403 750 5474 praesenti
809 5403 1050 5462 daretur
1100 5407 1335 5482 fiducia,
1395 5413 1614 5472 nullius
1660 5418 1751 5474 sui

103 5493 232 5552 licet
258 5498 473 5555 minimi
524 5501 705 5556 Deum
730 5499 1121 5562 immemorem
1151 5521 1284 5564 esse
1313 5509 1580 5567 beneficii
1611 5513 1658 5569 si
1694 5515 1746 5571 in

104 5589 318 5651 honore
337 5594 527 5652 laudis
547 5595 678 5667 ejus
699 5599 755 5652 et
777 5595 960 5667 gloria
991 5601 1282 5672 quidlibet
1313 5605 1598 5676 eptulerit
1627 5609 1742 5666 vir-

337 5691 606 5756 Ριτιιοι..
639 5691 848 5757 CLIV.

1895 575 2006 628 etas
2076 577 2368 634 memoriae
2435 580 2738 658 miraculo,
2810 586 3036 658 placida
3096 600 3540 664 prmmonitione

1895 663 2244 722 ammonitus
2272 667 2344 722 ab
2375 669 2602 743 angelo,
2655 672 2768 730 alio
2815 663 3183 738 secesserunt
3212 686 3447 754 inloco;
3473 705 3537 747 ac

1893 754 2026 848 post
2058 752 2354 822 paululum
2389 761 2684 848 progressi
2719 782 2732 818 :
2778 765 2938 839 Vide,
2972 770 3182 842 infuit
3205 752 3476 848 angelus,
3509 796 3540 836 o

1893 839 2122 910 anima,
2157 855 2224 898 ea
2246 858 2378 914 qua
2402 847 2790 910 miseratione
2808 856 2922 911 Dei
2944 839 3062 914 tibi
3080 839 3546 938 largiuntur,’ut

1891 926 2098 984 videas
2119 929 2350 1002 inferni
2365 934 2672 1010 tormenta,
2694 955 2808 1012 que
2821 926 3541 1026 licetsint/iumanogene-

1890 1015 2365 1091 riincredibilia,
2389 1026 2593 1083 sciant
2611 1028 2810 1088 tamen
2833 1033 2924 1090 ita
2952 1035 3074 1095 sibi
3101 1052 3226 1097 esse
3252 1015 3542 1112 praedicta

1879 1117 2000 1204 per
2011 1109 2312 1204 erangelj
2328 1125 2398 1168 sa
2408 1113 2556 1204 [ora]
2573 1119 2791 1175 menta.
2816 1121 2884 1174 Et
2911 1121 3027 1178 ille:
3064 1109 3268 1200 Video,
3289 1131 3538 1204 domine,

1891 1191 2042 1262 quia
2061 1196 2253 1253 multa
2272 1199 2419 1256 sunt
2431 1205 2672 1272 peccata
2687 1207 2746 1262 et
2761 1210 2946 1267 mala.
2961 1212 3088 1270 Sed
3095 1191 3332 1274 remitte
3344 1219 3407 1276 in
3429 1191 3543 1279 ali:

1891 1282 2271 1356 quantulum,
2287 1288 2436 1357 quia
2456 1291 2651 1350 multa
2671 1308 2803 1352 sum
2813 1313 3056 1368 passus.
3077 1304 3369 1365 Diabolus
3389 1312 3542 1368 enim

1891 1372 2804 1451 nonminimummeﬂagellaeit.
2825 1387 2890 1442 Et
2906 1403 2935 1445 a
2947 1390 3150 1460 ugelus
3168 1413 3180 1448 :
3197 1397 3433 1470 Anima,
3449 1402 3544 1458 cis

1891 1457 2310 1554 sedere?Sede.
2341 1467 2412 1520 At
2445 1465 2543 1524 ille
2567 1472 2729 1528 tanta
2755 1457 3262 1548 tamque'inaudita
3291 1457 3542 1557 praesen-

1892 1544 2038 1601 tium
2053 1551 2476 1610 tormentorum
2495 1544 3541 1647 magnitudine—perterritus,.propter

1893 1632 2104 1690 nimios
2134 1637 2418 1707 ejusmodi
2463 1644 2750 1705 mirabilis
2781 1655 2839 1706 et
2864 1632 3316 1718 innumerabilis
3338 1632 3536 1736 populi

1895 1721 2130 1782 dolores
2147 1729 2202 1780 et
2228 1725 2425 1786 luctus
2441 1733 2688 1802 quodam
2713 1743 3130 1812 compassionis
3147 1721 3538 1818 prtemoveba-

2329 1831 2791 1883 commemorans
2835 1828 2986 1887 intra
3035 1849 3099 1890 se
3147 1835 3534 1911 illiusjudicii

1892 1897 2066 1971 diem,
2120 1910 2334 1974 quanta
2387 1907 2436 1964 is
2470 1912 2608 1967 tunc
2651 1913 2850 1983 judice
2893 1921 3163 1979 veniente
3215 1897 3534 1988 cuniulabit

1889 1988 2198 2062 supplicia,
2232 2008 2379 2064 quos
2409 1999 2570 2054 tanta
2601 2001 2673 2056 ab
2703 2001 2832 2074 ipso
2867 2006 3044 2066 ferme
3067 2014 3262 2070 mundi
3293 2019 3534 2076 exordio

1889 2077 2078 2134 adhuc
2103 2079 2257 2136 videt
2284 2085 2586 2154 possidere
2609 2092 2922 2165 tormenta,
2948 2101 3007 2151 et
3025 2097 3313 2158 clamabat
3339 2125 3350 2158 :
3380 2107 3538 2172 Quid

1887 2179 1919 2221 o
1945 2167 2170 2239 miseri,
2203 2171 2408 2228 miseri
2455 2187 2586 2232 cum
2626 2186 3036 2250 supervenerit
3065 2187 3332 2250 districti
3354 2167 3419 2250 et
3438 2209 3536 2251 no-

1885 2255 2120 2314 vissimi
2139 2259 2375 2329 judicii
2421 2263 2534 2320 Dei
2559 2266 3056 2340 inrecuperabilis
3094 2277 3243 2337 liora
3273 2282 3333 2337 et
3355 2285 3534 2356 impe-

1885 2343 2084 2402 nitens
2115 2346 2242 2403 dies
2263 2348 2573 2410 illa?Dies
2612 2357 2738 2426 ira,
2772 2359 2899 2417 dies
2920 2363 3033 2420 illa
3077 2343 3454 2430 calamitatis
3479 2377 3540 2430 et

1881 2432 2162 2505 miseria,
2194 2435 2322 2493 dies
2340 2453 2561 2512 magna
2583 2443 2644 2499 et
2656 2459 2870 2504 amara
2897 2452 3104 2510 calde!

1962 2521 2428 2591 «LEratnimirum
2458 2531 2606 2586 tanti
2622 2547 2726 2603 per
2766 2534 3107 2598 immensum
3139 2547 3322 2617 spaeii
3365 2547 3530 2609 locus

1883 2605 2324 2684 ipse'penarum,
2362 2618 2642 2689 tantaque
2673 2624 2936 2682 confusis
2959 2631 3015 2684 et
3057 2605 3532 2697 immemorabilis

1885 2695 2210 2768 frequentia
2247 2701 2566 2772 lugentium
2585 2709 2950 2786 populorum,
2983 2726 3262 2788 quantum
3295 2739 3406 2782 non
3436 2695 3528 2786 est

1883 2798 2072 2856 neque
2115 2788 2374 2846 continet
2423 2794 2687 2864 cujusvis
2713 2798 2936 2871 imperii
2987 2820 3258 2877 regnum;
3293 2814 3393 2870 sed
3419 2831 3526 2873 nec

1883 2876 2070 2930 totum
2115 2874 2206 2932 his
2239 2881 2465 2949 putavit
2497 2885 2750 2941 conferri
2783 2903 2912 2944 cum
2945 2874 3178 2954 homine
3226 2874 3520 2978 mundum,

1879 2961 1987 3016 Ubi
2046 2962 2314 3034 plurimis
2361 2967 2660 3048 distinctis
2705 2976 3129 3039 tormentorum
3183 2961 3520 3066 generibus:

1880 3049 2186 3109 adstantes
2217 3053 2326 3110 sibi
2374 3071 2447 3113 ex
2477 3058 2706 3130 legione
2748 3078 2850 3122 sua
2903 3067 3118 3140 singuli
3153 3049 3404 3134 ministri
3437 3049 3521 3140 sic

1879 3137 1998 3195 suis
2029 3141 2532 3214 principiabantur
2563 3149 2886 3226 ordinibus,
2913 3161 2976 3213 ut
3007 3137 3144 3231 pars
3171 3167 3413 3235 quedam
3441 3137 3522 3228 te;

1877 3228 2077 3284 nebris
2101 3245 2231 3287 cum
2272 3233 2460 3290 fetore
2485 3250 2591 3294 suo
2618 3244 2959 3302 tenerentur
2973 3228 3522 3325 hbrrentibus,alte-

1878 3329 1938 3370 ra
1976 3316 2155 3386 piceis
2187 3320 2432 3378 ﬂammis
2462 3325 2728 3384 obnoxiis
2765 3333 3134 3394 condebatur
3173 3316 3522 3417 hominibus,

1878 3403 1989 3460 alia
2042 3421 2181 3464 vero
2207 3411 2368 3481 puris
2392 3412 2646 3488 ignibus,
2672 3423 2728 3474 et
2753 3419 2866 3476 alia
2901 3423 3115 3495 frigore
3139 3433 3195 3484 et
3221 3433 3385 3501 quasi
3412 3403 3529 3491 hic:

1877 3491 2130 3550 malibus
2152 3497 2380 3566 pruinis
2398 3502 2732 3562 cruciandis
2751 3491 3524 3587 augebaturpeccatoribus.

1878 3578 1968 3679 Sic
1994 3597 2098 3682 pro
2122 3584 2348 3644 meritis
2369 3590 2582 3661 cuique
2615 3609 2759 3666 pena
2783 3611 2812 3652 a
2837 3578 2962 3656 suis
3001 3578 3323 3673 parabatur
3355 3578 3530 3683 appa;

1877 3668 2396 3747 ritoribus,etjejus
2441 3694 2648 3738 rursus
2671 3683 2780 3741 alia
2807 3701 2942 3758 pars
2989 3668 3152 3760 quasi
3178 3668 3525 3764 quibusdam

1875 3761 2166 3816 extructis
2191 3765 2588 3826 mansionibus
2613 3772 3032 3843 refrigerandis
3058 3761 3250 3838 inutili
3268 3785 3530 3844 minaba-

1873 3847 1973 3901 tur
2004 3849 2326 3908 animabus.
2355 3855 2560 3911 Preter
2589 3858 2694 3914 hec
2727 3861 3117 3922 indelicientia
3155 3873 3433 3930 vermium
3467 3882 3525 3932 et

1878 3933 2233 3994 ﬂammarum
2259 3945 2596 4014 eternzeque
2622 3947 2827 4003 mortis
2849 3949 3116 4010 incendia
3152 3957 3302 4026 ignis
3334 3975 3365 4016 e
3395 3977 3530 4018 con-

1879 4020 2039 4092 tigue
2075 4025 2359 4084 maximus
2379 4044 2489 4085 non
2524 4029 2696 4102 lignis
2729 4038 3133 4098 materialibus
3166 4020 3267 4100 sed
3299 4049 3527 4108 crebris

1877 4110 2066 4169 adhuc
2098 4113 2414 4174 viventium
2447 4117 2638 4193 culpis
2670 4123 3093 4186 conficiebatur
3124 4135 3180 4189 et
3215 4135 3527 4198 cotidianis

1875 4199 2311 4260 offensionibus.
2348 4205 2472 4273 Quo
2495 4209 2621 4266 viso
2652 4225 2762 4268 non
2786 4215 2932 4272 satis
2956 4218 3045 4273 sui
3071 4219 3211 4280 fisus
3241 4225 3526 4300 periculo,

1875 4288 2099 4344 audivit
2121 4290 2418 4385 abangelo
2447 4314 2459 4350 :
2497 4297 2640 4356 Veni
2661 4301 2719 4358 et
2742 4302 2894 4361 cide.
2922 4305 2991 4361 Et
3015 4306 3114 4364 ille
3137 4331 3159 4368 :
3204 4288 3396 4385 Video,
3432 4288 3529 4374 do:

1871 4378 2052 4449 mine,
2093 4381 2243 4451 quia
2281 4384 2510 4442 malum
2537 4389 2652 4453 est;
2699 4394 2899 4451 omnia
2943 4397 3113 4455 video
3141 4401 3200 4457 et
3233 4378 3400 4462 mala
3430 4406 3532 4463 llic

1875 4469 2094 4564 omnia:
2115 4470 2360 4564 Sedkdic
2377 4475 2552 4542 milii,
2576 4478 2828 4554 domine,
2851 4485 3006 4555 quid
3014 4488 3106 4543 est
3121 4489 3229 4547 hoc
3249 4493 3360 4548 aut
3375 4496 3530 4564 quid

1872 4557 2200 4630 signiﬁcat.
2235 4561 2338 4618 Cui
2383 4577 2512 4620 cum
2573 4567 2835 4642 dixisset,
2872 4573 3022 4644 quod
3055 4557 3402 4635 Frandrensi
3433 4598 3527 4639 co-

1875 4645 2002 4701 miti
2021 4645 2304 4706 Balduino
2327 4658 2640 4723 pararetur
2661 4661 2718 4712 et
2743 4665 2920 4730 esset,
2948 4661 3076 4731 ejus
3099 4665 3296 4721 subito
3347 4667 3526 4724 admi-

1877 4747 2014 4790 rans
2039 4749 2151 4792 non
2200 4737 2475 4810 imparem
2510 4743 2654 4812 regii
2685 4745 2880 4804 cultus
2905 4763 3234 4824 personam,
3269 4753 3524 4812 denomi-

1875 4824 2065 4879 natam
2091 4824 2264 4882 etiam
2288 4841 2418 4884 cum
2441 4829 2665 4888 divitiis
2687 4834 3004 4892 ethumaua
3025 4837 3302 4897 felicitate
3321 4849 3526 4913 poten~

1872 4911 2034 4980 tiam,
2071 4913 2118 4968 si
2153 4919 2355 4973 tantus
2410 4917 2500 4972 vir
2557 4924 2690 4994 post
2747 4924 3124 4984 transitorios
3179 4911 3430 4989 honores
3463 4940 3520 4992 et

1869 4999 2114 5068 gloriam
2177 5003 2465 5062 infelicem
2516 5005 3146 5079 ejusmodisortiretur
3202 5034 3430 5093 penam,
3462 5030 3520 5082 et

1869 5087 2161 5145 exitialem
2195 5091 2409 5148 debita:
2461 5096 2666 5153 mortis
2699 5099 3012 5176 miseriam,
3067 5106 3174 5164 hac
3202 5087 3519 5170 verborum

1867 5190 2010 5232 voce
2039 5179 2326 5237 clamabat
2353 5200 2365 5236 :
2403 5184 2448 5240 0
2467 5185 2718 5256 domine,
2743 5190 2892 5260 quia
2911 5195 3076 5252 mala
3111 5195 3292 5256 habet
3298 5201 3522 5272 facta?

1865 5265 1934 5362 lit
1967 5266 2252 5362 angelus:-
2315 5269 2470 5362 Quia
2496 5274 2724 5332 malum
2763 5277 2946 5351 fecit,
2991 5287 3220 5343 malum
3245 5265 3514 5362 recipiet.

1865 5353 2005 5408 Item
2035 5353 2173 5412 ille:
2206 5357 2470 5422 Dom-ine.
2495 5362 2551 5418 si
2573 5363 2834 5424 dimittis
2853 5383 2960 5438 me,
2990 5387 3090 5443 ego
3114 5353 3520 5445 pronunciabo

1863 5441 1964 5497 illi
1997 5444 2066 5498 ut
2089 5447 2467 5536 convertatur
2489 5451 2548 5505 et
2572 5452 2755 5512 sinat.
2781 5441 3317 5536 Sancteﬁlldicliael,
3347 5469 3520 5526 mise-

1863 5529 2190 5624 ricordiam
2209 5533 2281 5624 de
2292 5534 2399 5624 illo
2407 5553 2434 5604 ,-
2444 5537 2737 5600 Dominus
2755 5558 2874 5604 non
2891 5547 3148 5621 despicit
3151 5529 3513 5624 peccatores.

1845 5615 1990 5674 Scio
2019 5617 2080 5676 et
2097 5619 2267 5679 credo
2285 5621 2438 5696 quia
2463 5625 2594 5698 ipse
2620 5626 2825 5688 didit:
2854 5615 3011 5695 Νοιᾶ
3034 5615 3283 5698 Mum
3295 5655 3516 5715 pecca-

3153 5735 3194 5796 8
