3894 6348
441 393 560 460 235

1421 388 1790 458 HUGONIS
1830 384 2183 457 ABBATIS
2225 389 2904 457 FLAVINIACENSIS

3725 401 3827 464 236

444 533 592 592 toris
616 530 722 591 sed
739 527 812 589 ut
833 547 910 588 m.
946 543 995 587 o.
1029 531 1090 588 et
1114 525 1300 588 vivat.
1326 532 1410 588 Ac
1426 543 1542 602 per
1563 528 1689 600 hoc,
1711 527 1966 599 domine,
2002 526 2089 586 di-
2117 528 2174 590 A
2203 527 2364 594 tudo,
2384 530 2656 599 quantam
2678 525 2807 600 quis
2829 534 3064 601 putaret
3085 532 3213 587 toto
3238 545 3348 588 non
3367 545 3536 604 posse
3557 537 3823 593 contineri

440 623 610 680 mitte
634 637 759 691 me;
786 623 1026 678 veniam
1057 621 1139 678 ad
1193 621 1389 690 illum,
1421 621 1477 677 et
1522 621 1716 676 dicam
1747 621 1819 676 ut
1850 633 1912 676 se
1935 632 2089 676 reco-

434 710 1154 783 gnoscatetpenitentiam
1167 710 1331 780 agat.
1359 709 1460 764 Cui
1484 709 1726 778 angelus
1742 727 1754 740 ·
1773 709 1952 766 Nihil
1949 723 2088 780 pro-

441 800 776 871 derit,quia
787 813 902 855 non
914 797 1122 855 credit.
1144 797 1350 853 Atille:
1361 798 1587 862 Etiam,
1605 797 1854 853 dom-ine:
1871 811 2088 854 aurum

439 889 500 944 et
511 887 822 960 argentum
839 886 1019 944 habet
1045 886 1332 954 multum;
1349 885 1674 958 possibilia
1687 885 1868 942 etiam
1894 886 2086 942 multa

437 981 504 1036 in
519 978 715 1045 terra;
727 976 866 1034 bene
865 977 1401 1049 possetemendare.
1431 977 1496 1030 Et
1513 975 1779 1044 angelus:
1792 976 1936 1032 Dico
1952 975 2081 1044 tibi,

435 1082 548 1126 sua
578 1081 696 1124 non
722 1066 881 1136 sunt,
897 1065 1004 1123 sed
1024 1065 1268 1122 diaboli.
1285 1065 1426 1134 Sed,
1452 1066 1677 1134 anima,
1694 1078 1938 1136 sequere
1963 1079 2086 1131 me;

436 1157 572 1214 veni
595 1157 654 1212 et
678 1155 832 1212 ride.
868 1155 1002 1210 Erat
1035 1154 1318 1224 siquidem
1344 1153 1750 1222 adjacentibus
1784 1153 1942 1209 mira:
1973 1168 2084 1208 ma-

438 1245 764 1314 gnitudinis
808 1243 1026 1315 spaciis
1073 1243 1346 1299 diffusum
1381 1257 1482 1313 per
1529 1243 1864 1298 immensum
1915 1244 2079 1313 quasi

440 1333 833 1402 frigidissimae
852 1347 921 1404 aq
933 1348 1016 1388 uae
1037 1337 1326 1400 stagnum,
1345 1331 1513 1402 cujus
1531 1331 2083 1400 congelascentibus

440 1422 610 1479 undis
637 1436 738 1493 per
759 1425 1114 1489 exurgentes
1127 1435 1256 1476 cum
1283 1421 1466 1474 fetore
1493 1421 1731 1489 pruinas
1747 1419 2081 1475 mortiferos

436 1509 596 1566 celos
621 1524 808 1580 usque
830 1509 1422 1565 vidclmtureructare
1445 1523 1710 1579 vapores.
1733 1509 2078 1564 Continebat

436 1615 682 1670 namque
732 1614 835 1672 per
867 1599 1200 1654 innumeros
1233 1598 1469 1654 ordines
1505 1596 1614 1653 loci
1647 1597 1819 1667 hujus
1860 1598 2081 1670 suppli-

433 1689 584 1746 cium
621 1689 964 1745 muliebrem
991 1703 1211 1756 sexum,
1239 1687 1424 1742 solum
1457 1687 1678 1743 scilicet
1705 1688 2074 1744 meretricum

433 1783 806 1847 conventum,
834 1791 962 1847 quae
982 1791 1086 1848 per
1106 1775 1580 1831 incontinentiam
1607 1775 1856 1847 propriae
1881 1776 2076 1832 carnis

2202 619 2448 686 mundo;
2473 633 2716 689 quorum
2740 617 2991 673 omnium
3016 619 3274 690 penalem
3298 621 3622 679 condolens
3652 621 3821 692 ﬁnem,

2200 713 2254 763 et
2279 707 2566 778 quandam
2590 705 2962 778 aliquatenus
2982 707 3100 764 illis
3119 709 3171 764 in
3207 709 3694 781 adventujudicis
3715 729 3822 786 Spe-

2202 812 2336 852 rans
2367 796 2785 864 remissionem,
2841 795 3102 852 dicebat:
3133 799 3360 856 Sancte
3388 799 3665 871 Michael,
3695 805 3825 873 quid

2195 885 2427 951 facient
2433 885 2774 956 peccatores
2795 883 2892 940 vel
2908 886 3148 957 quando
3164 887 3360 943 veniet
3366 887 3402 958 j
3410 889 3682 946 udicium
3694 893 3792 948 Dei
3800 901 3822 950 γ

2199 973 2452 1043 Angelus
2471 993 2482 1028 :
2509 975 2746 1045 Anima,
2770 974 2932 1043 tace;
2950 976 3106 1045 veni,
3122 989 3365 1047 sequere
3379 990 3486 1047 me,
3504 978 3820 1052 etvideque

2194 1065 2679 1120 ostensurussum
2701 1062 2830 1120 tibi.
2859 1065 3154 1120 Exeuntes
3171 1079 3309 1120 vero
3327 1065 3378 1121 in
3392 1067 3536 1122 fcrni
3553 1069 3816 1126 stationes

2195 1158 2252 1208 et
2301 1169 2574 1224 penarum
2608 1151 2730 1208 loca
2756 1167 2828 1208 ex
2859 1152 3106 1208 adverso
3137 1152 3428 1224 deorsum,
3461 1157 3650 1212 totius
3680 1160 3814 1230 pacis

2195 1241 2342 1298 lucis
2368 1247 2424 1297 et
2458 1241 2673 1312 quietis
2707 1241 3145 1297 accommodum
3195 1243 3598 1312 praeminentis
3626 1247 3812 1304 montis

2195 1330 2550 1400 superabant
2583 1327 2861 1384 verticem
2922 1329 3133 1400 ipsum,
3187 1330 3284 1386 ubi
3333 1346 3436 1402 per
3465 1334 3810 1390 amenissima

2193 1420 2647 1489 circumquaque
2673 1418 2867 1489 spacia
2895 1434 2998 1489 pro
3033 1419 3203 1475 unius
3225 1420 3514 1491 cujusque
3540 1424 3739 1480 merito
3765 1426 3810 1479 in

2192 1514 2452 1563 cternam
2491 1508 2749 1577 requiem
2780 1523 3050 1563 mansura
3092 1507 3480 1565 ediﬂcabatur
3513 1512 3743 1568 mansio.
3774 1517 3808 1568 Α

2193 1612 2304 1666 quo
2327 1612 2456 1652 cum
2485 1596 2876 1667 placidissimo
2892 1597 3204 1652 verborum
3229 1595 3492 1668 alloquio
3506 1598 3811 1655 sciscitare-

2190 1689 2306 1754 tur,
2343 1684 2478 1755 quid
2504 1685 2612 1740 hoc
2645 1688 2823 1754 esset,
2864 1683 2955 1740 vel
2987 1685 3200 1754 quibus
3233 1683 3345 1740 illae
3369 1690 3552 1742 tanta)
3585 1688 3810 1758 magnifi-

2187 1774 2393 1829 centia:
2426 1777 2910 1829 construcrentur
2943 1773 3296 1843 mansiones,
3317 1775 3619 1846 respondit
3646 1796 3658 1830 :
3692 1778 3806 1833 Ani-

434 1865 845 1934 adulterando,
892 1865 1154 1920 humanze
1184 1869 1405 1919 naturm
1437 1863 1665 1920 modum
1697 1863 2070 1934 excedentes,
2104 1886 2158 1946 Β
2186 1876 2305 1930 ma,
2338 1877 2479 1918 nu/m
2511 1862 2612 1918 hic
2630 1862 2852 1917 dudum
2867 1861 3083 1934 fuisti,
3118 1863 3177 1918 et
3201 1877 3319 1919 non
3349 1864 3404 1919 te
3429 1867 3805 1935 recognoscis?

431 1955 530 2011 siti
557 1954 906 2010 mercatoris
928 1969 1037 2009 non
1070 1954 1500 2024 pertimuerunt
1521 1968 1898 2024 corrumpere
1920 1953 2076 2023 leges

426 2048 483 2099 et
505 2043 656 2112 jura.
675 2045 888 2100 Harum
905 2041 1210 2112 mamillas,
1235 2042 1526 2097 anteriora
1553 2056 1783 2111 quoque
1801 2045 1858 2096 ct
1887 2047 2078 2112 poste-

428 2133 584 2188 riora
611 2131 1018 2204 perhorrentia
1045 2130 1210 2185 multi
1235 2131 1466 2199 generis
1489 2135 1746 2186 monstra
1769 2134 1828 2184 ct
1845 2131 2079 2185 cohabi-

429 2221 678 2276 tantium
714 2221 962 2276 maxima
1011 2219 1326 2275 multitudo
1349 2219 1708 2290 serpentium
1732 2225 2080 2290 acceperant

432 2309 784 2366 devoranda.
816 2308 1042 2374 Quibus
1067 2309 1189 2363 visu
1219 2308 1538 2378 percursis,
1561 2307 2078 2378 praamissisangeli

433 2397 634 2454 verbis
649 2397 950 2468 respondit
967 2396 1168 2452 dicens
1184 2416 1195 2450 :
1211 2397 1444 2467 Sequor
1457 2397 1511 2452 te
1522 2397 2082 2466 dominum,etvideo

431 2487 583 2560 quia
602 2485 899 2542 tormenta
912 2486 1305 2555 suntmagna.
1329 2486 1454 2542 Sed
1471 2485 1567 2541 die
1585 2485 1758 2554 mihi,
1784 2500 1916 2558 qua
1942 2487 2086 2542 sunt

425 2573 542 2633 illa
575 2571 975 2630 insidentium
1031 2572 1300 2644 agmina,
1331 2573 1430 2628 vel
1445 2573 1602 2644 quod
1614 2573 1758 2644 fuit
1770 2574 2082 2644 peccatum

426 2677 626 2721 eorum
635 2670 662 2720 7
677 2663 790 2718 Hie
799 2661 946 2718 sunt
959 2652 1300 2718 meretrices
1315 2674 1468 2733 quas
1488 2661 1548 2716 vi
1553 2661 1672 2729 des,
1688 2675 1947 2732 quarum
1957 2677 2080 2719 ma-

423 2749 634 2808 millas
661 2748 910 2806 tortines
929 2746 999 2781 ⁸⁰⁵
1023 2748 1289 2805 lacerant
1305 2748 1622 2820 serpentes,
1645 2749 1794 2820 quia
1809 2763 2080 2820 peccave-

422 2837 570 2895 runt
598 2851 706 2909 per
717 2850 955 2895 carnem
971 2835 1032 2893 et
1066 2835 1372 2892 adulteria
1397 2836 2080 2909 adulteraveruntmag-

421 2940 522 2985 na.
551 2930 622 2982 At
645 2925 774 2982 ille:
801 2925 1068 2996 Vevobis,
1084 2940 1115 2981 o
1143 2925 1446 2994 mulieres,
1463 2924 1696 2995 utquid
1705 2928 1996 2983 nascendo
2014 2929 2079 2984 in

422 3015 579 3072 hanc
589 3016 779 3072 vitam
798 3015 1086 3072 venistis?
1101 3015 1370 3084 Domine,
1385 3013 1672 3070 sedebunt
1690 3013 1790 3071 hic
1799 3029 1987 3086 usque
1997 3015 2079 3071 ad

410 3104 1023 3178 judiciumrAngelus
1045 3123 1056 3157 :
1081 3104 1227 3159 Dico
1243 3101 1371 3160 tibi.
1391 3104 1725 3160 Remissius
1737 3104 1999 3161 eritillis
2012 3107 2076 3161 in

422 3191 770 3263 diejudicii.
799 3190 902 3246 Cui
919 3204 1128 3245 rursus
1151 3208 1170 3244 :
1208 3190 1362 3257 Veni,
1377 3203 1744 3261 sequereme,
1763 3189 1928 3246 ethis
1941 3205 2076 3260 quee

433 3278 542 3336 tibi
551 3293 718 3336 mons
727 3277 1064 3346 lrabuntur,
1081 3276 1439 3349 diligentius
1450 3277 1707 3334 intende.
1726 3279 1794 3332 Et
1819 3275 1916 3332 ille
1929 3296 1948 3332 .-
1961 3279 2072 3336 Do-

419 3370 726 3439 mine,quo
741 3369 837 3426 vis
848 3381 1060 3440 sequor
1082 3367 1152 3423 te.
1181 3369 1260 3421 Ac
1278 3368 1406 3437 post
1427 3365 1724 3437 paululum
1743 3369 2036 3437 progressi
2055 3387 2066 3419 :

419 3457 578 3516 Sede
589 3458 707 3527 hic,
739 3457 953 3529 inquit
971 3454 1242 3527 angelus,
1273 3456 1423 3526 quia
1443 3453 1642 3512 adhuc
1661 3455 1860 3512 etalia
1879 3456 2070 3512 multa

421 3546 672 3603 videbis.
699 3545 845 3601 Inibi
869 3560 1008 3601 vero
1039 3544 1372 3600 consistens
1398 3549 1619 3615 patrem
1652 3544 1936 3615 cujusdan
1962 3546 2070 3599 fra-

420 3635 529 3692 tris
561 3635 745 3692 nostri
788 3633 877 3705 ³⁰⁶,
897 3649 1064 3706 quem
1090 3633 1271 3706 prima
1287 3633 1434 3689 visio
1458 3633 2067 3703 manifestavit,adhuc

419 3724 644 3794 inignis
676 3727 970 3780 tormento
1004 3723 1257 3795 positum
1290 3721 1554 3778 vidit.De
1571 3737 1684 3792 quo
1705 3723 1774 3778 ad
1800 3721 2065 3791 angelum

418 3813 563 3869 dixit
583 3813 1032 3883 :Dia'i,domine,
1049 3813 1265 3869 amicis
1275 3810 1890 3882 suis,etpronunciavi
1911 3811 2071 3881 quod

416 3900 846 3959 insolubilibus
874 3901 1112 3974 inferni
1153 3901 1243 3958 sic
1269 3901 1594 3972 puniretur
1625 3899 2070 3971 suppliciis,sed

415 4003 534 4047 non
548 3988 1428 4048 credideruntverbismeis.Ubi
1445 3987 2069 4060 etiam,appositisjux—

413 4082 472 4134 ta
487 4077 836 4134 sententiam
871 4091 1033 4132 suam
1073 4075 1399 4147 suppliciis,
1425 4076 1790 4132 torrentibus
1823 4076 2066 4132 ﬂammis

417 4166 662 4237 quedam
697 4164 1110 4221 involvebatur
1159 4179 1408 4235 persona
1441 4165 1702 4234 cujusvis
1731 4164 1967 4221 honoris
2001 4171 2065 4221 ut

413 4254 726 4310 videbatur
751 4253 948 4323 digna,
964 4267 1092 4322 quas
1113 4251 1419 4308 demonum
1449 4253 1793 4324 quibusdam
1811 4259 2065 4326 potesta-

414 4350 578 4408 tibus
600 4349 1073 4419 tradita,majora
1109 4364 1340 4420 semper
1363 4351 1685 4419 cogebatur
1704 4352 1901 4408 subire
1933 4367 2064 4424 sup-

412 4445 607 4520 plicia.
635 4445 814 4516 Cujus
827 4461 958 4502 cum
983 4461 1216 4502 causam
1230 4461 1360 4502 cum
1381 4447 1586 4517 angelo
1604 4453 1828 4518 ageret,
1847 4453 1906 4504 et
1931 4450 2062 4520 quis

413 4549 740 4617 quantusve
765 4544 858 4600 hic
895 4559 1022 4600 esse
1051 4544 1246 4615 potuit
1278 4544 1620 4615 diligentius
1654 4546 2056 4619 investigaret,

411 4644 634 4701 audivit
664 4663 676 4698 :
709 4645 778 4701 Is
807 4643 879 4700 de
903 4657 1021 4714 quo
1049 4643 1258 4714 queris
1287 4643 1378 4700 est
1403 4644 1696 4702 Sciherus
1721 4646 1832 4717 (95)
1877 4645 2057 4716 dives,

407 4741 637 4799 cunctis
668 4740 888 4812 quibus
905 4739 1143 4813 efulsit
1159 4752 1404 4811 avarus,
1426 4741 1485 4798 et
1505 4741 1660 4798 totus
1679 4754 1814 4798 vere
1833 4743 2064 4801 diaboli

408 4840 574 4903 ﬁlius
586 4859 605 4895 :
620 4841 720 4896 cui
739 4839 875 4910 post
883 4839 990 4895 hec
1007 4837 1202 4895 multa
1214 4853 1348 4910 qua
1357 4838 1526 4896 video
1541 4839 1850 4910 tormenta,
1868 4841 2066 4899 multa

409 4937 606 4994 adhuc
615 4937 1004 5009 supersuntet
1015 4935 1543 5008 manentfortiora.
1563 4937 1630 4992 Et
1647 4936 1744 5017 ille
1763 4957 1782 4994 :
1794 4939 2060 5009 Domine,

411 5031 655 5089 habebit
677 5033 1083 5092 remissionem
1101 5042 1128 5091 ?
1187 5033 1442 5102 Angelus
1469 5053 1488 5089 :
1519 5035 1666 5092 Dico
1693 5035 1826 5106 tibi,
1861 5036 2068 5095 nullus

347 5195 356 5202 ,
407 5129 525 5187 scit
541 5129 666 5186 nisi
711 5129 984 5189 dominus
1043 5133 1204 5188 Deus
1237 5131 1537 5190 Christus.
1604 5133 1805 5188 Frater
1837 5149 2068 5206 quoque

411 5226 1080 5296 suusjuvenculnsinibi
1106 5229 1292 5286 adhuc
1328 5227 1726 5301 detinebatur,
1771 5231 1924 5301 ignis
1954 5237 2072 5288 tor-

409 5321 605 5372 mento
639 5315 992 5386 purgandus,
1032 5319 1148 5373 Nec
1200 5332 1312 5374 non
1348 5320 1508 5374 tanta
1541 5319 1837 5378 hominum
1867 5320 2059 5378 multi-

1781 5419 2016 5477 VARIE
2057 5419 2457 5477 LECTIONES.

2005 5561 2231 5619 ΝΟΤΕ.

477 5484 546 5519 ³⁰⁸
578 5483 852 5541 tortiles?
923 5482 992 5518 ³⁰⁶
1016 5487 1402 5562 superscript.
1440 5501 1491 5548 c.

480 5645 594 5720 (96)
626 5644 1272 5720 Fortasse_Seiherus?
1307 5647 1388 5703 Cf.
1455 5647 1624 5705 Gesta
1677 5664 1808 5720 epp.
1877 5651 2072 5705 Came-

408 5733 524 5776 rac.
561 5719 602 5790 l,
628 5721 826 5789 0.121,
864 5717 958 5773 SS.
997 5717 1110 5789 VII,
1147 5733 1201 5790 p.
1243 5719 1378 5774 454.

2103 3238 2152 3301 C

2185 1951 2518 2007 Scientiam
2530 1964 2644 2006 non
2657 1949 2862 2018 habes;
2877 1950 2967 2006 hie
2977 1951 3118 2006 sunt
3121 1949 3402 2022 fratrum
3420 1952 3656 2008 tuorum
3668 1967 3802 2009 man-

2185 2038 2398 2108 siones,
2414 2052 2569 2110 quas
2579 2039 2720 2094 olim
2733 2038 2778 2096 ti
2785 2037 2844 2092 bi
2863 2039 3051 2110 jurcta
3072 2041 3362 2112 cujusque
3374 2041 3653 2096 meritum
3662 2040 3800 2097 deno-

2185 2129 2432 2185 minavi.
2461 2130 2528 2184 Et
2552 2127 2681 2182 ille:
2693 2127 2959 2196 Domine,
2983 2129 3040 2185 si
3066 2142 3260 2186 omnes
3271 2128 3559 2186 habemus
3577 2130 3796 2186 mansio-

2186 2225 2326 2275 nes?
2353 2215 2642 2285 Angelus:
2674 2215 2926 2272 Habetis
2944 2215 3136 2287 juxta
3155 2231 3328 2288 opera
3347 2217 3568 2274 vestra.
3605 2217 3670 2272 Et
3693 2216 3795 2272 ille:

2189 2307 2458 2375 Domine,
2490 2304 2688 2362 adhuc
2717 2305 3013 2362 innotesce
3043 2305 3199 2362 mihi
3225 2305 3297 2361 de
3308 2305 3633 2377 fratribus
3656 2308 3790 2362 meis.

2192 2395 2474 2465 Angelus:
2509 2395 2654 2450 Dico
2687 2393 2831 2460 tibi;
2848 2393 3047 2449 omnia
3076 2395 3168 2451 vis
3186 2395 3360 2464 scire,
3381 2397 3490 2452 sed
3508 2410 3622 2453 non
3636 2395 3791 2467 potes.

2201 2484 2406 2540 Verum
2422 2496 2668 2554 sequere
2683 2496 2792 2538 me.
2833 2482 2990 2549 Veni,
3007 2481 3304 2538 ostendam
3328 2483 3444 2540 tibi
3465 2484 3619 2555 quod
3628 2484 3794 2540 oculus

2187 2587 2302 2628 non
2321 2571 2450 2628 vidi
2459 2572 2496 2633 ι,
2514 2571 2570 2627 et
2589 2572 2762 2627 auris
2772 2584 2886 2626 non
2899 2570 3142 2626 audivit
3157 2572 3217 2626 et
3229 2572 3294 2627 in
3313 2585 3417 2630 cor
3438 2571 3686 2628 hominis
3703 2585 3792 2627 non

2187 2659 2673 2728 ascenditUUor.
2701 2674 2759 2728 ιι,
2786 2659 2860 2728 9).
2889 2661 2968 2715 Ac
2992 2659 3232 2730 proinde
3257 2659 3560 2730 paululum
3579 2661 3791 2716 eminen-

2192 2749 2448 2805 tioribus
2471 2748 2687 2819 spaciis
2703 2749 3020 2819 superatis,
3049 2748 3200 2803 inter
3213 2748 3530 2805 eminentia
3551 2749 3786 2819 ejusmodi

2190 2838 2340 2894 lucis
2355 2841 2410 2892 et
2426 2835 2716 2892 claritatis
2731 2837 3129 2893 constiterunt
3152 2837 3379 2907 fastigia
3399 2855 3413 2903 ;
3434 2839 3530 2895 ubi
3545 2837 3784 2910 quoddam

2189 2927 2353 2996 quasi
2387 2940 2459 2981 ex
2495 2940 2638 2981 auro
2686 2925 3000 2996 purissimo
3032 2925 3280 2982 solidum
3327 2927 3381 2981 in
3437 2927 3660 2984 modum
3691 2940 3784 2997 par-

2186 3015 2440 3070 vissima;
2481 3027 2710 3069 camere
2771 3012 3154 3084 praefulgebat
3209 3013 3590 3088 domicilium,
3644 3013 3781 3070 radiis

2187 3105 2485 3174 perfusum
2543 3102 3080 3172 circumactumque
3145 3102 3600 3174 flammantibus,
3662 3098 3777 3172 quod

2185 3206 2614 3262 nonnumquam
2647 3189 2718 3246 ad
2748 3189 3064 3260 cujuslibet
3113 3191 3349 3248 omnino
3395 3235 3409 3248 .
3455 3236 3470 3248 .
3517 3235 3528 3249 .
3572 3236 3584 3248 .
3626 3235 3638 3247 .
3675 3232 3686 3245 .
3719 3229 3773 3244 ..

2185 3325 2196 3338 .
2243 3323 2255 3335 .
2303 3324 2316 3336 .
2361 3321 2373 3334 .
2419 3323 2432 3337 .
2479 3323 2491 3336 .
2539 3323 2552 3335 .
2597 3322 2609 3334 .
2657 3322 2669 3334 .
2717 3324 2727 3332 .
2778 3322 2790 3335 .
2833 3323 2845 3334 .
2893 3321 2904 3332 .
2951 3280 3161 3336 divinae
3194 3282 3480 3352 potentiae
3525 3279 3774 3354 speculum

2184 3367 3776 3428 mundo...................imitaba-

2182 3463 2279 3514 tur
2307 3457 2564 3526 globum.
2599 3458 2736 3515 Viso
2758 3458 2869 3514 hoc
2887 3458 3096 3516 divina:
3113 3459 3644 3517 transformationis
3669 3469 3776 3530 pra:-

2182 3546 2359 3615 stigio
2401 3587 2414 3600 .
2460 3588 2472 3601 .
2519 3589 2531 3602 .
2577 3589 2590 3601 .
2637 3589 2650 3602 .
2699 3589 2711 3598 .
2757 3589 2769 3602 .
2813 3546 3067 3604 instabat
3115 3547 3304 3618 angeli
3357 3549 3500 3620 quid
3531 3548 3630 3604 hoc
3655 3549 3775 3600 esset

2179 3649 2536 3703 cognoscere
2567 3649 2871 3706 responso.
2895 3635 2996 3691 Cui
3019 3635 3260 3704 angelus
3284 3655 3296 3690 :
3321 3637 3520 3707 Istud,
3544 3651 3574 3692 o
3592 3635 3770 3693 animo.

2179 3723 2338 3795 quod
2361 3723 2548 3793 vides,
2575 3724 2666 3780 est
2710 3725 3178 3782 secretissimum
3202 3726 3507 3796 quoddam
3523 3722 3772 3782 celestisn

2175 3812 2598 3882 mysteriorum
2625 3813 2931 3869 secretum.
2968 3813 3265 3882 Signatum
3295 3814 3479 3870 solvit
3517 3813 3768 3871 verborum

2178 3899 2274 3954 Dei
2300 3900 2686 3971 signaculum,
2723 3905 2781 3956 et
2814 3901 3093 3972 proprius
3127 3901 3441 3972 accedens,
3466 3899 3706 3960 ostiolum
3731 3896 3769 3949 in

2176 4003 2246 4044 eo
2268 3989 2426 4045 visus
2444 3993 2536 4044 est
2559 3989 2811 4060 aperire,
2847 4005 2978 4046 cum
3003 4006 3117 4060 quo
3171 3996 3370 4047 tantus
3395 3992 3539 4048 odor
3558 3987 3708 4047 exivit
3728 3986 3767 4038 et

2177 4075 2426 4132 liliorum
2467 4092 2848 4148 rosarumque
2882 4078 3185 4147 flagrantia
3219 4081 3355 4152 (97),
3387 4070 3768 4152 utpreciosissi-

2177 4180 2318 4234 mas,
2344 4165 2600 4222 omnium
2625 4170 2946 4222 aromatum
2972 4167 3201 4238 species
3224 4168 3489 4225 vinceret
3514 4172 3567 4224 et
3581 4173 3764 4236 genera.

2176 4253 2357 4323 Hujus
2407 4253 2819 4311 inestimabilis
2848 4255 3054 4311 celesti
3105 4256 3346 4312 visionis
3393 4264 3456 4314 et
3486 4255 3631 4328 pacis
3655 4246 3766 4305 desi-

2175 4343 2360 4412 derio,
2381 4348 2437 4398 et
2465 4342 2836 4399 inestimabili
2874 4344 3146 4415 perennis
3169 4345 3376 4404 letitiaz
3395 4337 3764 4417 gaudiomulto-
3811 4407 3813 4419 ε

2177 4433 2358 4502 magis
2389 4431 2578 4487 anima
2630 4430 2728 4488 illa
2758 4437 3075 4489 exestuans
3125 4434 3369 4504 perfrui,
3409 4426 3758 4492 dicebatch
3809 4465 3811 4501 ι

2172 4523 2333 4578 mine
2343 4520 2545 4577 sancte
2559 4519 3031 4593 Michael,quam
3044 4522 3240 4579 multa
3251 4522 3352 4580 hic
3368 4524 3546 4580 totius
3540 4512 3760 4594 [διεσπα-
3807 4561 3809 4583 ι

2091 4597 2145 4658 Ι)
2176 4609 2256 4666 tis
2277 4608 2458 4666 bona!
2480 4622 2664 4679 quam
2689 4611 2854 4667 mira
2875 4612 2966 4668 est
2981 4610 3321 4682 ineapertis
3374 4610 3632 4670 suavitas
3647 4601 3758 4662 ista!
3805 4659 3807 4663 .

2177 4698 2280 4754 Cui
2309 4696 2554 4768 angelus
2584 4715 2597 4751 :
2631 4698 2865 4769 Accede,
2909 4701 3152 4769 anima;
3178 4714 3428 4772 sequere
3453 4713 3556 4770 me,
3593 4683 3758 4752 venit!
3803 4725 3805 4745 ι

2172 4786 2308 4843 vide
2327 4786 2388 4843 et
2413 4785 2554 4860 lege.
2592 4787 2815 4856 Quibus
2847 4787 2944 4842 ille
2978 4789 3242 4848 intentus
3264 4792 3524 4850 dicebat:
3545 4780 3752 4844 Domi”,
3799 4781 3803 4860 ,Ι

2173 4889 2291 4932 non
2313 4851 2551 4946 possunt
2580 4851 2791 4950 legere.
2826 4879 2972 4934 Item
3003 4878 3282 4948 angelus:
3311 4881 3472 4952 Vide,
3503 4875 3691 4936 enim,
3714 4867 3755 4917 εί
3797 4851 3801 4952 l‘

2177 4964 2320 5037 lege.
2356 4967 2426 5020 Et
2457 4966 2554 5023 ille
2586 4986 2598 5021 :
2658 4968 2792 5025 Non
2809 4980 3084 5039 possum,
3117 4969 3374 5040 domine,
3407 4969 3527 5028 nisi

2179 5052 2567 5125 Adhibitaque
2588 5054 2883 5126 paululum
2905 5055 3318 5128 perspicaciori
3333 5057 3610 5115 oculorum
3637 5046 3752 5101 lumi-

2182 5156 2272 5212 ηθ,
2291 5157 2409 5213 Dm
2423 5143 2594 5199 nimla
2620 5159 2731 5214 qua
2745 5143 3056 5201 admodum
3081 5134 3748 5216 resplendebantclaritaw

2183 5230 2278 5287 vix
2307 5244 2377 5287 ea
2408 5246 2541 5302 quoe
2572 5231 2680 5288 hoc
2713 5233 2882 5290 modo
2911 5233 3372 5294 continebantur
3402 5230 3667 5300 inscripta,
3691 5217 3745 5271 ίί³

2171 5318 2366 5391 legere
2383 5325 2646 5394 poterat:
2678 5323 2896 5394 Veniet,
2920 5324 3118 5380 veniet
3137 5323 3266 5385 dies
3283 5305 3746 5396 Domime

3789 4923 3799 5236 /

3789 5236 3792 5315 Ι

3781 5573 3783 5641 l

3778 5647 3781 5757 Α

2254 5649 2368 5721 (97)
2401 5653 2438 5706 Ι.
2478 5666 2532 5722 q.
2562 5651 2897 5720 fragrantia.

3773 5647 3781 5905 ί
