3894 6334
98 357 202 434 un
1343 371 1636 442 CHRONI

1982 377 2137 448 LIB.
2183 373 2260 449 ῙῘ.
3377 397 3495 463 238

94 510 218 572 cito.
253 516 321 571 Et
350 509 589 572 dicebat
627 510 837 581 :Quid,
872 509 1126 581 domine,
1165 509 1275 583 qui
1315 511 1564 585 facient
1600 514 1740 571 tunc
1772 517 1814 576 Α
1853 517 2160 576 tormentis
2189 520 2250 576 et
2288 521 2547 581 einculis
2574 523 2874 596 religavit.
2902 527 3039 583 Cum
3091 543 3220 585 mox
3276 533 3491 590 fratres

90 605 415 672 peccatores
442 604 468 657 ?
491 603 602 658 Vel
642 599 1506 673 qnotrestantanni,utastare
1530 603 1742 662 debeat
1853 606 2154 663 missarum
2177 615 2540 668 sacramenta
2570 613 2896 684 exibentes,
2923 615 3135 690 Spiritu
3157 619 3438 676 redeunte
3460 636 3489 677 a

93 691 441 750 musca-bis
451 690 708 747 venturo
719 689 1732 762 unicersmmjudici?Etangelus:

96 780 301 837 Anima
316 777 774 852 legesequentia
794 776 853 832 et
883 790 1156 848 cognosce
1184 779 1413 836 cunctis
1449 778 1738 839 intuenti-

100 869 596 926 bnsmiranda.At
613 865 712 922 illa
727 864 959 922 litteras
974 880 1102 936 quae
1121 869 1737 940 numerosexprimunt

101 957 309 1027 videns,
344 956 450 1012 sed
475 969 556 1010 ex
578 954 667 1011 eis
689 968 991 1011 numerum
1035 953 1301 1023 redigere
1360 969 1471 1012 non
1514 957 1733 1028 valens,

100 1049 276 1101 tamen
311 1044 445 1116 quia
478 1043 777 1099 modicum
811 1041 1124 1113 tempusad
1156 1042 1212 1097 id
1253 1058 1436 1113 usque
1492 1045 1737 1102 instaret

101 1133 425 1189 intendebat
460 1132 673 1188 dicens
698 1131 1219 1201 :Etiam,dominc,
1251 1135 1604 1202 paucisunt.
1667 1137 1732 1190 Et

98 1222 323 1293 angelus
347 1241 368 1278 :
398 1221 557 1278 Dico
571 1219 687 1278 tibi
716 1234 834 1277 non
861 1221 949 1277 est
967 1221 1224 1291 amplius
1240 1222 1373 1286 ;sed
1391 1223 1735 1280 ltodierece-

95 1311 272 1368 latum
299 1311 391 1368 est
418 1309 536 1367 tibi
549 1323 739 1381 quam
751 1311 818 1365 in
830 1307 988 1366 breci
999 1309 1278 1381 sithuj‘us
1289 1311 1476 1367 seculi
1473 1313 1647 1383 ﬁnis,
1664 1313 1736 1368 de

93 1413 318 1472 quonon
328 1398 448 1456 ulli
460 1399 784 1468 creatura,
799 1398 1178 1470 nonangelis,
1195 1399 1299 1456 sed
1308 1400 1496 1458 solius
1525 1402 1733 1458 estsci-

90 1487 644 1560 reDeipatris.Sed
655 1487 882 1556 anima,
896 1487 1052 1556 veni,
1075 1501 1438 1558 sequereme.
1473 1489 1542 1544 Et
1566 1489 1733 1545 Exin-

94 1578 177 1634 de:
204 1576 621 1648 procedentes,
651 1574 858 1645 angelo
889 1573 1045 1630 illam
1070 1580 1304 1631 tenente
1343 1581 1402 1631 et
1435 1577 1726 1648 praeduce,

1847 709 2094 766 corpore
2118 712 2244 768 suo,
2279 699 2497 755 auxilio
2518 701 2752 758 missum
2810 704 3037 761 eminus
3093 706 3241 761 vidit
3290 709 3490 764 venire

1849 785 2118 853 angelum
2151 793 2206 842 et
2242 786 2496 844 clamans
2528 789 2672 844 dixit
2709 793 2788 847 :0
2814 794 3017 849 sancte
3050 793 3324 853 Michael
3355 799 3492 856 oeni

1847 873 2097 942 domine,
2115 876 2270 944 oeni,
2286 875 2454 933 testis
2467 877 2586 934 esto
2597 878 2768 947 mihi,
2785 881 3158 950 adiutorium
3174 884 3339 941 tuum
3363 887 3490 945 colo

1847 961 2210 1018 adsanctum
2229 964 2580 1032 Pemm;et
2605 981 2796 1037 quare
2830 983 2939 1040 me,
2981 971 3232 1042 domine,
3277 974 3489 1033 dereli-

1846 1051 2074 1121 quieti?
2093 1051 2194 1106 Cui
2219 1053 2493 1121 angelus:
2526 1055 2807 1113 Voluntas
2845 1057 3088 1116 Domini
3113 1062 3268 1133 fuit.
3321 1063 3482 1128 Veni,

1845 1152 2047 1195 eamus
2063 1140 2146 1196 ad
2155 1143 2427 1198 sanctum
2449 1144 2712 1201 Petrum.
2734 1147 2805 1201 At
2828 1145 2926 1203 ille
2940 1148 3142 1204 videns
3155 1165 3306 1220 cum,
3346 1153 3488 1209 mul-

1847 1225 2481 1297 tiplicesingeminabat
2525 1248 2728 1302 preces
2745 1234 3256 1294 dicens:0sancte
3289 1240 3480 1304 Petre,

1845 1317 2333 1373 misericordiam.
2349 1320 2424 1376 Si
2439 1320 2698 1378 dimittis
2708 1336 2818 1392 me,
2837 1323 3068 1380 domine
3092 1326 3482 1386 stabilitatem

1828 1403 2006 1474 facio
2019 1404 2149 1474 tibi,
2169 1406 2229 1460 et
2231 1408 2521 1477 promitto
2537 1408 2666 1478 tibi,
2669 1424 2784 1481 per
2797 1411 3038 1468 Patrem
3076 1415 3137 1469 et
3168 1416 3394 1472 Filium
3431 1421 3488 1475 et

1841 1492 2140 1562 Spiritum
2156 1495 2446 1566 sanctum,
2464 1499 2613 1568 quia
2621 1499 3014 1568 penitentiam
3049 1516 3344 1578 agensreq
3353 1510 3482 1564 uiro

1830 1581 2168 1650 praesentire
2179 1585 2442 1652 corporis
2457 1584 2546 1641 tui
2559 1585 2814 1641 domum.
2833 1589 2874 1641 A
2884 1589 3090 1656 ngelus
3112 1610 3123 1644 :
3138 1591 3213 1648 Si
3224 1595 3489 1662 emenda,-

95 1669 361 1722 venerunt
413 1665 487 1720 ad
513 1668 788 1720 sanctum
836 1665 1092 1726 Petrum.
1148 1663 1393 1736 ejusque
1452 1666 1729 1736 potestati
1839 1667 2128 1726 redabis?
2160 1671 2423 1727 Visenim
2442 1673 2851 1730 dare?Etille:
2887 1677 3478 1750 Volo,domine,colo.

93 1755 235 1810 illam
267 1753 516 1823 angelus
540 1752 794 1808 tradidit
823 1756 884 1808 et
917 1753 1178 1809 recessit.
1208 1753 1315 1819 Qui
1339 1752 1590 1810 vinculis
1605 1769 1728 1810 eam
1844 1757 2130 1824 Angelus:
2160 1759 2243 1815 Et
2265 1762 2331 1816 in
2353 1761 2970 1834 ltocguodpromisisti
3001 1769 3207 1824 sancto
3255 1771 3433 1828 Petro
3461 1782 3488 1831 γ

91 1844 340 1914 alligans,
371 1847 432 1898 et
447 1843 703 1912 exigens
727 1842 987 1898 debitum
1003 1842 1302 1912 cujusdam
1321 1842 1441 1898 voti
1457 1843 1609 1914 quod
1627 1859 1730 1914 pro
1761 1865 1812 1924 Β
1845 1845 2084 1902 Catille
2113 1866 2124 1900 :
2153 1849 2419 1919 Domine,
2441 1864 2557 1906 non
2555 1853 2698 1923 fuit
2705 1855 3138 1926 potestasmea,
3170 1859 3484 1918 sedrolun-

90 1933 301 1989 reddita
335 1931 674 1988 sanitatein
691 1930 952 2000 ejusdem
979 1931 1730 1989 festivitatisanniversario
1843 1935 1936 1990 tas
1951 1936 2150 1991 damni
2162 1935 2419 1994 abbatis.
2443 1940 2912 2000 Etsiemendare
2934 1959 3052 2000 non
3079 1961 3342 2018 possum,
3392 1965 3484 2005 re-

92 2023 164 2080 illi
194 2023 404 2080 dudum
432 2021 765 2078 devovitet
798 2035 908 2076 non
960 2020 1238 2091 reddidit,
1277 2021 1331 2076 in
1394 2021 1524 2078 loco
1580 2021 1731 2090 ejus-
1837 2024 2004 2079 niam
2022 2023 3293 2104 hicitermn,debitumluiturussupplicium
3314 2038 3374 2092 et
3399 2053 3482 2094 ec-

1837 2111 2544 2184 cetibijuroperPahem
2559 2119 2620 2173 et
2659 2119 2884 2175 Filium
2925 2123 2984 2177 et
3015 2124 3318 2193 Spiritum
3346 2140 3483 2182 san-

1837 2200 2440 2270 ctmn,sicmeomnia
2477 2207 2921 2278 completurum.
2959 2211 3072 2265 Hoc
3113 2211 3190 2266 ita
3221 2213 3477 2283 expleto,

93 2113 228 2167 modi
251 2110 571 2167 tormentis
597 2109 683 2166 sic
733 2109 984 2165 habilem
1048 2114 1112 2164 ut
1155 2110 1463 2182 puniretur
1505 2109 1725 2180 ligavit.

93 2202 196 2256 Hoc
224 2199 494 2271 equidem
511 2197 689 2256 multi
713 2198 974 2268 ejusdem
993 2197 1105 2254 loci
1149 2199 1534 2268 incolaicujus
1553 2202 1608 2254 et
1637 2198 1729 2254 hic

93 2290 258 2344 frater
275 2288 410 2344 olim
443 2287 772 2344 eanonicus
791 2287 900 2343 fuit
923 2291 1232 2353 noverunt,
1279 2288 1431 2358 quod
1496 2287 1728 2343 biennio
1838 2287 2265 2346 educensillam
2285 2294 2530 2361 angelus
2553 2295 2633 2350 ait
2661 2295 2927 2365 :Anima,
2959 2299 3111 2354 eade
3139 2300 3204 2356 in
3229 2315 3394 2372 pace.

92 2383 358 2447 tansacto,
385 2392 522 2433 cum
546 2375 707 2448 apud
723 2375 1102 2446 semetipsum
1127 2375 1198 2430 de
1223 2375 1413 2431 salute
1463 2393 1568 2434 sua
1615 2381 1728 2437 sol-
1916 2399 1942 2426 ‹‹
1973 2380 2088 2434 His
2102 2380 2190 2434 ita
2209 2382 2435 2450 ﬁnitis,
2452 2384 2971 2441 cumeodemcerbo
3018 2387 3220 2460 afuit,
3242 2391 3301 2446 et
3325 2392 3486 2449 sicut

97 2466 272 2522 licitus
297 2469 356 2521 et
384 2465 532 2536 vita,
592 2463 1513 2535 multaanxiusageretquomodo
1568 2483 1729 2525 mun-
1837 2467 2687 2541 eoignorantesm'ipseramus,
2741 2475 2833 2530 ita
2867 2474 2972 2531 hec
3001 2477 3204 2532 eadem
3251 2493 3313 2533 eo
3353 2481 3483 2552 ipso

95 2555 214 2610 dum
235 2555 421 2611 exiret
448 2559 512 2610 et
546 2567 616 2610 se
636 2552 746 2609 soli
787 2555 902 2608 Deo
949 2553 1219 2610 victurus
1273 2551 1576 2624 alligaret:
1621 2558 1726 2615 hac
1832 2555 2199 2624 postmodum
2227 2557 2524 2628 referente
2541 2560 2786 2631 scriptis
2803 2563 3210 2633 ﬂmatimus.
3231 2551 3430 2624 Amen.
3448 2593 3474 2620 ι»

97 2643 370 2700 voluntate
394 2648 712 2716 permotus
739 2642 926 2698 virum
960 2642 1057 2698 Dei
1083 2642 1139 2698 in
1191 2643 1321 2700 loco
1361 2643 1564 2700 eodem
1584 2646 1721 2702 adiit
1911 2642 2054 2708 (Pol.
2090 2643 2204 2715 84.)
2230 2648 2392 2702 Anno
2425 2661 2652 2718 quoque
2691 2649 2916 2719 eodem,
2975 2651 3032 2706 id
3082 2657 3170 2708 est
3237 2657 3310 2710 ab
3367 2657 3474 2714 inc.

97 2738 212 2789 vota
238 2733 504 2789 conferre
538 2747 659 2788 non
703 2730 956 2802 distulit,
1019 2736 1228 2802 petens
1276 2732 1404 2802 ejus
1456 2734 1721 2805 consilio,
1838 2729 1994 2784 Dom.
2026 2735 2180 2801 1011,
2217 2733 2513 2801 regiminis
2541 2739 2735 2791 autem
2783 2737 2910 2806 ejus
2947 2753 2996 2795 a.
3060 2746 3110 2796 7.
3175 2743 3480 2801 Heinricus

93 2822 304 2878 conscio
331 2827 387 2878 et
422 2827 588 2878 teste
615 2835 811 2877 coram
835 2821 952 2876 Deo
981 2835 1045 2876 se
1103 2819 1326 2877 laneam
1387 2837 1498 2878 non
1542 2822 1722 2893 indui,
1837 2831 1986 2872 anno
2019 2819 2178 2886 regni
2206 2820 2293 2875 sui
2316 2825 2348 2876 9
2379 2835 2408 2875 a
2444 2822 2758 2878 Benedicto
2788 2840 2934 2896 papa
2968 2827 3022 2882 in
3067 2828 3475 2900 imperatorem

95 2909 346 2966 carnibus
370 2925 486 2966 non
523 2909 712 2976 vesci,
746 2913 806 2965 et
837 2909 910 2963 ab
942 2907 1164 2964 illicitis
1187 2908 1382 2964 mundi
1415 2908 1726 2966 desideriis
1837 2913 2140 2977 promotus
2163 2912 2272 2964 est.
2312 2909 2475 2979 [Βου.
2513 2911 2683 2968 (ius.
2715 2928 2778 2968 ιη
2819 2914 2989 2986 prol].
3045 2918 3114 2972 Et
3172 2933 3304 2974 cum
3360 2920 3476 2989 jam

1837 3001 2340 3070 Langobardorum
2361 3004 2509 3060 insta
2521 3005 3043 3066 bilitasArduinum
3061 3013 3348 3083 quendam
3365 3015 3476 3070 sibi

96 3086 222 3142 mari
251 3105 265 3154 ;
295 3087 463 3158 cujus
484 3085 790 3143 memoriae
823 3089 878 3140 et
913 3084 1274 3141 venerationi
1320 3099 1581 3155 praesens
1599 3086 1725 3141 dies
1837 3102 2030 3158 regem
2061 3105 2092 3146 c
2135 3091 2487 3164 nstituisset,
2510 3094 2744 3151 tandem
2770 3112 2882 3154 non
2945 3099 3070 3154 sine
3112 3116 3312 3171 magna
3347 3117 3479 3159 suo-

96 3173 180 3230 ille
201 3181 412 3247 praesto
463 3179 599 3232 erat
625 3175 737 3244 agi.
793 3173 956 3240 Quod
991 3179 1048 3262 et
1092 3174 1308 3230 factum
1360 3174 1413 3262 in
1448 3175 1724 3245 praesenti
1759 3219 1806 3262 n
1837 3192 1962 3234 rum
1987 3179 2129 3234 cede
2162 3180 2474 3237 subdidere
2499 3197 2560 3239 se
2591 3185 2664 3253 ei,
2699 3189 2756 3240 et
2785 3185 2871 3242 sic
2906 3188 3212 3245 Heinricus
3246 3191 3477 3262 Papiam

97 3264 306 3332 quidem
334 3271 449 3335 est,
477 3263 589 3321 sed
613 3262 982 3334 postmodum
1009 3261 1319 3330 juventute
1358 3261 1639 3318 illiciente
1667 3269 1724 3318 et
1759 3256 1806 3281 “‘
1838 3267 2095 3335 veniens,
2129 3269 2200 3324 ab
2231 3269 2318 3324 eis
2349 3271 2476 3325 miri
2509 3273 2704 3342 aperis
2739 3273 3018 3344 palatium
3072 3278 3179 3333 sibi
3213 3256 3478 3336 construi

99 3351 372 3411 illecebris
404 3357 750 3420 revocatus,
770 3355 1002 3423 pactum
1027 3350 1168 3407 illud
1196 3353 1723 3423 totumabnegavit.
1841 3355 1996 3410 fecit.
2024 3356 2122 3411 llic
2155 3355 2330 3411 etiam
2357 3357 2491 3412 fecit
2520 3359 2816 3416 civitatem
2861 3363 3379 3436 Bavebergensem,
3411 3373 3468 3422 et

1837 3443 2145 3499 ecclesiam
2179 3458 2208 3499 a
2243 3445 2556 3502 Benedicto
2581 3462 2726 3519 papa
2751 3449 3009 3506 dedicari
3034 3453 3308 3525 optinuit,
3327 3455 3482 3524 ejus-

1841 3545 1952 3602 que
1975 3532 2680 3606 auctoritateepiscopum
2715 3537 2793 3592 ibi
2829 3540 3478 3599 eonstituit.Eratenim

1839 3635 1976 3676 vere
1997 3620 2338 3691 catholicus,
2365 3623 2738 3692 etreligionis
2751 3632 2975 3683 amator
2991 3629 3338 3700 praecipuus.
3371 3632 3484 3688 Ad-

1841 3711 2082 3766 herebat
2118 3710 2436 3767 moralibus
2464 3712 2756 3767 seniorum
2789 3715 3075 3770 consiliis.
3105 3732 3350 3786 quorum
3380 3735 3482 3789 pu-

1845 3799 2019 3854 ritate
2051 3804 2108 3852 et
2139 3798 2328 3854 nitore
2354 3799 2604 3854 florebat
2631 3801 3021 3872 [.otharingia,
3041 3804 3486 3862 illuminabatur

97 2998 308 3068 penitus
335 2997 653 3068 abstineri,
689 2997 865 3068 idque
899 2996 1053 3052 beati
1078 2996 1236 3052 Petri
1271 2997 1609 3054 testimonio
1635 2997 1727 3052 fir-

101 3442 196 3496 Sed
225 3458 330 3499 non
363 3443 530 3499 illum
547 3442 742 3498 adhuc
756 3440 950 3496 divina
973 3439 1373 3497 misericordia
1388 3440 1722 3511 dereliquit.

101 3530 294 3588 lterum
326 3535 634 3588 remeante
669 3529 823 3586 beati
853 3529 1010 3584 Petri
1032 3529 1354 3585 festivitate
1395 3529 1450 3585 in
1483 3531 1727 3587 maxima

103 3621 493 3692 desperatione
525 3619 671 3676 vitae
703 3617 1048 3674 debilitatus
1069 3621 1157 3674 est
1199 3617 1554 3674 infirmitate.
1619 3620 1729 3676 Sed

104 3723 284 3766 rursus
314 3710 492 3767 beato
516 3709 702 3765 Petro
733 3708 886 3778 quod
920 3707 1116 3762 limina
1147 3707 1273 3777 ejus
1310 3707 1578 3764 visitaret
1633 3725 1734 3765 vo-

106 3800 208 3853 tum
240 3800 478 3870 faciens,
507 3802 900 3869 recuperatus
923 3800 1012 3852 est
1027 3796 1286 3866 sanitati,
1311 3798 1496 3852 ethoc
1520 3797 1731 3854 iterum

108 3900 204 3941 non
234 3887 515 3960 implevit,
551 3891 893 3959 praeventus
914 3884 1139 3940 scilicet
1191 3885 1285 3940 Dei
1337 3885 1728 3957 miseratione,

107 3988 220 4043 qua:
231 3977 378 4035 hunc
398 3977 472 4034 ad
489 3975 980 4033 monasticaavitaa
1004 3973 1274 4045 perduxit
1293 3975 1732 4047 perfectionem,

109 4076 321 4121 suarum
335 4066 410 4122 ob
435 4063 774 4136 hujusmodi
788 4061 1078 4120 consciam
1092 4062 1400 4119 veritatem
1431 4063 1734 4134 culparum

109 4165 204 4207 non
232 4153 554 4224 immemor,
590 4167 806 4210 vocens
829 4151 1086 4208 attolens
1117 4151 1173 4207 in
1233 4151 1488 4222 fletibus,
1519 4159 1576 4208 et
1609 4168 1734 4224 spe-

111 4253 228 4298 rans
246 4243 792 4312 quomodocumque
824 4241 1314 4298 sibieommodum
1348 4241 1467 4296 fore
1481 4240 1528 4296 si
1551 4255 1741 4297 emen-

109 4327 375 4388 dationem
419 4331 818 4404 promitteret,
860 4329 1178 4386 clamabat:
1224 4331 1269 4386 0
1304 4329 1508 4386 sancte
1541 4331 1736 4400 Petre,

1845 3887 2111 3954 Saxonia,
2149 3886 2514 3954 dirigebatur
2545 3887 2751 3942 Suevia
2775 3895 2835 3943 et
2868 3889 3222 3946 Alemannia.
3277 3891 3486 3958 Quam-

1845 3973 2044 4029 obrem
2077 3974 2186 4028 sub
2217 3973 2345 4042 ejus
2375 3973 2618 4044 imperio
2639 3974 2802 4030 salus
2819 3975 3154 4034 fuitmundo
3193 3983 3250 4034 et
3274 3979 3479 4049 gloria.

1847 4064 2003 4118 Inter
2035 4076 2183 4132 quos
2215 4061 2464 4118 habebat
2515 4063 2888 4132 gratissimos
2927 4065 3228 4123 Odilonem
3260 4068 3488 4126 Clunia-

1847 4149 2332 4208 censisaacclesia:
2364 4155 2588 4222 patrem
2620 4153 2964 4226 piissimum,
2988 4155 3341 4213 Willelmum
3398 4158 3489 4213 Di-

1847 4239 2141 4296 vionensis
2170 4239 2453 4296 :ecclesiaa
2509 4247 2796 4298 rectorem
2845 4249 3170 4317 strenuum,
3208 4246 3489 4316 religione

1850 4329 2417 4400 praestantissimum,
2438 4330 2789 4400 quietsinon
2820 4339 2988 4390 erant
3027 4335 3096 4392 de
3120 4351 3302 4406 regno
3340 4335 3485 4408 ejus,

115 4432 231 4475 mea
258 4421 652 4493 culpacoram
670 4419 1262 4491 tedepeccatismeis;
1285 4419 1520 4475 emendo
1561 4419 1741 4475 domi-
1849 4422 2043 4473 tamen
2068 4409 2130 4472 in
2162 4417 2435 4475 amicitiis
2465 4419 2517 4474 ei
2545 4419 2960 4493 jungebantur,
2987 4429 3260 4480 eteorum
3276 4425 3491 4482 oratio-

117 4519 180 4561 ne
193 4525 218 4576 ,ο
241 4510 442 4566 sancte
456 4508 663 4578 Petro,
676 4508 1186 4576 misericordiam;
1196 4507 1446 4576 domine,
1472 4508 1740 4564 emendo!
1853 4506 2026 4561 nibus
2045 4506 2203 4576 regni
2225 4507 2463 4576 negocia
2481 4508 2535 4563 in
2553 4523 2692 4580 pace
2715 4511 3084 4568 tractabantu
3097 4528 3140 4567 r.
3160 4514 3271 4568 Nec
3287 4513 3486 4568 deerat

118 4593 276 4652 Nulli
301 4596 612 4654 hominum
635 4596 705 4652 de
719 4596 1110 4668 promissione
1128 4595 1391 4653 etsalute
1409 4596 1580 4654 credo
1616 4597 1741 4653 nisi
1769 4583 1821 4643 D
1853 4595 2235 4654 familiaritati
2267 4595 2394 4665 ejus
2424 4597 2746 4655 Pandulfus
2786 4601 3172 4669 Agauncnsis,
3208 4601 3296 4655 vir
3349 4601 3488 4669 vita,

118 4683 477 4743 soliDomino
499 4685 1424 4755 ;Domine,emendo;etosancte
1458 4684 1737 4755 Hic/tae],
1852 4685 2132 4755 moribus,
2173 4684 2470 4756 religione,
2499 4687 2816 4742 sanctitate
2864 4686 3304 4757 celeberrimus,
3358 4704 3490 4745 cum

118 4785 399 4840 querente
428 4773 1084 4846 dereliquisti7Pastor
1115 4773 1272 4846 bone,
1313 4775 1517 4832 sancte
1545 4773 1742 4844 Petre,
1852 4787 1982 4829 eam
2017 4772 2233 4828 faceret
2263 4771 2780 4828 commendabilem
2817 4773 2937 4841 regi
2991 4779 3050 4828 et
3108 4775 3494 4844 optimatibus

116 4871 220 4915 non
248 4861 732 4934 diutiuspossum
757 4862 985 4919 malum
1026 4862 1134 4920 hoc
1159 4863 1470 4920 sustinere.
1525 4862 1746 4920 Sancte
1855 4861 2000 4917 fama
2034 4861 2275 4917 virtutis
2297 4859 2442 4929 ejus.
2479 4861 2550 4914 At
2584 4875 2724 4916 vero
2748 4861 2819 4916 de
2844 4875 3022 4930 regno
3049 4862 3311 4931 ejusfere
3326 4869 3496 4934 quot-

121 4947 299 5020 Petre,
338 4953 634 5024 scioqnia
663 4949 827 5008 mala
830 4952 974 5024 fuit
1006 4953 1291 5024 cogitatio
1342 4966 1514 5022 mea;
1551 4953 1746 5009 tamen
1855 4954 1993 5022 quot
2027 4955 2195 5006 erant
2227 4948 2530 5019 pontifices
2560 4953 2616 5004 et
2643 4949 2810 5020 primi
2843 4950 3266 5021 tecclesiarum,
3319 4957 3408 5008 tot
3439 4954 3493 5009 ei

117 5035 238 5095 disci
257 5039 312 5094 et
333 5041 678 5113 confessius
701 5053 832 5097 sum
853 5043 1052 5099 omnia
1081 5041 1281 5098 domno
1309 5041 1534 5099 abbati.
1854 5046 2018 5095 erant
2043 5039 2416 5094 incitamenta
2438 5037 2749 5108 virtutum,
2773 5053 2903 5094 cum
2931 5037 3052 5108 ipse
3066 5039 3285 5096 eisdem
3313 5043 3496 5097 muni-

190 5149 207 5180 ι
233 5131 347 5187 lloc
377 5131 564 5200 dicto,
599 5134 878 5199 operante
892 5131 1084 5186 divina
1115 5131 1334 5187 virtute
1355 5134 1414 5186 et
1446 5129 1633 5201 gratia
1650 5130 1746 5186 de-
1857 5133 2040 5194 retur,
2075 5131 2134 5183 et
2163 5127 2272 5198 ipsi
2297 5128 2423 5182 vice
2454 5141 2620 5182 versa
2652 5125 2779 5194 ejus
2801 5127 3156 5183 auctoritate
3187 5129 3498 5188 abillicitis

124 5217 1009 5290 nuospiritusadcorpusrediit,
1033 5219 1666 5291 nobisquevidentibus
1690 5219 1747 5274 in
1861 5217 2390 5289 reprimerenturet
2423 5215 2493 5271 ad
2508 5215 2858 5288 perfectiora
2903 5224 3383 5288 provocarentur.
3411 5222 3499 5274 ln-

123 5319 238 5362 eum
268 5308 524 5366 viventis
547 5307 800 5365 hominis
829 5309 1022 5366 vultus
1037 5309 1274 5380 resedit,
1291 5324 1357 5365 ac
1381 5324 1508 5364 mox
1532 5323 1746 5366 vocans
1855 5312 1949 5362 ter
1961 5319 2108 5377 quos
2122 5305 2273 5360 hunc
2288 5308 2512 5376 patrem
2529 5309 2792 5361 nostrum
2809 5304 3061 5361 habebat
3103 5307 3495 5376 karissimum,

129 5395 328 5454 fratres
350 5413 501 5469 quos
515 5397 752 5456 viderat
765 5412 890 5455 esse
914 5403 1256 5472 presentens
1269 5398 1614 5470 colloquens
1633 5399 1711 5454 ait
1731 5419 1743 5455 :
1857 5395 2012 5451 inter
2027 5393 2690 5466 prmcipuosegregium,
2711 5393 2929 5465 pietate
2948 5395 3402 5467 praedicabilem,
3420 5413 3492 5453 re-

127 5482 949 5560 Dilectissimifratresmeiet
963 5488 1752 5560 domini,misereminimei,-
1859 5483 2075 5554 ligione
2102 5483 2620 5539 commendabilem
2648 5501 2663 5550 ;
2696 5487 3044 5554 quemtanta
3067 5486 3220 5542 Deus
3251 5486 3502 5545 donave-

1845 5578 1952 5642 rat
1981 5572 2238 5630 omnium
2268 5570 2479 5642 gratia,
2505 5576 2566 5628 ut
2609 5585 2638 5628 a
2657 5571 2952 5644 plerisque
2973 5589 3078 5645 pro
3129 5573 3334 5633 inolita
3390 5576 3502 5632 sibi

1861 5661 2225 5734 benignitate
2254 5659 2510 5736 vitaeque
2540 5663 2597 5720 et
2630 5661 2918 5721 sermonis
2939 5662 3280 5737 acceptione
3301 5671 3360 5723 et
3389 5679 3504 5724 non

127 5575 276 5632 orate
295 5590 412 5649 pro
431 5591 546 5648 me,
572 5574 726 5648 quia
740 5574 896 5634 beato
907 5579 1342 5638 Petrosanctus
1378 5575 1751 5636 Michaelme

129 5660 386 5738 tradidit,
420 5667 484 5725 et
511 5665 572 5725 is
601 5663 824 5724 solante
840 5667 1044 5728 relicto
1078 5671 1146 5731 in
1160 5669 1275 5730 loco
1311 5667 1476 5728 sicut
1503 5667 1752 5727 cernitis
