3894 6312
404 377 520 438 239

1367 371 1747 441 HUGONIS‘
1779 377 2126 438 ABBATIS
2168 373 2849 438 FLAVINIACENSIS
3693 389 3791 448 240

407 509 613 566 affecta
636 508 924 580 elegantia
950 509 1052 566 sed
1087 509 1325 580 inpensa
1347 509 1536 580 gratia
1583 509 1693 567 hoc
1739 512 2050 567 vocaretur
2078 507 2134 568 A
2165 505 2387 576 ralitas,
2413 519 2614 562 verum
2629 505 2902 564 Masmelli
2919 515 3153 582 pontem
3166 513 3353 570 eidem
3370 516 3790 588 contulit,mer-

406 598 734 668 agnomine,
755 597 1034 654 videlicet
1066 597 1394 654 Richardus
1425 599 1620 654 Gratia
1669 597 1790 668 Dei,
1817 598 1970 655 sicut
1991 601 2049 653 et

405 691 643 744 sanctus
665 687 832 746 Odilo
857 687 927 744 ab
949 687 1201 758 ingenita
1230 689 1447 760 pietate
1473 687 1627 757 Pius,
1649 694 1709 743 et
1731 683 2052 743 Willelmus

407 791 435 830 a
465 777 661 846 rigore
694 776 1066 834 ferventioris
1102 776 1389 848 propositi
1422 777 1604 847 Supra
1631 774 1827 845 regula
1860 775 2054 830 dictus

406 869 515 922 est.
559 867 696 921 Erat
718 870 774 921 et
805 867 856 922 in
889 866 1186 936 regalibus
1219 865 1480 936 negociis
1532 864 1963 938 pertractandis
1991 867 2047 918 et

409 953 792 1025 disponendis
813 953 1143 1010 consodalis
1179 955 1308 1025 ejus
1345 953 1592 1011 domnus
1652 953 2052 1010 Ermenfridus

407 1041 789 1099 Virduncnsis
815 1043 1095 1100 mcclesiic
1126 1043 1461 1113 canonicus,
1495 1042 1663 1114 cujus
1684 1043 1801 1099 vita
1818 1047 2049 1098 actuum

406 1131 536 1187 luce
571 1133 714 1187 satis
748 1133 946 1204 seipsa
979 1132 1364 1188 commendat.
1384 1131 1747 1188 Feliciatunc
1787 1134 2050 1202 tempora

409 1219 788 1276 Virdunensis
811 1220 1115 1290 mcclesiie,
1141 1221 1321 1276 tantis
1355 1221 1463 1276 sub
1487 1219 2050 1290 Ileimoneepiscopo

409 1307 704 1377 insignitae
738 1309 1027 1381 personis,
1058 1312 1116 1364 ut
1153 1324 1338 1380 usque
1396 1309 1450 1364 in
1511 1309 1852 1364 hodiernum
1901 1307 2049 1362 diem

408 1401 643 1453 actuum
676 1397 910 1454 illorum
944 1397 1215 1454 claritate
1257 1397 1652 1468 resplendeat,
1697 1412 1825 1467 qua:
1875 1397 2048 1452 etiam

407 1487 568 1541 tanta
600 1486 701 1555 sit,
738 1491 800 1542 ut
835 1486 989 1542 nulla
1021 1485 1663 1542 vetustateoblitterari
1695 1484 1906 1541 valeat.
1934 1485 2050 1540 Sub

408 1586 477 1628 eo
501 1574 651 1629 enim
679 1575 915 1631 Amicus
947 1573 1635 1646 prteposituszecclesiam
1669 1577 1883 1630 sanctae
1913 1574 2052 1629 Cru-

407 1662 494 1718 cis
523 1663 878 1733 construxit,
913 1661 1073 1720 Dudo
1099 1663 1452 1734 praepositus
1504 1661 1826 1719 ecclesiam
1861 1661 2046 1718 sancti

413 1750 726 1820 Laurentii,
757 1751 1078 1806 Ermenfrid
1091 1767 1157 1806 us
1171 1766 1286 1821 prae
1297 1752 1403 1806 fect
1417 1765 1480 1807 us
1493 1749 2048 1823 aacclesiamjsanctae

413 1839 600 1894 Maria:
625 1839 996 1908 Magdalcum,
1038 1839 1174 1893 etin
1223 1854 1286 1894 (-a
1345 1839 1754 1894 ranonicorum
1799 1842 2044 1893 turmam
2079 1867 2131 1924 Β

409 1925 770 1996 aggregavit,
799 1927 1014 1996 quibus
1045 1926 1260 1981 victum
1285 1942 1358 1982 ex
1386 1925 1567 1995 regali
1619 1925 1928 1994 largitione
1988 1929 2047 1979 et

411 2028 710 2083 procerum
727 2015 1046 2071 traditione
1068 2015 1426 2071 sufﬁcienter
1441 2014 1695 2085 providit
1715 2018 1798 2079 ;ct
1818 2027 2049 2069 venera-

411 2101 542 2155 bilis
567 2102 891 2158 Richardus
921 2103 1340 2159 monasterium
1394 2106 1724 2158 sanctorum
1784 2101 1938 2157 Petri
1991 2106 2048 2156 et

407 2189 568 2245 Pauli
603 2191 835 2244 ctheati
869 2191 1062 2246 Vitoni
1097 2191 1500 2247 confcssorisa
1528 2189 2050 2246 fundamentisere-

407 2282 562 2332 ctum
590 2283 750 2332 tanta
786 2278 840 2332 in
879 2284 1174 2348 posterum
1209 2278 1645 2350 possessionum
1679 2280 1736 2332 et
1755 2276 2052 2347 religionis

413 2364 546 2419 dote
567 2364 796 2434 ditavit,
815 2369 975 2420 tanta
1005 2365 1258 2437 reliquas
1272 2365 1572 2422 aacclesias
1595 2365 1865 2421 claritate
1889 2365 2051 2420 dota-

412 2451 516 2522 vit,
553 2458 613 2506 ut
649 2453 857 2509 merito
883 2459 1046 2526 pater
1070 2453 1350 2510 urbislux
1374 2453 1598 2526 patria),
1633 2453 1812 2509 decus
1851 2453 2051 2510 accele-

412 2540 512 2596 siaa
545 2540 1073 2598 deheatnominari.
1092 2542 1217 2597 Vita
1242 2542 1392 2597 enim
1408 2542 1535 2611 ejus
1559 2541 1842 2597 mirabilis
1873 2541 2049 2597 vitam

417 2628 730 2686 multorum
749 2629 1069 2686 mirabilem
1093 2629 1346 2686 reddidit
1367 2629 1906 2698 ;conversatioejus
1925 2644 2052 2700 spe-

415 2717 651 2775 ctabilis
687 2717 886 2790 plures
909 2717 1051 2774 alios
1072 2717 1428 2790 spectabiles
1464 2717 1920 2788 bonisopcribus
1970 2719 2051 2772 in-

413 2805 625 2862 stituit.

482 2899 566 2952 16.
597 2894 704 2951 Sed
739 2909 845 2951 nec
871 2895 994 2968 ipse
1024 2895 1270 2952 domnus
1301 2895 1543 2950 lleimoa
1583 2895 1746 2951 bonis
1773 2895 2051 2966 operibus

413 2987 710 3039 vacantem
743 2985 992 3041 animum
1025 2985 1298 3055 praebuit,
1330 2984 1464 3054 quin
1499 2984 1698 3055 potius
1726 2983 2050 3040 mcclesiam

411 3073 591 3128 sancti
622 3073 898 3129 Johannis
924 3073 976 3127 in
1012 3072 1598 3144 prospectucivitatis
1631 3072 1896 3142 sitam,in
1939 3087 2048 3144 qua

411 3161 596 3216 sancti
627 3161 1002 3218 confessores
1033 3161 1284 3229 Maurus,
1318 3158 1608 3229 Salvinus,
1652 3163 1863 3216 Arator
1896 3161 2052 3231 quie-

411 3352 540 3392 nem
585 3335 1115 3392 sanctimonialium
1171 3335 1280 3390 sub
1303 3335 1690 3405 dispositione
1737 3337 1920 3408 patris
1958 3339 2050 3392 Ri-

410 3423 612 3480 chardi
658 3421 1007 3492 regulariter
1021 3420 1335 3478 viventium
1355 3422 1690 3491 instituit,et
1708 3427 1948 3480 matrem
1963 3425 2049 3482 eis

409 3510 660 3566 consilio
675 3510 930 3580 ejusdem
946 3509 1204 3580 providit
1221 3507 1600 3578 Adelbergam
1620 3510 1844 3567 fidelem
1893 3513 2051 3568 Chri-

409 3599 483 3654 sti
502 3598 790 3667 famulam,
827 3613 954 3668 qum
969 3598 1308 3668 cognomina
1321 3599 1490 3654 batur
1504 3600 1642 3668 Ava,
1659 3599 1828 3670 cujus
1843 3614 2052 3656 memo-

411 3687 494 3743 ria
512 3691 860 3743 estaaterna.
897 3687 1189 3743 llaeccnim
1233 3685 1534 3758 velutapis
1578 3688 2046 3759 prudentissima,

410 3775 596 3847 patris
621 3775 711 3831 sui
759 3774 1377 3830 formamimitatacum
1393 3775 1466 3830 ob
1489 3773 1597 3830 zeli
1619 3775 1750 3831 boni
1795 3775 2052 3832 devotio-

407 3877 534 3918 nem
566 3867 625 3919 et
662 3861 794 3918 fidei
817 3862 1350 3933 magnanimitatem
1367 3879 1672 3920 servorum
1715 3864 1814 3920 Dei
1843 3864 2052 3922 lustra-

412 3956 497 4008 ret
523 3951 808 4022 ccenobia,
833 3957 896 4008 ut
920 3952 989 4008 ad
1024 3967 1224 4009 eorum
1268 3952 1650 4009 imitationem
1691 3952 2052 4011 emularetur

406 4039 718 4096 karismata
750 4039 1010 4110 meliora,
1047 4039 1382 4098 Cluniacum
1399 4040 1524 4112 ivit,
1542 4047 1602 4098 et
1625 4042 1750 4099 viro
1765 4042 1862 4100 Dei
1879 4043 2051 4099 beato

407 4127 637 4183 Odiloni
667 4125 970 4184 advenisse
989 4129 1470 4202 nunciata,cujus
1510 4131 1761 4188 animum
1780 4131 1906 4204 ipsa
1927 4146 2055 4204 pos-

409 4213 645 4270 sidebat
667 4215 879 4285 pietas,
912 4230 1042 4271 cum
1060 4215 1495 4284 grandiaﬂ‘ectu
1527 4225 1797 4290 suscepta
1812 4223 1924 4276 est.
1942 4219 2048 4276 Ubi

407 4315 739 4372 quanquam
760 4316 900 4358 usus
927 4302 1212 4360 aecclesize
1241 4310 1422 4376 esset,
1443 4310 1501 4362 et
1533 4321 1638 4378 pro
1671 4305 1798 4378 lege
1811 4307 2052 4364 habere-

406 4395 523 4460 tur,
551 4394 616 4446 ut
645 4389 905 4446 claustra
941 4392 1280 4448 monasterii
1304 4407 1412 4449 non
1441 4392 1692 4452 calcaret
1719 4409 1822 4468 pes
1852 4394 2052 4453 mulie-

409 4477 548 4548 hris,
576 4477 698 4550 ipsa
734 4493 837 4550 pro
868 4493 966 4536 sua
995 4478 1274 4550 religione
1304 4485 1362 4536 et
1397 4483 1584 4554 patris
1633 4483 2050 4541 Richardicum

406 4571 614 4622 sancto
638 4565 882 4624 Odilone
914 4567 1163 4624 indivisa
1187 4569 1472 4626 dualitate
1502 4587 1613 4628 non
1657 4571 1841 4629 solum
1897 4571 2054 4629 clau-

403 4659 589 4712 strum
625 4655 888 4727 intravit,
924 4671 1125 4713 verum
1157 4658 1334 4714 etiam
1354 4659 1599 4731 capituli
1619 4660 2053 4717 societatemin-

403 4743 601 4816 depta,
626 4750 686 4801 et
717 4745 1016 4802 Dominico
1031 4747 1124 4802 die
1139 4746 1208 4803 ad
1227 4748 1662 4818 processionem
1695 4763 1826 4805 cum
1861 4748 2052 4804 fratri-

405 4832 510 4890 bus
534 4837 808 4906 suscepta
845 4838 956 4904 est,
993 4835 1144 4904 quod
1179 4849 1364 4906 usque
1395 4835 1571 4891 hodie
1605 4835 1659 4891 in
1701 4834 1902 4892 eodem
1936 4851 2053 4892 mo-

401 4920 658 4976 nasterio
682 4926 983 4992 permanet
1017 4920 1374 4978 memoriale.
1403 4921 1532 4991 Egit
1557 4922 1664 4977 hoc
1707 4923 1858 4978 beati
1919 4921 2052 4978 Odi-

401 5003 552 5063 lonis
583 5022 720 5078 erga
758 5008 936 5065 filium
969 5009 1334 5065 carissimum
1378 5013 1435 5064 et
1477 5010 1830 5066 confratrem
1882 5010 2053 5066 devo-

403 5093 694 5151 tissimum
738 5097 986 5154 affectus
1026 5099 1395 5170 prepensior,
1449 5098 1693 5154 dilectio
1736 5099 2046 5170 profusior,

399 5181 618 5238 caritas
649 5181 720 5238 de
744 5183 844 5239 illo
881 5185 1037 5240 fonte
1073 5201 1367 5256 emanans,
1404 5185 1474 5241 de
1510 5201 1624 5256 quo
1659 5191 1835 5244 tanta:
1881 5187 2051 5243 nobis

400 5269 785 5342 perfectionis
800 5271 1302 5330 alveusdirivatus
1317 5281 1409 5330 est
1425 5274 1573 5330 idem
1591 5275 1865 5334 videlicet
1885 5280 2052 5346 pater

398 5361 624 5428 noster,
659 5357 945 5428 quinobis
967 5375 996 5413 a
1014 5361 1182 5418 beato
1194 5364 1399 5420 eodem
1415 5362 1664 5420 donatus
1676 5368 1784 5422 est.
1812 5365 1922 5420 Sed
1942 5379 2049 5420 nec

397 5460 534 5515 erga
569 5446 762 5504 locum
783 5445 883 5516 qui
915 5455 1161 5516 praeerat
1176 5449 1679 5508 domniHeimonis
1693 5452 1875 5509 defuit
1906 5452 2049 5509 libe-

2079 4358 2134 4420 D

2161 600 2474 665 eatumque
2498 593 2554 650 in
2587 595 2871 653 suburbio
2903 598 3000 668 qui
3033 600 3218 656 eidem
3251 605 3528 660 cmnobio
3582 606 3786 676 adjacet

2161 683 2486 740 habendum
2501 684 2828 754 constituit,
2849 685 3146 744 in'murum
3180 689 3236 746 in
3250 691 3508 750 circuitu
3525 703 3790 752 monaste-
3857 748 3862 754 .

2165 770 2233 825 rii
2265 785 2336 826 ex
2368 785 2470 826 suo
2502 772 2766 827 construi
2801 773 2957 829 fecit.
3005 775 3148 845 (Fol.
3183 777 3316 847 84⁷.)
3361 780 3711 853 Exactisque
3747 784 3789 838 in

2161 860 2505 931 episc0patu
2527 863 2596 916 36
2623 860 2809 931 annis,
2847 863 2992 918 obiit
3048 865 3226 922 2Kal.
3274 867 3424 940 Maii,
3485 884 3642 928 anno
3695 873 3786 928 inc.

2161 949 2320 1004 Dom.
2357 951 2498 1004 1024
2525 953 2581 1006 et
2617 950 2887 1022 sepultus
2917 957 3003 1007 est
3039 953 3091 1008 in
3123 955 3389 1012 aeeclesia
3450 972 3627 1028 quam
3683 960 3788 1031 ipse

2161 1038 2512 1094 construxit.
2531 1039 2736 1109 (Gesta
2769 1040 2978 1112 νίφα).
2998 1043 3064 1096 Ει
3081 1044 3368 1100 successit
3387 1045 3440 1100 in
3458 1047 3784 1118 episcopatu

2160 1126 2528 1197 Rambertus,
2565 1127 2662 1198 qui
2695 1129 3032 1201 srepefatum
3061 1137 3282 1202 patrem
3307 1147 3418 1188 non
3447 1135 3790 1193 minoriaﬂ'e-

2161 1219 2258 1271 ctu
2291 1214 2494 1286 coluit,
2517 1215 2688 1273 immo
2702 1217 3110 1276 devotionema
3139 1220 3678 1292 praedecessoribus
3701 1225 3788 1282 ini-

2161 1302 2358 1358 tiatam
2393 1308 2453 1359 et
2485 1305 2554 1362 ad
2588 1320 2647 1362 se
2679 1320 2865 1378 usque
2900 1307 3216 1364 derivatam
3253 1310 3342 1381 pia
3361 1312 3788 1370 bonaevolunta-

2161 1391 2559 1449 tisafl'cctione
2573 1394 2758 1466 auxit,
2774 1396 3114 1466 provexitet
3137 1397 3397 1454 sustulit.
3447 1400 3663 1456 Verum
3693 1417 3784 1457 non

2161 1481 2232 1536 ab
2247 1496 2307 1536 re
2325 1481 2575 1554 videtur,
2597 1483 2642 1539 si
2659 1497 2789 1540 cum
2807 1484 2934 1554 ejus
2953 1482 3284 1555 familiares,
3307 1487 3546 1556 etregni
3561 1487 3786 1558 gloriam

2161 1584 2289 1640 quae
2311 1570 2420 1625 sub
2437 1571 2564 1642 ipso
2579 1577 2728 1642 erat,
2767 1573 3064 1642 miramur,
3087 1573 3786 1647 etiam'quisimperatoris

2160 1657 2506 1716 vitmexitus
2534 1659 2708 1716 fuerit
2762 1661 3110 1717 intueamur.
3170 1662 3334 1734 [Βου.
3394 1664 3572 1720 Gue.
3613 1679 3692 1730 Ill,
3726 1665 3786 1736 1.]

2158 1747 2437 1818 Tempore
2468 1747 2664 1818 itaque
2695 1749 2823 1818 ejus
2855 1765 2960 1806 rex
2982 1751 3309 1820 Ungrorum
3340 1767 3474 1809 cum
3507 1757 3678 1823 gente
3700 1769 3786 1810 sua

2162 1835 2530 1891 Christianus
2563 1835 2878 1893 factusest.
2899 1837 2998 1894 Cui
3024 1839 3198 1894 etiam
3216 1839 3513 1910 Stephano
3543 1840 3598 1896 in
3626 1841 3787 1912 bapti-

2161 1925 2346 1978 smate
2379 1923 2536 1979 dicto
2557 1937 2889 1993 germanam
2914 1941 3075 1982 suam
3107 1941 3347 1983 uxorem
3371 1927 3558 1998 dedit,
3603 1933 3660 1984 et
3685 1929 3788 2000 ipse

2160 2024 2309 2066 anno
2342 2011 2611 2081 sequenti
2644 2011 2980 2069 infirmitate
3015 2013 3478 2086 ingravescente,
3509 2017 3639 2086 quia
3677 2024 3784 2072 erat

2158 2100 2380 2180 absque
2404 2100 2780 2170 filiis,videns
2809 2103 2941 2172 quia
2968 2102 3040 2158 ad
3067 2103 3227 2173 regni
3246 2103 3545 2173 fastigium
3577 2103 3785 2176 plurimi

2159 2187 2338 2243 duces
2367 2194 2424 2244 et
2447 2189 2695 2245 comites
2711 2190 3070 2262 aspirabant,
3123 2191 3301 2260 elegit
3335 2193 3662 2249 Conradum
3698 2194 3786 2248 ali-

2161 2277 2390 2346 quando
2426 2277 2533 2333 sibi
2563 2285 2922 2350 suspectum,
2965 2279 3065 2336 sed
3124 2284 3450 2350 strenuum,
3496 2282 3593 2352 qui
3651 2284 3786 2339 Cono

2161 2363 2488 2436 dicebatur,
2513 2369 2572 2422 et
2592 2366 2672 2422 sic
2696 2381 2826 2423 cum
2848 2367 3037 2437 gloria
3070 2368 3214 2424 obiit
3259 2370 3604 2426 monarches
3639 2385 3787 2427 cesar

2160 2459 2447 2522 augustus
2470 2459 2500 2509 3
2534 2455 2670 2511 ldus
2693 2455 2852 2526 Julii,
2885 2470 2954 2512 eo
2985 2456 3262 2512 videlicet
3295 2471 3448 2513 anno
3489 2472 3605 2528 quo
3635 2473 3782 2531 supe-

2162 2540 2284 2596 rius
2299 2545 2636 2599 annotatum
2656 2550 2750 2598 est
2770 2543 3108 2615 episcOpum
3125 2544 3457 2601 Heimonem
3473 2547 3705 2604 obiisse.
3721 2549 3783 2601 At

2160 2643 2300 2684 vero
2316 2630 2642 2702 Stephanus
2661 2633 2983 2701 Ungi-orum
3000 2631 3470 2690 rex.imminente
3485 2635 3783 2691 vocationis

2163 2731 2284 2772 suae
2303 2722 2562 2790 tempore
2576 2719 2645 2775 ad
2679 2721 2944 2777 coelestia
2969 2725 3270 2791 evocatus,
3287 2737 3438 2778 nunc
3465 2723 3522 2778 in
3539 2723 3778 2780 accelesia

2164 2820 2272 2875 qua
2311 2808 2626 2878 requiescit
2655 2809 2948 2881 humatus,
2990 2809 3775 2882 miraculiselaretegregius.

2162 2894 2442 2964 Regnavit
2477 2899 2670 2952 autem
2685 2897 2988 2954 Heinricus
3023 2911 3072 2954 a.
3114 2901 3200 2965 24,
3237 2914 3309 2954 m.
3343 2903 3397 2970 6,
3427 2905 3490 2956 et
3513 2901 3783 2958 Conradus

2164 2984 2449 3039 successit
2471 2985 2717 3041 Othonis
2748 2987 2848 3041 ΙΙΙ.
2883 2985 3038 3042 illius
3070 2985 3156 3056 εστ,
3194 2987 3291 3057 qui
3318 2989 3548 3060 accepit
3571 3003 3777 3045 uxorem

2162 3071 2400 3142 Gislam,
2436 3073 2663 3130 Rodulfi
2689 3074 2842 3144 regis
2874 3075 3221 3144 Burgundiaa
3250 3091 3534 3148 sororem,
3559 3077 3776 3134 Conradi

561 3161 596 3216 ti
627 3161 1002 3218 confessores
1033 3161 1284 3229 Maurus,
1318 3160 1608 3229 Salvinus,
1652 3163 1863 3216 Arator
1896 3161 2052 3231 quie-
2115 3223 2127 3240 ‘
2161 3161 2217 3213 ct
2235 3160 2947 3233 Mathildisflliam,dequa
2972 3163 3171 3232 genuit
3194 3164 3432 3220 tertium
3454 3165 3778 3228 [leinricum,

561 3254 601 3304 t.
638 3248 1000 3304 melioratam
1025 3247 1401 3304 restauravit.
1424 3252 1483 3303 et
1506 3247 1558 3302 in
1575 3263 1638 3302 ca
1659 3249 2052 3304 congregatio-
2082 3221 2128 3278 (³
2162 3247 2259 3304 qui
2292 3249 2685 3304 venerabilem
2718 3250 3067 3304 Richardum
3091 3253 3360 3304 abbatem
3403 3253 3560 3304 inter
3590 3256 3778 3304 nrinms

409 3262 601 3318 ερυηι,
638 3262 1000 3304 memoratam
1025 3262 1401 3317 l‘C‘Slalll‘ﬂVll,
1424 3262 1483 3303 ρι
1506 3262 1558 3302 ιη
1575 3263 1638 3302 Οίι
1659 3262 2052 3318 ροηετειεθιιο-
2084 3262 2127 3278 ν

2162 3247 2259 3317 qui
2292 3249 2685 3305 venerabilem
2718 3250 3067 3308 Richardum
3091 3253 3360 3308 abbatem
3403 3253 3560 3310 inter
3590 3256 3781 3326 primos

2162 3334 2361 3406 palatii
2397 3337 2616 3394 habuit.
2655 3339 2816 3410 [ῐιιιο.
2845 3355 2926 3409 m,
2950 3339 3028 3410 2.]
3053 3339 3248 3406 Quoin
3287 3342 3779 3412 temporerebella-

2161 3429 2369 3480 verunt
2399 3430 2600 3482 contra
2642 3428 2960 3484 Robcrtum
3011 3430 3356 3486 Francorum
3402 3445 3600 3501 regem
3657 3431 3776 3498 Odo,

2160 3511 2393 3568 Tebaldi
2421 3513 2646 3572 fallacis
2681 3515 2852 3586 filius,
2877 3521 2937 3572 et
2965 3517 3310 3588 Willelmus,
3347 3519 3605 3577 Heiurici
3635 3519 3777 3576 ducis

2162 3600 2480 3673 privignus,
2500 3603 2727 3660 favente
2750 3609 2806 3660 et
2832 3606 3098 3662 Brunone
3123 3605 3512 3676 Linguonensi
3530 3608 3779 3680 episcopo

2160 3689 2328 3758 cujus
2351 3691 2405 3746 in
2439 3692 2810 3749 matrimonio
2842 3693 3090 3750 habebat
3120 3709 3408 3766 sororem,
3437 3702 3500 3752 et
3525 3697 3778 3754 Landrico

2161 3777 2501 3834 Nivernensi
2526 3780 2758 3838 comite.
2794 3781 3110 3840 Rainaldus
3138 3797 3280 3838 vero
3328 3798 3529 3840 eomes
3579 3781 3777 3856 praifati

2161 3865 2604 3924 Willelmiﬁlius
2635 3883 2896 3927 sororem
2925 3869 3197 3926 Richardi
3231 3871 3783 3929 Normannorumdu-

2163 3953 2249 4009 cis
2268 3954 2664 4012 Adhelleidam
2689 3956 2853 4014 duxit
2880 3973 3139 4016 uxorem.
3167 3959 3570 4026 Quividelicet
3592 3957 3783 4016 Willel-

2163 4056 2312 4112 mus,
2349 4041 2490 4098 licet
2521 4044 2764 4116 advena,
2799 4045 3084 4103 intantum
3120 4047 3418 4104 convaluit
3467 4048 3687 4105 divitiis
3735 4050 3778 4101 et

2163 4129 2398 4202 milicia,
2438 4137 2498 4188 ut
2527 4147 2639 4189 non
2663 4133 3030 4190 inveniretur
3078 4135 3131 4190 ei
3165 4135 3464 4194 secundus
3489 4137 3546 4192 in
3596 4135 3777 4209 patria.

2165 4219 2264 4274 Cui
2299 4223 2488 4275 tamen
2516 4219 2825 4292 plurimum
2858 4223 3082 4279 restitit
3131 4225 3296 4295 [Iugo
3339 4225 3781 4283 Autissiodoren-

2163 4305 2262 4376 sis,
2297 4306 2393 4378 qui
2427 4307 2762 4365 abbicomes
2789 4309 2984 4366 dictus
3015 4315 3127 4381 est,
3151 4313 3322 4382 cujus
3338 4319 3646 4385 cognatam
3662 4313 3780 4368 Con-

2163 4395 2439 4450 stantiam
2472 4396 2766 4454 Robertus
2799 4397 3050 4455 habebat
3075 4415 3338 4457 uxorein.

2237 4483 2396 4555 [IBID.
2437 4498 2510 4554 IV,
2547 4485 2620 4556 1.]
2655 4490 2742 4542 17.
2769 4485 2953 4556 Igitur
2968 4492 3100 4559 post
3121 4489 3500 4548 Benedictum
3516 4505 3710 4565 papam
3737 4503 3776 4543 a.

2161 4575 2302 4629 1023
2335 4573 2514 4628 frater
2543 4572 2670 4642 ejus
2699 4574 2992 4631 Iohannes
3060 4575 3373 4648 largitione
3413 4580 3673 4650 pecunia:
3724 4590 3778 4631 ex

2161 4659 2351 4718 laicali
2377 4661 2582 4718 ordine
2612 4661 2940 4736 neophytus
2963 4663 3272 4722 ordinatus
3299 4672 3408 4723 est.
3456 4671 3503 4725 Α
3528 4683 3636 4740 quo
3671 4677 3777 4722 cum

2163 4749 2510 4820 requisisset
2542 4751 3230 4824 Constantinopolitanus
3270 4754 3548 4828 antistes,
3593 4764 3652 4813 ut
3698 4769 3777 4812 sua

2161 4837 2428 4895 aecclesia
2453 4838 2606 4895 sicut
2636 4844 2695 4895 et
2719 4840 2971 4897 Romana
2987 4841 3344 4900 universalis
3401 4843 3709 4911 diceretur,
3735 4843 3776 4893 et

2162 4925 2476 4982 doniscum
2501 4928 2910 5000 Romanosque
2942 4929 3042 5000 qui
3075 4931 3255 4988 curiae
3306 4937 3599 5004 praeerant
3645 4932 3779 4986 innu-

2161 5013 2338 5071 meris
2359 5014 2459 5071 fier
2473 5019 2643 5086 teret,
2662 5015 2740 5072 ita
2759 5022 2817 5073 ut
2833 5016 3100 5075 clanculo
3115 5023 3473 5092 temptarent
3488 5018 3777 5096 concedere

2162 5103 2316 5173 quod
2377 5103 2715 5174 rogabatur,
2768 5105 2955 5160 omnis
3003 5108 3078 5163 ob
3119 5108 3228 5164 hoc
3288 5105 3776 5165 vehementissime

2161 5198 2448 5247 commota
2477 5196 2565 5248 est
2592 5191 2775 5247 Italia.
2813 5193 2920 5249 Sed
2939 5194 3254 5252 Galliarum
3285 5194 3776 5268 episc0pictabba-

2160 5282 2251 5335 tes
2286 5278 2376 5336 his
2404 5279 2639 5336 obviare
2661 5281 2856 5336 conati
2891 5286 3050 5353 sunt,
3077 5283 3311 5352 quidam
3335 5284 3390 5338 in
3418 5297 3653 5356 persona
3671 5291 3771 5337 su“.

2163 5365 2394 5436 quidam
2429 5381 2564 5424 vero
2585 5365 2802 5425 litteris
2824 5367 3022 5425 missis
3056 5370 3256 5426 sedem
3273 5363 3774 5443 apostolicamvisi-

2160 5458 2372 5524 tantes,
2407 5457 2464 5511 et
2495 5458 2724 5512 tantum
2745 5455 3126 5528 obprobrium
3140 5460 3198 5512 et
3213 5454 3769 5516 dedecusauctorita-

1758 5564 1996 5622 VARIIE
2039 5566 2440 5624 LECTIONES.

464 5645 534 5684 ³⁸⁷
563 5645 628 5705 ο.
663 5647 758 5720 Ill,
793 5646 831 5703 f.
865 5645 937 5704 in
961 5651 1233 5724 margine
1260 5650 1494 5708 addita.
