3894 6346
163 308 260 369 241
1381 306 1701 373 CHRONIl

2023 308 2156 370 LIB
2183 309 2259 370 ΙΙ.
3414 313 3530 375 242

161 440 301 496 tibus
328 437 393 494 ad
425 438 677 495 medium
706 440 974 512 prolatis,
1008 441 1219 513 quibus
1249 441 1657 499 contradicere
1684 441 1769 496 fas
1801 439 1855 500 A
1888 443 2137 497 stratum
2170 440 2266 511 sit,
2300 438 2509 511 vulgus
2541 444 2729 496 tamen
2762 440 3042 512 injustum
3076 458 3182 514 pro
3222 446 3393 500 Iusto
3439 460 3531 502 ve-

160 541 256 581 non
279 530 485 595 esset,a
508 527 760 583 Romana
787 528 1048 585 tecclesia
1071 529 1507 601 propulsantes.
1538 529 1651 584 Nec
1675 528 1771 583 de-
1886 544 2099 586 nerans
2129 528 2185 584 in
2217 543 2321 585 suo
2352 529 2672 600 permansit
2704 543 2906 585 errore
2937 528 3024 585 δον.

161 615 257 672 fuit
286 614 335 670 in
365 613 452 670 his
497 616 689 686 patris
735 616 1009 674 Richardi
1061 619 1354 675 autentica
1408 617 1721 690 prmsentia
1756 636 1767 671 :
1959 615 2100 687 (F01.
2132 615 2261 685 85’.)
2297 620 2381 672 18.
2405 617 2528 671 Iam
2563 620 2754 672 autem
2786 617 2974 673 eidem
3009 618 3159 689 patri
3187 619 3401 675 Gratiae
3432 622 3527 678 Dei

160 702 311 757 immo
340 703 567 758 omnino
590 704 801 776 sategit
827 710 891 761 ut
916 705 1598 779 ConstantinOpolitanea
1628 720 1773 778 prae-
1886 703 2248 776 praelationis
2280 703 2506 759 sarcina
2538 704 2735 775 gravis
2767 704 3098 775 videbatur,
3119 704 3235 775 jam
3269 707 3341 763 ad
3370 712 3530 765 ante-

159 790 386 862 sumptio
407 792 709 848 confutata
732 793 1396 865 conquiesceret,filium
1421 810 1483 851 se
1504 796 1771 851 Romana;
1885 793 2041 849 riora
2071 792 2367 865 progredi,
2402 791 2763 863 liberiusque
2795 793 3004 850 divina:
3047 794 3525 868 contemplat'oni

159 879 1767 955 :ecclesim,dummatrishonoriprovidebat,ostendens.
1885 879 2153 936 inherere
2180 879 2441 950 juvabat,
2478 880 2609 950 quia
2644 880 2760 950 jam
2794 880 2847 935 in
2881 880 3006 951 ejus
3051 883 3227 939 corde
3282 885 3529 942 mundus

160 968 326 1041 [Iern]
354 969 509 1023 Inter
539 968 691 1025 alios
723 986 951 1042 quoque
975 972 1300 1029 Willelmus
1325 973 1503 1030 abbas
1526 973 1773 1029 eximius
1885 970 2139 1023 aruerat.
2168 968 2234 1022 Et
2262 966 2391 1037 quia
2413 966 2714 1039 quosdam,
2734 968 3526 1043 quilherosolymamierant,

158 1056 432 1128 epistolam
465 1073 632 1130 papae
668 1059 821 1115 misit
849 1075 1096 1132 corpore
1123 1061 1379 1132 brevem,
1407 1063 1505 1119 sed
1532 1062 1771 1117 materia
1886 1056 2056 1112 beate
2089 1055 2144 1110 in
2178 1055 2408 1111 Christo
2440 1056 2791 1112 occubuisse
2833 1059 3161 1128 constabat,
3199 1059 3352 1115 inter
3385 1075 3529 1131 quos

160 1143 420 1213 ingentem
452 1149 509 1199 et
542 1159 810 1202 sermone
858 1145 1232 1219 locupletem,
1268 1163 1437 1220 quam
1487 1149 1579 1205 hic
1625 1148 1773 1205 inse-
1887 1157 2119 1215 quoque
2152 1143 2438 1216 quendam
2471 1159 2543 1200 ex
2574 1146 3093 1215 Augustudunensi
3120 1148 3421 1205 territorio
3443 1164 3529 1206 sa-

158 1247 269 1288 rere
300 1248 401 1289 non
436 1234 625 1305 piguit
664 1254 676 1289 :
1886 1247 2019 1287 num
2052 1236 2111 1287 et
2142 1237 2411 1302 vegetum
2440 1231 2716 1303 nullaque
2751 1233 2955 1290 mortis
2988 1234 3149 1304 signa
3193 1236 3524 1309 habentem,

217 1322 391 1377 Gratia
426 1322 523 1378 Dei
558 1328 619 1378 et
654 1325 981 1380 reverentia
1016 1325 1170 1382 beati
1200 1326 1358 1383 Petri
1392 1325 1515 1383 sedi
1552 1327 1604 1381 in
1631 1327 1771 1382 orbe
1885 1320 1941 1375 in
1976 1320 2106 1376 loco
2138 1320 2234 1377 ubi
2270 1320 2582 1377 novissime
2613 1325 2904 1379 steterunt
2940 1324 3118 1395 pedes
3147 1324 3371 1381 Domini
3396 1340 3527 1382 cum

156 1414 415 1467 terrarum
466 1410 977 1470 excellentissime
1030 1414 1269 1487 indepto
1320 1431 1481 1487 papze
1525 1415 1769 1471 Iohanni
1884 1414 2207 1480 orasset,et
2243 1425 2303 1465 sc
2336 1410 2630 1482 ajDomino
2652 1411 2869 1483 suscipi
2900 1412 2953 1467 in
2979 1428 3120 1484 pace
3149 1413 3525 1486 postulasset,

154 1497 452 1555 Willelmus
482 1499 551 1532 ³⁰³
580 1502 776 1557 crucis
808 1502 1020 1558 Christi
1063 1518 1270 1561 servus
1320 1510 1517 1559 sedem
1563 1503 1769 1574 judicii
1886 1498 2114 1554 modico
2147 1498 2347 1555 dolore
2376 1515 2508 1554 mox
2527 1503 2769 1570 tactum,
2793 1499 2945 1556 domi
2981 1501 3252 1573 relatum,
3277 1518 3526 1575 moxque

153 1602 263 1643 cum
294 1587 570 1659 apostolis
599 1593 659 1645 et
691 1605 964 1647 coronam
999 1593 1181 1662 regni,
1221 1592 1478 1664 Magistri
1509 1594 1768 1663 gentium
1886 1586 2133 1643 relatum
2167 1588 2370 1643 eodem
2406 1587 2458 1643 in
2496 1587 2625 1643 loco
2657 1602 2770 1658 quo
2803 1594 3094 1660 oraverat,
3117 1591 3386 1662 Spiritum
3411 1593 3527 1650 Deo

154 1673 687 1748 dictisinstruimur,
707 1680 993 1736 seniorem
1010 1681 1768 1753 nonincrepandum.lsdem
1887 1674 2233 1746 reddidisse,
2270 1680 2429 1732 Certa
2473 1676 2617 1731 fama
2664 1675 3003 1746 vulgaverat
3036 1698 3048 1734 :
3083 1682 3278 1736 tactus
3309 1684 3368 1737 et
3400 1680 3527 1751 ipse

154 1766 321 1819 tamen
350 1764 489 1821 alias
521 1766 696 1821 dicit:
727 1767 949 1825 Factus
968 1782 1100 1826 sum
1118 1770 1432 1842 insipiens,
1456 1784 1555 1828 eos
1574 1784 1665 1827 me
1684 1785 1771 1827 σο·
1800 1794 1866 1854 Β
1887 1768 2092 1821 saneto
2114 1763 2285 1820 simili
2314 1764 2475 1819 bonae
2500 1763 2828 1820 devotionis
2852 1764 3167 1835 desiderio,
3191 1768 3525 1840 sepulcrum

153 1853 356 1923 egistis.
374 1853 597 1910 Idcirco
622 1854 800 1924 igitur
824 1856 1120 1913 ﬁliationis
1145 1857 1444 1928 diligentia
1469 1859 1770 1916 hortamur
1802 1852 1837 1854 ‘7
1886 1852 2110 1908 DOmini
2128 1852 2379 1909 invisere
2393 1852 2926 1923 gestiensﬁuwsna
2943 1870 2970 1910 a
2991 1856 3250 1928 principe
3264 1862 3320 1912 et
3338 1858 3529 1929 ponti-

151 1956 479 1998 eommunem
512 1948 775 2000 vestram
810 1946 1247 2017 paternitatem,
1271 1951 1334 2003 ut
1367 1948 1421 2002 in
1446 1963 1559 2004 uno
1585 1948 1772 2004 imite-
1888 1941 2096 1998 ficihus
2114 1943 2392 2011 regnique
2408 1940 2834 2012 primoribuset
2850 1942 3056 2000 vicinis
3072 1944 3526 2003 fidelibusetvix

153 2030 269 2084 mini
299 2032 684 2101 cogitationes
719 2033 1010 2090 hominum
1044 2033 1447 2109 pervidentem
1479 2036 1770 2094 dominum
1886 2034 2127 2101 optenta
2152 2029 2409 2100 licentia,
2432 2028 2746 2085 destinavit
2770 2030 2954 2101 primo
2979 2031 3114 2088 filiis
3136 2033 3443 2103 providere
3467 2039 3525 2090 et

155 2116 505 2190 Salvatorem,
526 2124 591 2176 ut
613 2119 825 2176 dicatis
846 2121 915 2175 ad
943 2120 1193 2192 aliquem
1217 2122 1402 2193 vobis,
1421 2123 1766 2194 unanimem,
1885 2132 2085 2174 eorum
2108 2117 2162 2172 in
2181 2117 2450 2174 omnibus
2473 2130 2671 2174 curam
2696 2130 2888 2189 agerc,
2916 2123 2980 2176 ut
3004 2125 3200 2191 posset
3222 2136 3351 2178 cum
3377 2123 3525 2179 bona

155 2207 607 2275 quemadmodum
632 2209 841 2281 etipse
865 2212 1068 2266 Petro:
1101 2211 1259 2276 Quid
1279 2211 1772 2282 dicuzttjtomines
1885 2207 2141 2263 omnium
2194 2207 2503 2264 affectione
2554 2209 3047 2280 peregrinationis
3092 2209 3277 2266 oﬂleia
3324 2215 3525 2268 sancta

152 2293 212 2349 de
234 2296 354 2350 me?
383 2296 435 2351 Si
468 2312 610 2352 vero
648 2312 993 2369 responsum
1026 2297 1152 2367 ejus
1181 2313 1251 2353 ex
1285 2298 1396 2354 fide
1430 2300 1772 2371 fuerit,",ani-
1885 2296 2209 2368 suscipere.
2248 2297 2449 2366 Itaque
2492 2297 2824 2354 Cluniacum
2874 2297 2999 2368 ivit,
3033 2301 3093 2353 et
3145 2298 3294 2355 sicut
3340 2314 3526 2371 usque

157 2382 470 2441 madvertite
495 2385 755 2457 qualiter
782 2386 1066 2443 senuerit.
1095 2388 1148 2443 Si
1171 2387 1350 2459 clare,
1376 2388 1670 2445 custodite
1699 2405 1769 2446 ne
1883 2385 2055 2442 hodie
2088 2384 2141 2439 in
2177 2384 2377 2440 eodem
2411 2385 2678 2443 coenobio
2709 2389 2898 2442 manet
2925 2385 3275 2457 mcmoriale,
3300 2391 3524 2458 patrem

154 2470 484 2529 obfuscetur.
514 2474 568 2530 Si
593 2488 737 2530 vero
763 2474 1037 2546 obscure,
1064 2473 1163 2532 lux
1189 2476 1386 2532 mundi
1411 2476 1628 2533 oranda
1653 2481 1765 2548 est,
1883 2473 2207 2545 piissimum
2242 2478 2510 2531 sanctum
2544 2474 2845 2531 Odiloncm
2868 2473 3187 2531 Virdunum
3215 2489 3411 2531 secum
3432 2475 3528 2533 de-

156 2558 377 2628 qualiter
407 2562 484 2617 ita
512 2561 813 2633 fulgentis,
842 2567 905 2619 ut
932 2563 1221 2619 universis
1246 2564 1300 2619 in
1325 2564 1547 2635 gremio
1569 2564 1770 2622 mecle-
1884 2562 2070 2632 duxit,
2092 2576 2259 2633 quem
2279 2561 2476 2635 plurin
2496 2563 2542 2618 is
2556 2562 2763 2620 diebus
2786 2577 2979 2619 secum
3002 2563 3277 2633 retinens,
3297 2578 3523 2621 omnem

153 2646 236 2703 site
250 2650 579 2706 constitutis
593 2650 669 2706 ad
685 2650 835 2707 viam
856 2652 1258 2709 mandatorum
1276 2653 1373 2709 Dei
1389 2654 1766 2723 gradiendam
1881 2651 1933 2706 ei
1968 2651 2303 2706 monasterii
2321 2650 2743 2721 habitudinem,
2770 2665 2961 2708 mores
2982 2655 3041 2708 et
3061 2652 3239 2708 vitam
3262 2653 3524 2709 habitan-

154 2733 317 2792 lumen
345 2739 680 2808 przebeatis.
705 2738 814 2794 Sed
837 2744 927 2795 est
948 2741 1095 2796 fama
1120 2740 1225 2809 rei,
1254 2756 1591 2814 quae.nuper
1614 2743 1767 2815 apud
1882 2739 2025 2795 tium
2048 2738 2338 2809 jostcndit,
2368 2739 2592 2809 judicio
2622 2738 2749 2808 ejus
2776 2744 2835 2795 et
2864 2739 3096 2797 tuitioni
3133 2740 3357 2811 singula
3389 2757 3523 2798 con-

153 2838 241 2879 vos
268 2825 490 2895 accidit,
525 2826 597 2882 de
635 2840 746 2897 qua
773 2827 904 2897 quis
926 2827 1172 2884 audiens
1203 2827 1248 2884 si
1273 2843 1384 2885 non
1409 2829 1767 2886 scandaliza-
1878 2826 2139 2896 tradens,
2166 2831 2224 2882 ct
2257 2828 2327 2883 ad
2358 2826 2485 2897 ejus
2514 2826 2820 2883 arbitrium
2851 2827 3119 2884 universa
3145 2828 3447 2897 corrigens
3463 2834 3525 2885 et

156 2914 252 2981 tur,
282 2914 497 2970 noverit
532 2928 597 2970 se
634 2913 807 2985 longe
838 2917 908 2972 ab
942 2931 1138 2973 amore
1171 2931 1423 2989 superno
1455 2917 1761 2991 disparari.
1879 2914 2246 2972 confirmans.
2284 2914 2530 2970 Gavisus
2562 2919 2651 2970 cst
2688 2920 2878 2971 autem
2914 2914 2969 2969 in
3010 2915 3249 2971 Domino
3281 2920 3523 2973 sanctus

154 2999 398 3064 Quoniam
422 3002 556 3059 licet
581 3007 855 3076 potestas
878 3005 1533 3078 Romaniimperii,quae
1549 3007 1683 3063 olim
1708 3008 1763 3063 in
1881 3002 2070 3074 Odilo,
2109 3002 2241 3073 quia
2276 3016 2380 3074 per
2410 3016 2512 3057 eos
2545 3017 2690 3073 quos
2720 3002 2830 3058 sibi
2865 3002 3017 3059 filios
3056 3003 3275 3059 fecerat
3303 3006 3362 3059 et
3395 3003 3523 3061 loco

153 3089 272 3144 orbe
301 3094 581 3147 terrarum
612 3092 961 3150 monarcbes
991 3093 1197 3165 viguit,
1224 3109 1375 3152 nunc
1408 3110 1511 3166 per
1534 3094 1764 3152 diversa
1800 3148 1844 3166 η
1880 3090 2205 3162 remiserat,
2240 3090 2470 3147 fructus
2503 3090 2637 3146 boni
2668 3090 2865 3146 odoris
2896 3090 3194 3162 carpebat.
3233 3090 3373 3160 (Fol.
3404 3094 3519 3164 86.)

154 3181 407 3236 terrarum
438 3180 565 3238 loca
621 3182 945 3238 innumeris
977 3148 1218 3254 regatur
1249 3148 1763 3257 sceptrisgligandi
1797 3148 1846 3212 Ο
1881 3178 1984 3235 Ubi
2017 3193 2158 3234 vero
2194 3176 2484 3235 voluntati
2520 3177 2752 3235 illorum
2777 3178 3141 3235 satisfecisse
3166 3148 3517 3250 secredidit,

152 3264 496 3339 solvendique
525 3268 579 3324 in
617 3268 771 3325 coelo
801 3273 860 3326 et
893 3270 948 3325 in
996 3275 1155 3326 terra
1190 3271 1765 3344 potestaslincumbit
1877 3265 2210 3323 valedicens
2240 3266 2531 3335 omnibus,
2568 3266 2748 3323 filium
2781 3268 2898 3323 Deo
2933 3266 3366 3338 commendans,
3395 3266 3525 3325 Clu-

152 3354 451 3422 magisterio
497 3356 684 3412 Petri.
724 3358 912 3428 Atque
964 3358 1184 3415 idcirco
1234 3359 1342 3415 ista
1391 3359 1664 3430 diximus,
1702 3364 1765 3417 ut
1876 3354 3523 3427 niacumrediit,etdeprofectuazcclesiaailliusgaudium

153 3442 597 3501 animadvertetis
636 3459 748 3500 non
781 3445 955 3501 aliter
996 3447 1208 3504 Grecos
1241 3461 1410 3519 quam
1442 3447 1781 3506 cenodoxia'
1875 3445 2010 3501 filiis
2042 3449 2098 3500 et
2130 3445 2411 3501 fratribus
2443 3444 2922 3501 Cluniacensibus
2950 3444 3197 3501 exibuit.
3231 3444 3520 3501 Rcferunt

154 3527 243 3584 hoc
272 3532 412 3601 quod
445 3532 782 3589 audivimus
815 3534 968 3605 apud
1003 3549 1104 3591 vos
1134 3534 1456 3606 requirere,
1491 3533 1765 3607 impetra-
1877 3534 2066 3590 adhuc
2096 3534 2378 3603 moderni,
2406 3534 2501 3604 qui
2526 3533 2836 3590 audierunt
2862 3548 2889 3589 a
2915 3533 3201 3604 patribus,
3229 3532 3360 3604 quia
3385 3548 3525 3603 quo-

155 3616 302 3673 visse.
334 3622 405 3676 De
434 3627 642 3677 cetero
676 3635 908 3693 quoque
938 3626 1228 3693 optamus,
1256 3623 1340 3680 uti
1373 3623 1762 3680 universalem
1875 3622 2031 3678 tiens
2052 3622 2123 3677 ab
2150 3622 2280 3678 istis
2305 3620 3052 3693 partibusregrediebatur,
3071 3620 3215 3677 adeo
3233 3621 3525 3690 segratio-

156 3702 297 3761 decet
329 3709 671 3781 antistitem,
697 3724 799 3766 vos
822 3710 1018 3768 acrius
1039 3711 1094 3766 in
1119 3712 1491 3783 correptione
1512 3717 1570 3767 et
1595 3712 1765 3769 disci-
1796 3764 1803 3770 .
1878 3725 2005 3767 sum
2038 3711 2108 3766 de
2142 3710 2333 3781 bonis,
2360 3725 2487 3780 quae
2521 3710 2575 3764 in
2612 3713 2777 3781 patre
2808 3713 3011 3765 nostro
3033 3713 3089 3764 et
3110 3708 3245 3764 filiis
3269 3708 3527 3778 gratula-

157 3792 283 3860 plina
314 3803 517 3855 sanctae
550 3803 613 3853 et
649 3797 989 3869 apostolicae
1021 3799 1563 3872 :ecclesize_vigere,
1597 3804 1765 3857 :eter-
1878 3799 2071 3865 batur,
2096 3797 2553 3869 exibcbat,adeo
2576 3811 2676 3854 eos
2697 3796 3191 3852 commendabiles
3215 3797 3520 3867 reddebat,

157 3895 314 3951 neque
341 3890 395 3940 et
429 3886 683 3944 feliciter
715 3886 769 3942 in
806 3886 1036 3944 Christo
1085 3887 1298 3945 valere.
1877 3893 1942 3945 ut
1964 3892 2195 3959 gratum
2221 3886 2464 3943 haberet
2487 3886 2582 3956 qui
2607 3885 2863 3942 videbat.
2882 3885 3067 3954 Igitur
3088 3884 3307 3955 paratis
3327 3899 3525 3941 neces-

216 3970 460 4047 (Fol.85.)
477 3975 569 4031 Sic
583 3975 887 4032 confutata
913 3976 1227 4034 Grecorum
1253 3976 1632 4049 przesumptio
1651 3981 1760 4034 est.
1878 3976 2053 4032 sariis
2070 3974 2423 4046 sumptibus,
2447 3972 2754 4044 dispositis
2778 3971 2884 4027 vite
2906 3971 3526 4042 comitibus,commis-

161 4057 341 4115 liodem
372 4077 535 4133 anno,
571 4063 672 4135 qui
706 4069 831 4119 erat
867 4065 939 4120 ab
974 4065 1084 4121 inc.
1122 4066 1280 4122 Dom.
1320 4069 1475 4137 1024,
1504 4066 1673 4135 jussu
1705 4071 1764 4123 et
1877 4079 1938 4121 sa
1955 4064 2073 4119 Dco
2090 4062 2341 4118 filiorum
2370 4075 2532 4132 cura,
2552 4059 2959 4117 benedictione
2984 4059 3279 4132 pontificis
3303 4063 3362 4115 et
3385 4060 3525 4115 vici-

159 4146 473 4206 oboedientia
488 4151 682 4223 patris
702 4151 999 4224 Ricbardi,
1026 4153 1338 4225 Leduinus,
1356 4154 1426 4210 de
1450 4170 1564 4225 quo
1589 4168 1764 4226 supra
1879 4166 2085 4208 norum
2102 4149 2442 4221 przesulum,
2459 4149 2805 4221 optimatum
2821 4162 3051 4219 quoque
3065 4148 3525 4205 etomniumom-

161 4234 448 4307 retulimus,
484 4239 769 4312 praelatus
797 4243 889 4296 est
920 4242 1169 4299 abbatim
1199 4243 1385 4298 sancti
1438 4243 1690 4299 Vedasti.
1879 4240 2014 4297 nino
2030 4238 2330 4311 postulata
2353 4243 2407 4294 et
2435 4242 2694 4311 accepta,
2720 4236 3074 4295 venerabilis
3098 4242 3264 4309 pater
3287 4238 3524 4295 Richar-

219 4324 358 4383 Anno
388 4342 620 4400 quoque
652 4333 787 4385 1027
831 4329 976 4385 obiit
1028 4330 1340 4387 Fulbertus
1390 4332 1766 4389 Carnotensis
1880 4330 1990 4386 dus
2026 4327 2221 4385 Gratia
2253 4327 2351 4384 Dei
2383 4342 2660 4397 egressus
2700 4332 2794 4383 est
2831 4342 2960 4385 cum
2995 4325 3306 4383 Madelveo
3340 4341 3523 4384 novus

161 4409 451 4487 episcOpus,
503 4416 826 4473 indictione
858 4423 931 4485 7;
965 4419 1061 4490 qui
1109 4423 1326 4490 quanto
1372 4434 1568 4475 amore
1613 4420 1764 4478 hunc
1881 4418 2227 4491 peregrinus
2256 4417 2312 4473 in
2344 4416 2538 4474 cordis
2577 4416 2805 4473 laetitia.
2837 4417 3244 4487 Prosequutus
3274 4419 3362 4471 est
3393 4430 3525 4471 eum

163 4502 353 4565 patrem
411 4509 677 4562 nostrum
722 4504 1014 4578 dilexerit,
1067 4507 1484 4580 experimentis
1532 4507 1765 4580 perplu-
1794 4503 1846 4563 D
1882 4510 2044 4564 totus
2076 4505 2330 4578 pepulus
2356 4520 2486 4562 cum
2511 4504 2766 4562 lacrimis
2786 4508 2841 4562 et
2864 4504 3062 4575 rugitu
3086 4503 3299 4573 cordis,
3322 4502 3527 4558 dolens

161 4584 296 4644 ribus
329 4598 504 4664 patet.
1094 4586 1103 4597 ’
1882 4595 2038 4666 quod
2054 4594 2479 4651 destitueretur
2497 4593 2623 4663 ejus
2641 4593 2975 4665 praesentia,
2994 4606 3163 4662 quem
3180 4605 3301 4645 sum
3317 4588 3528 4647 salutis

220 4677 342 4744 (Pol.
374 4682 501 4756 85’.)
532 4687 695 4743 Tunc
724 4684 1010 4756 temporis
1041 4684 1285 4756 contigit
1312 4684 1495 4742 innoti
1515 4699 1646 4742 ossa
1670 4684 1768 4742 ho-
1880 4682 2191 4757 praesulem
2223 4683 2477 4754 vitaeque
2513 4686 2765 4738 tutorem
2798 4679 3094 4736 credebat.
3123 4678 3283 4743 Quod
3309 4675 3398 4731 vir
3420 4676 3517 4730 Dei

162 4765 306 4824 minis
331 4771 397 4827 de
426 4772 550 4831 loco
583 4774 989 4845 abjectissimo
1014 4787 1044 4828 a
1069 4775 1318 4844 quodam
1343 4788 1626 4844 mangone
1651 4774 1769 4830 col-
1883 4770 2479 4841 henigneconsolans,
2495 4773 2556 4825 ut
2583 4770 3021 4825 reverterentur
3038 4763 3358 4832 admonuit,
3377 4762 3522 4819 dans

164 4848 291 4913 lecta
321 4864 371 4914 et
426 4862 645 4920 feretro
676 4862 948 4933 imposita
1002 4862 1123 4932 (fol.
1159 4863 1270 4934 85),
1307 4862 1363 4918 in
1414 4862 1768 4919 monasterio
1884 4861 1940 4917 in
1972 4859 2287 4927 mandatis,
2312 4860 2489 4914 Deum
2523 4860 2646 4912 tota
2669 4857 2889 4912 virtute
2912 4852 3525 4923 diligere,proximum

161 4949 351 5002 sancite
369 4949 553 5008 Mariae
578 4949 736 5022 apud
760 4950 1020 5007 Seusiam
1045 4951 1152 5007 sub
1178 4950 1407 5007 nomine
1436 4951 1588 5007 Iusti
1623 4966 1770 5006 mar-
1882 4949 2172 5020 venerari,
2192 4946 2457 5003 inimicos
2482 4943 2747 5015 diligere,
2772 4942 3076 4999 caritatem
3101 4955 3314 5009 amare,
3333 4939 3528 5010 hospi-

164 5032 284 5098 iyris
300 5048 328 5090 a
344 5036 655 5097 Mainfredo
679 5038 1008 5096 marchione
1037 5040 1214 5097 fuisse
1232 5040 1510 5112 reposita.
1531 5040 1672 5112 [lem
1692 5056 1766 5110 ιν,
1884 5038 2173 5094 talitatem
2190 5036 2425 5106 sectari,
2441 5032 2777 5090 elemosinis
2793 5030 3180 5101 intendere,et
3201 5044 3302 5101 pro
3317 5042 3378 5085 se
3395 5028 3529 5084 sibi-

160 5119 224 5189 3.]
252 5121 349 5179 Sed
379 5123 508 5183 licet
543 5126 841 5197 religiosis
872 5126 930 5183 id
962 5128 1336 5187 vanissimum
1378 5133 1437 5186 et
1484 5128 1769 5186 stultissi-
1886 5143 1995 5199 que
2021 5126 2438 5185 comitantibus
2460 5126 2637 5180 Deum
2662 5119 3013 5194 propensius
3028 5134 3293 5175 exorare.
3322 5118 3412 5174 Sic
3437 5132 3528 5174 sa-

165 5219 290 5265 mum
322 5212 491 5273 luisse
523 5214 730 5272 multis
758 5219 816 5271 et
846 5216 1112 5288 probatis
1146 5217 1512 5277 documentis
1537 5218 1770 5275 demon-
1884 5216 2090 5273 lutatis
2123 5215 2409 5286 omnibus,
2432 5210 2790 5271 resalutatus
2811 5223 2840 5265 a
2865 5208 3113 5281 cunctis,
3137 5207 3413 5266 dimissus
3434 5210 3528 5263 est

1482 5387 1721 5443 VARIE
1764 5382 2162 5442 LECTIONES.

220 5497 280 5532 ³⁰⁸
308 5504 387 5584 W.
417 5519 463 5563 ο.
505 5506 610 5584 ’³9⁸
642 5506 874 5584 Abhinc
902 5509 1166 5568 ordinem
1193 5507 1575 5584 immutatum
1612 5510 1789 5579 Euge
1827 5509 1895 5567 in
1929 5507 2206 5579 margine
2246 5506 2454 5584 liitera
2491 5500 3062 5584 αιζῖεσιῌπάἱσᾳυὶι
3105 5502 3165 5584 et
3199 5500 3307 5584 Itoc
3340 5500 3481 5556 nota
3514 5520 3527 5554 :

171 5566 459 5632 Secundum
488 5566 1132 5637 determinationemet
1150 5566 1412 5638 ordinem
1447 5566 1777 5637 litteraru'm
1810 5566 1871 5636 tu
1906 5566 2138 5649 quoque
2172 5590 2338 5633 serva
2372 5566 2599 5646 legendi
2630 5572 2892 5629 ordinem
2922 5579 2981 5629 et
3012 5569 3420 5641 capitulorum.
