3894 6312
414 319 533 382 243

1382 316 1748 385 HUGONIS
1789 311 2137 379 ABBATIS
2180 313 2861 381 FLAVINIACENSIS

3689 321 3782 383 Elii

419 459 638 527 eptatze
663 453 769 512 via:
789 470 919 512 eum
941 453 1150 527 gratia,
1179 454 1450 513 omnibus
1473 452 1800 524 orantibus,
1825 455 1884 510 et
1907 449 2059 510 elata
2091 451 2145 512 Α
2176 453 2364 510 accito
2399 453 2610 512 famulo
2643 459 2702 512 ut
2729 453 2800 510 de
2827 453 2985 510 fonte
3013 451 3121 510 sibi
3149 451 3407 526 afferret,
3434 453 3604 528 cujus
3625 454 3787 529 perlu-

423 544 478 600 in
512 544 806 602 excelsum
842 560 983 601 voce
1011 544 1424 614 clamantibus,
1463 550 1523 602 ut
1555 546 2010 616 prosperarctur
2031 556 2060 596 a

422 634 540 688 Deo
566 633 651 689 via
675 635 818 704 ejus.
845 635 1147 706 Expensas
1169 639 1361 690 autem
1386 635 1494 689 viae
1519 633 1764 689 Richard
1778 647 1842 688 us
1867 646 2062 686 eomes

423 724 885 778 Normannorum
918 739 1118 779 omnes
1141 723 1191 778 ei
1217 723 1509 779 attribuit.
1537 723 1672 777 Erat
1697 721 1846 776 enim
1874 721 1926 774 in
1950 721 2064 774 elc-

424 811 662 868 mosinis
687 811 900 881 largus,
927 813 1176 868 caritate
1199 812 1464 881 diffusus,
1490 811 1794 867 honestate
1829 808 2064 880 praecla-

425 915 543 956 rus.
573 902 893 972 Supersunt
919 901 1106 958 adhuc
1143 902 1194 955 in
1234 900 1587 956 Brittannica
1619 899 1801 954 insula
1837 903 1895 952 et
1928 899 2064 952 Nor-

426 989 649 1044 mannia
685 989 910 1045 nobiles
939 992 995 1046 et
1034 989 1260 1060 probati
1302 989 1431 1060 viri,
1459 989 1554 1059 qui
1590 988 1862 1044 viderunt
1913 988 2062 1042 hunc

427 1083 648 1147 patrem
683 1082 946 1134 nostrum
983 1078 1176 1134 Gratia
1211 1077 1330 1148 Dei,
1357 1080 1413 1133 et
1450 1077 1715 1132 noverint
1749 1078 1968 1145 quanto
1993 1075 2062 1129 ab

423 1167 623 1222 eodem
641 1167 850 1222 comite
866 1165 1463 1236 diligebaturaﬂ‘ectu.
1484 1168 1527 1221 A
1543 1165 1754 1236 quibus
1773 1163 2061 1220 nosetiam

425 1254 530 1310 ista
575 1255 923 1325 audivimus,
967 1255 1061 1326 qui
1093 1261 1150 1312 et
1187 1257 1406 1310 referre
1438 1253 1593 1310 soliti
1627 1258 1778 1320 sunt,
1813 1253 1944 1323 quia
1979 1251 2062 1306 sic

424 1343 535 1397 sibi
584 1343 881 1400 individua
929 1343 1244 1401 dilectione
1300 1343 1680 1411 adherebant,
1720 1345 1777 1397 ut
1824 1346 2064 1412 putares

428 1445 592 1486 uitam
627 1433 871 1487 animam
906 1432 1131 1489 duobus
1166 1433 1358 1487 inesse
1394 1430 1756 1502 corporibus.

501 1523 578 1576 19.
600 1521 854 1591 Optabili
877 1537 1018 1590 ergo
1041 1521 1507 1592 peregrinatione
1531 1521 1828 1590 suscepta,
1849 1517 1934 1573 vir
1958 1519 2064 1572 Do-

425 1607 558 1662 mini
619 1609 944 1665 Richardus
999 1610 1404 1679 septingentos
1470 1607 1810 1678 peregrinos
1867 1622 2060 1661 secum

423 1695 586 1750 duxit
615 1696 746 1768 (98),
775 1697 986 1767 quibus
1016 1712 1085 1752 ex
1119 1696 1372 1768 propriis
1404 1695 1660 1752 subsidia
1695 1695 1887 1752 vietus
1911 1695 2064 1750 sum-

2174 545 2297 600 eida
2319 544 2586 602 claritate
2611 543 2939 601 delectatus
2957 547 3105 616 erat,
3123 544 3440 602 admonuit.
3461 544 3562 602 Ille
3576 547 3780 617 vadens,

2174 650 2244 690 ex
2277 650 2424 706 aqua
2458 635 2634 690 fontis
2679 649 2817 690 vase
2871 634 3128 706 impleto,
3165 633 3289 690 viro
3331 633 3429 690 Dei
3463 635 3780 706 propinavit.

2175 723 2284 780 Sed
2319 727 2382 780 ut
2411 739 2512 778 vas
2543 723 2628 778 ori
2663 723 2939 789 admovit,
2977 737 3183 793 aquam
3227 722 3282 777 in
3314 723 3510 780 vinum
3539 725 3785 782 Dominus

2178 811 2424 867 mirabili
2459 811 2678 868 virtute
2703 811 3014 880 convertit,
3042 815 3101 865 et
3125 810 3212 866 sic
3236 810 3332 880 qui
3359 825 3566 880 aquam
3589 811 3784 867 deside-

2177 907 2426 969 raverat,
2462 901 2655 956 vinum
2709 900 2952 971 accepit.
2991 900 3365 970 Stupefactus
3397 915 3426 954 a
3464 899 3673 956 famulo
3717 915 3785 956 re-

2175 991 2376 1060 quirit,
2395 990 2488 1047 ubi
2511 990 2700 1046 vinum
2717 989 3032 1061 acceperit,
3049 994 3105 1046 et
3121 991 3402 1045 evacuate
3425 1003 3585 1060 vase,
3603 989 3784 1045 iterato

2173 1096 2302 1134 eum
2339 1096 2442 1152 pro
2476 1096 2620 1150 aqua
2660 1080 2833 1135 fontis
2866 1078 3109 1135 remisit.
3136 1078 3424 1149 (Fol.86’).
3452 1079 3556 1135 Ille
3573 1079 3786 1135 admira-

2173 1174 2290 1238 tus,
2315 1169 2546 1225 cuuetis
2579 1169 2956 1224 cernentibus
2987 1183 3192 1238 aquam
3227 1168 3416 1224 hausit
3444 1169 3517 1224 de
3553 1169 3720 1236 fonte,
3741 1172 3788 1222 et

2175 1260 2298 1315 viro
2333 1259 2428 1315 Dei
2467 1259 2814 1330 propinavit.
2843 1257 2953 1313 Sed
2977 1258 3184 1312 iterum
3211 1257 3521 1313 divinitate
3557 1257 3784 1329 propicia

2175 1363 2320 1418 aqua
2357 1347 2532 1403 fontis
2581 1347 2636 1401 in
2685 1347 2876 1402 vinum
2921 1361 3202 1402 conversa
3251 1351 3362 1401 est.
3398 1345 3567 1412 Quod
3595 1345 3678 1400 vir
3707 1347 3784 1400 Dei

2173 1452 2518 1507 agnoscens,
2537 1439 2650 1492 Deo
2663 1436 2882 1505 gratias
2905 1435 3118 1504 egit,et
3146 1434 3563 1504 bibit,cunetis
3586 1449 3787 1504 quoque

2173 1541 2241 1581 ex
2273 1526 2473 1582 eodem
2503 1525 2636 1580 vino
2687 1525 2738 1578 in
2800 1525 3002 1580 eodem
3061 1539 3196 1579 vase
3261 1523 3611 1594 propinavit.
3663 1523 3786 1589 Quid

2173 1614 2337 1686 plura
2361 1616 2384 1668 ?
2406 1615 2679 1669 Biberunt
2713 1627 2935 1683 omnes,
2961 1618 3016 1668 et
3043 1611 3281 1682 virtutis
3313 1611 3556 1668 Domino
3585 1610 3790 1668 benedi-

2175 1707 2404 1770 xerunt,
2445 1703 2536 1772 qui
2585 1701 2718 1757 facit
2767 1701 3052 1756 mirabilia
3099 1699 3262 1757 solus
3294 1700 3488 1766 (Psal.
3523 1715 3664 1768 LXXI,
3695 1704 3784 1767 48),

423 1784 649 1840 cienter
681 1785 1132 1841 administravit.
1158 1787 1334 1840 Erant
1358 1785 1530 1840 etiam
1555 1784 1606 1838 in
1632 1784 1914 1839 comitatu
1934 1783 2060 1852 ejus
2097 1810 2141 1864 υ
2173 1793 2341 1860 cujus
2374 1805 2614 1859 regnum
2647 1805 2884 1859 regnum
2917 1791 3008 1844 est
3042 1792 3323 1844 geternum
3355 1789 3541 1856 (Dan.
3569 1803 3662 1857 vn,
3691 1792 3783 1854 27),

423 1871 796 1942 quamplures
830 1873 946 1942 alii,
984 1872 1136 1928 inter
1169 1889 1310 1942 quos
1341 1876 1505 1928 erant
1541 1871 1654 1928 duo
1687 1873 1758 1927 ab
1794 1872 1936 1928 urbe
1960 1873 2060 1926 Ba-

415 1960 762 2031 joeensium,
799 1967 964 2033 pater
985 1965 1041 2018 et
1069 1961 1243 2030 filius,
1271 1963 1566 2018 lIuhertns
1588 1966 1644 2017 et
1673 1961 2054 2028 Gauzfredus,

421 2049 516 2118 qui
543 2049 616 2104 ita
640 2050 940 2106 comitatui
965 2050 1092 2121 ejus
1109 2050 1483 2106 adheserunt.
1507 2051 1640 2104 Erat
1668 2049 1816 2104 idem
1844 2050 2061 2104 [luber-

419 2142 516 2192 tus
547 2138 772 2193 diutino
805 2138 1082 2207 languore
1136 2139 1471 2210 depressus,
1509 2139 1582 2193 ita
1621 2141 1682 2194 ut
1716 2154 1820 2209 per
1851 2153 2058 2192 annum

422 2225 710 2294 integrum
728 2227 998 2282 neclecto
1019 2243 1260 2296 surgere
1281 2211 1384 2282 nec
1408 2227 1462 2280 in
1487 2227 1640 2281 latus
1663 2226 1817 2281 aliud
1843 2228 2061 2295 absque

425 2315 801 2383 suti'ragantis
835 2315 1204 2370 amminiculo
1237 2331 1296 2370 se
1332 2318 1522 2386 posset
1559 2315 1891 2369 deflectere.
1924 2314 2061 2368 Er'uic

426 2412 533 2451 una
569 2397 792 2452 dierum
847 2397 900 2452 in
951 2397 1241 2465 cubiculo,
1279 2413 1391 2468 quo
1433 2399 1684 2468 jacebat,
1721 2397 1961 2466 angelus
2007 2397 2058 2452 in

425 2485 709 2540 columbae
743 2486 970 2556 species
1001 2501 1288 2557 apparens
1315 2505 1328 2539 :
1366 2487 1537 2551 Vade,
1567 2486 1769 2556 inquit,
1784 2499 2062 2557 parane-

423 2574 704 2643 cessaria,
723 2575 780 2630 et
794 2589 972 2646 perge
989 2575 1384 2644 J/terusatem,
1401 2577 1550 2647 quia
1569 2575 1856 2632 Dominus
1868 2575 2054 2646 jubet.

425 2661 526 2716 Cui
542 2679 669 2718 cuni
688 2661 784 2717 ille
799 2664 1226 2734 respondisset:
1248 2664 1406 2730 Quid
1399 2664 1822 2736 faciam,quia
1838 2678 2060 2735 nequeo

421 2761 711 2821 surgere?
744 2752 840 2808 ille
876 2753 1086 2809 iterato
1118 2773 1129 2808 :
1169 2755 1351 2823 Para,
1391 2754 1600 2824 inquit,
1634 2755 1974 2812 necessaria
2004 2755 2065 2810 et

420 2840 588 2910 rude,
611 2843 758 2910 quia
781 2841 1065 2898 Dominus
1086 2843 1232 2898 cuit.
1263 2841 1570 2912 Adquievit
1596 2843 1784 2911 homo,
1811 2846 1867 2898 et
1893 2857 2058 2898 mane

425 2929 572 2983 faeto
619 2931 830 2986 fratres
863 2936 921 2985 et
955 2930 1308 3002 propinquos
1357 2930 1664 3000 advecans,
1697 2929 2055 2986 voluntatem

423 3017 638 3072 Domini
671 3018 921 3090 aperuit,
943 3035 1102 3075 suam
1124 3034 1352 3089 quoque
1377 3019 1734 3076 voluntatem
1761 3019 1814 3074 in
1842 3019 1896 3073 id
1927 3033 2057 3075 esse

423 3112 480 3159 ut
507 3106 768 3160 obedirct
800 3107 1092 3177 patefecit.
1115 3106 1196 3160 llli
1223 3107 1671 3175 admirantes,et
1693 3121 1798 3177 pro
1823 3107 2058 3161 infirmi-

422 3198 541 3247 tate
577 3210 742 3264 quam
772 3195 1044 3250 videbant
1068 3193 1351 3251 voluntati
1382 3195 1507 3264 ejus
1529 3195 1825 3251 contraire
1847 3210 2058 3252 conan-

423 3285 529 3345 tes,
556 3297 685 3336 cum
717 3288 984 3338 avertere
1017 3283 1303 3338 hominem
1334 3299 1362 3338 a
1397 3288 1558 3339 recta
1597 3283 1916 3340 intentione
1941 3300 2058 3341 mo-

425 3367 692 3437 lirentur,
723 3368 1082 3440 impossibile
1105 3385 1231 3426 esse
1256 3370 1708 3440 pronuntiabant
1727 3372 1878 3442 quod
1904 3371 2057 3429 dice-

425 3455 626 3521 batur;
649 3473 777 3512 eum
813 3457 908 3513 ille
939 3457 1116 3514 lilium
1155 3459 1539 3515 Gauzfredum
1570 3459 1943 3516 assistentem
1975 3461 2056 3516 vi-

423 3543 596 3598 dens:
629 3545 799 3614 I'ade,
815 3545 916 3616 ait,
922 3561 1206 3617 praepara
1225 3561 1514 3619 expensas
1535 3547 2057 3619 etquasunttanto

420 3631 630 3689 itineri
649 3633 1007 3703 necessaria,
1032 3635 1182 3706 quia
1199 3635 1258 3690 et
1274 3648 1376 3706 ego
1399 3634 1512 3704 ibo,
1529 3641 1584 3691 et
1605 3635 1669 3692 tu
1689 3649 1928 3706 mecum,
1950 3637 2056 3694 Dei

417 3723 758 3792 cooperante
769 3723 1099 3780 clementia.
1120 3722 1429 3794 Adquievit
1447 3723 1620 3794 filius,
1637 3726 1694 3780 et
1711 3723 1930 3795 paratis
1943 3740 2056 3794 quo

419 3808 592 3865 citius
613 3811 800 3881 potuit
828 3815 988 3867 tanto
1003 3812 1195 3867 itineri
1215 3812 1583 3883 necessariis,
1603 3816 1826 3883 patrem
1842 3812 1912 3868 de
1926 3827 2057 3883 pro-

420 3896 668 3954 fectione
691 3899 1008 3956 admonuit.
1037 3900 1139 3956 Ille
1165 3901 1625 3973 propinquorum
1649 3905 1705 3955 et
1729 3899 2053 3958 vicinorum

417 4001 663 4054 surgens
684 3987 1077 4058 amminiculo,
1095 3996 1324 4060 pontem
1349 3994 1484 4045 ante
1499 3989 2056 4046 monasteriumsan-

414 4077 523 4130 ctze
556 4076 746 4131 Mari-te
778 4076 1126 4145 Magdalenze
1157 4077 1211 4131 in
1245 4077 1445 4134 eadem
1481 4078 1882 4148 Bajoeensiuin
1917 4077 2056 4134 civi-

415 4164 538 4216 tate
568 4160 764 4230 situm,
795 4163 950 4231 quod
983 4167 1112 4218 erat
1141 4165 1392 4220 vicinum
1426 4165 1618 4221 domui
1653 4181 1792 4236 suae,
1829 4179 1858 4219 a
1890 4167 2055 4236 quat-

416 4251 553 4303 tuor
583 4249 716 4304 hinc
747 4255 806 4304 et
837 4250 970 4306 inde
1003 4255 1366 4308 sustentatus
1419 4253 1670 4323 transiit,
1703 4257 1761 4309 et
1812 4270 1945 4310 mox
1989 4257 2055 4310 ut

417 4352 569 4407 equo
599 4335 908 4408 impositus
933 4344 1047 4409 est,
1081 4355 1257 4397 sanus
1289 4342 1478 4397 factus
1506 4346 1562 4397 et
1596 4341 1918 4411 incolomis,
1945 4340 2052 4396 vite

416 4440 478 4480 se
509 4425 780 4496 credidit,
815 4430 874 4482 et
900 4427 1218 4484 comitante
1251 4428 1442 4484 divina
1492 4429 1680 4500 gratia
1729 4431 2048 4488 Virdunum

2171 1883 2228 1934 et
2256 1885 2516 1950 potestas
2536 1878 2663 1948 ejus
2687 1881 2950 1950 potestas
2971 1881 3195 1946 eterna,
3219 1891 3346 1946 quae
3373 1890 3484 1931 non
3513 1876 3784 1932 auferetur

2175 1967 2381 2038 (Ibid,
2407 1971 2518 2037 44).
2547 1968 2846 2036 Biberunt,
2865 1967 3116 2036 inquam,
3137 1979 3338 2020 onmes
3365 1963 3436 2020 de
3458 1963 3593 2019 vino
3619 1963 3727 2030 illo,
3740 1968 3783 2016 et

2173 2056 2364 2112 vinum
2395 2057 2759 2113 imminutum
2785 2071 2892 2112 non
2926 2059 3049 2119 est;
3076 2052 3207 2124 quia
3241 2068 3372 2108 cum
3405 2067 3610 2109 omnes
3640 2052 3786 2108 bibis-

2171 2148 2320 2214 sent,
2347 2145 2529 2201 sellus
2554 2143 2650 2200 ille
2675 2144 2932 2214 scyphus
2956 2141 3326 2198 abundanter
3347 2141 3587 2197 cunctis
3605 2139 3780 2206 adfuit,

2171 2238 2230 2288 et
2262 2235 2626 2304 postmodum
2677 2233 2827 2304 patri
2879 2230 3170 2287 Riehardo
3222 2245 3331 2285 non
3368 2230 3581 2286 defuit.
3615 2231 3677 2286 Et
3707 2228 3784 2300 qui

2173 2321 2336 2390 vidit,
2394 2321 2792 2377 testimonium
2852 2318 3171 2391 perhibuit,
3221 2317 3549 2389 praedictus
3587 2317 3783 2374 scilicet

2173 2411 2525 2466 Humbertus
2558 2415 2617 2466 et
2649 2409 2804 2466 filius
2834 2409 2960 2477 ejus
2977 2407 3332 2473 Gaufrcdus;
3357 2409 3418 2461 et
3444 2407 3657 2463 scimus
3676 2406 3783 2476 quia

2171 2514 2369 2555 verum
2402 2503 2488 2555 est
2517 2498 2910 2554 testimonium
2930 2510 3150 2565 eorum,
3179 2495 3310 2565 quia
3331 2493 3445 2566 ipsi
3471 2509 3546 2550 ex
3566 2511 3631 2551 eo
3654 2495 3782 2550 bibe-

2169 2592 2326 2658 runt,
2359 2602 2489 2644 cum
2520 2587 2789 2643 sederent
2823 2601 2889 2642 ea
2931 2585 3072 2640 hora
3119 2597 3299 2655 prope
3351 2582 3515 2639 latus
3561 2583 3781 2640 hominis

2167 2676 2298 2744 Dei;
2319 2681 2376 2732 et
2403 2680 2683 2748 prmterea
2709 2675 2946 2731 virtutis
2969 2673 3143 2742 hujus
3165 2675 3250 2728 tot
3273 2674 3408 2728 sunt
3435 2675 3645 2742 testes,
3668 2677 3780 2742 quot

2168 2770 2337 2820 erant
2365 2765 2470 2821 via:
2501 2765 2764 2834 comites,
2801 2763 2931 2834 quia
2965 2761 3160 2818 nullus
3193 2761 3246 2816 in
3283 2759 3572 2818 comitatu
3605 2760 3694 2816 illo
3721 2761 3783 2814 in-

2169 2857 2376 2910 ventus
2405 2857 2518 2923 est,
2544 2853 2637 2908 cui
2671 2867 2782 2908 non
2809 2850 2896 2907 vir
2915 2851 3012 2908 Dei
3037 2866 3110 2906 ex
3132 2850 3241 2906 hoc
3262 2849 3394 2917 vine
3418 2849 3657 2906 virtutis
3678 2863 3782 2921 pro-

2169 2941 2445 3012 pinassct.
2473 2943 2574 2998 Est
2597 2941 2786 2998 adhuc
2809 2943 2865 2996 in
2899 2939 3199 3011 Bajoceusi
3225 2938 3369 2995 urbe
3401 2939 3573 3008 quasi
3605 2951 3780 2994 novum

2169 3029 2276 3086 hoc
2309 3030 2669 3101 miraculum,
2694 3037 2752 3086 et
2778 3033 2972 3101 patres
2995 3028 3092 3100 qui
3115 3027 3391 3084 viderunt
3418 3031 3778 3084 narraverunt

2111 3160 2136 3183 η
2167 3133 2231 3174 ea
2268 3118 2400 3175 filiis
2431 3119 2568 3190 suis,
2595 3123 2651 3175 et
2688 3119 2789 3174 lilii
2820 3118 3070 3174 filiorum
3101 3115 3258 3189 filiis,
3286 3121 3345 3173 ut
3373 3119 3685 3188 cognoscat
3703 3129 3781 3185 ge-

2169 3207 2394 3264 neratio
2428 3206 2632 3264 altera.
2669 3209 2783 3264 Nos
2813 3221 3045 3279 quoque
3095 3206 3204 3262 hoc
3249 3221 3280 3261 a
3329 3205 3641 3262 Gauzt‘redi
3683 3203 3778 3260 ﬁlio

2172 3296 2445 3353 Gozelino
2477 3297 2725 3366 nomine,
2763 3296 2887 3353 viro
2929 3297 3114 3368 probo
3145 3301 3204 3350 et
3237 3295 3512 3366 honesto,
3549 3309 3689 3352 nunc
3713 3291 3783 3348 Di-

2167 3385 2461 3442 vionensis
2491 3385 2758 3442 ecclesiae
2782 3385 3082 3454 monacho,
3106 3383 3455 3454 audivimus,
3483 3384 3582 3456 qui
3606 3383 3712 3452 jam
3729 3395 3781 3437 eo

2169 3477 2434 3542 tempore
2465 3475 2637 3528 natus
2665 3475 2724 3526 et
2755 3470 3009 3540 adultus,
3036 3484 3065 3525 a
3087 3472 3252 3541 patre
3273 3473 3334 3525 et
3354 3470 3426 3525 ab
3453 3485 3566 3526 avo
3588 3469 3690 3526 hoc
3707 3482 3783 3523 au-

2168 3559 2332 3628 divit,
2359 3555 2418 3616 et
2453 3559 2657 3616 didicit
2690 3560 2762 3614 ab
2796 3558 2912 3614 illis
2944 3559 3181 3614 formam
3204 3557 3432 3628 orandi,
3457 3573 3629 3630 quam
3653 3555 3783 3613 insti-

2165 3649 2280 3705 tuit
2315 3649 2700 3721 simpliciores
2729 3651 2784 3704 et
2820 3647 3030 3704 idiotas
3061 3662 3092 3703 e
3123 3647 3342 3704 saeculo
3389 3647 3465 3703 ad
3516 3663 3576 3704 se
3616 3645 3784 3704 confu-

2164 3738 2396 3807 gientes
2447 3741 2614 3808 pater
2647 3736 2969 3793 Riebardus
3002 3736 3055 3792 in
3089 3736 3358 3806 ingressu
3407 3735 3781 3793 aeeclesiarum

2167 3825 2382 3894 dicere,
2410 3825 2465 3880 in
2498 3825 2642 3882 hanc
2667 3825 2908 3880 formam
2936 3844 2946 3878 :
2971 3824 3296 3882 Adoremus
3314 3825 3530 3896 Deum,
3545 3823 3784 3882 sanctam

2170 3913 2546 3982 Trinitatem,
2563 3913 2938 3984 deprecemur
2947 3913 3182 3972 sanctos
3192 3913 3323 3984 ejus
3333 3913 3445 3984 qui
3443 3927 3566 3985 pro
3576 3913 3688 3970 Deo
3702 3923 3784 3981 ap-

2151 4003 2483 4074 pellantur,
2527 4003 2598 4058 ut
2630 4003 2751 4074 ipsi
2781 4002 3164 4074 deprecentur
3193 4003 3401 4072 Deum,
3425 4003 3504 4059 ut
3528 4001 3626 4058 det
3646 3997 3784 4056 nobis

2157 4105 2364 4163 pacem
2399 4091 2456 4148 et
2479 4091 2824 4160 sanitatem,
2870 4089 3274 4163 peccatoribus
3316 4104 3530 4148 ceram
3541 4087 3784 4164 penite-n-

2163 4181 2330 4250 tiam,
2383 4178 2864 4238 discordantibus
2910 4193 3113 4236 ceram
3201 4178 3603 4250 concordiam,
3650 4173 3782 4234 eiei:

2152 4282 2382 4340 pacem,
2414 4268 2716 4339 defunctis
2768 4268 3054 4339 requiem.
3115 4269 3230 4324 Hec
3263 4267 3472 4324 orandi
3527 4269 3699 4324 forma
3736 4262 3780 4316 in

2162 4355 2430 4413 omnibus
2459 4355 2828 4413 monasteriis
2870 4355 2992 4412 suis
3019 4354 3202 4426 laycis
3247 4355 3620 4412 tradebatur.

2400 4455 2424 4468 ν

418 4513 672 4585 veniens,
705 4531 833 4571 eum
867 4515 1097 4572 audiret
1128 4521 1185 4572 et
1220 4517 1446 4574 videret
1479 4518 1895 4590 profectionem
1937 4519 2047 4575 viri
2079 4515 2134 4579 D
2233 4521 2320 4572 20.
2348 4518 2482 4572 Erat
2517 4519 2709 4572 autem
2739 4515 2868 4572 viro
2899 4515 2998 4571 Dei
3031 4513 3312 4572 familiare
3342 4529 3513 4573 mane
3544 4525 3776 4584 surgere,

417 4602 511 4658 Dei
537 4605 658 4658 tota
681 4603 824 4660 urbe
849 4604 1188 4674 accelerari,
1205 4605 1504 4677 sustinuit,
1523 4611 1582 4663 et
1604 4606 1906 4664 comitatui
1923 4607 2051 4678 ejus

413 4691 719 4762 adherens,
752 4693 1118 4750 orationibus
1148 4695 1274 4766 ejus
1303 4710 1362 4752 se
1393 4711 1523 4752 cum
1575 4695 1692 4752 ﬁlio
1735 4695 2046 4768 commisit,

410 4797 559 4852 quos
589 4781 676 4838 vir
707 4783 803 4838 Dei
836 4782 1318 4840 familiarissimos
1341 4785 1564 4842 habuit.
1595 4785 1843 4840 Profecti
1870 4785 2050 4855 igitur

411 4887 514 4942 per
543 4870 860 4942 Illyricum,
895 4877 1182 4928 venerunt
1211 4871 1281 4927 ad
1313 4872 1570 4928 deserta.
1609 4873 1746 4938 Quze
1776 4888 1904 4930 cum
1932 4874 2048 4944 jam

413 4959 530 5013 fere
557 4957 1035 5028 pertransissent,
1052 4958 1146 5014 die
1167 4960 1411 5030 quadam
1429 4961 1642 5016 fontem
1668 4959 1894 5016 eminus
1919 4975 2051 5016 con-

411 5045 616 5114 Spicati
636 5045 1024 5103 clarissimum
1039 5050 1094 5103 et
1115 5047 1932 5120 perlucidum,descenderunt
1954 5065 2052 5121 pa-

411 5135 502 5186 ter
515 5132 980 5190 Richarduscum
1006 5136 1181 5192 sociis
1206 5141 1270 5192 ut
1293 5137 1624 5208 acciperent
1649 5137 2042 5206 gentaculum.

407 5220 614 5276 Turbis
643 5235 874 5290 quoque
907 5221 1063 5278 eirea
1089 5224 1305 5280 fontem
1329 5224 1850 5297 discumbentibus,
1879 5241 2048 5284 vene-

412 5307 614 5365 rabilis
629 5305 939 5379 paterloco
953 5313 1302 5382 competenti
1319 5328 1424 5386 pro
1438 5318 1552 5370 tem
1563 5329 1702 5386 pore
1726 5301 1970 5384 resedit,
1986 5320 2046 5371 et

2164 4605 2368 4663 laudes
2391 4607 2508 4661 Dco
2532 4605 2746 4674 dicere,
2767 4604 2879 4660 iter
2898 4603 3248 4674 accelerare,
3267 4608 3446 4676 atque
3459 4605 3777 4660 consuetum

2161 4695 2403 4750 Domine
2435 4695 2490 4750 in
2524 4694 2615 4750 via
2649 4707 2892 4765 pensum
2917 4693 3186 4762 reddere,
3211 4697 3268 4748 et
3293 4693 3377 4750 sic
3400 4692 3545 4749 hora
3575 4688 3778 4748 fractio-

2161 4782 2252 4839 nis
2284 4781 2450 4853 panis
2480 4781 2838 4853 imminente,
2875 4781 3184 4838 missarum
3233 4780 3556 4854 solempnia
3609 4789 3774 4848 agere,

2162 4885 2525 4942 quocumque
2556 4884 2710 4940 esse,
2746 4874 2802 4926 et
2835 4868 3088 4941 expletis
3127 4869 3406 4926 misteriis
3435 4870 3509 4926 ad
3545 4869 3779 4936 frangen-

2161 4961 2296 5016 dum
2329 4973 2532 5030 panem
2566 4957 2958 5028 discumbere,
2980 4972 3051 5014 ne
3074 4961 3464 5028 gravarentur
3490 4958 3696 5012 fratres
3716 4952 3778 5006 la-

2161 5049 2302 5103 bore
2335 5046 2562 5103 itineris
2589 5050 2648 5103 et
2682 5045 3118 5102 continuatione
3145 5045 3352 5116 jejunii
3387 5046 3562 5116 (Vita
3579 5043 3778 5102 Simeo-

2157 5137 2254 5192 nis
2283 5139 2392 5202 40).
2429 5133 2596 5189 Venit
2628 5149 2768 5204 ergo
2802 5133 3183 5204 Antiochiam,
3212 5134 3308 5191 ubi
3335 5149 3464 5192 cum
3484 5149 3614 5191 eum
3637 5130 3776 5186 itine-

2159 5225 2242 5281 ris
2257 5223 2576 5281 necessitas
2593 5224 2814 5296 aliquot
2839 5224 3048 5282 diebus
3072 5225 3355 5281 remorari
3380 5219 3776 5295 coegisset,vir

2158 5313 2258 5368 Dei
2291 5313 2558 5385 Symeon,
2585 5313 2683 5384 qui
2714 5328 2866 5371 nunc
2896 5313 3298 5370 Trevirensem
3329 5313 3651 5372 aecclesiam
3669 5321 3774 5367 cor-

1993 5486 2212 5544 ΝΟΤιΕ.

480 5605 592 5675 (98)
629 5600 902 5661 Ademari
937 5600 1080 5662 Hist.
1113 5606 1205 5664 Ill.
1240 5611 1327 5663 65.
1365 5608 1493 5664 Vita
1526 5609 1818 5680 Richardi,
1851 5615 1940 5668 17.
