3894 6316
142 316 243 376 245

1353 308 1854 378 CHRONICON.
1878 343 1957 358 —
1987 309 2138 374 LIB.
2187 305 2264 376 Ῑῐσ

3406 312 3522 376 246

142 462 269 523 pore
289 454 344 507 et
366 446 682 507 virtutibus
702 446 1512 522 adornat(09),etamieitiisei
1524 451 1761 522 junctus
1791 445 1843 507 A
1874 452 2051 511 ventu
2076 464 2183 509 suo
2211 462 2420 523 passus
2444 449 2632 509 fuerat
2658 445 2916 521 infestos,
2951 445 3062 521 ipsi
3111 447 3161 506 ei
3193 463 3360 509 versa
3393 450 3523 509 vice

139 545 237 609 est,
276 542 331 595 et
373 539 649 595 fratribus
693 540 789 610 qui
840 544 1164 597 erantcum
1193 556 1280 612 eo,
1314 541 1600 613 adoptans
1649 542 1759 598 sibi

140 629 356 686 illumin
407 632 626 700 patrem
669 629 839 699 (100).
878 632 933 684 ln
970 645 1083 700 quo
1108 631 1259 685 beati
1300 631 1581 687 Simeonis
1610 632 1761 687 facto

142 718 235 773 hoc
259 718 462 774 intueri
490 716 803 788 libet,quia
832 718 980 773 idem
1012 719 1102 774 vir
1126 720 1223 774 Dei
1248 735 1359 775 non
1386 719 1513 789 ejus
1545 736 1606 776 se
1640 736 1763 776 cre-

141 806 285 862 deret
333 806 684 875 magisterio,
706 822 817 862 non
846 807 1238 863 committeret
1274 809 1616 879 patrocinio,
1654 810 1759 865 nisi

142 896 311 950 divina
346 896 554 966 pietas,
608 910 736 966 quae
768 911 898 952 eum
952 912 979 951 a
1040 897 1220 953 seculi
1251 898 1483 954 actibus
1512 898 1759 954 alienum

142 983 472 1053 reddiderat,
501 985 667 1040 cordi
691 984 818 1053 ejus
845 985 1162 1041 revelasset
1188 987 1421 1055 dignum
1448 987 1607 1043 illum
1631 1003 1761 1043 esse

142 1073 223 1143 qui
254 1073 498 1129 subditis
522 1089 746 1145 praesse
778 1080 837 1129 et
863 1075 1145 1146 prodesse
1172 1080 1387 1146 posset.
1424 1077 1764 1133 Mittebatur

140 1164 309 1216 autem
335 1161 513 1216 isdem
540 1163 751 1219 beatus
772 1164 1012 1234 Symeon
1048 1180 1075 1219 a
1113 1164 1393 1220 fratribus
1425 1167 1758 1222 monasterii

141 1249 329 1305 montis
347 1250 492 1319 Syon
532 1266 638 1321 pro
660 1251 998 1321 elcmosina,
1036 1268 1164 1323 quae
1196 1254 1267 1309 de
1303 1259 1454 1309 terra
1493 1255 1758 1309 Richardi

137 1338 730 1395 comitisNormannize
751 1341 1102 1397 monasterio
1122 1342 1305 1398 eidem
1322 1342 1676 1405 debebatur;
1703 1347 1759 1396 et

140 1440 459 1497 quamquam
513 1432 715 1484 nosset
768 1429 981 1500 spiritu
1016 1429 1126 1486 sibi
1161 1430 1457 1487 revelante
1490 1431 1668 1487 multa
1700 1447 1760 1486 se

136 1515 351 1572 adversa
387 1531 721 1588 passurum,
757 1523 947 1574 tamen
990 1525 1158 1591 pater
1187 1520 1513 1576 Richardus
1543 1520 1762 1575 discre-

132 1602 291 1660 tionis
320 1605 502 1661 oculis
525 1606 662 1663 hinc
696 1607 827 1663 inde
852 1608 1111 1665 munitus
1132 1609 1444 1665 concilium
1478 1608 1667 1677 dedit,
1698 1614 1758 1665 ut

131 1692 301 1762 ceptis
326 1693 647 1763 insisteret,
684 1696 1097 1752 oboedientiam
1132 1697 1421 1767 impleret,
1458 1712 1757 1767 usquequo

1873 555 2000 598 cum
2051 540 2269 597 honore
2300 540 2611 609 servirent,
2644 544 2703 594 et
2758 551 2923 594 mane
2975 538 3129 592 facto
3160 538 3521 595 deducerent

1874 629 2204 684 abeuntem.
2234 628 2574 683 Miriﬁcabat
2606 626 2757 682 enim
2782 624 3055 681 Dominus
3097 639 3327 681 servum
3354 641 3519 682 suum

1873 718 2056 787 signis
2089 720 2145 772 et
2174 716 2475 788 prodigiis,
2504 716 2559 770 in
2585 719 2810 770 tantum
2846 717 2905 770 ut
2940 713 3210 769 omnibus
3238 714 3523 771 sanctitas

1873 808 2000 877 ejus
2054 807 2471 875 innotesceret,
2510 810 2568 859 et
2601 805 2789 859 virtus
2817 804 2951 859 Jesu
2986 817 3089 875 per
3121 817 3251 859 eum
3308 805 3522 875 ubique

1875 895 2325 967 praedicabatur,
2390 894 2522 964 quia
2557 894 2702 949 fama
2764 891 3098 947 sanctitatis
3130 891 3258 961 ejus
3306 893 3520 963 ubique

1877 985 2193 1039 ferebatur.

1940 1072 2028 1127 21.
2065 1069 2625 1142 Constantinopolim
2678 1070 2939 1138 veniens,
2992 1084 3120 1124 cum
3176 1073 3394 1139 quanto
3425 1070 3522 1125 ho-

1876 1176 2014 1216 nore
2038 1167 2323 1230 exceptus
2348 1160 2419 1213 ab
2444 1160 2796 1229 imperatore
2820 1159 2915 1227 sit,
2944 1158 3249 1227 dignisque
3272 1159 3522 1215 muneri-

1876 1250 1984 1304 bus
2015 1254 2072 1303 et
2102 1248 2402 1318 obsequiis
2434 1248 2775 1315 honoratus,
2813 1247 3008 1301 dicere
3042 1248 3519 1317 supersedemus,

1874 1339 2007 1408 quia
2042 1338 2111 1392 ad
2135 1337 2243 1393 alia
2267 1349 2666 1407 properamus.
2696 1336 2923 1406 Optatze
2976 1336 3173 1406 itaque
3196 1336 3305 1391 via:
3329 1335 3523 1392 dimis-

1874 1444 1971 1483 sus
1993 1443 2120 1482 cum
2145 1426 2352 1494 gratia,
2391 1440 2491 1496 per
2536 1424 2873 1481 multimoda
2908 1424 3166 1495 pericula
3201 1426 3523 1495 apprehen-

1874 1518 1959 1571 dit
1980 1515 2377 1571 Jherosolimaa
2397 1514 2525 1570 loca
2541 1514 2896 1569 desiderata.
2914 1514 3369 1584 Ingrediensque
3388 1514 3524 1570 civi-

1876 1606 2017 1661 tatis
2040 1613 2288 1676 portam,
2311 1603 2745 1675 responsorium
2771 1602 2913 1659 illud
2939 1603 3009 1659 de
3034 1603 3325 1659 Dominica
3353 1604 3408 1658 in
3432 1618 3522 1658 ra-

1875 1695 1983 1749 mis
2006 1693 2322 1765 palmarum
2359 1712 2370 1746 :
2404 1691 2785 1763 Ingrediente
2796 1692 3045 1748 Domino
3060 1692 3127 1748 in
3150 1692 3423 1748 sanctam
3441 1691 3523 1749 ci-

132 1794 237 1835 rem
252 1782 523 1853 probaret
538 1784 1290 1856 eventusFlentemitaque
1305 1786 1611 1842 etlristem
1626 1801 1754 1842 eum
1788 1803 1841 1866 Β
1870 1784 2135 1851 citatam,
2171 1782 2499 1838 duleissona
2532 1796 2664 1837 cum
2696 1780 2869 1837 sociis
2892 1780 3284 1836 modulatione
3314 1780 3521 1836 decan-

130 1882 157 1923 a
177 1884 233 1924 se
262 1870 493 1941 dimisit,
523 1872 820 1943 utrimque
845 1873 1089 1943 pedibus
1122 1875 1387 1931 manibus
1417 1879 1475 1931 et
1508 1876 1757 1944 genibus

129 1957 479 2029 exosculatis,
505 1960 644 2030 quia
666 1964 791 2016 erat
824 1961 879 2016 in
921 1961 1009 2017 eis
1055 1963 1243 2031 gratia
1267 1963 1520 2033 Spiritus
1545 1962 1755 2019 sancti.

130 2047 245 2103 Haac
274 2052 361 2103 est
383 2048 535 2104 enim
571 2052 912 2105 sanctorum
945 2050 1281 2119 delectatio,
1312 2050 1555 2121 diligere
1585 2051 1761 2108 alter-

132 2140 325 2205 utrum,
350 2138 481 2207 quia
507 2141 570 2193 et
603 2139 753 2194 Deus
773 2138 991 2195 caritas
1013 2143 1122 2209 est,
1150 2145 1211 2195 et
1244 2140 1339 2211 qui
1366 2145 1554 2196 manet
1583 2140 1638 2195 in
1668 2155 1760 2197 ca-

132 2225 303 2295 ritate,
349 2227 403 2280 in
445 2229 567 2282 Deo
601 2227 1041 2297 manet(lJoan.
1081 2245 1152 2299 iv,
1186 2229 1630 2299 16).Caritatem
1663 2245 1760 2286 au-

129 2318 230 2369 tem
256 2329 414 2385 aquae
446 2316 653 2372 multa;
686 2331 794 2372 non
829 2323 1103 2388 poterunt
1137 2319 1500 2387 extinguere,
1528 2334 1632 2375 nec
1658 2319 1760 2374 ilu-

135 2404 265 2459 mina
285 2406 531 2461 obruent
579 2405 740 2461 illam
774 2407 970 2475 (Uartt.
1011 2423 1127 2477 vm,
1153 2408 1227 2478 7).
1258 2410 1546 2464 Probatus
1580 2409 1759 2477 igitur

134 2490 326 2545 Domini
347 2506 555 2548 servus
580 2491 732 2548 viam
752 2507 1018 2565 carpens,
1037 2498 1093 2548 et
1114 2495 1220 2550 via:
1235 2494 1438 2550 ducem
1463 2494 1755 2549 Christum

133 2578 463 2651 eollaudans,
494 2585 718 2637 terram
752 2582 1202 2638 Sarracenorum
1237 2583 1539 2652 ingressus
1559 2587 1666 2638 est.
1688 2584 1757 2638 Et

136 2681 247 2722 cum
269 2670 766 2741 appropinquaret
787 2671 1128 2726 civitatibus
1150 2686 1371 2735 eorum,
1400 2672 1753 2743 praedicabat

133 2757 371 2814 omnibus
397 2759 701 2815 Christum
730 2760 947 2829 Jesum,
984 2760 1037 2814 in
1072 2758 1305 2815 domino
1348 2761 1464 2816 Deo
1489 2775 1592 2816 suo
1621 2776 1755 2816 con-

134 2844 269 2915 iisus,
301 2847 430 2916 quia
456 2863 568 2904 non
605 2850 735 2903 erat
770 2847 823 2902 in
847 2848 1055 2919 spiritu
1090 2848 1217 2917 ejus
1244 2848 1431 2905 dolus.
1461 2850 1583 2904 Jam
1615 2864 1754 2905 vero

132 2933 213 2989 ubi
236 2934 298 2990 ad
321 2936 517 2992 urbem
542 2936 831 3006 venisset,
863 2940 997 2991 ante
1028 2952 1252 2993 murum
1280 2938 1439 2993 urbis
1468 2937 1754 3008 psallebat

131 3022 384 3080 Salvatori
410 3040 531 3095 suo,
580 3029 644 3080 et
678 3024 982 3081 missarum
1009 3025 1321 3097 solempnia
1358 3026 1569 3081 ibidem
1601 3026 1751 3082 cele-

132 3110 331 3214 brabat,
358 3114 605 3214 paganis
630 3113 900 3211 desuper
924 3114 1448 3212 saxajacientibus,
1484 3118 1546 3170 ut
1571 3115 1747 3186 capiti
1780 3152 1829 3214 Ο

128 3199 236 3268 ejus
257 3200 579 3265 illiderent;
610 3201 709 3271 qui
730 3201 814 3257 sic
832 3202 959 3258 urbi
982 3203 1452 3273 appropiaverat,
1473 3207 1531 3258 ut
1549 3204 1746 3259 tabula

125 3286 304 3346 altaris
323 3289 557 3345 hereret
582 3305 768 3345 muro.
798 3292 862 3345 Et
888 3306 1015 3346 cum
1042 3290 1220 3347 multa
1237 3292 1491 3362 desuper
1514 3306 1652 3347 saxa
1677 3293 1749 3347 ab

125 3376 318 3433 eisdem
342 3379 771 3450 aspicientibus
800 3384 860 3434 et
883 3379 1640 3449 illudentibusjacerentur,
1670 3381 1748 3436 ita

125 3465 377 3523 aChristo
412 3467 860 3538 protegebatur,
913 3471 977 3523 ut
1028 3483 1137 3523 non
1174 3468 1378 3538 altare,
1408 3483 1518 3525 non
1549 3469 1749 3526 tabula

127 3551 321 3623 altaris,
354 3571 462 3612 non
489 3560 794 3628 postremo
823 3555 966 3611 illud
988 3556 1267 3627 quidquid
1291 3562 1380 3612 est
1409 3558 1561 3628 quod
1578 3557 1749 3612 altari

125 3640 430 3715 imponitur,
448 3660 561 3701 non
589 3645 715 3715 ipse
740 3645 990 3715 denique
1005 3646 1100 3716 qui
1126 3645 1296 3701 altari
1321 3647 1547 3702 astabat
1574 3647 1751 3703 intre-

126 3728 325 3799 pidus,a
350 3732 648 3805 lapidibus
670 3736 1033 3803 tangeretur,
1061 3750 1190 3790 cum
1215 3738 1581 3791 tantusesset
1608 3737 1750 3793 mul-

128 3818 315 3876 totiens
344 3820 396 3876 in
452 3821 711 3878 circuitu
744 3820 949 3878 altaris
982 3836 1157 3892 agger
1208 3822 1462 3894 lapidum
1495 3824 1749 3895 desuper

126 3908 408 3980 ruentium,
467 3914 530 3967 ut
587 3910 765 3965 missa
800 3910 954 3966 dicta
986 3925 1096 3967 non
1149 3910 1258 3967 nisi
1292 3911 1380 3966 via
1431 3913 1578 3969 facta
1614 3913 1745 3969 inde

124 3998 321 4052 extrahi
345 4004 569 4070 posset.
595 3999 1004 4056 Monacborum
1029 4015 1166 4056 vero
1198 4004 1253 4055 et
1279 4000 1625 4058 clericorum
1650 4018 1744 4058 co-

126 4082 417 4143 mitantium
452 4087 621 4144 illum
647 4086 844 4145 nullus
864 4088 917 4143 ei
948 4103 1145 4145 coesse
1171 4087 1262 4145 vel
1285 4090 1625 4146 cohabitare
1649 4107 1743 4163 po-

124 4174 279 4241 terat;
301 4176 894 4247 setquantumjactus
915 4180 1007 4232 est
1031 4176 1239 4249 lapidis
1270 4193 1299 4233 a
1323 4177 1492 4249 longe
1517 4183 1740 4238 stantes

127 4263 463 4331 canebant,et
484 4265 723 4322 canenti
749 4265 1335 4337 respondebant,ipse
1366 4266 1526 4323 solus
1556 4268 1740 4325 inten-

1873 1874 2059 1942 tabat,
2122 1871 2413 1927 Christum
2446 1870 2810 1937 cruciﬁxum,
2848 1870 2943 1939 qui
2994 1874 3085 1925 est
3118 1884 3297 1940 super
3328 1869 3519 1925 omnia

1874 1963 2028 2017 Deus
2054 1959 2464 2016 benedictusin
2494 1958 2687 2015 secula
2708 1958 2895 2027 (Rom.
2923 1974 2999 2027 ix,
3037 1960 3109 2029 5).
3149 1958 3401 2014 adorans
3458 1961 3517 2012 et

1874 2050 2062 2108 locum
2114 2048 2409 2121 sepulchri
2451 2048 2577 2118 ejus
2625 2047 2811 2104 oculis
2860 2047 2991 2103 ﬁdei
3023 2049 3375 2103 veneranter
3404 2061 3519 2102 am-

1875 2138 2156 2211 plectens.
2193 2138 2391 2193 Omnia
2416 2151 2555 2208 ergo
2580 2136 2906 2192 nativitatis
2928 2135 3215 2208 passionis
3245 2140 3301 2190 et
3328 2150 3521 2191 resur-

1874 2228 2150 2285 rectionis
2180 2227 2304 2283 loca
2339 2226 2450 2281 fide
2509 2225 2824 2295 circuiens,
2859 2226 2993 2281 dum
3052 2239 3162 2280 non
3193 2224 3519 2280 saeiaretur

1872 2317 2059 2373 oculis
2093 2315 2395 2384 intuendo,
2434 2322 2626 2370 mente
2658 2315 3041 2385 pascebatur;
3084 2312 3215 2383 quia
3250 2313 3320 2369 ad
3351 2311 3520 2368 visio-

1872 2421 1998 2461 nem
2026 2404 2422 2461 duleissimam
2456 2408 2511 2459 et
2546 2404 2642 2459 diu
2677 2403 3093 2471 desideratam,
3119 2402 3354 2472 jamque
3386 2416 3520 2456 con-

1870 2494 2193 2566 cupiscenti
2230 2493 2418 2548 animo
2472 2496 2862 2563 preparatam,
2899 2490 3247 2546 mirabilium
3272 2489 3514 2545 Domini.

1868 2583 2081 2652 gaudio
2111 2587 2172 2637 et
2194 2582 2397 2637 laetitia
2433 2580 2707 2636 ineffabili
2742 2578 3099 2651 replebatur.
3128 2578 3397 2636 Occurrit
3422 2593 3519 2634 au-

1869 2676 1985 2726 tem
2015 2671 2066 2726 ei
2102 2670 2353 2725 venienti
2416 2669 2741 2739 patriarcha
2801 2667 3389 2738 Jherosolymitanus;
3420 2682 3518 2722 au-

1870 2759 2057 2815 dierat
2106 2759 2257 2814 enim
2292 2758 2495 2812 famam
2526 2756 2652 2825 ejus
2682 2756 2934 2812 omnium
2967 2770 3067 2811 ore
3123 2755 3515 2821 celebratam;

1868 2852 1924 2903 et
1959 2846 2309 2904 consalutati
2344 2849 2562 2916 mutuo,
2598 2845 2734 2901 dato
2765 2845 2874 2900 sibi
2901 2845 3057 2915 pacis
3080 2844 3308 2911 osculo,
3331 2842 3513 2899 laztati

1868 2941 2002 2995 sunt
2030 2938 2084 2992 in
2117 2936 2379 2992 Domino.
2403 2936 2619 2990 Videns
2648 2949 2789 2990 vero
2822 2933 2876 2988 in
2910 2948 2979 2989 eo
3009 2936 3310 3003 aspectum
3344 2946 3515 3001 ange-

1865 3026 2059 3093 licum,
2090 3025 2415 3081 modestum
2460 3037 2805 3091 sermonem,
2842 3023 3134 3078 incessum
3169 3022 3385 3091 mitem,
3422 3037 3515 3078 ca—

1861 3114 2070 3170 nieiem
2104 3114 2513 3181 venerandam,
2548 3110 2948 3168 habitudinem
2973 3110 3298 3166 senectutis
3330 3108 3511 3165 omni-

1860 3203 1970 3259 bus
2004 3200 2399 3270 reverendam,
2426 3198 2833 3270 gratulabatur
2856 3198 2910 3253 in
2942 3198 3153 3270 spiritu
3174 3197 3387 3266 :Sicut,
3424 3196 3515 3251 in~

1862 3299 2091 3370 quiens,
2128 3298 2504 3366 audivimus,
2538 3297 2627 3353 ita
2658 3296 2995 3352 etvidemus
3022 3294 3213 3361 (Psal.
3239 3308 3408 3363 xnvn,
3433 3295 3508 3365 9).

1863 3387 2243 3443 Introductus
2269 3386 2449 3457 igitur
2484 3386 2537 3440 in
2570 3389 2828 3440 sanctam
2862 3384 3032 3456 Syon,
3087 3382 3392 3438 missarum
3424 3397 3514 3438 so-

1861 3474 2111 3547 lempnia
2136 3474 2479 3545 celebravit,
2500 3474 2729 3529 astante
2754 3471 3028 3544 pontiﬁce
3051 3474 3109 3527 et
3134 3470 3326 3538 clero;
3349 3476 3408 3527 et
3430 3471 3511 3527 sic

1858 3563 2051 3619 locum
2101 3561 2396 3633 sepulchri
2457 3559 2677 3617 Domini
2719 3559 2917 3615 cordis
2972 3558 3184 3615 affectu
3229 3557 3507 3631 revisens,

1859 3665 2204 3721 omnemque
2257 3650 2446 3706 locum
2487 3653 2751 3704 sanctum
2804 3648 2897 3719 pia
2940 3646 3247 3703 devotione
3288 3646 3513 3718 perlus-

1858 3744 2047 3808 trans,
2064 3753 2193 3795 cum
2210 3752 2270 3794 se
2286 3737 2582 3793 desiderio
2606 3734 2966 3792 satisfecisse
2988 3734 3279 3804 crederet,
3298 3735 3508 3791 iterum

1858 3832 2189 3883 estuantem
2231 3826 2443 3881 devota
2486 3822 2882 3879 sollicitudine
2933 3822 3190 3878 saciabat
3233 3822 3503 3878 animum.

1857 3918 2175 3985 Numquam
2202 3929 2232 3969 a
2270 3913 2575 3968 missarum
2601 3910 2999 3967 celebratione
3022 3910 3334 3981 desistens,
3352 3925 3511 3966 num-

1858 4018 2026 4074 quam
2043 4017 2072 4058 a
2094 4001 2256 4057 verbi
2280 4001 2380 4056 Dei
2410 3999 2751 4069 erogatione
2784 4012 2990 4054 cessan
3008 3998 3246 4067 s,immo
3296 3998 3509 4069 ubique

1856 4107 1984 4163 quze
2017 4090 2113 4146 Dei
2141 4094 2279 4146 sunt
2302 4089 2683 4160 annuncians,
2704 4087 3038 4144 nectimore
3055 4087 3280 4159 mortis,
3307 4101 3409 4144 nec
3428 4087 3509 4142 in-

1858 4179 2171 4236 festatione
2193 4176 2495 4234 barbarica
2516 4192 2545 4233 a
2571 4177 2695 4233 veri
2720 4181 2776 4232 et
2796 4176 2941 4232 recti
2959 4175 3277 4232 exibitione
3296 4183 3354 4232 et
3374 4176 3507 4233 mali

1854 4266 2246 4340 prohibitione
2264 4265 2772 4337 desistens.0quis
2796 4265 2922 4336 ejus
2942 4264 3187 4321 aﬂectus
3216 4265 3270 4320 in
3295 4266 3506 4324 Deum!

127 4347 521 4424 debathisquae
543 4353 1010 4424 ceperat,donec
1034 4353 1739 4427 missaperexpletaegre-
1768 4344 1822 4405 D
1854 4359 2067 4427 quanta
2131 4353 2371 4411 contriti
2418 4359 2476 4409 et
2534 4352 2822 4410 humiliati
2880 4352 3127 4425 spiritus
3182 4352 3504 4409 exultatio!

122 4434 332 4496 deretur
354 4441 443 4497 vel
460 4441 662 4513 potius
674 4442 1102 4497 extraheretur.
1128 4441 1264 4505 .Fol.
1282 4446 1395 4503 87.)
1413 4445 1628 4501 Erutus
1643 4460 1740 4502 au-

123 4526 375 4597 teminde,
402 4533 538 4585 ante
564 4529 729 4585 urbis
754 4535 1122 4601 prospectum
1150 4533 1400 4587 tentoria
1431 4533 1740 4605 figebat,et

119 4618 817 4685 comparatisnecessariis
843 4620 1171 4691 sumptibus
1188 4622 1395 4677 ibidem
1414 4622 1745 4694 hospitaba-

122 4701 224 4771 tur,
254 4717 281 4757 a
312 4705 410 4761 Dei
471 4705 748 4763 laudibus
811 4721 1118 4778 numquam
1156 4724 1389 4777 vacans,
1454 4711 1586 4781 quia
1621 4710 1747 4768 laus

127 4786 235 4855 ejus
278 4807 505 4864 semper
535 4798 664 4850 erat
699 4794 1037 4852 indeiiciens
1069 4798 1121 4851 in
1152 4812 1252 4853 ore
1297 4797 1498 4869 ipsius.
1534 4799 1745 4870 Pagani

122 4880 291 4935 autem
306 4881 597 4938 miraculo
614 4883 938 4953 perterriti,
953 4887 1012 4939 et
1026 4886 1212 4953 gratia
1229 4886 1533 4941 reverendi
1550 4887 1747 4945 vultus

117 4962 229 5032 ejus
258 4966 506 5040 invitati,
533 4969 847 5025 veniebant
872 4972 941 5026 ad
963 4986 1113 5039 eum,
1140 4973 1350 5042 quibus
1375 4974 1496 5043 ipse
1529 4990 1633 5045 per
1664 4976 1746 5031 in-

117 5055 410 5126 terpretem
437 5074 569 5130 quae
597 5059 667 5114 de
681 5061 817 5115 Jesu
833 5064 997 5117 erant
1012 5066 1317 5131 gratanter
1331 5064 1739 5135 annuneiabat,

116 5144 164 5194 et
194 5148 244 5199 ut
283 5146 352 5201 ab
382 5147 595 5218 injuria
662 5161 962 5205 servorum
1006 5149 1105 5205 Dei
1138 5165 1339 5206 manus
1398 5151 1743 5208 cohiberent

122 5230 470 5295 praedicabat.
512 5232 834 5304 Fiebatque
866 5235 1011 5292 miro
1042 5236 1234 5311 modo,
1277 5242 1338 5292 ut
1374 5252 1524 5308 quos
1558 5239 1615 5293 in
1647 5239 1744 5294 ad-

1671 5364 1893 5421 NOTJE.

176 5436 275 5509 (99)
308 5441 461 5499 Obiit
491 5457 544 5500 a.
580 5448 734 5501 1035.

175 5508 312 5589 (ΨΟ)
360 5514 572 5589 Ultima
600 5516 902 5589 haecsunt
953 5523 1132 5578 verba
1166 5521 1458 5579 Eberwini
1510 5521 1742 5578 abbatis

116 5575 334 5654 Trevir-1,
368 5586 464 5657 qui
488 5586 762 5645 Richardi
786 5589 840 5645 in
872 5575 1090 5650 itinere
1105 5575 1744 5665 aiéiagoiymeas‘es:

1856 4447 2070 4516 quanta
2098 4442 2293 4501 cordis
2320 4441 2625 4512 jubilatio;
2678 4458 2807 4499 cum
2843 4441 3068 4497 videret
3101 4456 3164 4497 se
3197 4456 3327 4497 esse
3362 4457 3508 4513 pra:-

1856 4531 2185 4588 sentialiter
2214 4530 2310 4587 ubi
2343 4531 2609 4588 Christus
2638 4535 2810 4587 natus
2840 4534 2950 4599 est,
2990 4529 3082 4585 ubi
3136 4543 3366 4600 passus,
3404 4530 3503 4585 ubi
3534 4520 3537 4523 ’

1860 4620 2147 4693 sepultus,
2165 4620 2260 4677 ubi
2278 4623 2572 4676 steterunt
2589 4619 2903 4675 novissime
2920 4617 3099 4688 pedes
3123 4616 3249 4686 eujs
3274 4617 3505 4686 quando

1859 4711 2121 4767 ascendit
2149 4711 2204 4766 in
2228 4709 2436 4767 celum.
2464 4708 2823 4778 Ubicumque
2848 4706 3209 4762 incubuisset
3225 4705 3501 4775 orationi,

1860 4799 2127 4854 madebat
2143 4802 2300 4854 terra
2317 4797 2589 4862 lacrimis,
2607 4794 3038 4851 clamorcordis
3057 4792 3416 4849 ascendebat
3432 4793 3505 4849 ad

1858 4887 2182 4957 Dominum,
2206 4901 2421 4957 corpus
2445 4885 2833 4953 atterebatur,
2872 4882 3119 4953 Spiritus
3139 4881 3500 4938 elevabatur.

1858 4974 2247 5030 Continuabat
2273 4978 2474 5029 noctes
2495 4972 2726 5043 vigiliis,
2752 4972 3095 5027 attenuabat
3128 4968 3507 5041 corpusjeju-

1857 5062 1987 5131 niis,
2014 5076 2325 5133 numquam
2368 5062 2491 5117 sine
2516 5060 2791 5129 lacrimis,
2820 5074 3128 5129 numquam
3161 5059 3287 5115 sine
3321 5059 3508 5130 preci-

1856 5151 1982 5221 bus,
2008 5165 2137 5206 cum
2190 5154 2349 5206 totus
2371 5149 2665 5205 exultaret
2697 5149 2751 5204 in
2776 5148 3032 5217 Domino,
3060 5147 3320 5204 laetitiam
3354 5162 3508 5204 men-

1863 5239 1962 5310 tis,
1996 5238 2197 5295 vultus
2229 5237 2548 5293 serenitate
2581 5238 2933 5309 proferebat.
2958 5237 3249 5293 Dominica
3274 5236 3366 5292 die
3390 5250 3504 5308 qua

1852 5467 1997 5521 mes,
2050 5451 2237 5509 Vitam
2270 5449 2550 5506 Simeonis
2597 5453 2945 5522 composuit.
3004 5451 3171 5523 Mab,
3216 5455 3345 5510 Act.
3406 5451 3500 5509 SS.

1855 5527 1977 5581 Stec
2008 5524 2097 5593 Vl,
2130 5526 2179 5593 1,
2218 5539 2271 5594 p.
2307 5526 2411 5579 376
2472 5523 2555 5577 Cf.
2596 5536 2791 5593 supra.
