3894 6342
366 321 482 384 24³7

1320 321 1688 388 HUGONIS
1733 322 2092 388 ABBATIS
2133 321 2820 387 FLAVINIACENSIS

3675 317 3787 380 248

369 449 706 510 celebratur
746 451 1036 510 adventus
1065 452 1288 511 Domlni
1324 453 1380 512 in
1434 455 1798 515 Jberusalem
1829 459 1890 514 et
1919 469 2017 512 ex-
2047 453 2104 516 Α
2133 453 2190 509 in
2211 467 2356 511 voce
2380 453 2516 511 fidei
2542 453 2924 512 annunciaret
2955 451 3238 511 fratribus
3257 470 3276 507 :
3299 451 3785 512 Returns-“Do-

370 538 566 610 ceptio
599 538 726 610 ejus
756 553 786 596 a
819 540 1021 612 pueris
1049 556 1181 598 cum
1213 542 1442 614 hymnis
1484 544 1928 616 palmarumque
1959 548 2016 600 et

374 627 663 684 frondium
716 629 912 699 ramis,
948 629 1148 686 urbem
1197 630 1496 700 ingressus
1525 638 1646 688 est:
1701 633 2020 689 ebdomada

374 719 499 772 tota
532 716 898 787 pernoctavit
921 717 1270 774 inlaudibus
1295 719 1411 789 Dei,
1433 733 1564 776 eum
1599 726 1720 778 tota
1753 719 2021 777 :eeclcsia

375 803 812 862 discurreretur
835 821 863 860 a
883 805 1125 876 paganis
1143 805 1356 876 gladiis
1393 808 1670 865 accinctis
1693 809 1818 880 ipse
1847 807 2022 864 nichil

377 893 669 963 dubitans,
704 893 880 948 nichil
921 893 1204 964 hesitans,
1228 911 1355 966 quae
1378 897 1475 952 Dei
1508 901 1644 954 sunt
1675 899 1791 954 Deo
1825 895 2026 954 redde-

379 983 475 1038 bat
507 981 755 1053 pervigil
785 981 841 1037 in
889 983 1270 1054 orationibus,
1308 985 1363 1040 in
1401 986 1639 1057 jejuniis
1667 986 2020 1042 continuus:

380 1069 524 1126 adeo
561 1069 894 1140 utgentiles
925 1070 1034 1142 ipsi
1066 1071 1497 1130 admirarentur
1539 1073 1869 1131 devotionis
1899 1073 2026 1143 ejus

383 1157 740 1228 instantiam,
764 1162 822 1214 et
848 1166 1262 1218 revererentur
1282 1162 1692 1218 constantiam.
1719 1162 1858 1232 (Fol.
1885 1163 2026 1233 86b.)

381 1247 541 1302 Diem
592 1261 750 1303 cense
799 1247 1256 1306 sacratissimum
1289 1249 1342 1306 in
1395 1250 1715 1306 exibitione
1775 1250 2028 1306 mandati

385 1334 611 1390 Domini
643 1339 701 1390 et
765 1350 1084 1407 pauperum
1137 1338 1502 1395 recreatione
1529 1338 1794 1408 deduxit,
1852 1337 2032 1409 pedes

386 1437 708 1494 pauperum
733 1423 1000 1494 abluens,
1029 1429 1222 1482 vestes
1235 1430 1293 1482 et
1318 1441 1562 1498 quasque
1577 1427 1908 1484 necessaria
1933 1427 2036 1482 tri-

390 1511 592 1582 buens,
626 1516 682 1566 et
719 1515 905 1568 totum
937 1527 1001 1568 se
1031 1513 1348 1570 Dominicis
1377 1515 1642 1572 serviciis
1670 1516 2036 1572 conformans

387 1605 444 1654 et
471 1598 787 1671 applicans.
813 1601 934 1656 Jam
968 1615 1107 1657 vero
1140 1601 1271 1672 quis
1296 1603 1531 1672 referat,
1564 1602 1816 1674 qualiter
1848 1617 1913 1660 se
1943 1603 2036 1662 die

391 1701 710 1760 parasceve
727 1689 1091 1759 mactaverit,
1108 1690 1720 1761 cruciaverit,Christo
1733 1691 1894 1748 cruci
1910 1706 2038 1749 con-

2128 543 2348 599 minus.
2403 543 2563 598 Mane
2613 543 2790 612 facto,
2842 539 3382 598 consuetudinariis
3407 540 3670 598 canticis
3695 558 3783 600 ex-

2137 629 2332 700 pletis,
2381 630 2611 688 missam
2646 631 2854 686 festive
2905 629 3064 686 circa
3124 629 3324 686 horam
3355 628 3608 686 terciam
3641 631 3782 688 cele-

2133 718 2344 790 bravit,
2403 723 2464 775 et
2518 717 2963 775 communicatis
3018 716 3292 774 ﬁdelibus
3355 715 3604 789 populis
3659 735 3775 776 cum

2131 807 2346 876 gaudio
2368 807 2598 864 domum
2620 807 2874 877 rediens,
2899 805 3234 862 celebritati
3258 805 3372 862 diei
3395 805 3782 876 satisfecit,ct

2133 899 2258 952 tota
2283 895 2377 952 die
2407 910 2538 952 cum
2571 895 2901 967 patriarcha
2935 894 3278 950 familiarius
3301 893 3612 965 loquutus,
3639 895 3776 952 diem

2137 984 2380 1040 deduxit
2406 984 2460 1040 in
2480 984 2668 1054 jubilo
2687 983 2884 1041 cordis
2907 983 3543 1054 etvoceexultationis,
3563 997 3781 1055 semper

2137 1072 2328 1128 locum
2351 1071 2644 1144 sepulchri
2675 1073 2899 1128 Domini
2924 1071 3180 1128 revisere
3210 1071 3494 1141 gestiens,
3526 1071 3781 1129 recolens

2138 1165 2196 1216 et
2248 1160 2541 1216 admirans
2600 1160 2895 1217 sudarium
2944 1159 3160 1231 capitis
3211 1159 3434 1216 Domini
3499 1174 3621 1216 non
3668 1174 3782 1217 cum

2140 1249 2580 1306 linteaminibus
2608 1249 2884 1320 positum,
2918 1247 3019 1306 sed
3041 1247 3356 1320 separatim
3380 1247 3713 1306 involutum
3734 1249 3782 1304 in

2142 1352 2317 1394 unum
2343 1337 2553 1394 locum.

2215 1425 2302 1482 22.
2335 1425 2554 1482 Diebus
2588 1425 2755 1482 festis
2781 1423 3026 1496 reliquis
3048 1423 3366 1481 celebratis
3397 1424 3458 1482 in
3491 1424 3706 1496 gaudio
3734 1430 3786 1482 et

2147 1513 2406 1586 tripudio
2438 1513 2634 1584 animi,
2671 1514 2986 1571 destinavit
3018 1513 3106 1570 vir
3129 1513 3511 1570 mittissimus
3542 1515 3786 1586 cogitare

2149 1601 2218 1658 de
2250 1601 2462 1658 reditu.
2512 1603 2627 1659 Nec
2651 1601 2826 1658 rediit
2855 1617 3074 1660 vacuus
3098 1616 3129 1658 a
3160 1617 3420 1674 munere,
3458 1604 3602 1675 quia
3631 1603 3785 1662 arcba

2149 1690 2344 1747 cordis
2366 1691 2491 1760 ejus
2505 1690 2726 1762 repleta
2745 1691 3035 1748 eratbona
3059 1690 3388 1748 devotione.
3413 1691 3587 1759 Quod
3611 1697 3784 1749 autem

394 1775 824 1833 lixerit?Totus
847 1777 903 1833 in
954 1777 1230 1849 lacrimis,
1276 1783 1436 1836 totus
1461 1779 1514 1836 in
1538 1780 1736 1837 cordis
1766 1795 2038 1852 compun-
2064 1794 2122 1856 Β
2153 1777 2258 1836 fuit
2295 1793 2502 1836 munus
2555 1778 2732 1835 illud?
2778 1779 3189 1836 Discurrentes
3216 1780 3423 1850 pagani
3460 1795 3570 1852 per
3627 1780 3785 1838 muni-

392 1863 608 1934 etione,
644 1865 699 1920 in
733 1865 1251 1938 contemplatione,
1299 1867 1352 1922 in
1391 1868 1602 1926 suimet
1635 1868 2035 1941 abnegatione,

395 1952 642 2009 maxime
665 1968 794 2009 cum
816 1953 1045 2010 videret
1065 1954 1438 2027 sepulchrum
1458 1959 1592 2014 Jesu
1619 1972 1736 2030 pra:
1757 1957 2041 2027 oculis,et

394 2046 552 2098 esset
575 2041 626 2096 ei
651 2041 893 2098 materia
928 2041 1154 2100 doloris
1184 2047 1242 2100 et
1274 2045 1720 2118 compassionis.
1749 2047 1806 2101 In
1830 2046 2046 2103 oratio-

395 2128 568 2184 nibus
598 2129 895 2201 assiduus,
923 2145 1146 2202 pernox
1175 2131 1230 2186 in
1259 2131 1496 2203 vigiliis,
1535 2133 1878 2190 fatiscentes
1900 2133 2046 2204 jeju-

396 2215 509 2272 niis
541 2222 708 2274 artus
767 2217 1003 2290 spiritui
1057 2219 1282 2275 servire
1331 2222 1597 2290 cogebat.
1628 2221 1730 2276 Die
1789 2219 1887 2277 illa
1917 2237 2046 2278 cum

397 2308 570 2361 nocte
603 2307 874 2376 sequenti
907 2321 938 2362 a
971 2305 1097 2363 loco
1139 2307 1438 2378 sepulchri
1471 2324 1584 2364 non
1617 2309 1882 2380 recessit,
1935 2325 2051 2366 am-

400 2391 750 2449 mirantibus
798 2395 1066 2451 omnibus
1115 2395 1451 2452 instantiam
1507 2395 1684 2468 illius,
1719 2397 1872 2469 quod
1922 2397 2054 2455 aliis

407 2480 824 2539 recedentibus
878 2483 1006 2554 ipse
1049 2499 1158 2540 non
1211 2485 1540 2541 recedebat.
1577 2485 1720 2555 (Fol.
1758 2488 1872 2559 87.)
1903 2486 2052 2553 Quid

409 2568 627 2626 multa?
648 2570 809 2626 venit
833 2571 959 2630 dies
979 2573 1163 2629 sancti
1206 2573 1454 2645 sabbati,
1484 2589 1598 2645 quo
1627 2576 2054 2646 expectabatur

407 2658 622 2730 ignisa
671 2659 933 2732 Domino,
995 2665 1056 2717 et
1111 2661 1365 2732 gentiles
1425 2663 1653 2734 armati,
1713 2663 2054 2721 Christianis

407 2747 564 2804 intro
593 2748 886 2806 conclusis
915 2753 974 2806 et
1020 2749 1446 2823 beneplacitam
1480 2751 1839 2809 voluntatem
1871 2753 2056 2810 Domi-

407 2835 463 2891 ni
497 2835 567 2892 de
617 2837 748 2908 igne
797 2837 1170 2910 suscipiendo
1217 2838 1714 2912 prmstolantibus,
1747 2845 1928 2898 totam
1959 2843 2058 2898 ob-

407 2931 784 2984 servaverant
817 2926 1166 2999 ecclesiam,
1201 2932 1263 2984 ut
1308 2927 1356 2985 si
1389 2928 1538 2999 ignis
1568 2944 1682 2986 non
1733 2930 2054 3001 adveniret,

409 3028 611 3072 omnes
641 3014 836 3085 gladio
867 3015 1296 3087 perimerentur
1331 3035 1344 3071 :
1375 3031 1506 3073 cum
1538 3031 1696 3088 ecce,
1723 3017 1862 3074 hora
1891 3018 2061 3075 circi-

2155 1868 2301 1924 tiora
2328 1865 2548 1939 templi,
2567 1867 2690 1939 ipsa
2721 1867 3042 1925 ebdomada
3065 1872 3201 1924 ante
3221 1868 3466 1940 pascha,
3491 1869 3717 1941 lapides
3735 1869 3782 1924 in

2155 1955 2430 2028 p0pulum
2474 1969 2640 2012 sacra
2672 1954 3068 2012 celebrantem
3109 1955 3432 2026 jaciebant.
3471 1957 3629 2014 Casu
3659 1955 3785 2028 lapis

2154 2043 2394 2100 veniens
2427 2043 2579 2100 intra
2622 2043 2954 2116 sepulcrum
2993 2043 3228 2115 cecidit,
3264 2059 3436 2116 quem
3456 2045 3551 2100 vir
3588 2045 3784 2101 Domini

2157 2147 2262 2204 pro
2285 2146 2492 2201 magno
2523 2145 2762 2188 munere
2794 2131 2906 2188 sibi
2935 2132 3274 2204 assumpsit,
3300 2137 3361 2189 et
3385 2133 3540 2190 totis
3557 2131 3672 2188 illis
3690 2131 3790 2188 die-

2158 2220 2286 2290 bus,
2313 2218 2524 2290 quibus
2545 2218 2880 2276 celebratur
2910 2219 3106 2292 passio
3135 2219 3226 2277 vel
3262 2221 3632 2278 resurrectio
3649 2221 3786 2290 Jesu,

2160 2307 2311 2362 intra
2343 2307 2712 2378 sepulchrum
2753 2306 3042 2376 jacentem
3092 2307 3310 2379 vigiliis
3341 2311 3399 2364 et
3437 2307 3785 2365 orationibus

2159 2395 2399 2452 Domino
2425 2394 2735 2451 dedicavit.
2761 2396 2924 2452 llunc
2959 2409 3302 2453 recessurus
3321 2411 3459 2453 cum
3484 2411 3680 2467 magna
3707 2394 3788 2451 de-

2161 2483 2397 2541 votione
2418 2481 2679 2554 sustulit,
2705 2487 2761 2542 et
2775 2483 3116 2540 exosculato
3136 2483 3268 2541 loco
3287 2488 3524 2554 sancto,
3549 2483 3705 2555 quasi
3718 2487 3788 2538 to-

2161 2576 2285 2629 tum
2308 2587 2505 2630 secum
2530 2572 2728 2644 ferret,
2769 2572 2922 2629 inter
2951 2576 3153 2630 sancta
3184 2572 3476 2644 reposuit,
3501 2577 3559 2630 et
3602 2569 3786 2629 valedi-

2163 2677 2302 2719 ccns
2315 2660 2688 2733 patriarchae,
2705 2675 2985 2734 prospera
3001 2661 3054 2717 ei
3068 2660 3426 2734 imprecatus
3437 2662 3606 2719 abire
3620 2660 3786 2716 dceres

2163 2749 2269 2806 vit.
2323 2749 2610 2820 Ingemuit
2641 2748 2739 2805 ille
2788 2748 2845 2804 in
2874 2763 3020 2807 voce
3051 2748 3252 2806 dilecti
3283 2748 3410 2806 vale
3445 2749 3708 2818 dicentis,
3736 2749 3778 2802 et

2165 2839 2474 2912 proferens
2498 2836 2779 2909 reliquias
2801 2836 3260 2909 preciosissimas
3285 2837 3356 2894 de
3381 2837 3547 2908 ligno
3567 2834 3777 2901 Domini,

2168 2929 2424 2998 itemque
2449 2925 2802 2998 marsupium
2827 2940 3001 2983 unum
3031 2940 3175 2983 auro
3206 2929 3435 2982 textum
3471 2922 3781 2998 praegrande

2171 3015 2434 3087 reliquiis
2451 3017 2787 3072 sanctorum
2810 3013 3333 3086 refertum,optulit
3353 3015 3483 3071 seni
3498 3009 3780 3071 venerabili

413 3107 503 3160 ter
551 3117 722 3176 nona,
786 3105 1058 3161 omnibus
1125 3104 1454 3176 orantibus,
1514 3105 1571 3161 in
1629 3121 1738 3162 una
1796 3106 2061 3180 lampade
2093 3100 3783 3204 Ceumgratiarumactione,inquiens:AccQ)e,odilectam:

413 3192 568 3266 ignis
591 3191 738 3267 (101)
763 3207 1048 3250 accensus
1079 3197 1174 3249 est
1219 3208 1250 3249 a
1277 3193 1540 3264 Domino,
1573 3193 1792 3252 nullius
1851 3200 2066 3253 morta-

416 3283 555 3340 lium
579 3281 936 3352 suﬂ‘ragante
960 3279 1356 3352 amminiculo,
1380 3286 1438 3338 ct
1452 3282 1704 3352 gentiles
1726 3299 1924 3341 omnes
1946 3289 2067 3342 stu-

417 3385 526 3444 por
552 3367 936 3441 apprehendit
959 3374 1018 3425 et
1041 3383 1242 3442 pavor,
1265 3369 1626 3428 Christianos
1643 3371 2065 3443 verogaudium

418 3463 479 3514 et
505 3456 814 3524 exultatio,
838 3461 898 3514 ut
924 3459 996 3514 ab
1021 3457 1291 3515 omnibus
1313 3463 1432 3515 tota
1452 3460 1722 3516 certatim
1755 3465 2068 3518 caneretur

421 3546 716 3605 aeeclesia:
739 3544 1002 3618 Magnus
1020 3547 1312 3606 Dominus
1331 3548 1548 3619 noster,
1570 3549 1849 3622 etmagna
1871 3551 2070 3609 virtus

421 3639 570 3709 ejus,
598 3635 1118 3708 etsapientieeejus
1129 3649 1248 3693 non
1276 3637 1856 3709 estnumerus(Psal.
1883 3655 2065 3710 cxm,

423 3727 498 3800 5).
529 3724 671 3782 Ilico
701 3723 791 3781 vir
824 3725 1031 3782 beatus
1063 3725 1252 3782 sacris
1283 3725 1522 3783 indutus
1561 3727 1846 3798 vestibus,
1881 3742 2068 3800 myssa

425 3813 716 3884 inchoata,
734 3813 1159 3886 Kyrieeieison
1176 3813 1478 3886 solempne
1504 3814 1656 3870 elata
1689 3815 1747 3872 in
1774 3815 2070 3874 excelsum

423 3917 566 3960 voce
580 3901 1007 3974 pronunciavit.
1037 3901 1182 3973 (Fol.
1225 3900 1497 3976 87’.)Jam
1530 3903 1683 3959 enim
1706 3901 1986 3961 lectiones
2011 3909 2074 3962 et

425 3991 673 4063 cantica,
701 4004 802 4048 seu
839 3989 1121 4062 quidquid
1147 3995 1240 4048 est
1263 3991 1404 4048 illud
1428 3991 1927 4049 consuetudinarii
1957 3993 2074 4050 otii-

425 4081 503 4137 cii
527 4093 714 4152 usque
745 4079 815 4135 ad
848 4079 1252 4137 accensionem
1294 4079 1532 4138 luminis
1561 4080 1617 4136 in
1665 4081 2073 4154 expectatione

429 4183 596 4224 novas
620 4166 875 4224 lucernae
899 4167 1150 4238 ﬁnierat,
1172 4172 1232 4224 et
1254 4167 1337 4224 sic
1363 4168 1574 4228 Gloria
1593 4171 1659 4228 in
1685 4171 1936 4228 cavebis
1955 4171 2076 4228 Deo

431 4269 562 4311 cum
617 4254 874 4310 lacrimis
923 4258 982 4310 et
1008 4254 1196 4326 jubilo
1225 4254 1424 4313 cordis
1478 4257 1769 4329 intonans,
1801 4259 2075 4329 gaudium

437 4341 807 4412 Christianis,
835 4345 1050 4399 metum
1069 4347 1124 4398 et
1158 4342 1603 4401 admirationem
1627 4347 1868 4418 paganis
1890 4347 2079 4404 incus-

435 4429 533 4488 sit.
552 4432 692 4486 Asta
705 4433 837 4485 hant
859 4428 913 4485 in
935 4429 1188 4486 circuitu
1207 4429 1412 4488 altaris
1427 4431 1682 4504 undique
1697 4435 2078 4492 frementcset

437 4517 792 4590 frendentes,
830 4518 930 4575 sed
965 4523 1123 4575 tanta
1147 4523 1275 4576 erat
1304 4494 1631 4578 reverentia
1671 4522 1801 4596 viri,
1824 4526 1986 4581 tanta
2020 4525 2079 4581 in
2105 4494 2161 4556 Β

437 4609 624 4666 virum
679 4607 975 4681 protectio
1008 4607 1218 4666 Christi
1251 4608 1488 4682 domini,
1521 4615 1582 4668 ut
1639 4627 1840 4671 omnes
1871 4615 2083 4672 sancti-

439 4703 616 4756 tatem
639 4696 767 4768 ejus
789 4703 850 4754 et
894 4697 1236 4768 religionem
1266 4697 1624 4757 admirantes
1647 4707 2080 4778 revererentur,

437 4793 496 4845 et
518 4788 674 4845 omni
715 4803 847 4844 cum
897 4787 1116 4844 honore
1165 4787 1398 4858 dignum
1433 4788 1716 4846 ducerent
1749 4789 1860 4862 ipsi
1909 4791 2084 4851 etiam

439 4875 534 4948 qui
559 4875 1030 4934 inimieabantur.
1067 4877 1304 4934 Noctem
1338 4875 1495 4934 illam
1528 4882 1696 4950 pater
1718 4884 1921 4936 noster
1951 4881 2088 4937 Gra-

439 4965 520 5020 tia
553 4965 652 5020 Dei
669 4963 1191 5036 duxitinsomnem,
1216 4965 1516 5023 Dominum
1539 4971 1939 5038 resurgentem
1959 4969 2090 5027 ado-

443 5065 600 5122 rans,
625 5057 682 5107 et
728 5068 859 5110 cum
909 5053 1081 5110 Maria
1114 5053 1450 5124 Magdalene
1491 5054 1548 5108 in
1569 5059 1700 5112 orto
1723 5057 1953 5128 mentis,
1988 5058 2087 5116 ubi

444 5139 710 5195 virebant
741 5156 845 5212 per
897 5157 1027 5198 eum
1079 5141 1366 5214 plantaria
1395 5141 1700 5215 virtutum,
1759 5138 2096 5204 ortolanum‘

441 5229 640 5284 Jesum
681 5228 881 5286 videre
921 5229 1280 5302 desiderans,
1315 5235 1380 5289 ut
1407 5236 1645 5290 vocaret
1676 5247 1806 5292 eum
1856 5236 2090 5310 preprio

447 5313 698 5385 nomine,
757 5319 818 5371 et
872 5331 935 5372 se
993 5319 1337 5388 magistrum
1389 5323 1450 5376 et
1501 5320 1805 5380 Dominum
1852 5322 2090 5382 doceret

446 5414 788 5474 agnoscere,
806 5407 870 5460 ut
890 5403 1078 5461 factus
1099 5405 1272 5465 testis
1291 5421 1445 5466 verm
1465 5409 1920 5470 resurrectionis
1941 5411 2086 5484 ejus,

2171 3193 2342 3264 mini,
2357 3205 2574 3250 munus
2587 3191 2747 3250 bona
2762 3191 3093 3250 voluntatis
3113 3192 3174 3250 et
3189 3191 3544 3262 devotionis,
3561 3189 3709 3264 quod
3717 3185 3785 3246 sit

2171 3282 2367 3340 mutui
2392 3283 2624 3353 pignus
2639 3279 2881 3350 amoris,
2899 3293 3118 3337 muniis
3133 3279 3296 3352 quod
3321 3291 3654 3352 numquam
3682 3290 3784 3334 eon-

2173 3370 2526 3440 summatur,
2551 3381 2776 3441 semper
2806 3367 2984 3438 extet,
3023 3367 3247 3438 herent,
3281 3369 3479 3426 amico
3526 3362 3778 3432 convivat,

2175 3459 2334 3534 quod
2360 3457 2792 3516 evanescentem
2825 3457 3172 3514 memoriam
3208 3456 3446 3526 eaeitet,
3469 3453 3780 3528 jocundum,

2175 3545 2576 3621 quodobviam
2609 3545 2810 3602 animo
2846 3542 3070 3614 veniat,
3095 3544 3495 3614 etnumquam
3531 3541 3782 3600 labatura

2176 3635 2480 3693 memoria.
2507 3631 3041 3691 PrestetDominus
3069 3630 3205 3688 istis
3216 3629 3559 3688 etomnibus
3594 3625 3782 3688 sanctis

2178 3721 2697 3792 intercedentibus,
2729 3721 2802 3778 ut
2815 3719 3036 3778 iterum
3061 3721 3372 3778 videamus
3382 3732 3494 3778 nos
3505 3721 3570 3778 in
3580 3713 3784 3776 celesti-

2183 3810 2416 3884 bus,ubi
2440 3812 2594 3884 finis
2635 3809 2904 3868 laborum
2915 3808 2974 3866 et
3003 3807 3406 3866 remuneratio
3441 3805 3784 3880 praemiorum

2181 3898 2994 3970 aternorum,ubinumguam
3009 3895 3082 3954 ab
3107 3897 3362 3954 invicem
3372 3895 3784 3970 separatim;

2175 3989 2506 4065 gaudentes
2518 3989 2579 4046 et
2593 3987 2908 4060 gustantes
2936 3999 3120 4058 quam
3137 3985 3402 4044 sitdulce
3413 3989 3474 4044 et
3493 3981 3784 4058 facundum

2184 4077 2704 4151 habitare/ratus
2717 4077 2782 4134 in
2791 4074 3479 4148 unum(Psal.cxxxn,1).
3496 4072 3660 4131 Divisi
3677 4071 3780 4127 sunt

2184 4182 2326 4238 ergo
2341 4167 2412 4225 ab
2425 4165 2669 4223 invicem
2683 4164 2792 4221 ﬂen
2803 4163 3131 4235 tes,quibus
3144 4161 3191 4220 si
3212 4161 3484 4221 licuisset
3494 4161 3778 4223 convivere,

2187 4262 2246 4316 et
2259 4253 2538 4314 commori
2560 4252 2850 4310 libuisset.
2867 4251 3143 4310 Graditur
3163 4255 3330 4324 pater
3341 4249 3661 4310 Richardus
3678 4247 3782 4301 Gra-

2189 4347 2270 4404 tia
2302 4345 2627 4416 Dciaggere
2639 4340 3182 4415 publico,oneratus
3194 4353 3370 4397 onere
3396 4339 3577 4398 nobili
3595 4329 3779 4395 etdulci

2193 4436 2398 4506 ﬂuo,se
2419 4437 2480 4490 et
2501 4431 2610 4490 sibi
2633 4429 3042 4488 commitantes
3063 4429 3381 4487 comittens
3400 4430 3518 4486 Deo
3533 4425 3782 4485 universo-

2193 4540 2319 4582 rum
2331 4523 2507 4580 corde
2527 4518 2725 4578 humili
2745 4523 2803 4576 et
2828 4516 3238 4575 contribulato.
3253 4517 3592 4575 Pendebant
3615 4529 3642 4570 a
3662 4507 3781 4568 collo

2193 4613 2321 4684 ejus
2344 4614 2676 4669 sanctorum
2689 4606 2971 4678 reliquiae,
2993 4612 3056 4664 ut
3071 4605 3318 4667 haberet
3339 4621 3459 4678 prae
3471 4603 3784 4684 oculispara—

2197 4683 2316 4760 tum
2341 4699 2636 4772 specimen
2651 4695 3117 4766 sanctitatis,nec
3131 4695 3362 4752 deesset
3379 4693 3542 4752 cordi
3557 4683 3780 4748 memoria

2194 4805 2416 4861 eorum,
2441 4801 2686 4860 quorum
2733 4784 2962 4844 sarcina
2984 4781 3316 4841 delectabili
3339 4782 3614 4854 reliquias
3634 4777 3781 4869 gesta:

2195 4881 2312 4936 bat.
2339 4879 2564 4946 Quanta
2586 4889 2726 4934 vero
2749 4874 2802 4931 in
2825 4872 3124 4931 redeundo
3152 4886 3364 4946 passus
3394 4872 3490 4942 sit,
3517 4873 3634 4944 ipse
3660 4862 3781 4921 novit

2197 4968 2293 5042 qui
2317 4966 2560 5040 pertulit
2592 4984 2606 5021 :
2640 4979 2767 5036 quae
2789 4962 2975 5020 omnia
3000 4959 3300 5030 dijudicat,
3326 4959 3424 5032 qui
3453 4959 3695 5042 laborum
3718 4959 3782 5003 re'

2199 5041 2628 5115 muneratorem
2649 5067 2712 5110 se
2736 5048 3272 5126 promisit.Videres
3295 5048 3482 5105 virum
3501 5041 3699 5103 seculis
3713 5047 3783 5092 ve-

2199 5145 2540 5214 nerandum,
2567 5143 2700 5200 dum
2725 5141 2856 5210 iret,
2899 5138 3112 5210 saepius
3133 5137 3365 5194 cervice
3387 5135 3594 5192 reflexa
3618 5131 3782 5186 versus

2199 5238 2460 5293 sanctam
2489 5229 2853 5288 Jherusalem
2881 5225 3194 5297 humiliari,
3227 5224 3546 5297 suspirare,
3575 5220 3781 5290 gemere.

2199 5324 2472 5382 aﬁ‘ectum
2513 5319 2711 5378 cordis
2735 5316 2920 5374 oculis
2942 5315 3218 5388 pandere,
3249 5312 3504 5383 gaudere
3526 5301 3665 5380 quod
3687 5309 3780 5356 san-

2199 5417 2359 5470 ctum
2399 5409 2591 5468 locum
2639 5403 2934 5478 sepulchri
2990 5402 3256 5472 vidisset,
3286 5399 3488 5458 dolere
3539 5389 3674 5468 quod
3698 5393 3779 5442 non

524 5602 670 5675 (101)
701 5605 780 5660 De
812 5604 922 5660 hoc
955 5602 1087 5674 igne
1117 5619 1286 5664 sacro
1307 5609 1381 5664 cf.
1410 5609 1700 5668 Wilhelm.
1734 5525 2333 5674 Malmesb.NG(e:tf.R.
2370 5615 2433 5672 Α.
2469 5611 2560 5670 IV.
2589 5609 2682 5668 ed.
2712 5607 2926 5680 Hardy,
2961 5619 3016 5680 p.
3051 5607 3173 5663 562.
