3894 6316
136 306 241 368 249

1371 297 1875 364 CHRONICON.
1904 336 1983 349 —
2010 305 2166 371 LIB.
2211 310 2286 373 II.

3396 310 3520 374 250

134 449 348 509 semper
371 431 621 491 videret.
649 434 787 491 Hinc
817 444 892 490 ex
920 431 1128 490 ati‘ectu
1162 447 1486 491 sermonem
1520 433 1754 507 papulis
1781 434 1835 494 A
1868 442 2180 507 supererat
2232 442 2515 513 temporis
2566 441 2736 498 simul
2788 441 3094 513 explerent
3132 442 3187 496 in
3224 441 3515 498 exercicio

137 527 280 593 dare,
304 520 577 579 beneficia
596 522 733 578 Jesu
751 519 939 578 oculis
957 524 1306 594 monstrare,
1328 536 1531 579 omnes
1554 523 1751 580 subito

135 630 199 672 ex
210 611 508 670 devotione
533 609 935 681 ingemiscere,
952 612 1129 668 Deum
1156 611 1525 682 benedicere,
1542 626 1753 669 memo-

138 702 240 759 rari
263 699 587 757 dulcedinis
607 698 837 769 divinae,
857 702 912 756 et
940 698 1011 755 ad
1036 699 1182 757 bona
1207 698 1481 758 sectanda
1506 716 1751 774 prorsus

139 789 371 849 accendi.
420 789 541 844 Non
594 786 839 844 cadebat
889 788 1084 859 passio
1135 788 1358 844 Domini
1394 804 1424 844 a
1454 789 1749 862 memoria,

142 895 252 951 qua:
272 880 385 936 erat
411 878 531 933 fere
556 880 682 932 tota
708 875 837 946 ejus
863 878 1160 933 memoria.
1188 876 1338 945 Quid
1360 877 1511 934 enim
1536 878 1641 934 fuit
1667 883 1753 935 to-

140 971 223 1024 tus
266 966 388 1022 vitae
416 965 541 1035 ejus
567 978 876 1035 excursus,
901 964 1012 1021 nisi
1036 964 1187 1022 velle
1212 966 1330 1038 pati
1363 981 1469 1038 pro
1497 965 1749 1038 Christo,

139 1055 385 1114 commori
408 1053 462 1111 ei
484 1057 542 1110 et
567 1053 945 1127 consepeliri,
973 1059 1036 1111 ut
1059 1054 1303 1112 daretur
1324 1054 1437 1112 sibi
1462 1070 1568 1127 per
1592 1056 1753 1112 Chri-

139 1151 272 1202 stum
299 1145 351 1200 in
372 1143 556 1216 gloria
590 1157 902 1214 resurgere
929 1159 1060 1203 cum
1092 1144 1229 1203 illo?
1260 1145 1395 1203 Ideo
1427 1151 1586 1204 tanta
1620 1162 1752 1219 pas-

138 1249 226 1299 sus
251 1238 349 1303 est,
384 1233 480 1304 qui
512 1236 575 1290 ut
610 1238 916 1305 pateretur
965 1233 1098 1291 exul
1144 1250 1249 1307 pro
1286 1236 1528 1293 Domino
1563 1237 1752 1295 factus

137 1326 234 1379 est.
258 1321 386 1391 (Fel.
411 1324 525 1394 88.)
551 1323 621 1378 Et
646 1322 879 1394 quidem
898 1322 1080 1394 juste.
1108 1324 1367 1396 Sapienti
1390 1326 1541 1382 enim
1564 1326 1752 1385 omnis

137 1410 359 1470 mundus
402 1410 664 1483 exilium,
696 1414 754 1468 et
786 1411 913 1468 viro
956 1412 1120 1483 justo
1167 1412 1356 1470 omnis
1403 1415 1653 1472 mundus
1684 1414 1755 1449 ³¹⁰

138 1500 337 1557 domus.
372 1500 614 1572 Sapiens
636 1504 832 1557 autem
853 1504 1003 1571 erat,
1030 1516 1201 1572 quem
1234 1501 1359 1574 ipsa
1391 1502 1751 1561 inhabitabat

135 1588 416 1660 sapientia,
440 1588 530 1645 vir
545 1587 748 1658 justus
770 1593 916 1660 erat,
943 1589 1075 1661 quia
1097 1604 1316 1663 corpus
1342 1592 1601 1664 peccatis
1622 1593 1756 1651 sub-

136 1677 300 1734 ditum
332 1678 513 1735 nescit
549 1677 881 1734 inhabitare
911 1678 1220 1750 sapientia.

1867 523 2197 595 spiritualis
2230 528 2629 601 phylosophiaa
2662 530 3008 600 (Vit.‘Sym.
3046 532 3156 599 10).
3202 530 3515 587 Venientes

1868 615 2060 669 autem
2095 616 2164 671 ad
2198 616 2495 673 civitatem
2530 616 2924 686 Bellegradam
2959 616 3130 689 (102),
3168 632 3294 686 quas
3326 622 3417 673 est
3454 617 3514 672 in

1866 700 2119 758 confinio
2145 702 2525 773 Bulgarorum
2553 709 2610 761 et
2640 704 3133 774 Hungariorum,a
3155 703 3415 761 civitatis
3436 704 3517 759 in-

1866 786 2209 846 felicissimo
2237 791 2501 863 principe
2527 792 2858 865 prohibitus
2877 796 2967 849 est
2988 808 3117 849 cum
3137 792 3225 849 eis
3244 793 3513 864 transire,

1864 883 1922 933 et
1942 878 2020 935 ita
2040 878 2245 950 lugens
2263 888 2322 938 et
2340 881 2544 937 dolens
2569 882 2791 940 divisus
2811 888 2946 939 esta
2969 888 3136 955 patre
3159 886 3215 939 et
3239 882 3520 939 fratribus

1864 966 2200 1036 lugentibus
2219 973 2276 1027 et
2297 970 2654 1028 dolentibus.
2677 972 2931 1029 Domnus
2953 972 3194 1042 Symeou
3214 985 3316 1042 per
3336 970 3515 1027 multa

1865 1055 2124 1130 pericula
2158 1058 2263 1115 ivit
2295 1060 2679 1129 Rotomagnm
2713 1075 2819 1131 pro
2852 1059 3124 1131 inplenda
3150 1058 3516 1124 ebedientia;

1865 1148 2032 1217 pater
2070 1145 2397 1204 Richardus
2439 1147 2628 1218 gratia
2660 1148 2759 1204 Dei
2794 1146 2967 1217 longo
3000 1153 3058 1204 et
3091 1148 3254 1204 vario
3288 1146 3516 1203 itineris

1865 1232 2066 1291 labore
2108 1235 2373 1292 redditus
2417 1241 2506 1293 est
2552 1235 2764 1294 finibus
2798 1235 2996 1292 Galliae
3029 1235 3296 1305 Belgicis.

1940 1326 2027 1379 24.
2064 1323 2336 1380 Occurrit
2368 1324 2503 1381 ilico
2537 1325 2690 1398 patri
2722 1340 2753 1382 a
2784 1324 2957 1395 longe
2991 1323 3240 1381 filiorum
3274 1337 3517 1380 examen

1868 1409 2195 1469 lmtantiuin
2220 1417 2279 1469 et
2300 1414 2680 1483 gaudentium
2703 1414 2777 1470 ob
2801 1414 3115 1471 adventum
3138 1415 3265 1484 ejus
3289 1411 3518 1469 deside-

1871 1500 2136 1556 rabilem.
2173 1501 2280 1557 Ubi
2314 1516 2452 1558 vero
2492 1502 2830 1575 percrebuit
2879 1503 3023 1558 fama
3065 1501 3353 1559 celebrior
3384 1515 3516 1558 eum

1871 1586 2168 1658 advenire,
2206 1589 2397 1646 factus
2426 1595 2517 1647 est
2548 1605 2873 1647 concursus
2893 1590 2962 1646 ad
2986 1605 3115 1647 eum
3148 1589 3426 1647 nobilium
3458 1593 3519 1645 et

1871 1675 2235 1748 ignobilium,
2287 1678 2554 1750 divitum,
2606 1678 3010 1751 mediocrium,
3060 1693 3403 1751 pauperum,
3454 1681 3516 1735 et

198 1769 276 1822 23.
308 1765 600 1824 Reversus
648 1765 882 1824 tandem
922 1767 993 1823 ad
1035 1766 1170 1823 illos
1203 1783 1339 1825 suos
1390 1767 1751 1840 palestrites,
1785 1780 1841 1842 Β
1875 1780 2319 1836 quaquaversus
2365 1767 2655 1839 veniebat,
2706 1783 2990 1825 occursus
3034 1767 3408 1839 gaudentium
3458 1770 3515 1822 et

137 1856 458 1912 Sarracenos
486 1854 742 1926 scilicet,
776 1869 887 1926 qua
919 1854 1009 1913 via
1041 1861 1305 1928 venerat,
1338 1857 1540 1914 eadem
1578 1862 1635 1914 et
1672 1873 1757 1915 re-

131 1944 503 2015 grediebatur.
539 1947 694 2002 Ante
725 1959 924 2001 muros
953 1944 1182 2002 urbium
1216 1945 1523 2003 missarum
1553 1946 1758 2004 solem-

137 2034 251 2105 pnia
278 2033 599 2105 celebrans,
648 2047 753 2090 nec
796 2036 1064 2091 assuetos
1103 2033 1321 2091 imbres
1352 2035 1757 2093 inundantium

137 2120 362 2193 lapidum
386 2136 627 2194 pavens.
653 2121 935 2179 Mirabilis
960 2136 1205 2193 prorsus
1231 2123 1421 2181 virtus
1440 2128 1498 2179 et
1520 2127 1760 2196 stupen-

137 2209 213 2279 da,
241 2210 447 2280 grande
496 2210 878 2281 mysterium,
917 2210 1315 2282 spectaculum
1357 2212 1752 2283 praedicabile.

137 2298 349 2354 Stabant
372 2314 546 2371 supra
579 2303 763 2370 caput
789 2298 1038 2355 hominis
1061 2299 1161 2355 Dei
1185 2299 1401 2371 hostes,
1428 2299 1757 2370 dirigebant

137 2401 237 2456 que
283 2386 333 2443 in
354 2386 513 2444 illum
536 2387 790 2460 lapides,
824 2387 969 2443 adeo
1001 2388 1381 2459 pregrandes,
1416 2393 1476 2445 ut
1502 2404 1613 2444 non
1635 2393 1760 2445 tan-

140 2477 243 2529 tum
284 2479 472 2548 caput,
516 2475 628 2533 sed
670 2478 857 2532 totum
895 2490 1143 2547 prorsus
1171 2474 1242 2509 ³¹¹
1271 2476 1319 2532 si
1361 2477 1758 2533 occurrissent

141 2570 563 2634 conquassarent
614 2563 926 2620 hominem.
974 2563 1237 2620 Manebat
1270 2563 1369 2620 ille
1404 2564 1755 2636 intrepidus,

138 2650 252 2720 quia
283 2654 704 2723 protegebatur
737 2667 765 2707 a
800 2652 991 2723 lapide
1025 2653 1271 2723 praeciso
1303 2653 1373 2708 de
1406 2660 1600 2709 monte
1634 2652 1759 2710 sine

140 2739 387 2799 manibus.
411 2740 834 2811 Dirigebantur
856 2739 1134 2797 aliorsum
1159 2740 1403 2812 lapides,
1421 2741 1553 2812 quia
1580 2740 1756 2814 lapidi

141 2826 251 2883 vivo
271 2829 513 2885 manenti
530 2828 589 2884 in
608 2827 806 2900 lapide
831 2828 928 2899 qui
950 2829 1304 2900 reprobatus
1326 2831 1438 2897 est,
1465 2829 1562 2901 qui
1583 2844 1759 2901 angu-

140 2912 259 2973 laris
278 2916 483 2975 missus
504 2921 626 2987 est,
655 2917 936 2973 timebant
969 2916 1147 2984 illidi;
1170 2918 1263 2974 cui
1284 2918 1332 2974 si
1364 2917 1754 2991 illiderentur,

143 3004 530 3075 frangerentur.
590 3007 1103 3079 Obstupescebant
1147 3008 1399 3077 gentiles
1451 3008 1754 3081 miraculo,

141 3106 230 3149 nec
260 3094 507 3152 novitate
545 3093 819 3152 miraculi
861 3096 1262 3166 terrebantur,
1308 3096 1474 3167 cujus
1512 3096 1759 3153 admira-
1790 3136 1839 3200 Ο

144 3180 273 3239 tione
301 3182 836 3255 deteriorabantur,
871 3183 1141 3254 quoniam
1179 3183 1300 3255 ipsa
1330 3183 1418 3240 eis
1450 3183 1759 3240 admiratio

140 3274 248 3324 erat
274 3272 482 3342 peccati
514 3271 841 3329 innovatio.
879 3271 1121 3328 Stabant
1146 3271 1373 3343 alonge
1404 3273 1669 3329 monachi
1699 3277 1759 3329 et

139 3356 312 3415 clerici
331 3363 610 3431 quantum
626 3360 822 3432 jactus
840 3364 930 3416 est
957 3359 1189 3431 lapidis,
1215 3363 1271 3417 et
1295 3362 1608 3433 peregrini,
1636 3361 1758 3433 ipse

142 3444 279 3503 solus
307 3447 747 3518 ingrediehatur
777 3448 1276 3520 propiciatorium,
1313 3448 1409 3519 qui
1443 3463 1665 3506 armum
1700 3449 1755 3505 in

143 3534 399 3593 sacriﬁcio
411 3541 469 3594 et
485 3536 764 3594 dextrum
788 3540 1091 3608 acceperat
1117 3540 1470 3608 separatum,
1495 3537 1627 3607 quia
1647 3552 1759 3595 non

144 3621 304 3678 solum
329 3630 450 3682 erat
482 3624 760 3697 operatio
800 3623 928 3695 ejus
961 3623 1146 3696 utilis,
1181 3624 1286 3682 sed
1317 3630 1376 3681 et
1407 3624 1759 3695 singularis;

143 3711 227 3781 qui
247 3711 386 3770 inter
408 3712 593 3771 malos
619 3727 733 3769 non
756 3712 939 3769 solum
969 3728 1098 3784 quae
1130 3716 1266 3770 sunt
1291 3717 1450 3771 recta
1484 3714 1757 3786 faciebat,

143 3799 290 3857 sedet
304 3801 441 3860 bene
461 3803 787 3874 operantes
808 3800 1079 3859 subditos
1100 3802 1252 3859 sicut
1278 3802 1497 3859 honore
1515 3801 1757 3875 ordinis,

144 3886 211 3944 ita
246 3904 453 3950 morum
495 3890 728 3947 virtute
760 3891 1232 3947 transcendebat.
1286 3890 1555 3959 Quicum
1599 3906 1760 3949 armo

146 3979 512 4045 pectusculum
548 3993 778 4050 quoque
801 3979 856 4035 in
879 3993 984 4035 esu
1014 3983 1343 4051 acceperat,
1381 3979 1514 4051 quia
1537 3995 1649 4036 non
1676 3996 1764 4037 so-

146 4061 242 4121 lum
262 4074 488 4138 pectore
508 4070 678 4124 recta
696 4067 1014 4137 cogitabat,
1036 4067 1140 4124 sed
1157 4072 1217 4123 et
1238 4071 1604 4139 spectatores
1622 4082 1761 4128 suos

148 4153 207 4209 ad
243 4156 495 4214 sublimia
546 4170 707 4212 armo
746 4156 944 4228 operis
986 4156 1291 4214 invitabat.
1338 4158 1447 4215 Sed
1471 4157 1588 4228 jam
1622 4158 1760 4229 quid

149 4253 407 4301 moramur
447 4242 832 4301 redeuntem?
868 4241 1199 4300 Reddamus
1239 4249 1463 4316 patrem
1501 4243 1654 4315 filiis,
1697 4248 1757 4302 ut

146 4329 482 4396 gratulentur
503 4331 570 4388 in
593 4330 861 4401 invicem,
886 4333 943 4387 et
966 4346 1071 4402 pro
1093 4330 1376 4388 absentia)
1397 4330 1578 4402 tedio,
1606 4331 1759 4402 quod

151 4419 382 4487 perpessi
414 4422 579 4490 sunt,
615 4417 725 4490 ipsi
749 4417 860 4475 sibi
889 4418 1005 4474 sint
1036 4418 1376 4476 consolatio.
1413 4421 1535 4477 Non
1566 4424 1758 4477 autem

1873 1858 2353 1914 concurrentium
2400 1874 2513 1915 non
2548 1858 2768 1915 deerat.
2805 1861 2941 1915 Cum
2973 1862 3135 1915 tanta
3167 1857 3514 1929 frequentia,

1871 1957 2001 1999 cum
2024 1947 2183 1999 tanta
2207 1945 2546 2016 pontiﬁcum
2568 1950 2625 2001 et
2651 1944 3039 2016 palatinorum
3064 1960 3391 2018 procerum,
3412 1959 3517 2001 nec

1871 2045 1982 2086 non
2017 2030 2161 2088 cleri
2196 2031 2501 2103 plebisque
2533 2032 2759 2103 lmtitia,
2809 2031 2979 2103 longa
3025 2047 3182 2088 mora
3236 2037 3515 2103 protenso

1874 2121 2158 2191 temporis
2189 2122 2405 2192 spacio,
2437 2121 2755 2178 Virdunum
2798 2136 2983 2191 usque
3025 2119 3354 2177 deducitur.
3391 2120 3517 2186 Quo

1871 2221 2000 2264 cum
2024 2211 2404 2267 nunciaretur
2425 2210 2654 2281 adesse,
2677 2211 2824 2267 totis
2846 2211 3076 2267 obviam
3101 2210 3290 2282 portis
3314 2211 3513 2278 ruunt,

1873 2300 1995 2353 tota
2017 2296 2242 2354 obviam
2266 2298 2474 2355 civitas
2496 2299 2891 2370 progreditur.
2918 2298 3101 2355 Senes
3122 2314 3252 2356 cum
3269 2296 3515 2368 juniori-

1873 2384 2003 2455 bus,
2030 2389 2248 2443 matres
2268 2400 2397 2442 cum
2423 2386 2764 2456 infantibus,
2787 2390 2932 2443 mtas
2953 2401 3183 2457 quoque
3210 2386 3335 2457 ipse
3359 2385 3517 2441 inhe-

1868 2472 2060 2528 cillior
2084 2472 2140 2528 in
2164 2487 2472 2530 occursum
2505 2474 2651 2530 tanti
2675 2474 2785 2531 viri
2809 2488 2869 2531 se
2892 2474 3165 2546 proripit,
3202 2474 3358 2531 domi
3392 2472 3518 2529 nul-

1871 2558 1963 2617 lus
1987 2560 2279 2617 subsistit.
2317 2556 2692 2631 Clericorum,
2730 2562 3166 2634 monachorum,
3191 2577 3298 2619 nec
3320 2576 3431 2618 non
3457 2564 3514 2617 et

1872 2648 2403 2705 sanctimonialium
2434 2650 2673 2706 Domino
2696 2664 2859 2705 sacer
2882 2650 3027 2706 ordo
3048 2650 3276 2708 dicatus
3303 2651 3514 2708 obvius

1869 2737 2173 2808 egreditur
2205 2738 2357 2810 patri
2389 2754 2520 2795 cum
2549 2738 2828 2795 crucibus
2858 2742 2915 2795 et
2948 2739 3157 2809 cereis,
3192 2746 3249 2795 et
3282 2740 3516 2799 diverso

1868 2825 2307 2885 ecclesiasticae
2354 2826 2659 2897 dignitatis
2688 2831 2973 2898 apparatu
3021 2828 3374 2899 praestolans
3421 2845 3516 2887 ve-

1870 2915 2145 2985 nientem,
2181 2920 2241 2971 et
2273 2920 2660 2971 remorantem
2692 2915 2790 2971 vix
2824 2914 3034 2983 ferens,
3075 2914 3207 2984 quia
3250 2916 3511 2986 cupienti

1870 3003 2062 3061 animo
2094 3003 2271 3060 nichil
2303 3003 2447 3060 satis
2481 3003 2889 3060 festinabatur.
2924 3002 3032 3059 Ubi
3064 3017 3203 3059 vero
3234 3004 3414 3074 venit,
3448 3009 3505 3060 et

1872 3093 2201 3149 venientem
2229 3093 2314 3148 fas
2338 3091 2448 3149 fuit
2471 3092 2689 3162 videre,
2722 3090 2944 3148 clamor
2969 3090 3165 3163 populi
3196 3090 3511 3164 attollitur,

1872 3182 2058 3239 ﬂuunt
2080 3179 2334 3237 lacrimae
2352 3179 2566 3251 gaudio
2585 3180 2791 3252 plenae.
2808 3181 2928 3235 Non
2942 3183 3068 3236 erat
3086 3180 3228 3236 satis
3245 3182 3514 3252 cuiquam

1873 3267 2053 3326 semel
2078 3268 2319 3345 vidisse,
2346 3269 2457 3325 nisi
2483 3269 2724 3325 daretur
2756 3268 2968 3325 iterum
2998 3268 3327 3339 iterumque
3360 3270 3517 3328 vide-

1872 3374 1955 3415 re.
1989 3356 2302 3415 Descendit
2336 3358 2554 3429 itaque,
2580 3360 2636 3412 et
2663 3361 2973 3428 susceptus
3004 3356 3292 3413 deductus
3324 3362 3416 3415 est
3442 3360 3513 3415 ad

1873 3446 2290 3503 monasterium
2323 3460 2452 3501 cum
2486 3446 2715 3502 cantico
2741 3445 2795 3500 in
2822 3444 3028 3516 jubilo,
3061 3446 3329 3504 omnibus
3358 3447 3519 3520 plau-

1872 3533 2153 3591 dentibus
2185 3538 2245 3590 et
2289 3534 2622 3591 dicentibus
2656 3552 2667 3587 :
2700 3532 3056 3591 Benedictus
3093 3533 3366 3593 dominas
3409 3538 3518 3609 qui

1855 3623 2030 3696 facit
2071 3623 2386 3681 mirabilia
2423 3624 2604 3681 solus.
2649 3622 2807 3679 Diem
2840 3622 2996 3678 illam
3026 3623 3257 3692 gaudiis
3287 3623 3514 3695 plenam

1871 3710 2226 3784 solempnem
2249 3712 2413 3769 duxit
2439 3712 2673 3769 devotio
2707 3712 2975 3779 fratrum,
3011 3710 3141 3780 quia
3166 3715 3223 3765 et
3243 3710 3399 3780 justa
3422 3716 3515 3769 est

1872 3815 2045 3858 causa
2071 3800 2293 3859 latitia:
2318 3800 2565 3855 amicum
2594 3799 2788 3855 laetum
2821 3798 3059 3854 videre:
3085 3799 3216 3854 etsi
3242 3800 3511 3870 amicum,

1874 3888 2010 3960 quid
2045 3889 2310 3960 patrem?
2340 3887 2459 3959 (fol.
2486 3886 2618 3957 88’.)
2654 3885 2952 3955 Agendum
2981 3889 3072 3941 est
3107 3884 3290 3956 bonis,
3327 3892 3391 3943 ut
3422 3904 3516 3945 vo-

1873 3977 2071 4035 luntas
2094 3976 2240 4033 bona
2266 3991 2377 4032 non
2400 3975 2603 4044 lateat,
2621 3974 2724 4030 sed
2745 3974 3046 4046 aperiatur
3062 3979 3125 4030 ut
3140 3974 3352 4031 luceat.
3377 3976 3517 4033 Ver-

1874 4065 1945 4123 ba
1976 4068 2229 4135 cessent,
2264 4063 2311 4120 si
2355 4060 2840 4134 quemadmodum
2874 4061 3045 4118 debet
3080 4062 3209 4134 quis
3239 4062 3511 4134 afﬁcitur,

1872 4154 2234 4212 conscientia
2259 4150 2540 4210 eminebit
2562 4152 2617 4207 in
2640 4150 2828 4208 vultu.
2852 4150 3037 4207 Nichil
3061 4155 3255 4208 autem
3286 4153 3513 4221 gratius

1874 4242 2110 4318 publica
2130 4241 2405 4313 amicitia,
2420 4240 2641 4298 nullum
2655 4239 3003 4313 supplicium
3017 4242 3256 4311 gravius
3275 4241 3513 4316 publico

1872 4331 2027 4388 odio.
2064 4329 2431 4387 intellectum
2472 4330 2624 4386 enim
2665 4330 2747 4385 rei
2788 4329 3022 4401 optima:
3060 4333 3121 4385 et
3160 4330 3512 4388 dulcissimae

1874 4419 2090 4490 amisit,
2117 4419 2215 4491 qui
2248 4419 2502 4476 omnium
2532 4418 2876 4490 designatur
2904 4417 3111 4489 oculis,
3136 4423 3194 4477 et
3219 4419 3511 4489 designari

150 4506 645 4571 praetermittamus
674 4505 1037 4563 Antiochiam
1071 4506 1257 4564 sancti
1290 4507 1588 4581 Symeonis
1618 4524 1760 4581 prze-
1789 4496 1844 4559 D
1874 4525 1935 4567 se
1953 4510 2198 4583 judicat,
2227 4511 2323 4583 qui
2347 4514 2511 4566 caret
2534 4510 2657 4566 acie
2688 4509 3010 4581 oculorum,
3037 4510 3133 4580 qui
3158 4522 3393 4566 sensum
3418 4509 3514 4566 be-

152 4593 311 4650 sentia
330 4594 565 4653 claram.
588 4594 676 4652 Ibi
693 4594 844 4651 enim
865 4594 1086 4652 invenit
1109 4598 1274 4668 pater
1296 4597 1760 4654 amantissimum

152 4677 324 4753 ﬁlium,
344 4682 419 4740 ibi
439 4683 665 4755 recepit
686 4682 841 4741 filius
862 4686 1084 4756 patrem
1109 4683 1493 4757 karissimum,
1518 4686 1595 4742 ibi
1618 4687 1760 4743 socii

152 4768 361 4842 socium,
397 4773 616 4829 fratres
646 4772 906 4841 fratrem,
930 4772 1174 4829 comites
1195 4787 1559 4844 agnoverunt
1589 4776 1764 4831 comi-

151 4856 265 4911 tem.
289 4860 478 4932 Neque
500 4861 652 4918 euim
679 4860 891 4933 potuit,
919 4860 1127 4919 multis
1144 4861 1515 4920 obstantibus
1537 4864 1764 4936 pericu-

152 4940 230 5013 lis,
248 4947 514 5016 perﬁcere
534 4948 690 5020 quod
712 4948 1072 5021 decreverat,
1096 4950 1391 5023 praecipue
1409 4966 1538 5008 cum
1562 4957 1761 5009 nosset

152 5028 319 5090 divina
350 5036 706 5094 revelatione
730 5036 785 5091 in
808 5037 1016 5093 itinere
1039 5037 1142 5095 illo
1165 5038 1333 5111 plura
1359 5052 1422 5096 se
1454 5054 1761 5111 passurum

152 5118 388 5181 adversa.
423 5125 760 5182 Delectatus
792 5124 971 5195 igitur
1000 5130 1251 5198 uterque
1282 5127 1576 5198 comparis
1618 5116 1796 5200 prae-'

153 5210 338 5283 sentis,
360 5212 705 5285 delegerunt
729 5213 902 5272 simul
925 5214 1244 5274 Virdunum
1268 5214 1484 5288 redire,
1519 5220 1581 5274 ut
1607 5216 1761 5288 quod

1873 4600 2214 4657 neﬁciorum
2248 4599 2463 4670 amisit,
2496 4599 2665 4669 cujus
2696 4613 2868 4655 aures
2913 4598 3151 4654 morbus
3191 4596 3508 4654 obstruxit.

1875 4687 1983 4744 Sed
2004 4688 2284 4758 pudorem
2304 4687 2461 4744 tollit
2477 4686 2792 4744 multitudo
2816 4684 3202 4756 peccantium,
3218 4688 3278 4739 et
3292 4683 3509 4740 desinit

1873 4790 2002 4833 esse
2035 4776 2232 4847 probri
2265 4775 2394 4832 loco
2434 4786 2734 4830 commune
2777 4771 3168 4827 maledictum.
3203 4772 3278 4825 At
3307 4773 3510 4827 contra

1875 4863 1972 4936 qui
1995 4864 2067 4919 ab
2088 4865 2357 4921 omnibus
2381 4861 2666 4930 diligitur,
2691 4858 2897 4929 aequali
2930 4862 3329 4929 perpetuaque
3352 4857 3514 4914 volu-

1876 4956 2037 5026 ptate
2053 4952 2285 5009 fruitur.
2306 4950 2605 5007 Adventus
2619 4947 2799 5017 igitur
2818 4946 3001 5018 patris
3014 4947 3197 5003 nostri
3209 4961 3513 5006 commune

1875 5040 1979 5097 fuit
2006 5039 2371 5109 beneficium,
2389 5037 2520 5109 quia
2535 5049 2838 5092 commune
2850 5032 3147 5103 gaudium,
3165 5034 3297 5105 quia
3310 5038 3513 5092 etcum

1874 5128 2089 5185 absens
2110 5130 2287 5195 esset,
2315 5124 2669 5196 diligebatur
2683 5121 2753 5177 ab
2768 5121 3055 5178 omnibus.
3074 5123 3135 5177 In
3154 5121 3333 5194 prima
3358 5123 3513 5179 enim

1876 5218 2043 5288 parte
2065 5213 2239 5271 animi
2262 5213 2417 5285 apud
2450 5211 2759 5270 universos
2779 5208 3034 5282 positus,
3056 5224 3288 5283 semper
3309 5226 3516 5270 occur-

1479 5339 1718 5395 VARLE
1757 5336 2157 5395 LECTIONES.

211 5426 274 5463 ³¹⁶
301 5444 503 5491 munus
527 5447 575 5492 c.
653 5432 722 5469 '“
746 5448 866 5493 eoa:
892 5435 1013 5495 hac
1034 5438 1270 5511 passim
1301 5449 1549 5509 prorsus
1578 5433 1869 5496 scribitur
1893 5435 1963 5493 in
1986 5448 2035 5492 ο.

1708 5530 1929 5588 NOTAE.

218 5595 354 5670 (ποθ)
398 5598 658 5674 Belgrad.
