3894 6330
425 315 498 379 ‘25
509 318 532 378 '1

1379 314 1744 379 HUGONIS
1789 311 2143 377 ABBATIS
2186 309 2868 377 FLAVINIACENSIS

3698 318 3795 384 252

424 453 590 512 rebat
616 451 925 524 memoriae,
944 466 1253 525 numquam
1268 451 1346 510 ita
1363 454 1660 528 sepositus
1675 450 1760 510 vel
1780 451 2060 525 abjectus,
2095 449 2150 512 A
2181 447 2251 506 ad
2269 446 2748 507 consentiendum
2767 446 3044 507 inductus
3063 443 3239 506 fuerit
3261 445 3572 522 patefecit;
3594 462 3793 528 semper

425 548 491 601 ut
523 541 578 600 in
616 543 998 614 ignorantiam
1046 546 1398 600 verteretur.
1455 543 1748 616 Quidquid
1785 559 1925 600 vero
1958 544 2067 599 fre-

427 649 610 704 quens
631 633 910 704 cogitatio
934 637 1167 689 exercet
1188 638 1246 689 et
1266 639 1525 704 renovat,
1549 649 1838 704 nunquam
1861 647 2068 688 memo-

427 725 529 782 ria}
554 724 924 794 subducitur,
961 739 1088 794 quae
1125 723 1298 779 nichil
1336 724 1526 795 perdit
1551 725 1658 780 nisi
1686 723 1754 779 ad
1781 725 1932 794 quod
1956 738 2065 777 non

427 827 564 884 sepe
587 813 863 884 respexit.
901 813 1198 884 Reliquias
1231 827 1370 880 ergo
1397 813 1936 869 Jherosolimitanas
1967 828 2066 869 seu

431 902 835 972 undecumque
855 902 1136 972 quesitas,
1159 902 1370 972 quibus
1390 906 1636 958 onustus
1653 903 1991 972 advenerat,
2014 903 2067 957 in

431 991 760 1044 sanetuario
787 993 952 1060 pater
975 989 1296 1045 Riehardus
1319 990 1608 1060 deposuit,
1629 995 1685 1045 et
1711 991 1794 1046 sic
1817 991 2068 1048 lectione

431 1060 748 1150 praemiSsa,
778 1079 1068 1150 susceptis
1089 1085 1148 1133 et
1173 1077 1533 1134 deosculatis
1561 1079 1860 1150 fratribus,
1886 1081 2068 1136 vicem

432 1169 730 1226 beneficiis
766 1169 1054 1240 rependit,
1100 1170 1361 1238 gaudens
1391 1184 1518 1224 cum
1552 1168 1960 1238 gaudentibus,
2011 1175 2070 1223 et

429 1259 651 1328 gratias
668 1273 844 1326 agens
859 1258 1011 1327 quod
1033 1272 1232 1313 eorum
1254 1257 1622 1313 orationibus
1641 1257 1896 1313 munitus
1914 1258 2072 1312 labo-

431 1362 525 1402 res
551 1347 769 1402 viarum
796 1361 1039 1401 securus
1074 1346 1531 1417 percucurrerit,
1570 1346 1756 1401 libens
1785 1347 2073 1402 tolerave-

431 1435 526 1505 rit,
564 1436 713 1506 quod
747 1435 1146 1504 gratissimum
1188 1438 1272 1490 est
1307 1435 1546 1490 cuilibet
1587 1450 1930 1490 enumerare
1973 1436 2068 1490 ubi

425 1525 698 1580 evaserit.
726 1526 1037 1594 Postquam
1058 1523 1233 1591 igitur
1252 1523 1548 1578 dilectioni
1567 1524 1928 1579 satisfactum
1955 1531 2066 1595 est,

427 1617 485 1668 et
504 1628 782 1684 prospera
800 1611 1090 1682 utrimque
1105 1611 1348 1683 replicat
1361 1612 1552 1682 a,quia
1573 1613 1624 1666 in
1642 1612 1860 1668 talibus
1876 1613 2073 1669 adver-

428 1701 508 1757 sis
540 1702 866 1757 referendis
889 1701 1071 1770 siqua
1095 1705 1249 1769 sunt,
1278 1701 1400 1757 dies
1423 1705 1761 1756 reservatur
1789 1702 2066 1770 crastina,

2179 543 2366 596 tamen
2393 553 2452 595 se
2474 553 2724 609 errasse,
2753 553 2816 595 se
2847 537 3164 609 deliquisse
3193 541 3500 598 confessus
3531 546 3636 598 est.
3671 544 3790 601 Ade~

2180 633 2307 684 rant
2333 633 2388 684 et
2415 628 2676 697 comites,
2711 628 2863 683 inter
2896 643 3041 698 quos
3069 632 3194 684 erat
3229 629 3666 688 archidiaconus
3685 633 3788 690 mis-

2181 731 2282 771 sus
2300 717 2679 786 abepiseopo,
2703 730 2951 786 poscens
2971 720 3194 786 patrem
3217 716 3542 788 piissimum
3559 721 3787 778 uterrori

2181 805 2367 861 locum
2393 806 2558 860 daret
2578 805 2781 874 veniae,
2805 810 2859 860 et
2888 805 3040 875 quod
3064 808 3254 861 actum
3275 808 3400 862 erat
3425 822 3531 876 pro
3549 822 3650 864 suo
3664 823 3788 866 amo-

2180 909 2242 950 re
2267 899 2453 950 ratum
2478 894 2696 950 sineret
2722 909 2850 949 esse
2874 898 2930 948 et
2957 893 3186 950 stabile.
3215 894 3354 962 (Fol.
3378 898 3496 968 89.)
3523 898 3594 952 At
3612 897 3694 952 vir
3713 899 3793 954 mi-

2182 983 2440 1039 tissimus
2474 997 2652 1054 pauca
2693 997 2824 1038 cum
2867 982 3115 1038 consilio
3149 981 3429 1054 loquutus
3468 1001 3481 1038 :
3515 985 3788 1055 Petitiom’,

2183 1071 2388 1142 inquit,
2411 1072 2605 1127 domn"
2625 1073 2879 1142 episcopi
2901 1071 3284 1142 adquiescere
3303 1072 3686 1145 [teneri/tem
3702 1076 3786 1142 est,

2182 1161 2240 1216 et
2233 1161 2504 1232 fratrem
2515 1161 2620 1232 qui
2633 1159 2870 1231 publice
2871 1159 3146 1230 peccarit
3144 1159 3390 1230 publica
3406 1163 3790 1234 satisfactione

2181 1251 2476 1320 corripere
2490 1249 2698 1304 bonum
2711 1249 2811 1306 est.
2837 1249 3276 1319 lizecloquutus,
3301 1249 3544 1306 fratrem
3561 1250 3786 1308 ultimum

2183 1338 2236 1392 in
2261 1338 2509 1407 collegio
2536 1339 2774 1392 fratrum
2809 1337 3040 1392 interim
3070 1339 3274 1392 sedere
3306 1339 3608 1410 praecepit,
3633 1341 3789 1410 quoad

2185 1443 2368 1497 usque
2396 1431 2674 1482 tractaret
2693 1427 2747 1480 in
2762 1425 3020 1496 capitulo
3036 1427 3106 1481 de
3121 1425 3211 1482 his
3224 1442 3352 1498 qua)
3375 1427 3678 1484 mandabat
3695 1429 3791 1498 epi-

2184 1529 2417 1584 scopus,
2443 1518 2498 1568 et
2523 1512 2766 1569 consilio
2797 1512 3054 1581 generali
3087 1513 3223 1584 quid
3257 1518 3418 1569 esset
3441 1513 3708 1584 agendum
3728 1514 3792 1568 di-

2183 1606 2478 1673 sponeret.
2509 1601 2806 1656 Abscessit
2831 1602 3014 1656 frater
3037 1617 3065 1656 a
3091 1603 3514 1672 conspectibus
3541 1602 3725 1674 patris,
3745 1608 3789 1660 et

2185 1708 2313 1747 cum
2338 1695 2496 1745 tanta
2517 1690 2735 1745 virtute
2760 1690 3332 1761 patientiaajubentis
3350 1691 3630 1748 obmdivit
3649 1691 3790 1762 impe-

425 1791 495 1845 ad
546 1790 1026 1846 refocillationem
1080 1790 1304 1859 fatigati
1355 1791 1622 1862 corporis
1672 1795 1906 1847 ventum
1951 1799 2068 1857 est;
2101 1807 2156 1868 Β
2188 1779 2469 1848 νίονῐθιοη

2188 1781 2291 1848 rio,
2317 1779 2606 1849 talemque
2631 1794 2692 1834 se
2716 1778 2937 1834 exibuit
2961 1779 3014 1834 in
3041 1779 3412 1850 oboediendo,
3437 1784 3500 1836 ut
3521 1779 3788 1836 miraretur

427 1879 579 1948 quod
614 1883 672 1934 et
705 1878 953 1948 abunde,
991 1880 1066 1934 ita
1101 1883 1293 1934 tamen
1329 1882 1390 1933 ut
1425 1880 1718 1934 honestati
1755 1880 2068 1949 sufﬁceret,

427 1971 800 2038 procuratum
843 1972 952 2022 est.
998 1966 1217 2022 Exinde
1262 1966 1618 2022 venerabilis
1659 1969 1825 2037 pater
1859 1967 1912 2022 in
1945 1968 2075 2022 red-

426 2053 609 2110 denda
634 2056 1049 2112 beneficiorum
1073 2055 1202 2111 vice
1227 2055 1576 2124 accingitur,
1604 2055 1846 2126 primam
1871 2071 2070 2112 eorum

426 2145 762 2215 pensionem
795 2145 1048 2214 solvens,
1076 2144 1228 2214 quod
1261 2149 1428 2214 grate
1453 2144 1521 2198 ad
1547 2158 1675 2198 eum
1703 2145 2072 2214 pervewrint

425 2224 626 2278 effusis
649 2224 959 2279 affectibus
977 2223 1261 2293 judicare,
1279 2227 1336 2278 et
1357 2223 1461 2278 hoc
1486 2222 1700 2292 ubique
1719 2223 1946 2278 testari.
1975 2225 2076 2278 Ce-

430 2311 513 2382 pit
544 2311 721 2378 enim,
756 2311 918 2381 quasi
951 2309 1129 2366 nichil
1161 2317 1354 2366 actum
1389 2311 1614 2381 fuisset,
1649 2312 1948 2368 beneficiis
1979 2313 2074 2368 ad-

319 2407 337 2424 °
432 2399 570 2454 dere
607 2399 907 2467 beneﬁcia,
955 2399 1149 2453 rimari
1185 2397 1545 2467 singulorum
1577 2400 1978 2470 necessitates,
2012 2405 2072 2456 et

433 2502 544 2558 cpe
577 2501 674 2543 eas
707 2487 923 2554 levare,
963 2490 1022 2541 ut
1059 2486 1252 2541 cuncti
1288 2491 1674 2555 agnoscerent
1705 2491 1930 2558 patrem
1964 2489 2069 2544 sibi

435 2575 759 2645 advenisse,
785 2578 840 2630 et
871 2575 1214 2645 plenitudini
1245 2574 1438 2643 gaudii
1469 2591 1664 2632 eorum
1700 2575 1776 2630 nil
1811 2578 1934 2632 deer
1959 2581 2066 2633 set.

432 2663 476 2717 Ο
509 2661 694 2718 virum
738 2663 890 2719 omni
925 2661 1114 2718 laudis
1145 2663 1437 2732 prreconio
1469 2663 1863 2734 dignumitqui
1895 2665 2068 2721 etiam

435 2766 742 2822 puerorum
777 2751 931 2807 lecta
963 2766 1068 2822 per
1099 2765 1162 2806 se
1189 2751 1496 2822 circuibat,
1524 2756 1587 2808 ut
1611 2751 1837 2808 videret
1861 2753 1905 2810 si
1931 2753 2067 2824 quid

429 2843 582 2896 esset
609 2838 958 2909 addendum,
985 2839 1031 2894 si
1057 2839 1194 2910 quid
1219 2839 1689 2911 innovandun.,si
1715 2841 1851 2912 quid
1876 2841 2070 2898 melio-

431 2927 696 2998 randum,
742 2932 804 2984 ut
840 2928 1014 2984 etiam
1067 2943 1170 2999 per
1218 2929 1327 2984 hoc
1379 2935 1660 3000 paternus
1687 2931 1814 3000 ejus
1845 2930 2069 2987 animus

426 3021 870 3088 agnosceretur,
885 3017 1156 3073 etdebita
1183 3017 2063 3090 pietascunctisinpenderetur.

432 3105 707 3161 Studebat
750 3104 806 3160 id
841 3105 1110 3161 omnibus
1139 3120 1410 3160 resecare
1451 3105 1614 3176 vitia,
1667 3121 1856 3162 mores
1891 3107 2070 3162 corri-

423 3207 583 3262 gere,
615 3198 676 3249 ut
701 3197 900 3264 posset
937 3193 1222 3264 plantaria
1257 3193 1536 3250 virtutum
1573 3194 1852 3250 inserere.

496 3285 586 3337 2:5.
621 3283 735 3336 Nec
765 3280 1049 3337 silendum
1077 3279 1212 3351 quid
1237 3280 1306 3336 de
1331 3282 1644 3352 Stephano,
1677 3296 1846 3352 quem
1879 3297 2070 3340 coeno-

429 3367 524 3423 bio
556 3367 741 3424 sancti
773 3368 1067 3423 Laurentii
1103 3367 1404 3438 praelatum
1437 3369 1711 3440 diximus,
1746 3373 1937 3426 actum
1969 3371 2064 3426 sit.

431 3459 568 3512 Cum
603 3455 752 3511 enim
795 3459 950 3512 esset
996 3455 1144 3512 idem
1192 3458 1516 3514 communis
1549 3463 1751 3530 pastor
1783 3467 1984 3516 noster
2015 3460 2069 3515 in

431 3544 803 3616 expeditione
847 3544 1374 3616 Jherosolimitana,
1407 3551 1467 3602 et
1498 3562 1604 3618 per
1636 3563 1844 3604 annum
1887 3549 2072 3604 conti-

429 3649 604 3690 nuum
639 3648 786 3705 pene
820 3638 1147 3690 remoratus
1178 3633 1404 3705 fuisset,
1441 3637 1705 3708 famaque
1739 3637 1946 3693 fuisset
1976 3637 2072 3694 de-

430 3722 689 3780 functum
715 3737 844 3780 eum
860 3737 1013 3792 esse,
1032 3725 1357 3780 Duramnus
1378 3725 1707 3782 Leodiensis
1730 3727 2066 3798 episce'ius,

430 3811 526 3882 qui
549 3811 892 3869 Woibodoni
919 3816 1308 3882 successerat,
1326 3813 1679 3885 Stephanum
1703 3813 1772 3870 ad
1787 3828 1849 3870 se
1867 3829 2070 3872 evoca-

425 3905 572 3970 tum,
594 3903 658 3956 ut
681 3899 810 3957 loco
832 3901 1060 3958 abbatis
1081 3906 1380 3972 praeesset,
1398 3901 1585 3958 omcio
1608 3903 1846 3973 monuit,
1873 3906 1929 3958 et
1955 3918 2070 3958 am-

427 3989 712 4046 monendo
737 3989 961 4061 petivit.
983 3989 1082 4045 Cui
1099 4004 1228 4046 cum
1244 3989 1626 4062 virsimplicis
1648 3991 1858 4062 ingenii
1884 3993 2069 4062 patris

429 4077 756 4148 spiritualir
781 4077 1174 4148 praetenderet
1196 4078 1632 4148 oboedientiam,
1659 4079 1876 4149 absque
1900 4079 2068 4150 cujus

431 4163 720 4236 permissu
745 4169 801 4220 et
825 4164 1127 4220 voluntate
1151 4164 1392 4221 nullifas
1406 4170 1562 4222 esset
1587 4167 1899 4237 quidquam
1923 4183 2069 4239 prae-

426 4266 675 4320 sumere,
695 4249 792 4306 ille
816 4251 1120 4321 respondit
1142 4251 1328 4322 patris
1343 4253 1619 4309 Ricbardi
1641 4269 1701 4310 se
1724 4255 1778 4310 in
1803 4257 1930 4326 ejus
1955 4256 2070 4313 dis-

425 4353 602 4395 ce~su
636 4338 994 4394 voluntatem
1026 4339 1349 4410 agnovisse,
1379 4341 1532 4410 quod
1563 4357 1693 4398 eum
1723 4343 1851 4400 loco
1883 4345 2069 4416 praefi-

428 4440 565 4482 cere
598 4425 914 4496 delegisset
948 4445 960 4480 :
994 4425 1162 4496 cujus
1207 4427 1337 4496 quia
1371 4443 1522 4485 nunc
1553 4429 1772 4488 obitum
1807 4432 2062 4490 audisset

426 4515 573 4572 fama
611 4515 910 4586 vulgante,
943 4514 1300 4573 decrevisset
1334 4521 1396 4573 ut
1429 4517 1674 4576 decebat
1705 4519 2064 4577 voluntatem
2095 4514 2149 4574 D

425 4604 669 4678 inplere.
698 4603 846 4672 Quid
872 4603 1073 4662 multis
1096 4606 1324 4661 morer?
1353 4621 1692 4678 persuasum
1716 4615 1804 4666 est
1827 4609 2062 4680 homini,

427 4698 484 4750 et
520 4693 631 4750 sibi
676 4692 866 4750 minus
903 4707 1134 4764 cavens,
1176 4693 1440 4766 suscepit
1487 4695 1882 4766 praelationem
1931 4695 2064 4768 loci,

421 4785 810 4840 consecratus
830 4781 900 4838 ad
924 4782 1174 4838 officium
1199 4782 1446 4839 abbatis.
1473 4785 1591 4838 Non
1617 4784 1802 4839 multo
1826 4790 1956 4856 post
1978 4785 2068 4842 vir

417 4871 518 4928 Dei
552 4871 749 4942 rediit,
775 4874 836 4926 et
855 4870 1100 4928 audiens
1131 4871 1286 4940 quod
1321 4871 1534 4928 factum
1564 4873 1714 4940 enat,
1751 4886 1930 4944 super
1959 4873 2069 4930 fra-

419 4960 532 5016 tris
580 4973 784 5016 errore
834 4958 1038 5015 doluit.
1077 4957 1179 5014 Ille
1211 4973 1440 5030 quoque
1472 4963 1537 5015 ut
1567 4959 1789 5016 audivit
1843 4966 2066 5032 patrem

420 5046 648 5115 adesse,
678 5061 790 5102 non
817 5049 910 5102 est
935 5061 1116 5106 ausus
1139 5061 1452 5104 occurrere
1483 5047 1758 5118 venienti,
1787 5049 1887 5104 sed
1913 5049 2068 5120 cogi-

423 5131 568 5188 tavit
596 5133 924 5202 praavenire
957 5135 1157 5190 faciem
1190 5134 1318 5205 ejus
1341 5134 1395 5189 in
1421 5134 1808 5206 confessione,
1835 5140 1892 5192 et
1916 5151 2068 5193 sum-

425 5220 545 5292 ptis
577 5219 894 5277 comitibus
925 5221 1080 5278 venit
1114 5223 1186 5280 ad
1219 5223 1594 5281 festivitatem
1627 5225 1816 5282 sancti
1848 5225 2060 5283 Vitoni.

421 5311 495 5364 At
519 5306 618 5364 ubi
643 5307 824 5378 venit,
855 5307 1014 5366 solus
1044 5311 1264 5382 absque
1293 5311 1608 5370 comitibus
1638 5313 1960 5372 claustrum
1983 5315 2066 5372 in-

420 5394 624 5464 travit,
641 5394 942 5450 orationes
965 5395 1118 5467 fecit,
1145 5399 1198 5454 in
1223 5399 1482 5456 claustro
1503 5401 1676 5472 sedit,
1693 5405 1748 5458 et
1775 5403 1938 5474 quasi
1965 5405 2062 5475 qui

426 5495 742 5553 numquam
760 5480 1066 5540 ordinatus
1090 5485 1298 5544 fuisset
1323 5487 1722 5560 praelationem
1745 5491 2058 5548 abdicavit.

431 5567 785 5642 Conspectui
817 5568 1003 5640 patris
1041 5578 1432 5642 praesentatus
1471 5577 1776 5650 satisfecit,
1811 5578 2062 5650 qualiter

2189 1870 2282 1940 qui
2309 1868 2574 1924 vidisset.
2593 1867 2798 1936 Vigilia
2813 1871 2938 1922 erat
2957 1868 3294 1924 festivitatis
3317 1869 3508 1925 sancti
3531 1866 3722 1939 Vitoul,
3737 1868 3784 1924 ad

2189 1971 2358 2028 quam
2382 1956 2650 2012 certatim
2677 1955 2929 2026 undique
2952 1956 3355 2012 conﬂuxerant
3383 1957 3608 2014 nobiles
3622 1963 3675 2013 et
3692 1973 3788 2028 spe-

2190 2045 2334 2100 ctati
2365 2044 2473 2099 viri
2505 2043 2834 2115 vulgusque
2876 2045 3292 2116 promiscuum,
3326 2047 3385 2101 et
3423 2045 3476 2100 in
3521 2045 3784 2117 praesentia

2191 2133 2624 2204 episcoporum,
2661 2135 2956 2203 abbatum,
2991 2133 3430 2203 monachorum,
3461 2134 3785 2200 clericorum,

2193 2222 2471 2278 nobilium
2513 2226 2574 2275 et
2607 2221 2944 2289 ignobilium
2974 2221 3216 2278 ultimus
3243 2221 3503 2280 omnium
3533 2222 3674 2279 sedit
3699 2223 3786 2276 Ste-

2193 2311 2418 2382 phanus
2445 2324 2573 2365 eum
2611 2310 2753 2364 bona
2788 2309 3068 2380 patientia
3091 2315 3149 2365 et
3172 2311 3374 2366 vultus
3406 2310 3537 2382 ejus
3559 2325 3657 2367 non
3681 2314 3783 2366 sunt

2194 2399 2401 2454 mutati
2428 2399 2481 2452 in
2509 2397 2742 2453 diversa
2767 2399 2821 2468 (Ι
2835 2400 3162 2474 Reg.i,18),
3191 2398 3578 2465 Quamobrem
3599 2398 3662 2456 ad
3681 2413 3784 2454 exo-

2194 2486 2434 2542 randum
2485 2489 2708 2558 patrem
2733 2485 3084 2542 Richardum
3111 2501 3214 2557 pro
3237 2487 3430 2558 ipsius
3461 2487 3785 2544 restitutione

2190 2589 2391 2630 omnes
2407 2573 2502 2644 qui
2521 2574 2764 2629 aderant
2785 2574 3085 2630 unanimes
3099 2573 3356 2630 reddidit
3371 2577 3502 2648 ejus
3515 2573 3780 2632 humilitas.

2189 2665 2248 2718 in
2269 2663 2526 2719 crastino
2543 2676 2736 2718 coram
2757 2662 3025 2718 omnibus
3045 2662 3275 2734 culpam
3303 2665 3626 2735 professus,
3643 2661 3781 2718 errati

2191 2751 2590 2808 remissionem
2645 2749 2919 2821 optinuit,
2979 2752 3227 2821 gratiam
3278 2752 3599 2824 reportavit
3643 2755 3693 2806 et
3730 2750 3779 2805 de

2189 2840 2394 2898 ultimo
2437 2843 2740 2910 promotus
2781 2843 2868 2896 est
2913 2839 2967 2894 in
3009 2840 3376 2912 superiorem
3420 2843 3646 2910 statum,
3683 2853 3777 2895 cum

2189 2929 2375 2998 gratia
2398 2927 2582 3000 patris
2597 2927 2684 2984 sui
2704 2927 2980 3000 praelatus
3003 2928 3284 2985 custodiae
3305 2929 3508 2999 gregis
3530 2925 3776 2992 Dominici,

2185 3021 2245 3073 et
2262 3017 2379 3086 jam
2401 3017 2472 3072 ad
2498 3015 2723 3086 missas,
2750 3021 2813 3072 ut
2839 3017 3106 3072 abbatem
3138 3015 3329 3087 decet,
3362 3018 3670 3074 honoratus
3694 3019 3776 3081 est,

2112 3162 2146 3184 η
2189 3105 2282 3176 qui
2309 3105 2378 3160 de
2399 3105 2770 3176 correptione
2801 3103 2960 3160 illata
2995 3105 3308 3175 iniuriatus
3339 3121 3458 3162 non
3486 3111 3590 3163 est.
3611 3105 3778 3160 Verum

2135 3200 2148 3219 ‘
2187 3194 2636 3250 archidiaconus
2669 3194 3022 3266 Leodiensis,
3049 3195 3182 3266 quia
3206 3195 3424 3252 domini
3450 3195 3535 3253 sui
3558 3199 3614 3252 ut
3634 3190 3778 3249 voluit

2187 3283 2239 3338 in
2272 3283 2541 3339 omnibus
2571 3287 2858 3354 exequuta
2891 3282 3166 3339 voluntas
3196 3297 3307 3340 non
3337 3289 3454 3355 est,
3491 3282 3699 3340 rediens
3725 3277 3776 3334 ad

2183 3371 2367 3441 illum,
2384 3385 2493 3428 non
2516 3375 2709 3427 tamen
2732 3385 2862 3426 cum
2887 3371 3098 3427 abbate
3121 3371 3440 3444 Stephano,
3457 3371 3620 3429 testis
3641 3367 3773 3426 fallax

2185 3461 2374 3516 factus
2403 3465 2522 3528 est;
2557 3459 2653 3530 qui
2679 3474 2798 3514 rem
2823 3464 3048 3529 gestam
3073 3464 3274 3516 non-=ut
3297 3465 3472 3530 gesta
3492 3464 3597 3532 est,
3621 3471 3710 3514 nec
3725 3468 3776 3509 eo

2183 3548 2373 3604 animo
2397 3562 2510 3618 quo
2529 3551 2692 3618 gesta
2712 3550 2827 3617 est,
2851 3546 3131 3604 retulisse
3151 3549 3566 3619 comprobatus
3585 3547 3680 3602 est.
3695 3538 3773 3608 Qui

2183 3639 2631 3708 prorumpentes
2661 3633 2717 3690 in
2750 3649 2813 3690 se
2843 3635 3016 3690 animi
3049 3635 3348 3708 appetitus
3382 3635 3537 3694 nulla
3565 3633 3616 3688 vi
3641 3626 3771 3688 animi

2181 3739 2462 3781 coercens
2485 3723 2577 3780 vel
2603 3724 2924 3794 refrenans,
2951 3723 3242 3780 abbatiam
3275 3724 3611 3782 Lobiensem
3641 3721 3772 3776 beato

2183 3813 2334 3886 patri
2367 3828 2471 3884 pro
2500 3812 2608 3883 his,
2643 3827 2771 3883 quae
2803 3826 2976 3869 secus
3010 3827 3179 3883 quam
3211 3813 3506 3870 mandavit
3535 3809 3773 3882 gesserat-

2183 3901 2447 3971 abstulit,
2469 3904 2524 3957 et
2547 3901 2815 3957 abbatem
2837 3905 3042 3958 contra
3061 3901 3158 3972 jus
3179 3901 3406 3973 fasque,
3429 3915 3589 3974 quem
3609 3892 3767 3960 voluit,

2181 3989 2515 4046 substituit.
2553 3991 2621 4044 At
2645 4003 2784 4045 vero
2815 3988 3062 4046 domnus
3093 3989 3428 4060 Stephanus
3455 3988 3657 4058 aliquot
3683 3980 3770 4037 die-

2181 4079 2290 4134 bus
2320 4077 2560 4134 Virduni
2591 4081 3002 4147 commoratus,
3035 4080 3093 4132 et
3116 4077 3189 4134 de
3217 4078 3590 4151 correptione
3618 4069 3770 4128 melio-

2178 4170 2343 4222 ratus
2363 4170 2474 4235 est,
2491 4171 2552 4221 et
2566 4164 2836 4236 quamdiu
2864 4165 3008 4220 vixit
3034 4169 3256 4236 patrem
3279 4158 3767 4236 fratresqueintimo

2180 4269 2378 4310 amore
2410 4253 2636 4324 dilexit,
2672 4253 2942 4323 ﬁliosque
2974 4268 3112 4309 suos
3137 4253 3192 4308 in
3217 4253 3428 4310 timore
3454 4255 3565 4310 Deo
3592 4245 3768 4307 servire

2181 4342 2403 4413 docuit,
2447 4341 2834 4412 omnibusque
2873 4341 3172 4414 exemplar
3209 4339 3512 4412 religionis
3549 4341 3605 4395 et
3637 4328 3766 4392 disci-

2180 4429 2352 4502 plinae
2392 4429 2610 4485 extitit.

2250 4507 2392 4588 (F01.
2427 4516 2534 4590 89’)
2565 4521 2652 4574 26.
2689 4516 2873 4588 Igitur
2903 4517 2974 4572 ad
3009 4518 3243 4575 beatum
3275 4519 3604 4590 Symeonem
3643 4507 3764 4567 reﬂe-

2177 4610 2406 4664 ctentes
2427 4605 2758 4676 articulum,
2785 4605 2922 4676 quid
2947 4606 3099 4678 apud
3117 4605 3466 4664 Richardum
3491 4597 3760 4688 Normania

2179 4693 2496 4767 principem
2536 4693 2746 4764 egerit,
2791 4693 2945 4749 sicut
2975 4693 3030 4748 in
3073 4693 3324 4750 armario
3367 4694 3758 4756 Rothomagena

2175 4783 2532 4854 continetur,
2559 4781 2699 4838 licet
2721 4781 2958 4838 libellus
2979 4781 3116 4838 vitae
3129 4781 3258 4852 ejus
3271 4783 3378 4840 hoc
3399 4781 3582 4850 sileat,
3603 4769 3760 4850 paucis

2176 4871 2556 4944 eXplicemus.
2589 4870 2672 4926 Ad
2703 4869 2855 4926 hunc
2903 4870 3100 4942 itaque
3149 4871 3391 4929 veniens
3434 4883 3556 4927 cum
3602 4859 3757 4923 sociis,

2175 4959 2616 5016 commendatus
2636 4960 2727 5014 est
2750 4957 2981 5014 cuidam
3004 4958 3130 5015 viro
3155 4958 3518 5016 nobilissimo
3538 4947 3758 5011 (ἔθεθιὶηο

2176 5047 2428 5117 nomine,
2455 5046 2550 5117 qui
2575 5060 2676 5102 eos
2697 5048 3004 5116 gratanter
3035 5047 3297 5118 suscepit
3327 5043 3596 5118 bospicio,
3619 5041 3667 5094 et
3693 5033 3760 5088 be-

2177 5136 2351 5206 nigne
2373 5139 2506 5207 post
2531 5133 2790 5191 laborem
2813 5133 3039 5190 refecit.
3067 5136 3138 5190 At
3161 5149 3302 5190 vero
3326 5124 3758 5216 clementissimus

2176 5224 2450 5296 princeps
2479 5223 2804 5280 Richardus
2827 5222 3076 5279 caritate
3105 5222 3390 5295 proﬂuas,
3415 5207 3757 5277 misericordia

2175 5312 2472 5384 copiosus,
2487 5311 2640 5368 servi
2655 5311 2757 5368 Dei
2770 5315 2887 5368 tam
2906 5311 3115 5384 prolixi
3133 5310 3365 5368 itineris
3381 5313 3560 5366 motus
3581 5303 3752 5360 labore,

2174 5400 2512 5458 necessitati
2535 5414 2834 5458 servorum
2855 5400 2956 5456 Dei
2975 5400 3046 5456 de
3066 5403 3262 5456 monte
3287 5399 3430 5472 Syna
3453 5397 3753 5482 compasstff’s

2172 5489 2458 5560 plurimas
2487 5487 2572 5546 eis
2603 5487 2854 5558 largitus
2881 5491 2972 5546 est
3005 5487 3263 5559 divitias,
3293 5501 3434 5559 quas
3460 5471 3754 5540 venerabilis

2174 5579 2416 5649 Symeon
2443 5590 2548 5650 per
2560 5578 2776 5635 fratres
2791 5575 2890 5650 qui
2907 5591 3104 5634 secum
3129 5577 3500 5645 advenerant,
3526 5561 3753 5626 fratribus
