3894 6330
118 343 235 407 253

1371 328 1868 396 (ἱΙΙΙ-ἰΟΝΙΟΟΝ.
1908 365 1974 375 -
2011 332 2160 391 L113.
2217 331 2284 393 lI.

3407 312 3523 375 254

118 475 301 548 misit,
332 480 389 535 et
406 472 684 548 ipsecum
711 471 954 547 praefato
978 466 1769 528 Gozelineunotantumcon-
1797 462 1853 525 A
1883 466 2054 525 talem
2078 470 2247 525 antea
2282 464 2411 539 quis
2435 478 2545 523 non
2577 458 2810 521 viderit.
2832 458 3127 531 Ceperunt
3181 449 3330 511 enim
3364 444 3519 507 inter

116 566 863 638 tentusl‘amuleStephane
905 563 1153 631 nomine,
1198 562 1324 617 vire
1356 574 1501 632 eque
1540 561 1764 625 sancte,

114 659 354 715 biennio
369 656 590 714 mansit
607 673 622 723 ;
639 654 812 725 cujus
827 655 1064 708 hortatu
1081 651 1228 707 idem
1249 652 1338 705 vir
1370 647 1772 704 nobilissimus

115 747 542 804 monasterium
569 749 793 801 sanctze
822 741 1124 797 Trinitatis
1149 740 1203 794 in
1225 739 1416 795 vicine
1454 742 1647 793 mente
1666 737 1771 790 Re-

115 834 481 906 temagensis
513 834 682 889 urbis
714 830 1028 887 ediﬁeavit.
1062 829 1166 885 Ille
1191 829 1244 883 in
1268 827 1399 884 loco
1433 827 1520 883 vir
1537 824 1772 881 mitissi~

118 924 516 981 musdemnus
569 922 815 991 Symeen
853 918 1132 989 reliquias
1172 916 1401 988 Isanctze
1463 913 1767 982 Catcrinze,

116 1028 258 1083 quas
286 1026 492 1068 secum
527 1009 776 1078 ferebat,
813 1007 1107 1078 deposuit,
1139 1005 1400 1076 gaudens
1459 1004 1650 1059 divina
1716 1002 1769 1057 id

116 1099 507 1174 prmerdinari
542 1098 949 1169 dispositione,
989 1101 1046 1152 ut
1101 1096 1324 1151 scilicet
1384 1090 1770 1149 occidentalis

112 1191 278 1262 plebs
311 1192 485 1243 tante
509 1185 1106 1257 gauderetsufl'ragie,
1129 1184 1262 1240 dum
1280 1183 1405 1252 ejus
1436 1183 1771 1251 frequenter

108 1277 367 1335 relevari
405 1280 756 1345 mereretur,
794 1275 1210 1331 antidete.llee
1231 1277 1421 1329 autem
1455 1276 1542 1327 est
1568 1273 1768 1326 saneta

114 1366 459 1436 Catherina,
488 1380 620 1435 quae
662 1379 691 1419 a
720 1365 1011 1418 Maxentio
1043 1378 1259 1418 CtBSEll'C
1311 1360 1463 1432 apud
1529 1361 1773 1415 Alexan-

113 1456 307 1510 driam
340 1453 631 1523 martyrio
650 1455 949 1520 coronata,
967 1452 1039 1505 ab
1063 1451 1284 1517 angelis
1304 1450 1372 1505 ad
1402 1454 1649 1503 mentem
1677 1450 1774 1515 Sy-

112 1559 226 1615 uay
256 1543 482 1609 delata,
518 1548 577 1597 et
613 1543 667 1597 in
697 1541 1323 1608 habitaculeangelicis
1349 1538 1773 1606 manibusprzc-

113 1638 329 1705 parate
355 1634 567 1695 locata,
606 1631 759 1701 quod
795 1630 1024 1699 quidem
1064 1629 1361 1684 inmedum
1393 1625 1694 1682 turriculm
1718 1625 1771 1678 in

109 1714 280 1777 edite
314 1723 676 1792 perrectum,
716 1734 827 1774 uno
863 1722 1083 1773 tantum
1122 1716 1569 1772 feraminescala
1603 1727 1773 1784 appe-

1883 573 1944 613 se
1966 558 2252 614 elementa
2275 568 2683 627 cempugnare,
2713 553 2788 605 ita
2814 556 2874 606 ut
2892 549 2944 604 in
2970 546 3162 601 tribus
3186 542 3349 599 annis
3372 553 3517 611 prte-

1882 648 2049 701 nimia
2086 647 2275 718 pluvia
2311 626 2421 701 non
2457 644 2860 699 invenirentur
2890 636 3038 694 sulci
3067 633 3240 689 utiles
3280 626 3517 687 semini-

1886 739 2008 793 bus.
2039 740 2189 793 Tunc
2222 739 2275 792 in
2311 733 2765 808 plcrisquelecis
2795 730 2902 785 fuit
2944 725 3117 781 modii
3168 722 3422 794 precium
3448 722 3517 773 60

1884 827 2224 897 solidorum,
2251 827 2391 882 alias
2406 824 2696 881 sextarius
2728 818 3138 875 lﬁseliderum.
3173 808 3517 867 Tuncetiam

1884 917 2145 972 humanm
2169 931 2373 971 carnes
2401 916 2468 968 ab
2501 911 2830 967 hominibus
2864 907 3158 961 devorata)
3176 904 3329 968 sunt,
3360 898 3516 953 itaut

1884 1005 1938 1059 in
1973 1008 2155 1062 forum
2187 1004 2472 1061 Trenortii
2500 1001 2706 1057 delatm
2736 999 2870 1064 sint,
2911 994 3031 1050 acsi
3095 985 3513 1047 vcnundandm.

1884 1096 2036 1161 Quas
2071 1096 2164 1165 qui
2200 1092 2833 1163 attnlitdeprehensus,
2874 1086 3001 1153 igne
3046 1082 3341 1137 crematus
3401 1076 3511 1129 est.

1885 1163 2101 1238 Carnes
2116 1198 2252 1239 vere
2268 1184 2438 1238 humo
2456 1181 2707 1237 tradita),
2734 1180 2906 1246 atque
2934 1176 3002 1229 ab
3019 1172 3133 1226 alio
3158 1170 3333 1224 noctu
3350 1163 3519 1219 effos-

1883 1286 1961 1325 sze
1978 1275 2033 1325 et
2060 1277 2334 1327 comestae
2361 1274 2513 1325 sunt.
2544 1268 2647 1335 Qui
2684 1266 3102 1335 deprehensus,
3136 1261 3195 1312 et
3220 1257 3345 1326 ipse
3361 1265 3516 1307 cem-

1886 1361 2090 1416 bnstus
2105 1367 2215 1416 est.
2258 1363 2409 1416 Tunc
2432 1374 2611 1430 prope
2631 1354 2951 1411 :eeclesiam
2968 1347 3155 1405 sancti
3196 1341 3433 1401 Joannis
3457 1339 3513 1394 in

1883 1450 2199 1504 castancde
2245 1428 2445 1519 prope
2473 1445 2768 1501 civitatem
2810 1440 3284 1496 Masticenenscm
3344 1428 3514 1485 sitam

1886 1538 2243 1605 quidamsibi
2266 1536 2565 1605 tugurium
2581 1527 3140 1599 statuerat,quieum
3168 1526 3334 1577 necte
3379 1531 3515 1588 qua-

1884 1629 2011 1684 dam
2037 1631 2327 1681 errantem
2345 1604 2700 1693 suscepisset
2719 1616 3001 1688 liespicie,
3029 1611 3427 1684 deprehensus
3443 1604 3514 1659 ab

1883 1714 2433 1785 eelmjusmedicibo
2450 1710 2623 1778 vesci,
2651 1709 3100 1776 cumsusceptus
3140 1701 3351 1755 timens
3401 1691 3510 1749 sibi

110 1811 230 1867 sita
268 1810 497 1867 aditum
535 1809 779 1881 praebet,
808 1807 958 1875 oleo,
997 1807 1146 1877 quod
1168 1807 1377 1875 deejus
1400 1818 1646 1876 corpore
1666 1817 1770 1873 pre
1801 1822 1853 1881 Β
1886 1809 2034 1873 fugae
2050 1800 2720 1868 scere-didissetauxilio,
2750 1798 2881 1852 rein
2918 1794 3156 1849 civitate
3196 1786 3507 1860 patefacta,

110 1900 271 1965 ﬁuit,
310 1899 587 1954 omnibus
620 1897 887 1953 medetur
916 1896 1175 1951 inﬁrmis.
1211 1898 1397 1952 Porro
1429 1894 1498 1950 ad
1542 1893 1769 1949 radices

107 1988 389 2057 ejusdem
423 1986 639 2044 mentis
671 1986 856 2057 ipsius
882 1990 1098 2040 sancta}
1128 1984 1371 2053 virginis
1386 1988 1549 2039 extat
1582 1989 1771 2038 erato-

111 2079 293 2145 rium,
332 2077 389 2132 in
425 2092 538 2147 quo
570 2075 752 2131 multa
785 2076 958 2130 turba
992 2074 1398 2129 monachorum
1451 2073 1542 2128 die
1572 2077 1770 2127 nectu-

110 2182 229 2236 que
260 2165 606 2222 Deolaudes
629 2163 981 2231 canentium,
1003 2162 1441 2230 beatzemartyri
1496 2162 1769 2217 devotum

109 2256 363 2310 exhibet
404 2253 763 2309 famulatum.
810 2252 908 2306 llis
962 2251 1136 2307 meris
1188 2256 1277 2305 est
1332 2250 1424 2304 die
1476 2248 1769 2304 Deminice

112 2343 340 2400 montis
375 2342 751 2414 seper-cilium
770 2341 1109 2407 ascendere,
1132 2343 1190 2395 et
1208 2340 1399 2395 missis
1418 2339 1493 2393 ibi
1512 2337 1771 2393 celebra—

114 2432 218 2499 tis,
236 2430 396 2486 duos
426 2428 516 2484 vel
542 2427 891 2483 tresibidem
914 2425 1683 2496 semperfratresdimittere
1699 2424 1771 2478 ob

110 2520 407 2575 excubias
439 2514 1238 2586 saericerporis,quibusalii
1265 2514 1518 2570 vicissim
1558 2514 1771 2568 fratres

116 2624 222 2679 per
236 2607 642 2663 hebdomadas
657 2604 870 2660 succcd
882 2606 1003 2673 unt,
1022 2619 1369 2673 sacrumque
1386 2603 1597 2671 oleum,
1617 2601 1771 2671 quod

113 2696 187 2750 de
222 2694 329 2750 illo
343 2693 583 2750 eﬂluere
606 2707 715 2770 non
737 2691 976 2760 desinit,
1001 2692 1189 2746 vitreo
1203 2705 1334 2747 vase
1351 2690 1654 2760 supposite
1679 2690 1773 2745 de—

117 2784 327 2840 bilium
350 2783 558 2839 usubus
574 2780 991 2837 reservandum
1013 2795 1233 2835 summa
1250 2794 1380 2835 cum
1398 2779 1771 2834 veneratione

112 2870 451 2942 excipiunt,
488 2884 603 2939 que
635 2884 749 2925 non
784 2868 972 2923 solum
1015 2867 1346 2933 Christiani,
1388 2868 1770 2922 verumetiam

116 2960 358 3031 pagani,
392 2958 545 3030 quod
579 2958 741 3013 dictu
762 2956 1026 3012 mirabile
1048 2956 1630 3027 est,injuucti,epem
1662 2956 1769 3011 sibi

118 3049 430 3105 medicinze
448 3052 773 3119 reportant.
792 3047 947 3101 Inter
963 3062 1105 3116 quos
1141 3061 1270 3101 cum
1288 3047 1495 3101 beatus
1530 3047 1770 3115 Symeen

116 3155 241 3196 sua:
259 3138 611 3211 septimanae
637 3136 1204 3207 fungeretureﬁlcie,
1231 3151 1359 3191 cum
1380 3135 1477 3191 ille
1499 3133 1774 3190 salutaris

115 3228 233 3284 elei
272 3227 505 3298 liquere
536 3226 651 3281 tria
686 3225 993 3282 admodum
1016 3223 1234 3280 minuta
1252 3224 1322 3279 de
1349 3224 1652 3292 sarcofago
1694 3221 1776 3277 di-

119 3317 420 3374 stillantia
453 3316 665 3373 meruit
685 3330 818 3371 ossa
850 3314 1142 3386 excipere.
1161 3313 1297 3380 Quae
1314 3312 1777 3382 dilligentercel-

121 3406 303 3477 lecta,
338 3411 403 3462 et
432 3405 489 3460 in
520 3405 741 3461 concha
778 3404 962 3460 vitrea
995 3418 1124 3459 cum
1156 3402 1283 3473 ipse
1315 3401 1445 3458 oleo
1476 3401 1775 3457 recondita

120 3509 330 3552 secum
354 3494 732 3550 conservavit
763 3490 963 3548 multis
996 3491 1321 3562 profutura,
1353 3494 1413 3545 et
1435 3504 1499 3545 ea
1529 3493 1778 3561 postmo-

121 3584 263 3641 dum
297 3586 365 3639 ut
397 3579 974 3650 diximus,:ecclesize
1006 3579 1264 3650 praefata;
1306 3580 1514 3633 Sancte
1538 3578 1779 3633 Trinita-

123 3673 200 3730 tis
227 3670 477 3728 Redemi
508 3668 783 3739 contulit,
841 3683 984 3724 auro
1016 3672 1072 3723 et
1115 3671 1356 3737 argento
1398 3665 1774 3738 preciesiera.

123 3761 479 3818 Continetur
511 3758 699 3814 adhuc
737 3756 792 3813 in
840 3757 1043 3814 eodem
1099 3756 1366 3813 coenobio
1419 3755 1675 3811 vasillud
1704 3755 1780 3812 vi-

123 3855 320 3907 treum
350 3863 482 3904 cum
514 3846 799 3917 reliquiis,
820 3845 873 3901 id
910 3848 995 3900 est
1015 3846 1205 3900 tribus
1228 3844 1549 3901 minoribus
1565 3844 1778 3899 articu-

125 3940 318 3995 lorum
347 3935 842 4007 juncturis,qued
901 3950 999 3990 vas
1025 3935 1097 3989 ob
1132 3933 1527 3989 inundantiam
1590 3932 1776 3989 sancti

126 4027 245 4083 elei
273 4040 505 4097 quaque
528 4024 854 4095 septimana
884 4027 1189 4091 vacuatur,
1215 4027 1273 4077 et
1318 4022 1656 4093 petentibus
1672 4036 1777 4092 pro

129 4114 400 4186 reliquiis
427 4114 613 4171 sancti
645 4112 913 4183 corporis
935 4112 1127 4167 datur.
1149 4112 1253 4181 (Cf.
1293 4110 1511 4181 supra).
1566 4112 1778 4165 Beatus

125 4210 321 4260 autem
344 4203 587 4272 Symeen
623 4201 775 4272 apud
801 4201 1107 4271 praefatum
1162 4198 1496 4254 Gezelinum
1549 4198 1778 4254 biennio

130 4306 391 4360 manens,
423 4288 711 4360 cogitavit
744 4289 974 4345 tandem
1044 4290 1266 4359 patrem
1319 4301 1483 4342 suum
1549 4286 1780 4343 karissi-
1809 4319 1861 4377 D

130 4395 285 4436 mum
310 4377 665 4435 Richardum
697 4377 965 4433 abbatem
999 4376 1309 4444 sociosque
1324 4389 1465 4431 suos
1505 4374 1776 4443 invisere,

131 4475 189 4525 et
214 4469 302 4525 sic
330 4467 675 4524 valedicens
708 4465 997 4535 omnibus,
1024 4463 1344 4520 Virdunum
1364 4463 1541 4531 venit,
1564 4467 1619 4518 et
1652 4478 1781 4519 cum

130 4558 334 4614 eodem
368 4560 537 4628 patre
570 4554 779 4609 diebus
816 4551 1258 4623 quamplurimis
1289 4550 1496 4607 mansit
1525 4553 1615 4616 ;et
1674 4552 1783 4606 fre-

133 4642 749 4717 queutcrinjuriatus,
791 4644 1080 4710 tamquam
1132 4653 1316 4709 agnus
1386 4638 1784 4694 mansuetissi-

137 4749 265 4790 mus
292 4733 484 4788 omnia
516 4728 785 4802 pertulit,
812 4727 1185 4799 etspeculum
1217 4727 1327 4784 toti
1346 4742 1414 4784 us
1443 4726 1784 4782 sanctitatis

133 4820 402 4877 omnibus
433 4834 497 4874 se
529 4815 805 4889 praebuit.

206 4908 349 4975 (Fel.
384 4882 579 4978 Stin-7.
610 4904 794 4976 Igitur
822 4918 971 4959 anno
1002 4905 1073 4960 ab
1105 4904 1217 4959 inc.
1252 4906 1413 4959 Dem.
1451 4907 1606 4959 1028.
1644 4882 1810 4957 tem;

136 4998 292 5070 plum
315 4994 620 5068 sepulchri
643 4991 866 5048 Domini
902 4993 1160 5049 funditus
1192 5006 1460 5048 eversum
1506 4991 1782 5061 estjussu

136 5085 423 5159 principis
457 5081 795 5151 Babiloniaa,
822 5081 1067 5137 faciente
1129 5080 1448 5137 Judeorum
1494 5078 1778 5149 nequicia.

136 5179 373 5247 [Ouum
407 5189 487 5229 ιη.
520 5177 555 5228 7
582 5189 597 5237 ;
622 5186 696 5239 IV,
725 5171 799 5241 4.]
826 5170 1075 5240 Sequuta
1107 5172 1307 5227 eodem
1352 5183 1501 5223 anno
1536 5167 1587 5221 in
1640 5168 1782 5222 orbe

134 5274 431 5321 terrarum
462 5262 743 5318 universe
776 5255 1693 5331 fames,itacepitcenvalescere,
1721 5258 1780 5311 ut

1886 1896 2080 1950 missis
2110 1889 2874 1964 exploratoribusiuventus
2922 1898 3052 1939 cum
3110 1883 3174 1933 48
3218 1873 3510 1945 capitibus

1884 1972 2329 2051 trucidatorum,
2364 1993 2607 2050 quorum
2624 1990 2831 2033 carnes
2847 1973 3153 2029 veraverat
3184 1984 3198 2031 ;
3230 1968 3284 2020 et
3311 1960 3514 2051 hicde-

1886 2074 2209 2146 prehensus
2243 2048 2358 2139 igni
2386 2048 2767 2123 traditusest.
2790 2065 2963 2118 Tanta
2990 2058 3093 2114 fuit
3122 2054 3287 2146 famis
3320 2048 3513 2146 anxie-

1881 2135 1991 2231 tas,
2020 2160 2169 2232 quod
2205 2135 2615 2229 attemptatum
2648 2154 2721 2209 sit
2745 2144 3231 2223 inpartibusillis,
3270 2146 3330 2197 ut
3392 2135 3514 2232 qui-

1881 2244 2680 2313 damalbamterramargillm
2722 2240 2967 2296 similem
3008 2234 3275 2290 effossam
3308 2222 3516 2298 permi-

1882 2344 1977 2395 xta
1997 2339 2176 2393 farina
2194 2332 2762 2401 vclcantabre(103),
2787 2340 2930 2400 pane
2956 2325 3086 2379 inde
3124 2322 3276 2375 facte
3327 2326 3518 2371 ceme-

1884 2429 2109 2484 dercnt.
2136 2427 2402 2482 Miserum
2428 2427 2551 2479 erat
2584 2426 2642 2476 et
2672 2417 2983 2475 dolendum
3014 2412 3323 2468 videreora
3374 2418 3517 2459 mar-

1884 2517 2076 2573 centia
2104 2514 2342 2584 jejunio,
2370 2514 2474 2568 bes
2496 2512 2565 2566 ad
2599 2515 2811 2563 terram
2842 2518 3014 2560 ruere
3057 2514 3168 2555 non
3197 2497 3283 2553 eis
3320 2492 3521 2584 suffra-

1883 2612 2055 2677 gante
2086 2604 2200 2660 cibi
2235 2601 2465 2667 solatio,
2500 2600 2642 2654 istos
2676 2594 2990 2651 morientes
3038 2588 3322 2659 aspicere,
3373 2580 3518 2636 alios

1885 2675 2017 2750 dum
2049 2693 2136 2748 eis
2165 2694 2331 2747 funus
2359 2688 2661 2743 exibet-ent
2690 2683 2913 2754 pariter
2942 2675 3215 2735 commori
3251 2676 3308 2729 et
3339 2683 3517 2740 super

1885 2785 2043 2855 ipsos
2074 2776 2671 2849 eeeumbere,‘plures
2697 2786 2936 2829 uulnere
2961 2763 3516 2837 insepultesjacere,

1885 2849 2015 2944 quia
2046 2887 2157 2926 non
2186 2873 2310 2926 erat
2344 2868 2438 2937 qui
2475 2864 2772 2936 sepeliret.
2792 2860 3048 2929 Sequuta
3082 2858 3171 2909 est
3200 2853 3256 2944 et
3282 2849 3392 2944 alia
3422 2861 3519 2944 pe-

1885 2962 2013 3031 stis,
2047 2960 2221 3030 quiae
2245 2934 2630 3013 cadaveribus
2654 2954 3012 3007 mortuorum
3050 2957 3149 3015 pre
3165 2938 3337 2996 nimia
3372 2934 3514 2991 mul-

1884 3028 2134 3105 titudine
2166 3044 2466 3117 sepultura
2496 3039 2817 3099 carentium
2842 3034 2959 3106 lupi
2978 3028 3257 3097 adescati,
3288 3036 3521 3117 coepere

1834 3178 1851 3200 η
1888 3137 2138 3209 praadam
2169 3115 2247 3190 exi
2286 3130 2634 3187 hominibus.
2670 3130 2823 3183 Tunc
2853 3121 3117 3179 carnaria
3176 3118 3325 3172 facta
3385 3115 3521 3168 sunt

1887 3204 2107 3282 aDcum
2124 3221 2482 3289 timentibus,
2504 3217 2784 3288 inquibus
2805 3216 3027 3285 patrem
3062 3208 3235 3275 ﬁlius,
3279 3204 3517 3257 fratrem

1889 3314 2089 3382 frater,
2124 3316 2182 3366 et
2213 3313 2397 3365 mater
2429 3307 2607 3362 ﬁlium
2635 3305 2769 3360 dum
2829 3299 3164 3356 deﬁcientes
3207 3291 3519 3382 aspiceret,

1890 3377 2268 3475 protrahebat
2298 3415 2311 3463 ;
2342 3403 2396 3453 et
2431 3391 2879 3465 aliquandeipse
2894 3389 3027 3445 dum
3058 3381 3411 3475 desperabat
3451 3377 3522 3475 de

1888 3466 2004 3548 vita
2039 3487 2567 3560 superaddebatur,
2586 3484 2661 3538 ita
2681 3486 2741 3537 ut
2765 3476 3165 3549 gratissimum
3182 3471 3239 3527 id
3263 3470 3421 3560 esset
3441 3466 3523 3522 ef-

1891 3581 2080 3637 ﬁcium
2114 3558 2355 3644 funeris,
2399 3575 2442 3630 si
2478 3572 2707 3644 spirans
2732 3567 2942 3639 aliquis
2964 3565 3064 3621 illo
3087 3578 3116 3618 a
3151 3558 3360 3633 quovis
3390 3569 3521 3644 pre-

1883 3669 2089 3739 jiceret
2102 3682 2191 3722 ur.
2224 3642 2604 3731 Quamobrem
2634 3660 2690 3714 in
2705 3656 2976 3728 expensis
2990 3663 3303 3723 egenorum
3318 3642 3523 3703 {eccle-

1890 3733 2105 3814 siarum
2128 3755 2464 3811 ornamenta
2481 3750 2593 3805 dist
2606 3752 2764 3802 raeta
2780 3749 2935 3811 sunt,
2963 3737 3381 3811 dispertitique
3394 3733 3519 3789 the-

1889 3846 2067 3904 sauri.
2090 3846 2301 3899 Aurum
2317 3840 2489 3908 enim,
2508 3836 2665 3892 utait
2682 3832 2916 3889 moralis
2930 3831 3138 3886 doctor
3153 3821 3516 3888 Ambrosius,

1888 3933 2150 3993 zerclesia
2168 3931 2337 3985 habet
2357 3942 2463 3981 non
2483 3928 2542 3981 ut
2557 3926 2771 3990 servet,
2808 3920 2905 3976 sed
2925 3918 3221 3983 utereget.
3271 3910 3523 3977 Quisau-

1890 4028 2005 4080 tem
2036 4024 2383 4087 eotempore
2406 4010 2917 4078 reconderet,cum
2960 3999 3300 4067 reconditis,
3356 3996 3403 4051 si
3446 3995 3524 4087 fa:

1892 4081 2931 4175 messaltimquinquenniedurasset,
2990 4089 3185 4149 nullus
3231 4088 3383 4175 esset
3425 4081 3524 4154 qui

1894 4200 2188 4255 frueretur
2206 4174 2351 4249 ?Sed
2367 4206 2472 4247 nec
2488 4188 2754 4245 omnibus
2768 4181 3240 4242 subveniebatur.
3277 4174 3411 4246 quia
3427 4186 3527 4227 ve-

1895 4286 2101 4344 luntati
2135 4297 2307 4356 posse
2340 4295 2446 4336 non
2481 4275 2925 4345 suﬁ‘ragabatur.
2952 4272 3068 4326 Hac
3124 4281 3263 4336 ergo
3312 4269 3527 4356 tempe-

1894 4351 2363 4431 statecivitatum
2403 4366 2828 4422 Gallicanarum
2856 4356 3138 4433 praesules
3198 4351 3525 4418 consilium,

1895 4479 2005 4534 quo
2036 4465 2197 4517 tanta
2232 4457 2364 4513 mali
2398 4454 2582 4511 moles
2603 4454 2919 4519 levaretur,
2945 4450 3235 4515 ineuntes,
3272 4443 3378 4497 hoc
3409 4442 3528 4534 tan-

1896 4526 2022 4607 dem
2056 4543 2770 4615 adinveuerunt(1028),ut
2806 4538 2940 4610 quia
2977 4530 3384 4592 deﬁcientibus
3408 4526 3526 4595 jam

1894 4656 1966 4696 ex
2000 4643 2124 4694 toto
2144 4634 2434 4693 alimentis
2464 4632 2730 4689 omnibus
2760 4624 3034 4699 opitulari
3060 4619 3398 4689 nequibant,
3457 4626 3528 4666 ne

1897 4734 2051 4784 terra
2087 4725 2417 4781 habitatore
2448 4719 2733 4777 destituta
2767 4717 2821 4770 in
2839 4710 3217 4769 solitudinem
3240 4703 3531 4771 redigere-

1898 4821 2012 4881 tur,
2040 4814 2267 4884 aliques
2282 4822 2571 4881 quesesse
2584 4805 2913 4873 vegetiores
2927 4797 3245 4855 constaret,
3262 4792 3398 4847 dato
3420 4802 3530 4858 pro

1899 4918 2071 4976 posse
2086 4880 2324 4958 numero
2336 4896 2627 4954 cotidiano
2656 4883 3206 4962 qualicumquccihe
3239 4880 3532 4976 sustenta-

1898 4965 2025 5049 rent
2060 5013 2078 5048 .-
2110 5004 2220 5045 non
2246 4993 2310 5044 ut
2341 4985 2474 5041 aliis
2490 4980 2705 5039 solacia
2722 4993 2849 5049 quae
2896 4977 3166 5047 poterant
3224 4965 3533 5026 subtrahe-

1898 5084 2121 5148 rentur,
2153 5081 2237 5133 set
2259 5080 2315 5131 ut
2343 5075 2487 5129 istos
2509 5071 2868 5127 sustentates
2882 5069 3056 5119 terra}
3075 5060 3332 5118 cultores
3346 5070 3534 5113 reser-

1898 5172 2121 5237 varent,
2138 5170 2197 5221 et
2211 5163 2341 5219 aliis
2364 5154 3013 5217 misericordizeviscera
3031 5165 3141 5206 non
3160 5148 3528 5219 negarentur.

1897 5257 2005 5311 Det
2036 5235 2154 5309 illis
2186 5253 2338 5306 Deus
2361 5247 2620 5303 invenire
2643 5240 3123 5313 misericordiam,
3151 5238 3247 5309 qui
3295 5235 3348 5291 in
3373 5239 3536 5290 tanta

1731 5456 1952 5514 ΝΟΤᾹΞ.

143 5618 286 5688 (103)
319 5616 414 5671 i.e.
455 5613 707 5671 furfure.
