3894 6312
427 296 543 357 255

1382 293 1752 360 HUGONIS
1793 297 2144 362 ABBATIS
2186 298 2869 362 FLAVINIACENSIS

3717 304 3829 365 256

425 425 697 496 angustia
739 423 1200 480 misericordiam
1247 423 1661 481 necessitatem
1713 429 2074 498 patientibus
2105 429 2159 489 A
2192 429 2418 486 dilatati
2451 431 3192 503 exprobrarentur.[Gms.
3245 431 3313 487 Β.
3382 431 3516 490 Vita
3539 433 3828 504 Will.29.]

428 513 820 586 inpenderunt
841 529 856 578 ;
877 515 1153 584 etparcat
1171 511 1275 582 eis,
1297 512 1540 583 quicum
1570 519 1830 588 possent,
1875 517 2076 574 volun-

426 600 958 672 tatiindigentium,
985 615 1096 656 non
1128 603 1194 656 ut
1225 600 1564 659 debuissent
1606 609 1666 659 et
1723 606 2074 678 potuissent,

429 689 868 748 consuluerunt.
904 689 1064 744 Inter
1082 687 1187 746 has
1201 691 1503 760 angustias
1529 693 2077 751 venerabilisabbas

433 778 762 835 Richardus
789 780 979 834 mente
1011 783 1422 851 compunctus,
1447 795 1577 836 cum
1608 781 1798 839 omnia
1823 797 1951 853 qua)
1982 783 2078 839 ha-

435 869 609 925 bebat
623 867 980 940 pauperibus
994 867 1491 939 eontulisset,non
1509 871 1772 942 pepercit
1787 871 2078 929 thesauris

434 955 740 1025 aecclesiae,
777 955 950 1012 immo
979 970 1105 1028 quae
1137 955 1193 1012 in
1227 957 1315 1014 eis
1344 958 1702 1030 preciosiora
1734 961 1971 1016 erantin
1987 977 2079 1018 or-

435 1045 723 1103 namentis
754 1049 813 1102 et
859 1043 1056 1118 palliis
1102 1045 1983 1120 vendiditRemensiaJcelesize,
2019 1056 2077 1106 et

435 1134 694 1210 precium
728 1149 927 1192 eorum
954 1135 1310 1206 pauperibus
1340 1135 1662 1208 distribuit,
1685 1142 1916 1194 retento
1941 1153 2078 1208 quo-

437 1239 548 1296 que
581 1223 688 1281 sibi
708 1227 872 1280 certo
908 1237 1150 1280 numero
1211 1237 1412 1282 eorum
1467 1225 1679 1296 quibus
1721 1227 2076 1284 cotidianum

435 1313 654 1370 victum
687 1315 752 1370 ut
803 1311 1000 1368 vivere
1047 1317 1289 1384 possent
1333 1312 1784 1385 inpertiebatur,
1838 1317 2078 1372 mittens

437 1405 654 1476 praeter
687 1401 809 1458 haec
840 1399 1072 1458 litteras
1099 1405 1156 1457 et
1187 1403 1522 1472 nuncios,et
1540 1419 1644 1474 per
1660 1420 1722 1460 se
1737 1404 1911 1460 etiam
1927 1421 2080 1462 eom-

437 1505 678 1548 monens
695 1503 864 1560 reges
877 1492 935 1546 et
955 1489 1272 1562 principes,
1296 1491 1606 1562 pontifices
1622 1507 1850 1564 quoque
1866 1494 2079 1564 quibus

439 1578 835 1636 familiaritate
860 1578 1238 1649 jungebatur,
1258 1579 1662 1652 uttbesauros,
1681 1596 1827 1652 quos
1849 1581 2002 1638 tinea
2018 1587 2076 1638 et

436 1683 620 1739 erugo
643 1666 979 1739 demolitur,
1014 1682 1117 1739 per
1150 1683 1353 1724 manus
1387 1684 1704 1742 pauperum
1743 1669 2080 1728 caelestibus

2190 519 2303 574 Nec
2336 525 2504 575 antea
2539 523 2832 576 cessatum
2865 524 2979 590 est,
3015 519 3201 576 donec
3233 535 3401 576 omne
3435 519 3576 578 illud
3623 523 3826 593 reposi-

2191 610 2309 663 tum
2327 607 2684 678 pauperibus
2699 607 2973 665 donatum
2989 613 3099 678 est,
3117 612 3174 663 et
3192 608 3312 680 ipse
3327 608 3398 665 ad
3415 609 3642 666 Italiam
3666 625 3826 668 reme-

2191 709 2313 766 ans,
2349 709 2479 752 cum
2505 695 2738 752 biennio
2763 711 2932 753 suum
2964 712 2994 753 a
3028 695 3228 754 seculo
3250 701 3624 769 expectasset
3641 713 3824 757 exces-

2191 798 2340 855 sum,
2356 784 2592 840 tandem
2605 784 2801 840 redire
2817 783 3172 856 compulsus,
3190 789 3324 842 ante
3346 785 3641 842 Divionem
3660 791 3824 845 trans-

2192 871 2336 941 iens,
2373 870 2500 928 loca
2534 871 2643 928 sibi
2675 874 2986 930 commissa
3043 873 3355 944 circuibat,
3401 873 3612 930 dehinc
3655 875 3826 932 Fisce-

2191 959 2494 1031 num(104)
2548 975 2610 1016 se
2642 960 2913 1032 contulit,
2949 960 3382 1017 ubiinminente
3411 976 3462 1016 a.
3522 962 3680 1016 dom.
3725 963 3822 1018 ine.

2193 1051 2323 1104 103;
2359 1048 2562 1104 indict.
2601 1051 2667 1105 14
2696 1049 2842 1105 obiit
2875 1048 3111 1106 Kalend.
3135 1048 3414 1120 Januarii,
3469 1050 3541 1106 ad
3563 1051 3733 1122 cujus
3753 1067 3825 1108 se-

2189 1133 2496 1208 pulchrum
2523 1133 2804 1206 puerulus
2826 1133 3100 1193 decennis
3121 1151 3151 1192 a
3192 1136 3439 1193 maxima
3499 1138 3822 1208 egritudine

2189 1227 2429 1281 sanatus
2460 1227 2568 1280 est.

2261 1314 2379 1370 lloc
2411 1327 2562 1370 anno
2596 1311 2811 1384 Chono,
2839 1312 2938 1384 qui
2968 1317 3026 1370 et
3059 1313 3382 1385 Conradus,
3437 1313 3494 1370 in
3538 1315 3824 1372 Franciam

2191 1401 2367 1459 venit.

2266 1489 2458 1561 [Cum
2486 1488 2816 1562 Ron,tv,5.]
2853 1492 3016 1547 Anno
3073 1490 3296 1562 igitura
3339 1491 3617 1564 passione
3663 1493 3827 1548 Domi-

2191 1577 2270 1650 ni,
2297 1578 2454 1648 1000,
2491 1579 2562 1634 ab
2595 1578 2705 1636 inc.
2729 1595 2865 1635 vero
2897 1583 3054 1650 1033,
3081 1580 3236 1652 cepit
3297 1579 3528 1652 placida
3547 1582 3825 1638 serenitas

2193 1671 2368 1724 terrae
2395 1667 2762 1724 dulcedinem
2789 1669 3086 1726 Creatoris
3125 1668 3462 1739 ostendere,
3511 1674 3574 1726 et
3613 1671 3822 1740 frugum

441 1756 675 1829 palatiis
699 1757 986 1826 inderent,
1031 1759 1090 1812 et
1125 1761 1360 1813 ventres
1389 1773 1704 1828 egenorum
1745 1759 2077 1830 gazoﬁlatia
2107 1785 2162 1845 B
2195 1755 2610 1813 abundantiam
2645 1757 3016 1828 portendere.
3043 1758 3196 1814 Tunc
3212 1772 3316 1829 per
3355 1758 3751 1829 Aquitaniam,
3775 1765 3821 1815 et

445 1845 802 1903 aeternitatis
824 1845 931 1902 sibi
957 1845 1408 1901 constituerent.
1445 1847 1883 1920 Accepitjetiam
1910 1864 2080 1920 pecu-

439 1934 590 1991 niam
614 1949 724 1990 non
756 1947 992 2004 parvam
1021 1947 1051 1988 a
1081 1933 1294 1989 comite
1308 1935 1937 2005 Rutenensi,concessa
1952 1935 2080 1993 loco

435 2023 589 2080 vadii
621 2021 855 2079 abbatia
875 2021 1062 2078 sancti
1095 2022 1366 2093 Amantii,
1401 2037 1530 2094 quae
1562 2029 1688 2081 erat
1715 2023 2083 2094 juriszeccle-

436 2110 534 2168 sia:
559 2110 747 2167 sancti
778 2109 959 2180 Petri,
995 2125 1166 2181 quam
1199 2110 1432 2167 omnino
1454 2111 1814 2183 pauperibus
1829 2113 2082 2183 partitus

435 2205 544 2257 est.
580 2201 793 2256 Verum
827 2199 1174 2256 comesdata
1229 2198 1473 2270 pecunia
1527 2205 1587 2254 et
1617 2200 1910 2256 abbatiam
1969 2201 2079 2257 sibi

437 2289 745 2360 usurpavit
779 2304 907 2344 cum
930 2287 1267 2344 redditibus
1291 2293 1351 2344 et
1377 2287 1597 2354 fundis;
1623 2292 1678 2344 et
1721 2293 1781 2346 ut
1811 2295 2081 2346 asserunt

435 2375 1061 2433 habitatoresRutenaa
1104 2375 1288 2446 urbis,
1323 2381 1634 2448 antequam
1650 2377 1894 2450 pecunia
1923 2394 2082 2435 recc-

436 2465 755 2537 ptafuisset
775 2478 847 2520 ex
891 2463 1152 2534 ejusdem
1196 2463 1447 2521 abbatia;
1489 2465 1700 2536 fundis,
1737 2466 1862 2538 ipse
1896 2471 2080 2525 morte

438 2556 776 2624 praeventus
796 2556 905 2622 est,
931 2554 988 2608 et
1007 2551 1092 2608 sic
1106 2552 1338 2608 abbatia
1361 2568 1387 2608 a
1406 2554 1846 2611 successoribus
1858 2556 1907 2626 ej
1917 2570 2082 2612 usre-

439 2644 602 2698 tenta
617 2645 730 2710 est,
748 2655 1094 2712 quamquam
1115 2641 1666 2699 abinbabitantibus
1680 2657 1792 2698 non
1814 2647 1936 2699 tota
1953 2657 2082 2700 san-

439 2729 518 2786 cti
553 2730 804 2787 Amantii
837 2730 1093 2802 abbatia,
1127 2746 1254 2802 quae
1279 2730 1562 2788 latissima
1619 2735 1708 2788 est
1753 2737 1811 2788 et
1853 2746 2081 2803 posses-

439 2818 621 2876 sionis
633 2819 909 2890 enormis,
922 2818 1072 2890 juris
1093 2819 1374 2876 {ecclesiae
1394 2819 1776 2877 Virdunensis
1788 2834 1920 2876 esse
1936 2819 2082 2876 dica-

436 2911 554 2980 tur,
597 2907 699 2964 sed
718 2921 854 2979 pars
877 2907 1161 2980 quaedam,
1195 2907 1470 2965 videlicet
1501 2905 1737 2965 abbatia
1760 2909 1948 2965 sancti
1971 2910 2080 2964 Ma-

443 2996 516 3053 rii
551 2996 623 3054 de
654 2995 916 3067 Utiabra,
951 3000 1015 3052 ut
1050 2995 1313 3052 moderni
1365 2998 1660 3052 testantur
1699 2997 1873 3053 etiam
1904 3011 2075 3054 nunc.

440 3084 556 3142 Nec
591 3084 764 3141 debet
799 3084 1036 3140 reticeri
1067 3083 1340 3140 Willelmi
1372 3085 1554 3157 Supra
1615 3085 1832 3155 regulae
1865 3087 2079 3144 factum

443 3172 840 3230 memorabile.
869 3173 1009 3229 Cum
1031 3187 1061 3227 a
1094 3171 1530 3228 Fructuariensi
1583 3174 1873 3246 eoenobio,
1927 3175 2100 3246 quod-

433 3261 586 3334 juris
615 3265 742 3317 erat
775 3259 1144 3316 Divionensis
1165 3258 1442 3317 aacclesia:
1468 3260 1738 3331 redisset,
1774 3267 1833 3318 et
1853 3262 2078 3320 Divioni

442 3355 506 3408 ut
538 3350 806 3421 decebat,
843 3349 1501 3422 susceptusincapitulo
1521 3350 1848 3422 qualiterse
1863 3353 2079 3410 fratres

443 3440 750 3509 haberent,
787 3437 836 3495 si
869 3438 1206 3495 necessaria
1225 3453 1338 3494 non
1359 3440 1630 3497 deessent
1654 3440 1998 3514 inquireret,
2016 3448 2080 3499 ut

443 3527 688 3599 audivit,
709 3527 899 3584 omnia
915 3541 1046 3584 esse
1061 3527 1251 3600 plena,
1269 3525 1604 3600 nullumque
1618 3529 1808 3587 locum
1824 3530 1876 3586 in
1887 3531 2081 3602 digen-

439 3617 537 3674 tiae
571 3615 667 3688 qui
688 3630 801 3673 non
827 3620 1029 3689 posset
1055 3615 1166 3672 levi
1190 3615 1355 3672 obice
1369 3616 1619 3689 obstrui,
1649 3618 1976 3689 interrogat
2007 3620 2080 3677 de

438 3705 780 3776 elemosina,
812 3704 1221 3777 cognovitque,
1256 3705 1386 3776 quia
1421 3706 1533 3763 etsi
1557 3707 2078 3766 consuctudinaria

438 3795 693 3852 dabatur
705 3809 816 3851 non
834 3797 1026 3851 tamen
1041 3794 1399 3866 pauperibus
1412 3799 1587 3866 prout
1610 3799 1882 3868 poterant
1905 3801 1962 3854 et
1983 3797 2080 3855 ha-

437 3881 655 3940 bebant
687 3881 1078 3953 suffragabant
1091 3897 1179 3953 ur,
1195 3881 1321 3938 zelo
1339 3897 1658 3940 succensus
1673 3898 1742 3940 eo
1759 3885 1855 3954 qui
1869 3899 2078 3943 carnes

437 3974 773 4028 sanctorum
796 3970 1000 4041 exidit,
1035 3970 1335 4043 increpata
1350 3985 1552 4027 eorum
1578 3971 1825 4044 duricia,
1863 3988 1892 4028 a
1938 3973 2078 4030 sede

435 4059 846 4116 concituscum
888 4058 1038 4114 bona
1072 4059 1357 4129 indignati
1401 4059 1572 4115 animi
1616 4063 2080 4120 stomachatione

435 4145 696 4204 surrexit
719 4145 842 4217 (fol.
871 4145 1040 4218 85’}et
1066 4146 1339 4217 imposita
1354 4147 1670 4219 antiphona
1689 4149 1760 4206 de
1776 4151 2076 4208 mandato:

445 4235 496 4292 U
498 4233 557 4292 bi
569 4234 658 4291 est
667 4233 930 4292 caritas?
945 4248 1056 4289 non
1076 4233 1231 4290 ultra
1257 4235 1659 4308 progrediens,
1679 4239 1785 4294 sed
1803 4239 1910 4296 boc
1951 4239 2078 4310 ejus

439 4321 677 4380 inicium
702 4335 934 4394 semper
953 4326 1248 4394 repetens,
1266 4323 1336 4378 ad
1355 4323 1654 4382 cellarium
1673 4327 1848 4383 venit.
1867 4332 1926 4383 et
1949 4327 2080 4386 mis-

437 4409 545 4468 sile
577 4409 900 4482 quodlibet,
919 4411 1069 4482 quod
1093 4410 1359 4469 manibus
1385 4411 1584 4470 Finees
1605 4413 1850 4472 alterius
1879 4429 2079 4472 occur-

2196 1845 2596 1902 Arelatcnsem
2621 1849 2675 1901 et
2732 1845 3174 1916 Lugdunensem
3229 1845 3583 1918 provincias,
3633 1852 3694 1904 et
3739 1861 3821 1920 per

2195 1933 2521 1990 universam
2559 1934 2949 2004 Burgundiam
2981 1934 3514 1992 conciliainstituta
3560 1943 3719 2006 sunt,
3774 1941 3820 2006 et

2195 2037 2306 2094 pax
2338 2023 2582 2079 firmata.
2611 2025 2909 2079 Statutum
2942 2028 3032 2080 est
3057 2024 3231 2080 etiam
3255 2028 3288 2080 6
3321 2024 3463 2080 feria
3517 2040 3550 2081 a
3603 2026 3734 2082 vino
3775 2031 3820 2081 et

2193 2117 2224 2168 7
2249 2126 2278 2168 a
2309 2112 2586 2168 carnibus
2601 2111 3258 2183 abstinere,nisigravis
3293 2112 3608 2170 infirmitas
3667 2112 3822 2170 inter-

2192 2201 2452 2271 cederet,
2488 2204 2548 2256 et
2577 2204 2854 2257 tnnctres
2869 2215 3154 2273 pauperes
3168 2201 3584 2259 reficerentur.
3609 2204 3820 2273 quue-

2193 2303 2305 2360 quc
2337 2293 2669 2361 annotanta
2687 2289 2852 2362 copia
2887 2289 3184 2360 frumenti,
3217 2289 3332 2346 vini
3386 2293 3819 2362 ceterarumque

2195 2377 2419 2448 frugum
2444 2378 2664 2450 extitit,
2700 2381 2974 2450 quantam
2998 2378 3051 2434 in
3076 2378 3476 2450 subsequente
3519 2379 3820 2452 quinquen-

2191 2466 2286 2524 nio
2311 2467 2442 2538 quis
2473 2481 2713 2540 sperare
2746 2481 2860 2523 non
2894 2467 3102 2539 potuit.
3131 2467 3242 2524 Sed
3280 2467 3530 2525 humana
3563 2465 3819 2540 styrpsm

2191 2556 2488 2612 immemor
2518 2555 2932 2612 beneﬁciorum
2949 2555 3072 2626 Dei,
3099 2555 3436 2614 velutcanis
3465 2557 3538 2612 ad
3565 2556 3815 2613 vomitum

2191 2660 2446 2714 reversa,
2481 2643 3365 2715 recalcitravit,etadmaliciam
3409 2660 3695 2702 conversa
3723 2650 3812 2702 est.

2193 2733 2297 2806 [CL
2334 2733 2506 2788 CLAB.
2541 2733 2683 2788 R01).
2714 2733 2850 2790 Vita
2875 2733 3158 2790 Willelmi
3173 2733 3410 2792 Dieion.
3449 2733 3566 2804 13.]
3604 2735 3811 2790 Preerat

2190 2836 2259 2878 eo
2280 2826 2544 2892 tempore
2566 2820 2870 2877 comitatui
2893 2820 3258 2878 Normanniae
3293 2821 3550 2878 Richard
3562 2837 3629 2879 us
3645 2822 3814 2894 junior

2191 2907 2361 2980 (105),
2398 2909 2566 2981 primi
2601 2907 2873 2966 Richardi
2904 2907 3080 2982 filius,
3109 2910 3206 2980 qui
3242 2909 3298 2966 in
3327 2909 3814 2968 Fiscannensicrn-

2191 2998 2385 3068 nobio,
2419 2997 2475 3052 in
2511 3012 2623 3068 quo
2656 3001 2823 3069 pater
2855 3013 2999 3054 suus
3021 2997 3269 3055 clericos
3309 2998 3815 3070 instituerat,abje-

2190 3086 2304 3144 ctis
2333 3085 2568 3142 clericis
2593 3087 2905 3144 monachos
2927 3087 3251 3144 introduxit
3287 3085 3816 3158 subregimineWil-

2191 3171 2351 3229 lelmi
2383 3172 2636 3244 abbatis,
2663 3173 2878 3244 quibus
2909 3173 3081 3230 etiam
3113 3173 3182 3230 ad
3209 3189 3374 3232 usum
3396 3174 3812 3242 cotidinarium,

2190 3262 2247 3318 in
2279 3262 2638 3320 ornamentis
2661 3267 2717 3317 et
2743 3262 2978 3332 praediis
3001 3262 3193 3318 fundis
3223 3267 3283 3318 et
3333 3263 3631 3322 reditibus
3676 3267 3813 3318 tanta

2189 3349 2438 3420 largitus
2453 3349 2958 3422 est,utcupiditati
2987 3350 3344 3408 satisfecisse
3358 3350 3684 3408 videretur.
3701 3351 3812 3406 Erat

2189 3439 2340 3495 enim
2364 3438 2421 3494 in
2455 3439 2791 3495 elemosinis
2825 3437 3044 3510 largus,
3071 3439 3127 3494 in
3151 3440 3402 3496 caritate
3426 3441 3707 3512 proﬂuas,
3730 3453 3814 3494 rcc-

2189 3526 2502 3584 clesiarum
2535 3531 2780 3596 amator,
2811 3541 3128 3600 pauperum
3155 3533 3478 3598 recreator,
3531 3540 3811 3585 servorum

2189 3617 2289 3673 Dei
2321 3615 2656 3688 praecipuus
2679 3619 3012 3686 venerator,
3041 3615 3096 3671 in
3119 3615 3288 3686 cujus
3307 3631 3479 3672 manu
3520 3615 3811 3674 elemosina

2189 3703 2460 3776 sudabat,
2489 3704 2690 3762 domec
2723 3705 3089 3761 inveniretur
3118 3705 3210 3761 cui
3244 3704 3596 3762 debebatur.
3661 3704 3812 3773 [lujus

2191 3802 2455 3868 tempore
2488 3796 2630 3853 viris
2655 3795 2948 3866 religiosis
2981 3795 3176 3853 ﬂoruit
3209 3797 3586 3868 Normannia,
3638 3798 3726 3868 qui
3755 3795 3811 3850 ad

2190 3900 2318 3942 eum
2350 3887 2606 3956 undique
2637 3885 3012 3943 conﬂuebant
3043 3885 3205 3942 velut
3237 3900 3376 3957 apes
3435 3886 3507 3942 ad
3562 3884 3810 3943 alvearia.

2191 3975 2352 4030 Inter
2375 3989 2518 4045 quos
2549 3973 2702 4031 hunc
2725 3973 2914 4031 virum
2947 3973 3182 4030 beatum
3249 3974 3625 4046 propensiori
3652 3971 3812 4030 coluit

2191 4062 2544 4133 reverentia,
2570 4061 2715 4118 adeo
2748 4064 2811 4118 ut
2845 4060 3082 4133 speciali
3114 4076 3244 4118 eum
3279 4076 3478 4117 amore
3541 4062 3809 4132 diligeret,

2191 4155 2251 4206 et
2282 4150 2597 4223 praeceptis
2621 4149 2748 4220 ejus
2773 4150 3180 4222 obtemperare
3193 4149 3578 4222 consiliisque
3605 4148 3811 4220 adquie-

2191 4253 2358 4296 scere
2378 4238 2682 4309 gauderet.

2263 4326 2631 4399 (Fol.89’)‘28.
2653 4326 2808 4382 Obiit
2849 4341 3081 4400 quoque
3121 4325 3448 4384 Richardus
3486 4329 3809 4384 Normanno—

2194 4429 2318 4471 rum
2343 4413 2460 4471 dux
2474 4415 2644 4471 a.inc.
2664 4415 2821 4470 Dom.
2843 4415 2999 4486 1026,
3015 4419 3072 4470 et
3090 4415 3377 4472 successit
3395 4415 3718 4472 Riebardus
3733 4411 3805 4478 ΙΙΙ,

439 4499 538 4572 rit,
563 4499 871 4572 arripiens,
900 4514 1031 4557 cum
1056 4499 1110 4556 in
1151 4514 1253 4558 ore
1309 4504 1366 4556 et
1419 4501 1610 4560 animo
1658 4504 1788 4575 ejus
1847 4517 2076 4576 semper
2106 4486 2160 4551 D
2191 4507 2252 4559 et
2281 4503 2485 4560 eodem
2517 4517 2666 4560 anno
2698 4502 3011 4560 defunctus
3043 4508 3150 4560 est.
3187 4505 3518 4575 Postquem
3545 4505 3808 4561 Robertus

435 4592 800 4646 versaretur:
831 4587 946 4647 Ubi
969 4589 1058 4646 est
1092 4589 1360 4648 caritas?
1391 4604 1548 4662 vasa,
1586 4590 1641 4647 in
1701 4591 1916 4662 quibus
1967 4591 2079 4648 fru-

434 4683 712 4749 mentum,
745 4678 988 4736 ordeum
1021 4681 1080 4734 et
1102 4678 1295 4736 vinum
1311 4681 1682 4751 servabatur,
1715 4679 1991 4752 disrupit,
2018 4686 2078 4736 et

435 4767 642 4825 accitis
652 4767 1013 4840 pauperibus
1028 4766 1263 4825 vascula
1283 4783 1486 4824 eorum
1503 4767 1924 4840 inplevit,illnd
1940 4784 2080 4825 sem-

433 4871 536 4929 per
557 4858 734 4914 corde
765 4859 940 4914 etore
963 4855 1328 4928 depromens:
1350 4856 1462 4914 Ubi
1485 4857 1848 4916 estcaritaa?
1865 4862 1922 4913 et
1943 4871 2078 4930 ope-

435 4943 518 5000 ris
547 4943 866 5001 exibitione
897 4945 1456 5016 contestans.Cujus
1499 4943 1676 5000 animi
1725 4945 2079 5015 indignatio-

437 5043 564 5086 nem
592 5031 687 5088 vix
712 5031 1060 5103 adjuvando,
1093 5037 1157 5088 ut
1201 5031 1354 5104 quod
1401 5037 1784 5104 aggregatum
1817 5037 1946 5090 erat
1979 5049 2077 5091 ex-

435 5117 1087 5190 penderetur,mitigare
1103 5123 1580 5193 potuerunt,cum
1600 5119 1712 5180 Ubi
1727 5122 2079 5180 estcaritas?

435 5217 666 5277 semper
700 5209 1090 5278 repeteretur,
1107 5211 1166 5264 et
1200 5208 1312 5281 ipsi
1353 5207 1683 5282 incrassati,
1726 5209 2074 5283 inpinguati,

2194 4591 2534 4649 comitatum
2547 4590 2911 4647 Normannim
2935 4590 3202 4662 adeptus,
3221 4589 3371 4648 hunc
3387 4595 3481 4648 ter
3497 4593 3719 4648 beatum
3737 4586 3808 4642 Ri-

2193 4678 2496 4752 chardum,
2523 4679 2594 4736 de
2617 4695 2729 4751 quo
2753 4679 2924 4736 nobis
2947 4684 3035 4736 est
3059 4695 3270 4751 sermo,
3324 4681 3479 4736 inter
3496 4679 3706 4753 primos
3733 4677 3807 4731 ha-

2195 4768 2714 4840 buit,consilioque
2729 4767 2853 4838 ejus
2867 4768 3414 4838 regniNormannim
3429 4769 3804 4826 tractabantur

2193 4854 2457 4928 negocia.
2484 4857 2850 4914 Tuncextitit
2869 4855 3102 4928 quidam
3146 4857 3335 4914 Britto
3383 4859 3614 4915 nomine
3652 4857 3806 4913 Erme

2192 4945 2426 5016 noldus,
2451 4947 2624 5003 homo
2646 4944 2858 5001 mentis
2884 4958 3198 5017 perversae,
3247 4945 3611 5003 detestanda:
3648 4945 3800 5006 famae,

2193 5033 2290 5105 qui
2317 5036 2498 5089 totam
2531 5032 2706 5087 vitam
2731 5045 2895 5088 suam
2925 5029 3158 5087 diabolo
3183 5029 3501 5102 dicaverat,
3521 5033 3804 5104 utpostex-

2193 5122 2537 5195 perimentis
2551 5119 2981 5194 probatissimis
2997 5126 3358 5192 compertum
3377 5125 3490 5177 est.
3518 5122 3618 5177 Hic
3671 5114 3800 5174 horis

2190 5214 2247 5268 et
2279 5209 2589 5268 momentis
2617 5207 2884 5268 omnibus
2923 5223 3054 5266 cum
3104 5206 3340 5266 diabolo
3373 5208 3730 5282 loquebatur,
3756 5207 3798 5257 et

1797 5332 2034 5390 VARLE
2072 5333 2370 5392 LECTION
2374 5334 2474 5390 ES.

2021 5474 2244 5532 ΝΟΤΛΕ.

499 5395 568 5430 ⁸⁸³
593 5400 781 5468 styrs.
819 5410 868 5454 ο.

501 5570 654 5644 (104)
676 5567 947 5640 Fécamp.

2259 5577 2546 5650 (105)01‘1‘.
2584 5577 2747 5636 Glab.
2779 5579 2922 5638 Bod.
2966 5580 3096 5637 Vita
3138 5577 3413 5637 Willelmi
3459 5579 3670 5637 Divion.
3737 5577 3798 5630 13.
