3894 6348
98 372 202 431 25⁸7

1338 367 1833 430 CHRONICON.
1869 404 1939 414 -—
1973 371 2126 430 LIB.
2174 372 2246 431 Il.

3366 380 3485 441 258

93 502 361 573 quidquid
394 501 509 558 sibi
545 500 827 571 agendum
860 500 1013 556 foret
1044 498 1204 556 illius
1235 499 1519 556 nebuloso
1549 498 1726 556 collo-
1754 501 1807 560 A
1839 504 1897 556 et
1932 500 2063 557 data
2086 506 2175 558 est
2199 502 2249 558 ei
2276 517 2304 557 a
2330 504 2600 559 Lothario
2622 504 2675 559 in
2697 503 2888 561 dotem
2914 507 3250 575 Lugdunum
3272 509 3483 566 civitas

94 592 218 662 quio
240 586 682 662 disponebatur.
700 591 802 645 llic
823 603 926 660 per
949 592 1220 660 suscepta
1246 588 1572 659 iniquitatis
1592 602 1727 645 con-

92 681 209 735 silia
234 680 299 734 ad
330 680 559 749 plenam
586 679 954 749 iniquitatem
978 678 1294 747 enutritus,
1312 684 1370 734 et
1395 693 1531 735 vere
1557 692 1727 733 mem-

98 772 245 824 brum
267 768 423 822 illius
458 767 669 835 factus,
696 767 793 836 qui
829 772 915 822 est
952 770 1134 823 fomes
1164 766 1484 823 malicizeet
1506 766 1727 822 discor-

95 859 195 912 dize
221 864 275 911 et
307 857 494 911 omnis
526 856 831 926 nequicia),
865 855 1019 926 apud
1054 858 1358 928 praefatum
1403 855 1725 927 principem

95 960 275 1001 omnes
302 944 622 1015 optimates
645 945 832 1000 totius
865 945 1026 1013 regni
1077 944 1393 1013 accusavit,
1432 944 1595 1014 quasi
1629 943 1726 1013 qui

96 1034 205 1103 ejus
233 1033 491 1088 meditati
523 1036 728 1088 essent
765 1032 1150 1102 dejectionem
1185 1039 1244 1087 et
1298 1047 1520 1102 necem,
1556 1036 1612 1087 et
1647 1031 1725 1085 ita

97 1128 288 1176 statum
310 1122 491 1177 totius
518 1128 695 1177 terrae
720 1122 1114 1192 perturbavit,
1134 1128 1198 1177 ut
1221 1136 1357 1177 vere
1381 1120 1597 1176 diaboli
1622 1120 1726 1175 hoc

97 1225 226 1281 opus
271 1224 422 1279 esse,
455 1211 592 1281 ejus
637 1210 748 1265 boe
798 1210 1134 1279 artificium,
1168 1210 1295 1278 ejus
1337 1212 1727 1265 commentum

97 1304 516 1367 agnosceretur.
538 1298 686 1367 (Fel.
702 1297 819 1368 90.)
837 1298 1232 1353 lnﬂammatur
1249 1296 1731 1368 princepsadver-

98 1404 188 1443 sus
215 1388 543 1458 eptimates,
588 1388 734 1443 ﬁunt
766 1386 1031 1457 discidia,
1065 1387 1401 1443 excitantur
1426 1386 1637 1455 jurgia,
1670 1391 1729 1441 et

98 1491 198 1530 uno
219 1476 497 1531 intestino
524 1474 685 1531 bello
708 1480 827 1531 tota
852 1475 1594 1531 debacbaturNormannia.
1616 1476 1729 1529 Hac

96 1567 377 1618 crescente
427 1562 747 1632 discordia,
793 1562 1135 1618 comitatum
1189 1568 1356 1634 pater
1406 1561 1729 1618 Riebardus

96 1653 239 1705 adire
270 1650 670 1721 compellitur,
702 1656 762 1707 et
794 1651 1069 1722 adjuncto
1100 1651 1209 1707 sibi
1242 1652 1452 1707 domno
1496 1653 1731 1705 Ermen-

95 1739 231 1795 frido
255 1740 641 1809 Rotomagum
676 1738 933 1809 advenit,
963 1742 1021 1794 et
1054 1753 1199 1809 pace
1246 1739 1400 1795 inter
1432 1738 1726 1809 principes

1840 588 2151 646 Galliarum
2186 591 2559 648 nobilissima.
2596 594 2676 648 Ex
2708 592 2804 649 illa
2837 594 3110 652 Mathilde
3134 597 3368 664 genitus
3392 603 3481 653 est

1838 677 2121 735 Rodolfus
2155 694 2276 748 rex,
2304 682 2399 751 qui
2438 682 2668 751 praefuit
2696 684 3042 751 Burgundiaz
3069 690 3196 755 post
3226 691 3480 755 patrem;

1839 770 1897 821 et
1929 765 2104 837 Gisla,
2133 781 2301 837 quam
2337 770 2635 825 Conradus
2668 769 2987 840 imperator
3018 772 3185 828 duxit
3220 786 3479 843 uxorem,

1840 852 1910 909 de
1958 869 2067 925 qua
2124 858 2323 925 genuit
2376 857 2618 914 tercium
2654 858 3023 924 Ilcinrieum;
3059 861 3227 915 Berta
3284 861 3479 930 etiam,

1840 957 2009 1014 quam
2043 946 2266 1017 accepit
2302 948 2423 1002 Odo
2456 949 2852 1017 Carnotensis,
2879 964 2949 1004 ex
2974 964 3083 1019 qua
3106 950 3307 1018 genuit
3333 950 3482 1007 hunc

1841 1031 2115 1088 Odonem.
2136 1035 2420 1092 Rodulfus
2447 1052 2584 1093 vero
2604 1052 2705 1093 rex
2729 1038 2951 1107 absque
2974 1038 3175 1094 liberis
3196 1039 3481 1109 existens,

1842 1120 2107 1179 Conrado
2138 1125 2476 1196 imperatori
2511 1126 2857 1194 Burgundiae
2879 1141 3117 1196 regnum
3142 1127 3479 1199 dereliquit,

1840 1207 1987 1267 dans
2016 1212 2068 1267 ei
2104 1211 2363 1270 lanceam
2396 1214 2578 1271 sancti
2614 1214 2893 1285 Mauricii,
2917 1214 3071 1286 quod
3099 1220 3224 1271 erat
3258 1216 3483 1285 insigne

1839 1298 2004 1369 regni
2046 1303 2413 1372 Burgundire.
2454 1305 2530 1359 Eo
2578 1319 2719 1360 vero
2764 1302 3057 1374 defuncto,
3112 1310 3167 1360 et
3223 1304 3485 1360 Conrado

1841 1402 2019 1457 regno
2038 1390 2246 1461 potito,
2267 1390 2411 1457 Odo,
2429 1392 2562 1461 quia
2586 1396 2713 1447 erat
2737 1407 2808 1448 ex
2839 1407 3040 1448 sorore
3065 1392 3315 1462 Rodulfl,
3332 1406 3486 1448 sum-

1841 1479 1935 1546 pta
1965 1478 2269 1546 tyrannide
2290 1480 2358 1535 ad
2386 1494 2625 1547 regnum
2651 1480 2804 1551 cepit
2830 1480 3090 1550 aSpirare
3114 1502 3133 1537 .·
3155 1485 3210 1536 et
3237 1480 3335 1551 qui
3358 1487 3486 1538 erat

1840 1564 1993 1619 aeris
2016 1566 2189 1620 animi
2210 1572 2264 1621 et
2294 1568 2506 1624 ferocis
2524 1568 2759 1637 ingenii,
2781 1568 3186 1638 frequentibus
3211 1569 3488 1641 irruptio-

1842 1653 2016 1709 nibus
2042 1654 2252 1726 irrupit
2292 1656 2433 1712 fines
2478 1658 2845 1726 Burgundiae,
2882 1657 3253 1728 optinuitque
3284 1658 3487 1716 civita-

1843 1746 1932 1797 tes
1955 1747 2013 1797 et
2038 1742 2280 1799 castella
2308 1759 2488 1814 usque
2512 1745 2582 1800 ad
2604 1747 2803 1801 Jurum
2838 1751 2895 1801 et
2931 1750 3181 1801 montem
3213 1747 3395 1817 Jovis,
3425 1751 3488 1805 et

94 1830 368 1898 restituta,
408 1829 761 1900 praedictum
809 1827 1217 1883 Ermenoldum
1271 1826 1725 1898 alisquantisper
1754 1848 1807 1909 Β
1840 1843 2081 1900 magnus
2100 1832 2387 1888 factusest
2404 1834 3487 1906 vehementer.ObseditquoqueVien-

94 1917 374 1986 mitiorem,
405 1918 542 1987 quia
570 1922 709 1973 ante
740 1920 1127 1987 conspectum
1154 1930 1457 1972 servorum
1482 1916 1579 1971 Dei
1603 1931 1725 1972 cas-

94 2007 310 2061 sabatur
340 2006 529 2062 omnis
562 2004 856 2061 diabolica
892 2004 1129 2075 astutia,
1155 2004 1487 2061 convictum
1519 2009 1577 2060 et
1599 2019 1726 2059 eor-

95 2097 300 2164 reptum
322 2109 523 2150 secum
552 2093 880 2149 Virdunum
906 2092 1171 2161 deduxit,
1191 2092 1528 2148 monasticis
1551 2091 1727 2148 vesti-

100 2183 289 2238 mentis
309 2182 515 2252 induit,
545 2186 606 2238 et
629 2182 917 2237 hominem
942 2180 1159 2237 diaboli
1186 2180 1410 2251 laqueis
1434 2180 1725 2235 irretitum

100 2284 209 2340 quae
232 2276 360 2327 sunt
386 2270 678 2327 daemonis
693 2284 968 2341 spernere
991 2270 1260 2325 docebat.
1280 2268 1390 2325 Sed
1408 2269 1459 2324 in
1476 2283 1728 2340 corpore

103 2360 332 2430 peccatis
353 2359 596 2416 subdito
625 2359 842 2428 refugit
868 2358 1132 2414 habitare
1157 2358 1460 2429 sapientia.
1489 2357 1730 2413 Simula-

103 2448 185 2502 bat
217 2448 306 2504 ille
336 2448 405 2503 ad
434 2453 680 2520 tempus
721 2461 783 2503 se
830 2445 1274 2519 pbylosopbum,
1310 2450 1373 2502 ut
1418 2446 1728 2502 crederent

105 2550 216 2591 eum
239 2537 327 2607 qui
350 2552 461 2592 non
487 2538 781 2592 noverant
804 2535 1213 2606 theosophnm,
1231 2535 1332 2591 sed
1357 2534 1435 2589 nil
1462 2534 1611 2589 ficta)
1636 2548 1731 2605 pa-

103 2625 176 2679 cis
205 2626 435 2681 amicum
458 2625 754 2697 sapientia
783 2624 961 2680 novit.
986 2623 1374 2690 Quamobrem
1397 2623 1584 2679 omnis
1604 2622 1730 2692 ejus

102 2714 289 2769 astutia
302 2720 357 2769 ct
371 2714 641 2785 nequitia
659 2712 819 2768 brevi
837 2712 1073 2781 cognita
1088 2718 1317 2782 est,nec
1334 2712 1524 2783 potuit
1543 2711 1728 2766 latere

103 2802 235 2856 inter
253 2807 480 2859 sanctos
508 2801 717 2859 feralis
739 2801 835 2856 illa
856 2802 1075 2871 rabies,
1101 2801 1263 2872 pacis
1284 2800 1536 2856 inimica.
1557 2801 1730 2869 Egre-

104 2890 241 2945 ditur
268 2891 529 2948 inimicus
554 2893 733 2947 homo
756 2891 827 2945 de
853 2890 980 2945 loco
1013 2904 1124 2945 non
1158 2904 1283 2959 suo,
1312 2889 1461 2945 redit
1497 2887 1568 2943 ad
1604 2902 1726 2957 sua,

109 2979 268 3034 utitur
295 2987 415 3036 arte
449 2977 971 3051 inpudentissima,
995 2982 1055 3032 et
1088 2977 1300 3033 iterum
1337 2975 1729 3047 perversitate

110 3066 453 3136 malignitatis
466 3069 601 3138 ejus
615 3064 1014 3137 corrumpitur
1031 3065 1395 3121 Normannia.
1414 3062 1729 3134 Projicitur

111 3155 169 3210 de
197 3155 442 3226 latebris,
469 3172 589 3227 quo
617 3170 683 3212 se
716 3155 1015 3211 fortiorem
1039 3157 1098 3209 et
1121 3153 1502 3209 valentiorem
1528 3152 1728 3209 crede-

113 3241 211 3312 bat,
240 3251 291 3299 et
314 3245 440 3315 quia
467 3244 695 3302 diaboli
729 3243 1054 3301 calliditate
1077 3243 1134 3298 in
1157 3247 1402 3298 mortem
1428 3241 1729 3298 ducendus

112 3339 267 3398 esset,
284 3349 310 3388 a
327 3333 495 3389 beato
517 3333 571 3390 ei
598 3332 731 3388 viro
756 3330 1118 3402 praedicitur,
1136 3345 1239 3386 nec
1256 3331 1578 3386 frustratur
1596 3343 1729 3400 pro-

113 3420 291 3475 m'ssis.
314 3423 633 3492 Postquam
664 3420 817 3474 enim
850 3418 1045 3490 plures
1076 3418 1423 3489 optimatum
1452 3419 1728 3473 Norman-

111 3505 199 3562 uim
213 3508 606 3576 conjuratione
632 3507 881 3563 conficta
904 3510 960 3562 et
985 3506 1252 3577 imposita
1277 3504 1472 3561 duello
1493 3517 1730 3575 supera-

113 3594 338 3664 vit,quos
351 3597 665 3653 convictos
683 3595 1020 3666 principalis
1034 3595 1319 3651 severitas
1330 3592 1516 3649 oculis
1532 3592 1730 3649 terris-

112 3696 204 3750 que
236 3684 578 3755 privaverat,
610 3699 641 3739 a
668 3683 916 3754 quodam
944 3682 1257 3738 forestorio
1288 3681 1609 3750 convictus,
1637 3694 1733 3737 su-

114 3760 320 3836 peratus
346 3777 402 3829 et
435 3773 701 3841 occisus,
740 3770 907 3826 finem
938 3770 1074 3827 vitae
1105 3770 1240 3827 fecit
1292 3774 1352 3826 et
1400 3768 1726 3825 criminum.

113 3856 218 3921 Quo
246 3860 296 3915 in
326 3862 476 3918 facto
510 3860 735 3917 intueri
778 3859 923 3915 libet
972 3858 1334 3915 dulcedinem
1367 3864 1425 3915 et
1458 3858 1730 3928 pieiatcm

116 3946 205 4001 viri
228 3948 382 4020 justi,
410 3952 509 4021 qui
535 3949 832 4006 hominem
857 3962 993 4004 vere
1017 3947 1233 4003 diaboli
1257 3946 1643 4016 ergasterium
1670 3949 1730 4001 ut

109 4035 228 4090 vidit
254 4039 659 4110 praecipitante
689 4037 924 4093 diabolo
947 4036 1297 4106 convictum,
1322 4034 1391 4091 ad
1419 4035 1607 4091 sinum
1634 4033 1733 4088 mi-

115 4124 413 4183 sericordiae
434 4129 762 4196 confugere
793 4125 1011 4193 docuit,
1037 4128 1093 4179 et
1120 4125 1333 4179 factum
1368 4121 1734 4191 incorrigibi—

118 4207 311 4279 lem,ne
342 4216 568 4271 diutius
600 4218 976 4284 grassaretur
1008 4212 1063 4267 in
1087 4212 1277 4281 viciis,
1302 4211 1371 4267 ad
1404 4209 1733 4281 exemplum

119 4300 337 4356 omnium
358 4304 727 4374 perditorum
750 4301 927 4358 citius
946 4300 1139 4371 perire
1164 4298 1480 4369 nunciavit,
1500 4301 1737 4354 utesset

120 4385 162 4439 ei
192 4394 335 4445 tanto
374 4391 559 4448 levior
593 4406 762 4462 poena
796 4393 925 4461 pest
956 4393 1220 4457 mortem,
1249 4393 1466 4457 quanto
1488 4386 1736 4442 celerior

125 4480 351 4542 precanti
383 4482 705 4536 accederet
737 4478 993 4533 vindicta
1027 4492 1128 4548 per
1162 4480 1425 4532 mortem.

1759 3198 1808 3262 Ο

1840 1932 1989 1987 nam,
2026 1934 2193 1989 quam
2225 1936 2292 1975 ea
2327 1921 2667 1977 conditione
2693 1922 2746 1976 in
2775 1922 2963 1977 foedus
2991 1923 3235 1993 recepit,
3263 1928 3323 1979 ut
3348 1938 3490 1994 prte-

1839 2007 2047 2063 stituto
2074 2009 2320 2064 termino
2343 2010 2399 2064 in
2419 2009 2621 2066 eadem
2647 2011 2789 2066 urbe
2813 2026 2915 2065 rex
2939 2009 3222 2081 appellari
3241 2016 3298 2065 et
3321 2026 3486 2068 coro-

1840 2096 1962 2151 nari
1996 2096 2321 2153 debuisset.
2349 2100 2497 2155 Infra
2530 2098 2681 2154 hunc
2710 2099 3016 2154 terminum
3047 2098 3480 2169 expeditionem

1839 2184 2015 2240 movit
2043 2186 2096 2240 in
2119 2201 2357 2256 regnum
2383 2187 2791 2257 Lotharingiaa,
2814 2187 3071 2258 [lmn.]et
3097 2187 3204 2242 Bar
3227 2192 3485 2243 castrum

1839 2272 2013 2344 cepit,
2049 2272 2421 2344 dimissisque
2454 2274 2530 2329 ibi
2566 2273 2851 2329 militibus
2882 2272 3235 2344 quingentis,
3271 2273 3340 2328 ad
3374 2272 3486 2329 alia

1840 2376 1902 2417 se
1936 2363 2249 2433 convertit,
2285 2363 2419 2434 quia
2449 2364 2609 2421 curis
2638 2363 2973 2432 agitabatur
3003 2362 3342 2419 innumeris.
3380 2363 3488 2418 Re-

1841 2448 2157 2505 bellaverat
2183 2452 2554 2521 enimfeontra
2570 2450 2902 2507 He'inricum
2920 2452 3273 2507 Francorum
3291 2463 3486 2519 regem

1840 2537 2080 2593 Roberti
2107 2538 2307 2609 filium,
2329 2545 2388 2595 et
2406 2546 2608 2596 contra
2632 2540 2824 2611 eeptis
2846 2539 2973 2608 ejus
2996 2538 3323 2595 obsistebat
3347 2539 3489 2595 Con-

1841 2627 2020 2684 radus
2053 2628 2393 2699 imperator,
2422 2644 2665 2699 quorum
2700 2626 2773 2685 lis
2805 2642 3009 2696 magna
3036 2626 3164 2683 fuit.
3193 2626 3300 2694 Qui
3327 2624 3486 2681 misit

1841 2715 1912 2771 ad
1936 2716 2383 2786 expugnandum
2410 2716 2570 2772 illum
2596 2714 2941 2771 Gozelonem
2966 2714 3194 2771 ducem.
3220 2716 3338 2770 Hoc
3364 2714 3487 2770 Odo

1841 2815 2162 2871 agnoscens
2180 2802 2376 2872 rediit,
2402 2808 2462 2858 et
2494 2817 2557 2858 se
2586 2801 2657 2857 ad
2693 2801 2904 2858 bellum
2924 2806 3126 2856 contra
3150 2800 3487 2855 Lotharien-

1840 2904 1933 2946 ses
1954 2889 2229 2945 accinxit.
2258 2889 2467 2945 Gozelo
2492 2893 2707 2958 autem,
2727 2888 3043 2945 duxtotius
3059 2887 3259 2959 prima}
3280 2886 3484 2957 Retize,

1840 2977 2175 3049 cumjnimio
2206 2978 2471 3035 exercitu
2502 2978 2733 3034 irruens
2756 2977 2810 3032 in
2834 2991 2985 3046 eum,
3012 2990 3141 3031 cum
3165 2974 3263 3030 diu
3287 2974 3490 3031 utrim-

1841 3081 1953 3136 que
1977 3071 2292 3137 pugnatum
2319 3065 2542 3135 fuisset,
2568 3065 2893 3121 exercitum
2916 3063 3044 3133 ejus
3068 3062 3122 3117 in
3150 3063 3339 3131 fugam
3361 3076 3490 3118 ver-

1837 3155 1930 3225 tit,
1972 3159 2033 3212 et
2077 3155 2157 3211 ibi
2210 3155 2333 3212 Odo
2382 3155 2519 3227 ipse
2557 3152 2972 3211 miserabiliter
3020 3152 3263 3209 corruit.
3311 3150 3489 3222 Cujus

1838 3256 2054 3314 corpus
2076 3243 2331 3300 lacerum
2364 3242 2721 3299 venerabilis
2754 3247 2923 3313 pater
2954 3240 3278 3296 Richardus
3299 3244 3359 3294 et
3381 3240 3490 3294 Ro-

1836 3345 2016 3400 gerus
2048 3330 2528 3388 Cathalaunensis
2548 3330 2858 3402 episcopus
2887 3345 2917 3384 a
2951 3328 3095 3384 cede
3118 3331 3479 3397 susceptum,

1842 3418 2230 3476 reddiderunt
2263 3420 2451 3489 uxori,
2477 3423 2533 3476 et
2567 3424 2657 3475 est
2688 3417 2957 3491 sepultus
2977 3415 3237 3474 Turonis.
3266 3414 3489 3471 Cecidit

1840 3508 1897 3564 in
1923 3507 2077 3564 bello
2098 3506 2199 3564 illo
2214 3513 2274 3564 et
2289 3508 2577 3564 Manasses
2598 3522 2813 3576 comes,
2830 3508 2888 3561 et
2914 3506 3237 3561 Evervinus
3251 3508 3307 3562 et
3324 3502 3489 3573 Dido,

1840 3602 1899 3653 et
1936 3595 2174 3653 Virduni
2206 3595 2441 3666 sepulti.
2478 3594 2861 3651 Walerannus
2913 3608 3146 3664 quoque
3187 3607 3386 3649 comes
3432 3591 3491 3646 in

1842 3683 1996 3741 bello
2020 3684 2150 3755 ipso
2171 3698 2202 3739 a
2227 3682 2539 3740 Godefrido
2564 3682 2875 3739 Gozelonis
2899 3681 3069 3737 ducis
3090 3680 3207 3737 filio
3229 3681 3495 3751 graviter

1840 3772 2206 3843 vulneratus,
2241 3788 2371 3828 cum
2398 3772 2514 3843 jam
2548 3770 2829 3826 deficeret
2858 3784 3142 3841 pugnans,
3182 3769 3358 3824 vitam
3396 3783 3496 3840 po-

1843 3861 2034 3932 poscit
2064 3866 2124 3916 et
2158 3861 2436 3929 membra,
2459 3862 2521 3915 ut
2547 3858 2755 3914 liceret
2784 3857 2837 3912 ei
2862 3856 3016 3926 apud
3038 3855 3359 3912 Virdunum
3383 3857 3492 3912 sub

1844 3949 2125 4017 regimine
2156 3948 2341 4019 patris
2384 3946 2657 4003 Richardi
2712 3942 3055 4000 monasticis
3107 3943 3267 4000 indui
3318 3944 3495 4000 vesti-

1845 4035 2074 4105 mentis,
2109 4035 2257 4091 sicut
2288 4037 2404 4091 Deo
2434 4034 2773 4103 devoverat,
2809 4029 2964 4102 quod
2994 4033 3052 4087 et
3084 4030 3364 4102 optinuit.
3422 4031 3492 4086 Et

1845 4123 1999 4180 bello
2028 4129 2258 4193 exacto,
2290 4137 2420 4179 cum
2470 4121 2713 4194 praefato
2758 4124 2927 4193 patre
2971 4119 3168 4190 rediit,
3200 4123 3258 4176 et
3294 4132 3487 4175 mona-

1845 4212 1991 4268 chus
2026 4212 2215 4268 factus
2246 4216 2334 4267 est
2367 4212 2538 4281 (106.)

1920 4298 2042 4369 (fol.
2077 4300 2191 4370 90.)
2226 4299 2563 4355 Omittimus
2596 4298 2958 4354 necationem
2998 4306 3059 4353 et
3111 4295 3495 4369 piscationem

1848 4384 2058 4442 noveni
2087 4384 2300 4455 capitis
2331 4383 2705 4456 parvulorum
2756 4383 2813 4438 in
2861 4383 3103 4454 vivario,
3137 4382 3263 4449 viro
3303 4380 3404 4437 Dei
3438 4380 3495 4436 in

1850 4474 2068 4531 abditis
2094 4477 2151 4530 et
2184 4474 2408 4544 asperis
2435 4472 2593 4543 jugis
2642 4472 2934 4529 Romarici
2974 4473 3191 4529 montis
3224 4485 3353 4541 quae
3380 4469 3497 4541 jam

181 4565 308 4621 (Fel.
341 4572 451 4639 89.)
476 4574 566 4625 29.
607 4567 921 4623 Veniamus
955 4565 1133 4635 igitur
1159 4565 1275 4635 jam
1308 4578 1460 4621 nunc
1490 4562 1560 4619 ad
1593 4560 1738 4620 illud
1767 4548 1821 4610 D
1852 4563 2116 4621 subierat
2148 4576 2344 4619 amore
2377 4561 2593 4632 quietis
2625 4560 2892 4631 internae,
2920 4560 3141 4631 Spiritu
3175 4562 3379 4615 sancto
3411 4570 3501 4613 re-

128 4645 450 4712 l;crimahile
484 4656 707 4712 bellum
740 4654 894 4725 apud
927 4655 1037 4708 Bar
1083 4657 1344 4709 castrum
1391 4651 1651 4708 habitum
1684 4666 1734 4707 a.

124 4737 215 4793 iac.
243 4742 391 4800 Dom.
428 4749 590 4811 1037,
638 4744 831 4815 [Cum
867 4744 1010 4797 Ron.
1046 4757 1128 4811 ιιι,
1162 4742 1238 4813 9.]
1274 4741 1329 4796 in
1382 4756 1494 4812 quo
1526 4740 1739 4796 cecidit

125 4826 225 4882 Udo
254 4831 395 4887 filius
426 4832 654 4888 Odonis
697 4830 799 4886 ﬁlii
844 4831 1106 4887 Tetbaldi
1141 4828 1538 4898 Carnotensis,
1575 4828 1743 4897 cujus

123 4929 402 4983 (cgnomen
435 4921 541 4977 fuit
580 4919 866 4989 Tricator,
922 4919 1017 4989 qni
1066 4917 1418 4974 Willelmum
1467 4919 1742 4973 Norman-

128 5015 239 5058 num
273 5008 525 5065 llellonis
579 5008 763 5064 filium
794 5006 928 5063 dolo
960 5007 1275 5076 interfecit,
1309 5007 1402 5076 qui
1437 5021 1509 5061 ex
1539 5020 1740 5060 sorore

127 5092 383 5151 lleriberti
406 5099 726 5154 Trecorum
755 5096 986 5151 comitis
1004 5096 1203 5166 genuit
1222 5096 1502 5163 Odouem,
1521 5093 1742 5150 utdixi-

127 5194 249 5249 inus,
282 5190 495 5252 patrem
532 5184 711 5253 hujus
745 5183 976 5241 Odonis.
1003 5186 1068 5241 Et
1097 5188 1158 5240 ut
1186 5184 1416 5256 plenius
1438 5182 1739 5239 illuceseat

130 5268 197 5319 rei
220 5271 441 5337 veritas,
460 5273 730 5328 dicamus
755 5286 881 5340 quae
907 5272 1079 5327 fuerit
1102 5286 1278 5328 causa
1306 5271 1449 5326 tanti
1475 5269 1743 5325 certami-

131 5353 219 5408 n’s.
254 5358 545 5415 Conradus
580 5359 928 5426 Burgundias
961 5374 1061 5416 rex
1103 5359 1331 5430 accepit
1367 5373 1600 5414 uxorem
1634 5357 1743 5411 Ma-

134 5438 364 5514 thii‘lrm,
381 5460 644 5503 sororem
662 5444 1177 5518 [.otbariijunioris
1193 5445 1353 5518 regis
1368 5447 1738 5513 Francorum,

194 5639 482 5714 (106)\'ita
514 5640 897 5703 Ricbardill.
998 5730 1003 5734 ἢ
1082 5728 1089 5737 θ

1851 4651 2083 4709 velante
2109 4651 2415 4721 signatam,
2434 4666 2503 4706 ne
2531 4655 2733 4706 sancto
2755 4649 2944 4705 ordini
2969 4643 3499 4713 sanctimonialium

1852 4741 2120 4811 injuriam
2152 4739 2364 4797 fecisse
2394 4739 2714 4805 videamur,
2741 4737 2989 4792 maxime
3013 4750 3144 4791 cum
3174 4738 3233 4790 et
3266 4731 3381 4788 illae
3403 4732 3501 4787 ha-

1852 4829 2137 4886 bitatione
2170 4829 2373 4884 vicinae
2405 4828 2540 4893 sint,
2568 4831 2628 4881 ct
2651 4831 2814 4880 tanta
2842 4824 3003 4880 urbis
3032 4820 3362 4877 Virdunicm
3390 4819 3500 4877 fre-

1853 4918 2089 4989 quentia
2124 4916 2463 4973 miraculum
2494 4915 2602 4969 boe
2636 4912 2996 4969 celebratum
3030 4913 3128 4982 sit,
3157 4916 3219 4966 ut
3255 4909 3352 4980 qui
3386 4923 3500 4966 non

1854 5005 1997 5061 vidit
2030 5005 2173 5060 fama
2209 5004 2502 5059 referente
2536 5000 2827 5070 didicerit,
2878 4999 3015 5056 licet
3053 4998 3140 5056 vir
3172 4996 3501 5069 prophetici

1853 5092 2100 5164 spiritus
2134 5092 2188 5146 id
2221 5088 2565 5147 omnimodis
2599 5091 2841 5159 propter
2864 5084 3503 5158 improperiumimpio—

1855 5196 1979 5237 rum
2007 5178 2275 5236 caelatum
2309 5193 2443 5233 esse
2492 5174 2764 5232 voluerit.
2804 5176 2931 5232 Haec
2982 5179 3075 5231 est
3120 5174 3273 5231 enim
3322 5188 3503 5232 causa

1855 5283 1982 5338 qua:
2015 5282 2144 5322 eum
2180 5267 2250 5320 ab
2284 5265 2379 5320 illa
2415 5280 2517 5320 sua
2549 5263 2745 5334 quiete
2780 5262 3005 5333 praefati
3030 5262 3242 5318 montis
3266 5261 3501 5317 interim

1855 5354 2144 5425 deposuit.
2181 5352 2341 5409 Unde
2374 5356 2431 5408 et
2464 5352 2836 5422 correptione
2869 5365 2973 5422 pro
3007 5356 3269 5422 tempore
3290 5355 3348 5405 et
3373 5350 3503 5405 loco

1855 5443 2009 5512 data,
2039 5442 2137 5498 illo
2157 5454 2216 5497 se
2242 5438 2465 5508 retulit,
2491 5443 2555 5495 ut
2580 5437 2767 5510 palam
2800 5438 3048 5497 daretur
3069 5435 3341 5509 intelligi,
3359 5434 3503 5493 invi-

1661 5640 1667 5647 .
1692 5555 1914 5614 NOTAE.
