3894 6314
397 351 514 412 259

1327 332 1698 401 HUGONIS
1741 329 2097 397 ABBATIS
2139 329 2820 398 FLAVINIACENSIS

3677 339 3786 400 “260

399 491 520 540 tum
542 495 673 536 cum
695 484 752 535 et
777 474 941 550 quasi
963 480 1232 533 coactum
1256 473 1326 530 ad
1346 471 1546 529 horam
1572 471 1869 527 relaxasse
1888 468 2038 537 rigo-
2067 474 2123 534 Α
2146 478 2356 535 rorem,
2393 465 2447 521 in
2481 467 2912 525 matrimonium
2964 467 3210 540 accepit.
3245 467 3348 525 Hic
3398 469 3574 526 etiam
3625 477 3781 527 tanto

408 585 530 626 rem
564 567 851 641 propositi
884 567 992 622 sui.
1030 564 1175 621 lllud
1209 567 1335 618 erat
1371 562 1428 617 in
1458 562 1584 616 viro
1617 560 1714 616 Dei
1749 557 2036 626 mirabile,

411 659 565 731 quod
598 658 808 714 absens
836 669 1081 726 corpore
1116 653 1269 709 istud
1304 651 1627 720 agnoverit,
1655 649 1843 704 locum
1867 647 2038 702 etiam

408 753 466 804 et
501 761 822 815 numerum,
848 749 904 800 et
933 744 1082 813 quod
1106 747 1277 796 terno
1309 744 1502 796 tractu
1534 740 1604 793 ab
1639 738 1767 792 imis
1792 735 2042 806 gurgitis

404 835 728 906 gurgustiis
761 833 856 889 illa
890 833 1235 900 naufragosa
1269 830 1439 885 turba
1463 831 1790 884 erucretur.

481 922 775 980 Habitavit
797 926 987 978 autem
1014 920 1284 991 primitus
1306 919 1360 972 in
1387 919 1510 972 loco
1533 916 1787 986 quinque
1813 911 2044 968 milibus

404 1029 433 1070 a
467 1011 754 1069 Romariei
780 1015 972 1066 monte
996 1013 1240 1076 semoto,
1268 1008 1364 1077 qui
1399 1009 1902 1075 nuncupatur.....,
1930 1012 2043 1054 uno

408 1105 630 1158 tantum
665 1099 876 1156 comite
907 1101 1239 1164 contentus,
1260 1098 1353 1150 cui
1378 1101 1567 1150 tamen
1599 1105 1766 1147 versa
1799 1089 1922 1143 vice
1946 1087 2044 1141 do-

405 1190 594 1246 minus
622 1203 752 1245 cum
775 1187 1018 1242 Mat-tino
1040 1185 1350 1241 serviebat.
1379 1183 1482 1238 Ubi
1508 1186 1721 1252 quanta
1748 1194 1809 1233 sc
1841 1192 2044 1246 corpo-

407 1279 487 1334 ris
502 1277 896 1334 macerationc
911 1273 1448 1342 attriverit,quanta
1467 1265 2042 1325 meutiscontritione

405 1369 650 1424 animam
690 1365 1056 1431 relevaverit,
1093 1362 1254 1417 solus
1287 1363 1645 1415 internorum
1693 1356 1914 1411 arbiter
1947 1368 2042 1408 no-

406 1457 510 1525 vit,
544 1455 675 1526 quia
710 1460 770 1508 et
801 1453 898 1508 ille
930 1453 1012 1508 sic
1045 1466 1192 1522 opus
1223 1451 1482 1505 dexterae
1516 1446 1761 1518 peregit,
1791 1448 1852 1499 ut
1885 1443 2043 1511 igno-

406 1549 565 1601 raret
587 1543 849 1610 sinistra,
875 1541 1119 1597 maxime
1141 1554 1270 1596 cum
1291 1537 1601 1593 incolatum
1627 1551 1790 1591 suum
1815 1532 2044 1604 prolon-

407 1635 532 1704 gari
561 1632 776 1688 cotidie
808 1631 1071 1698 deﬁeret,
1099 1629 1193 1698 qui
1219 1627 1450 1682 volebat
1485 1643 1514 1681 a
1545 1624 1849 1681 consortio
1883 1621 2043 1677 habi-

408 1723 654 1780 tantium
679 1722 864 1778 Cedar
887 1721 1200 1776 tenebroso
1223 1717 1440 1772 divelli.
1457 1719 1595 1772 Post
1619 1715 1724 1769 hec
1737 1714 1808 1768 ad
1826 1711 2036 1780 locum,

409 1813 506 1884 qui
538 1812 918 1868 Rombécbus.
945 1810 1092 1879 (107)
1117 1807 1354 1875 dicitur,
1380 1805 1682 1873 secedens,
1709 1802 1787 1857 ibi
1820 1801 2042 1855 habita-

407 1901 599 1957 culum
623 1899 733 1955 sibi
756 1897 1030 1953 instituit.
1052 1897 1261 1952 Etcum
1288 1895 1366 1950 ibi
1387 1893 1563 1948 vellet
1589 1892 1812 1947 diutius
1834 1888 2036 1956 latere,

407 2005 518 2045 non
549 1988 758 2060 potuit.
793 1989 1084 2056 Ccperunt
1113 1990 1170 2038 et
1199 1983 1300 2039 illo
1333 1983 1648 2048 conﬂuere,
1677 1979 1806 2050 quis
1833 1976 2040 2033 similis

406 2076 726 2132 inoleverat
754 2075 930 2130 ardor
956 2074 1088 2128 vita:
1113 2071 1537 2127 anachoretica:
1560 2073 1618 2123 et
1641 2069 1766 2136 ejus
1791 2081 1850 2122 se
1873 2065 2042 2121 disci-

405 2167 607 2238 pulatu
639 2164 1009 2227 contradere;
1035 2162 1247 2231 quibus
1277 2166 1335 2214 et
1370 2160 1494 2230 ipse
1527 2172 1782 2214 normam
1813 2153 2040 2210 vivendi

408 2254 666 2309 instituit
695 2251 1012 2308 secundum
1048 2263 1262 2304 morem
1289 2262 1319 2302 a
1340 2247 1560 2302 sanctis
1589 2245 1860 2300 Patribus
1885 2243 2043 2298 insti-

414 2348 619 2397 tutum.
657 2342 912 2410 Cumque
939 2339 1054 2408 jam
1088 2337 1541 2408 quinquennium
1573 2335 1856 2390 dedicata)
1890 2332 2043 2402 peni-

411 2430 611 2486 tentize
643 2428 1006 2500 impleretur,
1031 2425 1264 2480 devotio
1287 2425 1470 2479 sancti
1505 2421 1775 2478 desiderii
1809 2436 1921 2476 non
1947 2420 2046 2474 mi-

412 2517 724 2585 nuebatur,
760 2515 897 2585 quin
929 2515 982 2568 in
1015 2514 1140 2569 dies
1171 2512 1532 2583 propensiori
1569 2510 1764 2566 studio
1798 2509 2045 2578 augeba-

413 2610 530 2675 tur,
553 2603 686 2676 quia
710 2604 765 2658 in
786 2603 909 2675 ipsa
928 2617 1029 2659 sua
1051 2601 1472 2658 exercitatione
1495 2597 1919 2667 delectabatur,
1946 2596 2043 2668 qui

413 2693 802 2750 delectatione
817 2690 1578 2763 pascebatur.luclinaverat
1595 2689 1743 2744 enim
1758 2687 2041 2743 cervicem

411 2782 584 2838 animi
618 2782 673 2837 in
708 2781 1033 2838 testimonia
1067 2779 1308 2850 Domini,
1344 2780 1579 2835 incessu
1620 2777 1880 2845 humilia,
1916 2791 2046 2831 suc-

406 2883 575 2926 cessu
607 2867 858 2938 excelsa,
895 2882 1170 2939 processu
1204 2865 1548 2932 clarissima,
1584 2869 1639 2920 et
1684 2862 1814 2932 quia
1849 2876 2043 2916 veram

409 2957 829 3030 phiIOSOphiam
863 2955 1324 3028 amplexabatur,
1355 2954 1724 3009 excitabatur
1768 2949 2047 3006 accende-

411 3047 602 3118 batur,
636 3051 693 3102 et
729 3044 992 3113 ardebat,
1027 3044 1289 3116 ignitum
1333 3043 1482 3097 enim
1534 3041 1836 3112 eloquium
1881 3041 2048 3096 tuum

405 3136 791 3204 vehementer,
822 3135 1088 3202 Domine,
1124 3133 1183 3188 et
1205 3146 1412 3190 servus
1441 3133 1576 3188 tuus
1626 3130 1847 3186 dilexit
1888 3128 2050 3185 illud

413 3223 602 3288 (Psal.
640 3197 834 3290 cxvul,
863 3227 1008 3289 1.10.)
1039 3197 1446 3276 Revocabatur
1465 3221 1536 3274 ab
1559 3219 1836 3289 cpisc0po
1857 3223 1914 3272 et
1941 3218 2050 3272 fra-
2077 3197 2127 3260 C

409 3313 602 3368 tribus
634 3311 762 3380 ejus
795 3310 1117 3365 absentiam
1159 3323 1298 3378 egre
1351 3308 1694 3376 ferentibus,
1729 3313 1787 3361 et
1821 3306 1961 3362 illud
1994 3307 2046 3362 ei

412 3400 715 3471 sepissime
739 3399 1152 3454 intendebatur
1168 3417 1180 3451 :
1199 3398 1525 3466 Reuertere,
1539 3399 1834 3454 revertere
1849 3401 2050 3456 Suna—

409 3489 600 3557 mitis,
614 3487 923 3554 rerertere,
937 3486 1396 3554 rerertere,utin
1405 3485 1674 3542 tueamur
1689 3487 1742 3542 te
1757 3487 1955 3552 (Cant.
1973 3504 2044 3559 ιν,

412 3582 525 3644 12).
561 3576 669 3630 Sed
714 3578 785 3631 ab
826 3591 894 3631 eo
934 3575 1150 3645 verbis,
1185 3574 1424 3644 litteris,
1459 3580 1590 3630 actu
1643 3591 1871 3646 quoque
1923 3577 2050 3648 ipso

414 3664 641 3721 reditus
662 3665 1062 3733 denegabatur
1077 3662 1164 3718 3”.
1181 3663 1305 3719 Vidi
1325 3663 1450 3734 ipse
1464 3663 1740 3734 quasdam
1765 3665 2050 3736 epistolas

412 3753 468 3807 in
499 3753 744 3809 invicem
773 3753 1000 3821 missas,
1025 3757 1081 3806 et
1113 3752 1224 3820 legi
1262 3753 1570 3823 puerulus;
1595 3753 1650 3808 in
1685 3754 1894 3823 quibus
1915 3771 2050 3810 eon-

411 3841 685 3898 stantiam
716 3842 842 3912 ejus
872 3842 923 3896 in
957 3841 1276 3912 responsis,
1302 3857 1432 3897 cum
1463 3843 1514 3898 ei
1547 3844 1786 3898 verbum
1813 3858 2050 3913 respon-

413 3933 594 3989 sionis
624 3938 1041 4005 opponeretur,
1080 3938 1139 3988 ut
1189 3932 1462 4002 diximus,
1500 3932 1576 3988 ita
1622 3933 1674 3988 in
1724 3934 1834 3988 ﬁne
1881 3935 2050 3990 unius

410 4021 675 4092 epistola:
705 4023 950 4076 fratrum
984 4021 1268 4092 repressit
1303 4021 1548 4077 intentio
1581 4041 1593 4075 :
1625 4023 1720 4091 Si,
1757 4022 2044 4092 inquiunt,

410 4109 582 4164 τεγὸο
610 4109 807 4165 rerbis
837 4109 1074 4164 obeiare
1110 4111 1390 4175 uolucris,
1422 4123 1538 4164 non
1567 4111 1845 4180 (leﬂcirnt
1868 4109 2050 4168 verba

399 4211 518 4269 pro
546 4195 718 4252 rerbo
753 4196 1179 4253 laborantibus.

487 4283 610 4354 (fol,
647 4283 776 4354 90’.)
809 4287 895 4339 30.
928 4287 1089 4340 Anno
1122 4284 1192 4339 ab
1226 4285 1335 4340 ine.
1374 4287 1530 4341 Dom.
1573 4291 1719 4342 1035
1756 4288 2047 4344 Robertus

412 4387 608 4429 comes
639 4373 1098 4428 Normannorum
1129 4373 1566 4429 Jherosolimam
1607 4375 1730 4447 ivit,
1766 4376 2047 4432 inﬁnitam

411 4459 718 4533 pecuniam
748 4476 944 4518 secum
981 4462 1193 4533 ferens,
1229 4478 1396 4533 quam
1429 4465 1662 4520 omnino
1690 4465 2048 4536 pauperibus

2152 567 2349 609 amore
2379 556 2771 612 venerabilem
2805 557 2975 627 hunc,
3000 557 3073 612 de
3105 573 3218 628 quo
3249 573 3442 614 sermo
3465 558 3682 630 agitur,
3702 575 3782 615 co-

2153 639 2284 710 luit,
2318 648 2382 697 ut
2413 642 2541 711 ejus
2572 645 2833 699 consiliis
2869 645 2923 700 in
2981 644 3078 700 illa
3136 650 3488 716 tempestate
3538 645 3781 716 palatina

2153 728 2496 798 disponeret
2529 733 2938 802 moderamina,
2975 737 3032 786 et
3081 747 3427 804 quamquam
3461 748 3600 803 egre
3631 734 3704 789 ad
3729 751 3782 792 se

2153 817 2406 873 accitum
2440 820 2745 888 omnigena
2776 821 3086 876 honoraret
3111 820 3442 877 dulcedinis
3461 826 3520 876 et
3545 822 3785 878 devotio

2154 905 2244 960 nis
2261 906 2560 977 instantia,
2579 910 2722 964 adeo
2739 915 2800 965 ut
2815 909 3136 965 accclesiam
3154 910 3643 979 Rotomagensem
3664 927 3782 967 cum

2157 995 2403 1063 praesule
2427 997 2582 1052 sedis
2607 997 2794 1068 ipsius
2812 1004 2870 1053 et
2894 999 3074 1069 clero,
3092 1000 3218 1069 ejus
3229 998 3512 1068 gauderet
3531 999 3780 1056 decorari

2153 1083 2440 1152 doctrina,
2467 1091 2527 1140 ut
2553 1102 2624 1140 ex
2657 1087 2968 1143 multarum
3002 1088 3262 1144 faeiebus
3292 1103 3486 1144 rerum
3520 1103 3676 1145 nunc
3705 1104 3785 1144 us-

2154 1187 2265 1242 que
2295 1174 2482 1229 conici
2515 1179 2734 1246 potest,
2769 1176 2942 1231 etiam
2973 1191 3023 1232 a.
3047 1175 3198 1232 libro
3246 1177 3541 1233 communi
3594 1191 3785 1233 secun-

2154 1259 2286 1316 dum
2319 1264 2524 1318 modos
2559 1264 2987 1320 institutionem
3025 1265 3152 1334 ejus
3203 1265 3474 1320 ordinato
3527 1271 3660 1336 post
3690 1280 3786 1321 ma-

2147 1349 2244 1419 jus
2277 1350 2462 1406 altare
2493 1358 2698 1408 catena
2733 1353 2960 1408 firmato
2990 1351 3076 1407 3“.

2225 1438 2345 1506 (fol.
2362 1438 2470 1504 91’)
2496 1441 2844 1496 Rauibcrtus
2865 1441 3248 1498 Virduncnsis
3267 1441 3582 1512 episcopus
3605 1443 3787 1496 Hiero-

2154 1526 2428 1598 solymam
2464 1529 2680 1585 vadens
2710 1529 2845 1584 villa
2881 1529 3218 1600 Bellagrada
3241 1531 3387 1585 obiit
3412 1544 3462 1585 a.
3490 1531 3653 1586 Dom.
3681 1530 3781 1585 ine.

2154 1620 2310 1686 1038,
2347 1617 2440 1686 (θ.
2487 1618 2648 1673 Vird.
2687 1623 2776 1686 10/
2809 1618 3189 1688 pontificatus
3220 1618 3305 1674 sui
3341 1633 3390 1673 a.
3428 1619 3520 1688 14,
3553 1622 3614 1672 et
3643 1623 3787 1688 post-

2155 1705 2388 1760 modum
2421 1709 2682 1777 tempore
2715 1705 2984 1762 Richardi
3010 1707 3372 1765 successoris
3391 1707 3483 1763 sui
3509 1721 3543 1762 a
3565 1705 3786 1762 clericis

2155 1793 2406 1848 Bernero
2437 1799 2495 1849 et
2531 1795 2792 1850 Bernado
2825 1794 3066 1866 relatus,
3098 1795 3339 1852 Virduni
3383 1798 3475 1851 est
3528 1793 3786 1866 sepultus

2154 1884 2209 1938 in
2246 1884 2617 1938 monasterio.
2656 1885 2773 1939 Hoc
2805 1883 2874 1916 m
2902 1884 3076 1940 etiam
3125 1899 3274 1940 anno
3321 1885 3468 1940 obiit
3503 1885 3785 1940 Amadeus

2151 1971 2330 2027 abbas
2362 1971 2812 2028 Flaviniaecnsis
2846 1977 2912 2029 14
2942 1971 3228 2028 Kalendas
3268 1971 3504 2044 Aprilis.

2225 2062 2388 2132 [Rom
2431 2063 2600 2118 (ius.
2637 2078 2709 2128 iv,
2741 2063 2818 2134 9.]
2853 2065 3016 2118 Anno
3047 2063 3120 2118 ab
3163 2063 3273 2118 inc.
3309 2064 3469 2118 Dom.
3511 2067 3673 2133 1039,
3705 2063 3785 2117 die

2155 2148 2538 2205 Kalendarum
2568 2150 2726 2219 Julii,
2757 2154 2788 2204 0
2820 2151 2983 2222 feria,
3020 2150 3151 2206 luna
3202 2155 3288 2220 28,
3326 2151 3474 2206 facta
3523 2157 3621 2206 est
3652 2151 3786 2221 ecly-

2154 2239 2274 2308 psis
2305 2239 2466 2294 solis.
2502 2239 2592 2294 Sol
2628 2240 2779 2294 enim
2813 2241 3004 2296 factus
3031 2245 3123 2295 est
3157 2239 3438 2310 sapbirini
3467 2239 3714 2306 coloris,
3735 2247 3783 2294 et

2153 2329 2350 2382 eadem
2384 2329 2477 2384 die
2509 2329 2686 2383 natali
2718 2329 3114 2400 apostolorum
3148 2330 3378 2400 quidam
3404 2330 3785 2386 Romanorum

2155 2415 2208 2470 in
2231 2417 2583 2472 Clementem
2609 2433 2812 2490 papam
2840 2418 3211 2487 insurgentes
3225 2421 3284 2473 et
3303 2417 3650 2474 interimere
3669 2433 3785 2472 eum

2155 2505 2438 2574 volentes,
2461 2523 2588 2563 cum
2620 2523 2731 2563 non
2767 2509 3120 2579 potuissent,
3163 2524 3192 2564 a
3223 2508 3361 2564 sede
3393 2523 3530 2564 eum
3567 2508 3787 2579 depule-

2157 2600 2309 2651 runt.
2329 2597 2436 2650 Sed
2459 2597 2756 2652 Conradus
2772 2597 3239 2668 imperatorillue
3263 2596 3524 2660 veniens.
3546 2598 3784 2669 propria?

2153 2701 2283 2741 eum
2317 2687 2440 2741 sedi
2477 2686 2757 2754 restituit,
2783 2690 2839 2741 et
2869 2687 3073 2742 eodem
3107 2701 3257 2742 anno
3290 2685 3443 2756 apud
3483 2687 3781 2742 Saxoniam

2153 2775 2319 2843 obiit,
2335 2782 2392 2829 et
2409 2774 2623 2830 tertius
2641 2774 3262 2831 lleinricussuceessit.
3282 2775 3555 2832 Clemens
3570 2789 3783 2846 quoque

2158 2865 2519 2935 papa,primo
2537 2863 3787 2936 Bavebergensisepiscopus,dictusSuiehe«

2157 2953 2514 3016 rus,obiit.et
2532 2954 2824 3008 Robcrtus
2838 2955 3187 3008 Francorum
3206 2953 3655 3009 rex.lleinricus
3666 2967 3788 3008 vero

2158 3048 2292 3112 post
2308 3046 2551 3096 mortem
2569 3041 3080 3113 Ramberti.primo
3096 3043 3256 3112 regni
3275 3042 3362 3098 sui
3378 3044 3692 3112 anno,viro
3703 3041 3788 3097 Dei

2158 3131 2445 3186 Richardo
2476 3130 2833 3201 episcopium
2858 3130 3222 3186 Virdunense
3245 3132 3567 3202 concessit,
3595 3133 3696 3189 sed
3717 3131 3792 3186 vir

2159 3221 2502 3276 mitissimus
2537 3222 2644 3275 hoc
2679 3220 2891 3290 renuit,
2926 3226 2986 3276 et
3019 3219 3366 3277 Riehardum
3420 3237 3597 3278 suum
3628 3223 3684 3278 in
3713 3223 3796 3277 ba-

2159 3309 2393 3366 tismate
2429 3307 2664 3364 ﬁliolum
2700 3308 2960 3364 Ilildradi
2993 3310 3226 3365 comitis
3250 3310 3431 3366 tilium
3457 3309 3795 3367 intronizari

2161 3398 2314 3453 fecit.
2355 3398 2545 3466 [Cum
2582 3399 2723 3452 Ron.
2761 3413 2812 3466 v,
2845 3398 2918 3468 3.)
2954 3399 3032 3453 Eo
3068 3398 3124 3453 in
3169 3401 3460 3470 tempore,
3497 3400 3556 3454 in
3617 3412 3795 3455 mense

2160 3487 2506 3542 Novembrio
2540 3485 2671 3542 luna
2700 3491 2768 3543 28
2803 3487 2949 3542 facta
2981 3492 3068 3542 est
3101 3486 3354 3558 eclypsis
3385 3487 3556 3552 solis,
3597 3493 3654 3544 et
3685 3489 3793 3542 visa

2157 3582 2248 3631 est
2280 3575 2448 3630 stella
2483 3590 2610 3644 quae
2641 3575 2868 3631 Lucifer
2916 3575 3158 3644 dicitur,
3190 3591 3434 3648 vespere
3482 3592 3720 3634 sursum
3743 3581 3788 3630 et

2158 3665 2427 3720 deorsum
2474 3665 2704 3733 agitari,
2758 3665 2924 3735 quasi
2989 3665 3396 3721 comminando
3449 3667 3786 3737 terrigenas.

2159 3752 2234 3822 (ν,
2269 3756 2345 3824 5.)
2379 3753 2532 3807 Tunc
2563 3753 2738 3808 etiam
2772 3752 2826 3807 in
2871 3753 3124 3809 Romana
3176 3754 3316 3810 sede
3367 3754 3608 3824 quidam
3662 3767 3789 3826 puer

2156 3857 2434 3897 annorum
2468 3847 2536 3897 12
2565 3847 2828 3898 statutus
2861 3848 2989 3898 erat
3020 3843 3381 3914 Symoniaee,
3415 3843 3595 3914 cujus
3622 3842 3790 3914 turpi-

2155 3932 2298 3987 tudo
2329 3931 2793 3986 conversationis
2825 3935 2881 3986 et
2913 3932 3048 3987 vita:
3083 3933 3309 3988 horrori
3332 3937 3424 3988 est
3453 3934 3696 3992 referre.
3720 3937 3784 4004 (ν,

2158 4021 2233 4089 4.)
2260 4019 2388 4075 Fuit
2408 4034 2638 4088 quoque
2659 4019 2712 4074 in
2738 4018 2854 4075 illis
2877 4019 3083 4076 diebus
3105 4023 3506 4092 suprataxatis
3523 4026 3683 4082 circa
3705 4040 3789 4081 an-

2158 4122 2290 4162 num
2323 4105 2690 4162 millesimum
2723 4107 3031 4164 Dominicze
3067 4108 3486 4166 incarnationis
3508 4112 3788 4170 dissensio

2161 4195 2403 4250 maxima
2438 4199 2565 4265 post
2601 4201 2845 4250 mortem
2890 4196 3209 4252 Burchardi
3260 4198 3668 4268 Lugdunensis
3712 4216 3790 4256 ar-

2159 4283 2537 4355 chicpiseOpi,
2563 4284 2658 4354 qui
2689 4284 2797 4340 hoc
2829 4284 3013 4340 solum
3051 4286 3188 4341 fecit
3216 4287 3413 4344 nobile
3447 4291 3608 4360 quod
3634 4290 3790 4364 periit

2160 4389 2266 4445 pro
2305 4374 2645 4443 episcopatu
2695 4373 2841 4444 ipso,
2879 4389 3047 4444 quem
3081 4374 3248 4431 multi
3282 4379 3538 4448 superbe
3573 4385 3790 4452 appete-

2162 4464 2319 4520 bant.
2342 4463 2409 4516 Et
2436 4462 2658 4532 primus
2681 4462 2932 4518 omnium
2966 4464 3231 4534 praedicti
3265 4465 3589 4523 Burchardi
3623 4482 3788 4540 nepos

411 4550 666 4622 partitus
709 4556 820 4621 est,
844 4555 900 4606 et
934 4552 988 4606 in
1011 4552 1306 4608 redeundo
1329 4553 1478 4623 apud
1503 4553 1732 4608 Niceam
1755 4553 1918 4608 obiit.
1946 4554 2048 4610 Cui
2077 4551 2132 4612 D
2164 4551 2534 4607 Burchardus
2570 4553 2942 4620 Augustanus
2973 4553 3307 4625 episcopus,
3336 4554 3542 4612 relicta
3570 4565 3788 4629 propria

409 4640 697 4696 successit
731 4640 1056 4697 Willelmus
1088 4642 1141 4696 in
1193 4647 1367 4697 :etate
1415 4641 1641 4712 puerili.
1679 4642 1869 4711 [Cum
1901 4643 2043 4699 Bon.

412 4741 486 4800 IV,
522 4729 599 4800 0.]
635 4731 714 4785 Eo
747 4744 896 4786 anno
931 4733 1222 4786 Joliaunes
1273 4746 1418 4802 papa
1470 4731 1636 4800 obiit,
1671 4736 1730 4785 et
1763 4733 2046 4788 successit

407 4816 780 4888 Benedictus,
813 4818 1109 4874 Benedicti
1142 4822 1198 4874 et
1229 4820 1466 4875 Joannis
1495 4834 1690 4890 nepos.
1725 4818 2048 4876 Willelmus

410 4905 612 4963 fraude
642 4922 881 4963 suorum
917 4907 1258 4962 Normannia
1296 4907 1513 4978 pulsus,
1549 4909 1866 4964 Robertum
1901 4909 2048 4980 (108)

408 4991 760 5049 Francorum
792 4995 1076 5065 expetivit
1106 5009 1322 5065 regem,
1348 4995 1442 5064 qui
1480 4995 1634 5050 bello
1665 5001 1724 5051 ct
1756 5010 1926 5052 manu
1955 5011 2051 5052 va-

409 5076 529 5133 lida
562 5095 934 5154 congressus,
961 5083 1135 5139 victis
1157 5089 1212 5139 et
1248 5085 1562 5155 prostratis
1583 5087 1948 5160 Normannis,
1979 5089 2050 5144 de

413 5167 803 5224 traditoribus
819 5170 1039 5240 judicio
1063 5173 1198 5229 dato
1220 5174 1560 5230 comitatum
1583 5175 1634 5230 ei
1652 5177 1930 5234 restituit.
1950 5179 2048 5250 (IV,

411 5257 490 5328 8.)
521 5255 628 5322 Qui
666 5261 868 5327 postea
903 5259 1254 5332 Mathildem,
1281 5262 1936 5338 Balduini_Flandrensis
1961 5285 2053 5324 so-

2163 4639 2320 4709 sede,
2337 4638 2664 4710 procaciter
2688 4640 3128 4709 Lugdunensem
3151 4643 3422 4713 arripuit,
3439 4649 3501 4699 et
3516 4642 3790 4717 postmul-

2161 4733 2253 4784 tas
2287 4732 2656 4800 perpetratas
2687 4729 2978 4800 nequitias
3009 4735 3220 4801 captus
3246 4745 3276 4786 a
3309 4731 3602 4791 militibus
3631 4735 3788 4806 impe-

2161 4817 2394 4887 ratoris,
2415 4821 2700 4888 perpetuo
2719 4823 2810 4874 est
2827 4819 3289 4890 condempnatus
3301 4821 3501 4878 exilio.
3520 4825 3657 4880 Post
3672 4835 3786 4879 eum

2161 4906 2442 4963 Geialdus
2470 4921 2666 4963 eomes
2697 4906 2875 4964 illium
2908 4923 3075 4964 suum
3109 4909 3416 4981 puerulum
3459 4916 3788 4983 arroganter

2162 4997 2240 5054 ibi
2273 4996 2394 5052 sola
2430 4997 2886 5069 praasumptione
2917 5002 3160 5055 auctore
3186 5001 3520 5072 constituit,
3541 5007 3601 5058 et
3634 5002 3720 5058 hic
3740 5000 3787 5054 in

2163 5087 2351 5156 fugam
2383 5101 2588 5143 versus
2620 5085 2856 5142 delituit
2887 5087 2992 5158 (Ill,
3027 5088 3106 5160 9.)
3139 5089 3399 5158 Regebat
3432 5105 3504 5146 eo
3545 5095 3789 5162 tempore

2161 5190 2404 5245 regnum
2456 5177 2807 5231 Francorum
2860 5176 3186 5248 Heinricus,
3229 5178 3471 5234 Roberti
3534 5179 3686 5249 regis
3729 5190 3790 5232 ex

2162 5264 2504 5322 Constantia
2538 5263 2714 5322 ﬁlius.
2750 5265 2888 5322 Nam
2930 5266 3113 5338 Hugo,
3145 5266 3244 5338 qui
3290 5267 3482 5325 adhuc
3532 5265 3790 5326 decennis

1761 5368 1998 5427 VARIA'I
2039 5369 2438 5431 LECTIONES.

480 5438 550 5473 ³1³
579 5439 984 5510 denegabatur
1014 5457 1062 5500 ο.
1091 5444 1159 5479 ω
1185 5451 1382 5522 major
1397 5453 1648 5524 pagina
1675 5453 1781 5527 90’,
1800 5469 1956 5529 pars
1985 5461 2047 5518 et
2076 5462 2203 5522 tota
2233 5465 2295 5518 91
2331 5455 2527 5518 vacat.
2562 5453 2632 5488 ²¹⁸
2664 5453 2881 5514 addita
2897 5455 3055 5528 Ροετο

1999 5557 2224 5618 ΝΟΤΛΕ.

482 5625 633 5699 (107)
657 5626 957 5686 Bumbech
985 5635 1225 5692 auctore
1255 5635 1402 5694 Vitae
1428 5637 1703 5698 Riehardi
1729 5656 1858 5716 cap.
1892 5648 1978 5702 14.

2237 5646 2388 5721 (108)
2418 5644 2726 5705 Heinricus
2754 5645 2797 5704 Ι.
2831 5658 2884 5704 a.
2917 5646 3048 5702 1031
3082 5675 3148 5688 -—
3183 5644 3322 5703 1060
3347 5643 3635 5720 regnavit.
