3894 6324
115 359 212 428 261

1367 351 1867 429 CHRONICON.
1902 402 1979 414 -
2009 365 2160 433 LIB.
2209 353 2284 434 n.

3377 373 3496 449 26:2

109 505 412 558 coronatus
442 504 560 572 est,
583 497 866 558 inmatura
901 507 1086 559 morte
1116 505 1448 574 prmventus
1478 505 1585 557 est.
1606 501 1737 556 Ter-
1765 502 1820 560 A
1848 517 2202 569 guoueuscm
2235 506 2707 566 archidiaconum
2733 511 3018 583 speciosis
3039 523 3306 574 ornatum
3333 519 3495 577 indu-

109 589 250 647 cium
280 590 598 646 Robertum
633 604 758 646 cum
791 591 1077 648 voluisset
1099 595 1284 646 mater
1312 591 1496 646 facere
1517 605 1732 659 regem,

113 693 208 734 nec
237 678 540 750 potuisset,
575 679 776 735 ducem
811 679 1117 735 constituit
1158 679 1519 748 Durguudim.
1549 680 1623 749 (v,
1655 681 1734 747 2.)

113 767 226 825 Fuit
245 781 467 837 quoque
491 767 782 823 dissensio
809 783 1007 837 magna
1036 768 1186 822 inter
1207 767 1391 839 ipsum
1409 767 1733 822 Heinricum

113 863 165 911 et
198 855 336 912 ﬁlios
366 855 589 912 Odonis
621 857 718 926 qui
751 857 902 928 apud
939 857 1144 912 Barum
1199 857 1364 924 obiit,
1398 856 1734 910 Tethalduin

111 948 163 998 et
193 944 568 1016 Stephanum:
607 945 752 1000 adeo
789 949 846 1001 ut
881 943 1029 1000 idem
1066 961 1188 1014 rex,
1211 945 1406 999 ablato
1430 947 1500 1000 ab
1523 945 1608 999 eis
1642 945 1732 1000 do-

115 1033 268 1090 minio
294 1033 592 1090 Turinicaa
628 1035 810 1103 urbis,
846 1033 1013 1090 daret
1046 1033 1188 1089 illud
1220 1035 1494 1090 Gotl‘redo
1521 1034 1734 1102 Tuditi,

115 1119 216 1176 ﬁlio
243 1118 522 1190 Fulconis,
559 1121 656 1192 qui
691 1136 816 1177 eam
845 1128 976 1178 toto
1009 1138 1158 1178 anno
1189 1123 1418 1177 obsedit
1453 1142 1464 1176 :
1500 1127 1559 1176 et
1592 1122 1696 1176 iuit
1725 1142 1735 1172 l

115 1208 248 1264 bello
265 1210 597 1280 Stephanus
628 1211 864 1279 fugatus
881 1216 994 1279 est,
1019 1212 1355 1266 Tetbaudus
1377 1216 1583 1281 captus
1607 1227 1733 1266 cum

113 1297 219 1353 suis
232 1301 357 1352 ante
373 1298 485 1355 civi
497 1303 678 1355 tatem
695 1299 1002 1368 deductus,
1023 1297 1274 1354 reddidit
1295 1314 1357 1352 ra
1370 1315 1418 1353 m
1433 1299 1733 1368 Gott‘rrdo,

108 1391 159 1441 et
181 1385 231 1440 in
249 1386 515 1458 captione
539 1388 842 1443 remansit.
869 1386 1021 1442 Mille
1043 1387 1395 1458 septingenti
1439 1390 1496 1442 et
1537 1404 1604 1443 eo
1623 1403 1737 1443 am-

111 1474 245 1544 plius
265 1474 368 1531 viri
391 1476 622 1546 absque
650 1475 949 1545 sanguinis
969 1475 1250 1531 emisione
1268 1476 1319 1529 in
1341 1475 1556 1546 praedio
1579 1476 1735 1547 capti

107 1568 241 1619 sunt.
275 1563 348 1634 (ν,
381 1565 458 1636 4.)
491 1567 572 1620 Ea
630 1569 980 1635 tempestate
1030 1566 1256 1634 Ungros
1308 1564 1417 1618 sibi
1471 1565 1738 1620 secundo

107 1650 340 1707 rebelles
368 1667 498 1708 cum
529 1653 776 1708 vicisset
811 1653 1150 1724 imperator,
1183 1668 1254 1707 ex
1287 1652 1440 1707 omni
1494 1652 1736 1724 imperio

103 1755 199 1795 suo
224 1739 527 1812 episcopos
549 1740 899 1812 congregari
922 1740 1078 1810 fecit,
1103 1746 1160 1796 et
1183 1745 1383 1796 contra
1411 1741 1735 1810 Symoniam

1851 592 2061 647 mentis
2092 593 2161 649 ad
2198 596 2635 664 Lugdunensem
2669 600 2984 659 destinavit
3015 605 3230 676 sedem,
3253 610 3309 661 et
3342 609 3492 664 facta

1849 686 1933 734 est
1967 682 2282 751 provincia:
2305 685 2470 757 quies
2491 692 2547 741 et
2571 687 2842 756 gaudium
2867 691 3102 762 populo.
3131 694 3204 764 (v,
3231 697 3309 766 1.)
3334 698 3496 753 Anno

1851 768 1977 839 ipso
2008 775 2168 826 treva
2201 773 2297 827 Dei
2333 774 2576 845 primum
2601 781 2819 833 statuta
2840 784 2929 834 est
2948 783 3003 834 et
3030 780 3275 853 ﬁrmata,
3301 788 3360 839 et
3384 801 3495 855 pax

1850 856 1973 928 ipsa
2011 863 2170 915 treva
2203 861 2299 916 Dei
2334 863 2646 934 appellata.
2683 866 2820 932 Quae
2868 882 2978 923 non
3010 869 3195 926 solum
3231 871 3497 931 humanis

1851 947 2159 1018 praesidiis,
2189 950 2371 1006 sedet
2405 952 2617 1009 divinis
2644 955 2982 1012 conﬁrmata
3016 963 3108 1013 est
3138 962 3490 1019 terroribus.

1850 1035 2026 1099 Quam
2061 1051 2191 1092 cum
2225 1039 2510 1096 noluisset
2544 1043 2804 1114 recipere
2841 1060 2984 1114 gens
3026 1048 3335 1120 Neustria),
3367 1051 3495 1106 viro

1851 1124 1946 1177 Dei
1983 1125 2271 1183 Richardo
2306 1129 2677 1199 praedicante,
2713 1136 2770 1188 et
2814 1137 2873 1188 ut
2925 1150 3048 1190 eam
3101 1137 3490 1210 susciperent,

1850 1213 1982 1281 quia
2013 1214 2284 1271 voluntas
2315 1219 2537 1274 Domini
2571 1226 2718 1290 erat,
2751 1221 2864 1293 (l‘ol.
2886 1224 2976 1294 92)
3000 1230 3059 1280 et
3083 1240 3111 1280 a
3138 1227 3252 1281 Deo
3285 1242 3396 1283 non
3421 1228 3494 1284 ab

1850 1301 2079 1357 homine
2113 1305 2413 1361 decretum
2448 1309 2553 1363 hoc
2585 1317 2972 1381 processerat,
2997 1320 3388 1386 anunonente,
3415 1316 3490 1386 (ν,

1856 1391 1926 1461 1.)
1961 1390 2156 1448 divino
2182 1393 2404 1462 judicio
2433 1397 2585 1468 cepit
2613 1399 2668 1453 in
2689 1413 2792 1454 eos
2815 1400 3078 1457 desevire
3105 1402 3254 1473 ignis
3275 1404 3372 1475 qui
3396 1419 3496 1462 eos

1853 1481 2158 1549 torquebat
2183 1499 2196 1546 ;
2221 1498 2290 1537 eo
2325 1497 2472 1539 anno
2508 1487 2626 1541 fere
2659 1491 2820 1543 totus
2853 1490 3012 1546 orbis
3043 1505 3342 1562 penuriam
3369 1509 3496 1564 pas-

1850 1582 1950 1622 sus
1979 1573 2070 1622 est
2105 1586 2210 1640 pro
2243 1573 2488 1628 raritate
2534 1575 2650 1630 vini
2698 1581 2754 1631 et
2808 1578 3006 1634 tritici.
3044 1580 3298 1651 Sequuta
3343 1587 3430 1638 est
3463 1599 3496 1639 c

1849 1657 2096 1727 vestigio
2130 1661 2454 1720 mortalitas
2486 1664 2778 1722 hominum
2812 1669 3181 1738 praemaxima
3206 1686 3256 1726 a.
3285 1671 3356 1726 ab
3378 1671 3490 1729 inc.

1847 1745 2007 1801 Dom.
2042 1751 2192 1804 1042.
2221 1750 2378 1805 Multi
2403 1755 2595 1808 autem
2617 1769 2815 1811 eorum
2842 1757 2937 1827 qui
2963 1760 3391 1829 torquebantur
3422 1762 3494 1817 ab

103 1843 264 1898 agens
285 1829 359 1884 ita
384 1844 561 1886 orsus
585 1834 676 1885 est
701 1829 848 1901 (νβ)
871 1831 1099 1901 Lugens
1118 1829 1281 1886 vobis
1301 1831 1522 1900 incipio
1545 1829 1730 1902 logui,
1763 1852 1818 1914 Β
1851 1832 1998 1903 igne,
2033 1837 2334 1894 venientes
2374 1839 2443 1894 ad
2491 1841 2674 1898 virum
2707 1844 2828 1912 Dei,
2863 1847 3088 1902 meritis
3121 1847 3248 1917 ejus
3275 1852 3332 1904 et
3367 1864 3496 1922 pre-

102 1917 200 1988 gui
215 1917 335 1974 vice
355 1917 593 1976 Christi
636 1919 703 1974 in
733 1918 862 1988 eius
907 1919 1174 1975 (ecclesia
1214 1918 1523 1974 constituti
1567 1918 1730 1988 estis,

101 2005 389 2076 guamsibi
399 2005 787 2078 desponsavit
793 2007 962 2064 ctsuo
973 2007 1269 2078 sanguine
1279 2007 1739 2064 redemit.Sicut

104 2092 244 2149 enim
259 2093 536 2162 gratuita
558 2093 823 2152 bonitate
841 2095 914 2150 de
931 2095 1073 2152 sinu
1093 2094 1302 2150 Patris
1311 2109 1422 2166 per
1439 2094 1732 2166 virginem

105 2181 176 2237 ad
191 2195 286 2237 nos
301 2181 680 2239 redimendos
699 2184 900 2239 venire
919 2182 1208 2254 dignatus
1226 2184 1330 2253 est,
1346 2183 1437 2239 ita
1448 2184 1578 2240 suis
1585 2198 1732 2253 prte-

105 2269 240 2340 cepit
255 2269 314 2326 et
323 2269 503 2338 dia-it,
526 2269 776 2328 mittens
799 2283 892 2328 eos
911 2289 930 2325 :
954 2271 1164 2330 Gratis
1185 2271 1519 2342 accepistis,
1527 2272 1729 2342 gratis

107 2357 242 2414 date.
277 2358 378 2416 Vos
406 2360 615 2417 autem
643 2359 922 2416 avaricia
971 2359 1030 2415 et
1072 2360 1404 2431 cupiditate
1441 2361 1724 2431 corrupti,

105 2447 200 2516 qui
211 2446 662 2506 benedictionem
673 2434 943 2521 conferre
953 2447 1260 2519 debetis,i;:
1281 2451 1308 2503 .'.-
1321 2463 1392 2506 ac
1402 2450 1730 2521 transgres-

105 2536 251 2593 sione
275 2537 466 2594 dando
493 2537 558 2594 et
583 2537 925 2609 accipiendo
961 2537 1268 2594 maledicti
1305 2537 1466 2595 estis.
1495 2540 1648 2596 Nam
1677 2539 1737 2595 et

103 2625 254 2695 pater
267 2639 442 2696 mm,
459 2626 532 2683 de
551 2628 734 2698 cujus
745 2629 963 2684 anima
969 2628 1233 2698 periculo
1245 2627 1421 2683 valde
1429 2627 1732 2698 pertimes-

105 2727 178 2785 co,
193 2715 422 2773 eandem
443 2715 894 2789 dampnabilem
913 2716 1240 2774 avaritiam
1259 2715 1327 2772 in
1355 2717 1483 2773 vita
1512 2731 1626 2774 sua
1644 2717 1735 2774 ni-

104 2806 207 2860 mis
215 2805 487 2863 exercuit.
505 2805 749 2862 Idcirco
763 2805 1390 2876 guicumguevestrum
1405 2805 1518 2862 hac
1532 2821 1594 2863 se
1613 2819 1737 2862 ma-

108 2891 528 2966 culapollutmn
551 2894 850 2966 agnoscit,
865 2894 1210 2966 oportetuta
1219 2909 1390 2952 sacro
1400 2895 1737 2952 ministerio

109 2983 375 3039 arceatur.
401 2983 663 3056 Propter
691 2983 846 3039 hanc
871 2985 1028 3040 enim
1055 2982 1345 3056 ofensam
1371 2985 1541 3040 venit
1562 2999 1738 3055 super

111 3069 249 3134 ﬁlios
260 3070 561 3129 nominum
558 3071 795 3144 fames,
810 3073 1172 3141 mortalitas,
1191 3073 1250 3130 et
1249 3089 1290 3144 g
1300 3073 1519 3130 (adius.
1532 3077 1740 3131 Omnes

1846 1923 2013 1980 cibus
2029 1926 2388 1984 curabantur
2407 1930 2627 1986 medica
2642 1931 2861 1988 virtute
2875 1935 2994 1988 Dei.
3014 1934 3290 2006 Superest
3306 1936 3494 1994 adhuc

1847 2011 2094 2070 domnus
2127 2015 2414 2072 Eduensis
2437 2019 2750 2090 episcopus
2775 2020 2940 2092 (109),
2966 2022 3052 2076 vir
3082 2023 3216 2080 vita:
3241 2024 3494 2094 longevi-

1846 2105 1965 2157 tate
1995 2104 2342 2176 grandevus,
2367 2107 2463 2178 qui
2495 2113 2554 2163 ct
2584 2109 2804 2164 referre
2831 2109 3044 2167 solitus
3065 2117 3175 2182 est,
3205 2113 3337 2184 quia
3361 2129 3492 2171 cum

1841 2204 1868 2243 a
1903 2196 2106 2248 sancto
2140 2193 2464 2250 Odiloncct
2497 2197 2712 2253 ceteris
2745 2197 2866 2268 ipsa
2901 2215 3009 2270 pax
3033 2199 3250 2256 divinis
3275 2202 3496 2259 revela-

1844 2278 2099 2336 tionibus
2123 2281 2414 2354 instituta,
2445 2292 2607 2340 treva
2630 2287 2730 2340 Dei
2755 2287 3068 2359 appellata,
3085 2295 3146 2344 et
3167 2290 3238 2346 ab
3263 2295 3499 2355 Austra.

1840 2367 1945 2423 siis
1977 2375 2253 2441 suscepta
2289 2373 2516 2444 fuisset,
2548 2379 2603 2429 et
2636 2375 2912 2432 voluntas
2961 2377 3217 2434 omnium
3271 2379 3325 2434 in
3380 2381 3495 2437 hoc

1841 2460 1992 2512 esset
2028 2474 2138 2514 una
2173 2465 2233 2516 ut
2269 2461 2482 2532 ubique
2513 2468 2872 2535 servaretur,
2900 2467 3327 2536 negociumboc
3349 2475 3499 2526 stre-

1844 2545 2261 2634 nuitatihujus
2288 2551 2694 2634 _patris_nostri
2723 2553 2942 2634 gratiae
2977 2555 3072 2610 Dei
3119 2557 3193 2612 ab
3224 2559 3496 2616 omnibus

1845 2626 2180 2696 impositum
2214 2632 2323 2698 est,
2357 2634 2421 2684 ut
2451 2630 2576 2699 ejus
2605 2631 2802 2687 studio
2831 2637 2892 2688 et
2943 2633 3230 2692 industria
3266 2651 3377 2708 pax
3405 2653 3499 2695 ea-

1847 2711 1975 2767 dem
2012 2713 2066 2768 in
2093 2715 2361 2772 Neustria
2387 2723 2746 2788 servaretur,
2767 2734 2836 2775 eo
2857 2722 3008 2790 quod
3031 2724 3178 2778 certi
3197 2730 3399 2781 essent
3423 2725 3495 2782 de

1845 2815 1935 2869 eo,
1972 2802 2126 2871 quod
2165 2806 2322 2859 tanta
2353 2808 2512 2859 esset
2566 2805 2691 2874 ejus
2737 2822 2875 2877 erga
2923 2825 3123 2866 omnes
3153 2817 3214 2866 et
3243 2814 3496 2870 omnium

1847 2905 1984 2958 erga
2017 2905 2147 2946 eum
2179 2893 2388 2961 gratia,
2425 2897 2483 2949 ut
2522 2894 2804 2965 quidquid
2839 2898 3187 2954 servandum
3230 2900 3495 2974 doceret,

1849 2984 2186 3036 servaretur
2217 2995 2246 3036 a
2279 2983 2530 3052 cunctis,
2566 2983 2847 3054 quidquid
2882 2985 3178 3042 vitandum
3212 2994 3503 3046 monstra-

1850 3073 1960 3140 ret,
1988 3069 2042 3124 id
2067 3071 2260 3126 cuncti
2287 3071 2558 3128 vitarent.
2578 3072 2959 3138 Quamobrem
2980 3077 3190 3145 sategit
3218 3082 3384 3150 pater
3405 3095 3503 3136 ve-

110 3161 1540 3237 enimgradusacclesiasticiamaximopontiﬂce
1554 3177 1741 3235 usque
1770 3192 1820 3254 Ο
1851 3157 2150 3228 nerabilis,
2185 3161 2244 3214 ut
2278 3163 2504 3215 tantum
2547 3161 2756 3217 bonum
2789 3167 3096 3231 gratanter
3125 3166 3196 3221 ab
3229 3167 3501 3224 omnibus

110 3247 180 3303 ad
194 3249 501 3306 ostiariaon
525 3250 952 3323 opprimuntur
950 3265 1066 3322 per
1075 3251 1285 3308 vestra
1295 3251 1742 3322 dampnationis

105 3337 408 3408 premium,
425 3339 561 3396 etin
575 3339 817 3396 cunctos
836 3339 1160 3410 spirituale
1165 3341 1490 3411 grassatur
1503 3340 1563 3397 ta
1570 3341 1743 3397 troci-

111 3425 273 3482 nium.
299 3425 379 3482 Ad
413 3426 567 3483 hanc
596 3441 800 3483 vocem
825 3427 1196 3499 imperatoris
1217 3429 1529 3500 stupefacti
1556 3429 1745 3500 ponti-

113 3511 252 3584 ﬁces,
285 3514 714 3572 misericordiae
755 3531 988 3587 operam
1041 3517 1448 3587 implorabant.
1486 3519 1557 3572 At
1591 3517 1744 3588 prin-

111 3616 232 3672 ceps
257 3603 662 3661 misericordia
698 3609 906 3676 motus,
938 3608 994 3660 et
1030 3621 1134 3677 pro
1182 3606 1364 3660 anima
1420 3605 1604 3677 patris
1654 3606 1742 3662 sui

113 3704 262 3746 orare
280 3705 381 3749 eos
404 3707 676 3763 monens,
695 3693 1001 3764 proposuit
1026 3694 1303 3761 edictum,
1323 3698 1383 3749 ut
1403 3693 1596 3750 nullus
1617 3709 1747 3764 gra-

115 3777 208 3834 dus
226 3779 312 3836 vel
335 3781 730 3838 ministerium
755 3781 1238 3838 aecclesiasticum
1261 3783 1457 3854 precio
1481 3782 1747 3853 adquire-

117 3871 288 3934 retur;
310 3873 368 3924 et
391 3869 436 3926 si
463 3869 602 3941 quis
629 3873 1028 3940 attemptaret,
1056 3871 1209 3925 omni
1233 3870 1453 3926 honore
1477 3870 1748 3927 multare-

117 3959 216 4010 tur.
246 3958 431 4029 S'icut,
469 3958 764 4029 inquiens,
797 3960 957 4015 Deus
985 3973 1262 4016 coronam
1289 3959 1526 4030 imperii
1547 3961 1750 4030 gratis

119 4044 245 4104 mili
265 4047 441 4120 dedit,
457 4049 553 4106 ita
577 4061 683 4119 ego
704 4049 866 4119 quod
883 4048 966 4105 ad
981 4048 1334 4118 religionem
1341 4049 1750 4120 pertinetgra-

120 4133 186 4190 tis
197 4136 475 4208 impendo.
505 4136 646 4192 Volo
658 4137 800 4193 utet
814 4151 914 4194 vos
934 4137 1221 4194 similiter
1225 4137 1512 4208 faciatis.
1536 4139 1752 4194 Pueru-

123 4219 201 4278 lus
214 4222 399 4296 itaque
415 4225 514 4296 qui
530 4227 804 4281 Romana:
821 4226 1027 4281 incuba
1039 4226 1132 4280 bat
1149 4224 1437 4296 ecclesiae,
1455 4229 1751 4297 praecepto

124 4309 468 4382 imperatoris
500 4329 531 4369 a
568 4314 711 4370 sede
745 4313 1012 4382 dejectus
1061 4317 1169 4385 est,
1204 4319 1264 4370 et
1310 4315 1627 4384 Gregorius
1659 4315 1748 4385 Vl,

125 4399 330 4456 natione
359 4403 658 4458 Romanus
689 4402 1052 4458 substitutus
1085 4407 1196 4458 est.
1225 4401 1400 4471 Cujus
1431 4403 1576 4459 bona
1603 4404 1748 4459 fama

125 4486 378 4560 quidquid
413 4492 576 4562 prior
613 4490 910 4546 fedavcrat
942 4491 998 4546 in
1039 4491 1246 4548 melius
1279 4491 1640 4547 reformavit.
1673 4492 1750 4563 (ν,

126 4576 310 4644 4.)Ιίἱο
341 4585 610 4636 sanctum
660 4579 960 4635 Odilonem
1011 4580 1329 4637 instituens
1380 4581 1749 4650 Lugdunensi

127 4663 380 4723 :ecclesize
408 4667 674 4724 ordinari
715 4668 1070 4739 pontiﬁcem,
1102 4668 1259 4724 misit
1303 4670 1352 4724 ei
1407 4668 1644 4740 pallium
1695 4673 1756 4724 et

127 4751 356 4810 anulum.
390 4757 502 4812 Sed
539 4755 631 4812 vir
661 4755 975 4825 religiosus
1019 4755 1334 4812 humilitati
1370 4755 1618 4813 studens
1647 4756 1754 4812 hoc

129 4841 318 4912 renuit,
353 4843 595 4915 pallium
628 4847 819 4900 tamen
853 4848 910 4900 et
942 4844 1178 4902 anulum
1213 4846 1476 4916 retinuit,
1515 4860 1757 4902 servans

127 4927 251 4986 illud
285 4933 545 5004 pontiﬁci
577 4934 677 5004 qui
711 4933 919 5004 dignus
949 4939 1106 4991 esset
1136 4953 1150 5002 ;
1187 4935 1338 5006 quod
1373 4949 1555 5005 usque
1587 4935 1758 4991 hodie

129 5015 364 5078 Cluniaci
407 5022 685 5078 habetur.
736 5023 1041 5080 Heinricus
1087 5039 1250 5094 vero,
1289 5027 1528 5095 recepto
1577 5038 1758 5093 regno

128 5108 568 5190 Austrasiorum,
605 5115 900 5182 comperta
934 5113 1296 5170 dissensione
1338 5111 1666 5182 condoluit,
1700 5117 1759 5168 et

131 5196 266 5268 apud
296 5199 640 5271 Bysontium
692 5215 740 5256 a.
791 5202 862 5256 ab
919 5202 1027 5259 inc.
1081 5204 1242 5258 Dom.
1283 5206 1438 5272 1041,
1473 5201 1761 5258 electione

129 5281 258 5341 cleri
285 5293 344 5344 et
375 5289 577 5362 populi
613 5289 898 5347 ﬁrmatum
929 5291 1197 5348 domuum
1251 5290 1586 5348 Odelricum
1635 5291 1763 5347 Lin-

1852 3247 2256 3318 susciperetur
2290 3249 2388 3304 sed
2424 3264 2694 3320 perversa
2733 3253 3108 3322 quorumdam
3135 3254 3421 3326 voluntas,
3441 3263 3502 3314 et

1853 3351 2016 3392 mens
2049 3335 2346 3400 indomita,
2370 3338 2532 3408 quasi
2566 3339 2889 3395 inauditum
2920 3341 3030 3398 hoc
3065 3344 3311 3416 respuit,
3335 3345 3499 3415 quasi

1854 3424 1951 3496 qui
1980 3424 2200 3482 nollent
2230 3425 2499 3482 instituta
2534 3432 2774 3498 paterna
2807 3430 3026 3487 violare
3055 3435 3111 3486 et
3146 3448 3292 3489 nova
3325 3438 3502 3504 atque

1855 3513 2115 3570 inaudita
2149 3515 2469 3586 suscipere.
2507 3515 2669 3572 Unde
2700 3522 2758 3572 et
2790 3519 3151 3590 subsequuta
3185 3525 3276 3577 est
3308 3521 3502 3578 divina

1857 3601 2021 3672 ultio,
2049 3603 2198 3672 ignis
2227 3603 2453 3659 scilicet
2486 3604 2540 3658 iu
2574 3605 2825 3661 rebelles
2853 3610 2913 3661 ct
2945 3612 3321 3665 contumaces
3343 3609 3506 3666 dese-

1858 3691 2022 3747 viens
2055 3705 2086 3746 a
2118 3692 2375 3762 Domino,
2413 3707 2525 3762 quo
2554 3695 2987 3764 torquebantur
3019 3697 3116 3766 qui
3149 3698 3273 3753 viro
3295 3698 3394 3752 Dei
3419 3714 3509 3755 rc-

1857 3779 2070 3836 sistere
2084 3784 2143 3835 et
2160 3780 2426 3836 mandata
2450 3780 2577 3849 ejus
2601 3787 2972 3838 contemnere
2999 3800 3106 3838 non
3130 3786 3501 3842 verebantur.

1858 3868 2101 3924 Videres
2137 3869 2547 3924 monasterium
2579 3869 2774 3924 eximii
2809 3871 2995 3940 patris
3028 3872 3355 3928 ardentium
3390 3879 3508 3928 tur-

1861 3957 1951 4012 bis
1985 3957 2286 4024 refertum,
2318 3971 2465 4025 quos
2500 3957 2620 4027 ipse
2669 3964 3002 4013 sanctorum
3051 3959 3314 4030 reliquiis
3357 3976 3506 4032 aqua

1861 4045 2168 4102 benedicta
2204 4045 2486 4116 reSpersis
2515 4050 2574 4100 et
2607 4046 2738 4101 vino
2771 4045 2930 4117 lotis,
2951 4053 3011 4104 et
3043 4047 3282 4120 pulvere
3307 4049 3404 4120 qui
3435 4051 3507 4106 de

1863 4139 2026 4206 petra
2061 4133 2353 4205 sepulchri
2390 4133 2611 4188 Domini
2663 4135 2984 4192 radebatur
3036 4135 3168 4192 vino
3219 4137 3344 4209 ipso
3375 4153 3512 4194 con-

1863 4237 2083 4294 sperso,
2120 4227 2175 4277 et
2210 4221 2280 4278 ad
2311 4223 2628 4293 potandum
2664 4223 2892 4279 miseris
2922 4225 3078 4292 dato,
3107 4240 3246 4296 pace
3280 4226 3506 4284 ﬁrmata

1862 4316 1918 4368 et
1938 4311 2154 4382 jurata,
2183 4311 2444 4383 pristina)
2467 4313 2702 4368 sanitati
2730 4312 3030 4370 reddebat.
3058 4316 3168 4370 Pro
3187 4315 3514 4373 innumeris

1865 4405 2056 4456 autem
2082 4401 2274 4456 turbis
2294 4401 2707 4458 conﬂuentium
2732 4401 3091 4460 inﬁrmorum
3115 4419 3216 4460 vas
3242 4405 3403 4476 potui
3429 4403 3514 4459 illi

1781 4541 1836 4604 Β
1865 4495 2135 4562 paratum
2157 4494 2304 4560 erat,
2332 4494 2394 4546 ut
2423 4489 2470 4546 si
2494 4490 2834 4548 advenirent
2867 4493 3075 4562 egroti,
3103 4498 3274 4563 potus
3306 4493 3518 4549 salutis

1868 4593 1977 4604 nn“
2014 4577 2238 4604 ι-Ιηηηηηδ
2304 4593 2370 4604 ..Α
2424 4579 2764 4604 ΡΑΙΙΑ..Α..ι.-..
2812 4579 2858 4604 ηε
2909 4581 3041 4604 LA..-
3100 4581 3511 4604 ζη,ιΑ.υ....ΑιΛ..ιξ

1867 4593 1978 4634 non
2013 4577 2268 4648 deesset,
2304 4593 2371 4634 ne
2424 4579 2764 4636 fallerentur
2812 4579 2858 4633 si
2907 4581 3043 4636 hora
3099 4581 3514 4651 incompetenti

1866 4667 2208 4733 venissent;
2242 4682 2385 4723 neve
2415 4671 2556 4723 tunc
2603 4669 2749 4724 foret
2802 4668 3125 4724 necessitas
3175 4670 3514 4724 recurrendi

1869 4756 1940 4812 ad
1965 4755 2322 4812 ablutionem
2349 4754 2749 4826 reliquiarum,
2775 4757 2929 4825 quod
2961 4759 3091 4826 post
3122 4755 3515 4826 expletioncm

1871 4844 2062 4900 missae
2095 4843 2319 4915 impleri
2357 4858 2480 4898 mos
2512 4847 2658 4899 erat.

1945 4933 2137 5004 [ϐιΑΒ.
2185 4933 2336 4988 Ron-
2362 4948 2414 5002 v,
2451 4932 2525 5002 1.]
2561 4933 2723 4986 Anno
2757 4931 2936 5001 igitur
2978 4931 3050 4986 ab
3099 4931 3316 4988 incarn.
3353 4933 3512 4990 Dom.

1871 5025 2030 5092 1045,
2078 5021 2382 5076 Heinricus
2431 5019 2888 5082 duxit,uxorem
2938 5018 3165 5076 nomine
3214 5023 3516 5092 Agnetem,

1873 5111 2048 5166 ﬁliam
2079 5109 2349 5165 Willelmi
2398 5108 2782 5178 Pictavensis,
2819 5107 2970 5180 apud
3003 5108 3386 5179 Bysontium;
3422 5109 3519 5166 ubi

1873 5200 2164 5256 affuerunt
2193 5198 2454 5270 episcopi
2491 5201 2576 5254 28.
2614 5199 2752 5254 Cum
2783 5195 2932 5252 enim
2962 5203 3124 5252 esset
3156 5197 3300 5254 alias
3335 5198 3522 5254 bonus
3574 5207 3581 5218 '

1874 5292 1931 5344 et
1963 5302 2163 5346 omnes
2205 5285 2332 5356 ejus
2361 5287 2589 5343 sitirent
2624 5285 2960 5354 dominium,
2983 5286 3177 5342 carnis
3219 5290 3408 5342 tamen
3442 5285 3525 5342 ina

1705 5487 1928 5546 NOTE.

199 5671 338 5743 (109)
368 5669 609 5744 ﬂagano
639 5666 780 5726 obiit
809 5685 840 5728 a
868 5673 1022 5729 1098.
1057 5671 1186 5732 Jun.
1217 5673 1306 5731 ΞΥ.
1339 5666 1420 5730 v.i
1448 5667 1596 5730 nl‘ra.
