3894 6346
359 354 478 416 263

1319 341 1690 405 HUGONIS
1732 331 2082 400 ABBATIS
2124 329 2808 392 FLAVINIACENSIS

3671 331 3789 392 264

359 481 776 544 continentiam
812 481 1038 536 frenare
1068 491 1180 534 non
1230 476 1442 550 potuit.
1478 477 1653 531 Pater
1682 469 2009 528 Richardus
2037 478 2094 539 Α
2122 462 2541 520 ctimonialium
2569 467 2792 530 coetus;
2817 467 2876 519 et
2908 461 3246 520 visitatione
3277 460 3567 534 solempni
3588 467 3790 520 osten-

361 580 502 632 tune
531 570 812 642 temporis
847 567 1262 623 monasterium
1307 564 1540 621 nolebat
1594 563 1946 632 relinquere,
1979 573 2010 614 a

363 677 476 734 quo
495 676 597 732 pro
619 657 796 714 nullis
818 655 1226 727 ingruentibus
1249 653 1444 710 causis
1468 651 1799 724 patiebatur
1818 645 2009 715 avelli,

363 750 497 822 quia
529 747 753 804 sciebat
783 749 840 801 et
867 743 1221 816 prmdixerat
1247 741 1384 797 filiis
1409 739 1686 794 inminere
1711 734 2015 793 resolutio-

365 854 490 896 nem
523 836 610 893 sui
643 833 931 906 corporis.
967 831 1191 888 Etenim
1223 829 1628 902 superioribus
1645 825 1814 882 annis
1837 837 2017 895 quan-

365 928 438 983 do
470 926 596 983 lues
615 923 746 994 -illa,
772 922 842 978 de
876 937 987 994 qua
1016 918 1542 992 impraesentiarum
1569 915 1917 972 mentionem
1941 912 2018 967 fe-

365 1017 569 1085 cimus,
598 1012 872 1085 populum
897 1009 1176 1079 vastavit,
1201 1024 1330 1064 cum
1357 1006 1718 1062 dilaberetur
1743 1000 2012 1076 pepulus,

365 1103 644 1160 etcivitas
663 1098 1050 1156 Virdunensis
1075 1111 1224 1170 pene
1241 1095 1612 1166 redigeretur
1627 1093 1681 1148 in
1697 1091 2014 1159 heremum,

367 1204 668 1248 commune
692 1187 1021 1260 periculum
1043 1184 1334 1243 communi
1359 1182 1624 1240 oratione
1647 1179 1766 1237 tolli
1789 1175 2018 1235 consul-

365 1285 488 1336 tum
517 1281 624 1334 est.
662 1277 840 1348 Cujus
871 1273 1253 1332 necessitatis
1287 1275 1528 1342 urgente
1577 1268 1830 1339 miseria,
1865 1279 2019 1322 com-

368 1367 522 1424 muni
557 1370 693 1422 voto
724 1364 1112 1420 deliberatum
1145 1365 1235 1419 est
1270 1360 1424 1417 beati
1474 1358 1667 1415 Vitoni
1709 1355 2020 1427 imploran~

371 1455 506 1511 dum
537 1468 673 1510 esse
703 1452 1060 1525 praesidium,
1092 1450 1259 1520 cujus
1287 1463 1348 1504 se
1381 1445 1749 1503 confidebant
1795 1441 2020 1498 meritis

368 1542 506 1599 vitae
564 1540 767 1612 procul
817 1539 993 1596 dubio
1048 1541 1392 1609 captaturos
1449 1532 1785 1590 remedium.
1821 1528 2018 1585 Visum

371 1631 548 1687 etiam
571 1633 662 1685 est
683 1627 974 1684 Richardo
997 1626 1294 1698 episcopo,
1313 1622 1496 1696 ipsius
1523 1619 1880 1678 confessoris
1896 1631 2023 1673 eor-

373 1733 482 1792 pus
504 1716 940 1773 sanctissimum
963 1711 1172 1785 exponi
1197 1712 1410 1768 debere
1433 1711 1504 1767 de
1536 1710 1774 1779 feretro,
1800 1710 1862 1763 ut
1892 1720 2022 1778 pro-

374 1807 644 1864 cessione
667 1802 952 1876 solempni
985 1806 1252 1858 evectum
1287 1802 1748 1872 praesentaretur
1779 1807 2022 1865 conspe-
2049 1829 2104 1890 B

371 1897 567 1954 ctibus
587 1894 862 1963 omnium,
882 1897 940 1948 ut
959 1891 1128 1964 plebs
1151 1889 1334 1962 ipsius
1361 1889 1502 1946 fulta
1527 1884 1870 1960 patronicio,
1887 1884 2020 1940 dum

375 1983 563 2041 sancti
597 1981 822 2039 videret
855 1979 1131 2050 loculum,
1167 1978 1293 2049 ejus
1341 1975 1690 2050 propensius
1719 1975 2021 2044 expeteret

375 2069 718 2138 subsidium,
747 2066 903 2138 quod
933 2068 1176 2124 noverat
1211 2065 1325 2120 sibi
1356 2079 1469 2120 non
1499 2061 1854 2118 defuturum.
1883 2062 2026 2115 Con-

376 2159 702 2214 tradicente
737 2157 933 2226 itaque
961 2155 1089 2211 viro
1111 2151 1586 2209 reverentissimo
1613 2151 1776 2220 patre
1801 2151 2020 2216 nostro,

376 2245 587 2320 pratsul
615 2244 771 2315 quod
795 2239 1295 2299 deliberaveratin
1311 2239 1629 2295 crastinum
1652 2235 1879 2308 impleri
1899 2235 2028 2290 des-

374 2333 580 2390 tinavit
615 2353 628 2387 :
665 2331 992 2388 obsistente
1020 2344 1090 2384 eo
1123 2332 1182 2384 et
1214 2327 1445 2383 dicente
1469 2325 1771 2382 levandam
1796 2323 2026 2394 quidem

379 2421 670 2477 miseriam
721 2417 942 2490 populi,
986 2416 1088 2472 sed
1134 2415 1414 2488 episcopo
1460 2429 1574 2470 non
1626 2427 1924 2469 cessurum
1973 2410 2028 2465 in

379 2521 752 2581 prosperum,
775 2504 872 2574 qui
903 2518 1082 2561 ausus
1116 2503 1320 2560 fuisset
1347 2501 1673 2574 inquietare
1697 2499 1884 2557 sancti
1905 2513 2032 2555 cor-

386 2611 496 2670 pus
528 2593 933 2650 bonoriflcum.
958 2593 1194 2648 Noctem
1218 2590 1373 2646 illam
1405 2593 1571 2662 pater
1602 2589 1898 2646 insonnem
1931 2587 2033 2644 du-

384 2685 490 2754 xit,
527 2687 662 2738 ante
695 2680 880 2738 altare
913 2680 1096 2736 sancti
1131 2679 1497 2736 orationibus
1546 2692 1759 2735 vacans
1798 2692 1926 2733 cum
1961 2674 2035 2730 la-

379 2770 594 2828 crimis.
622 2770 684 2825 In
717 2767 1040 2825 crastinum
1068 2767 1228 2824 venit
1250 2767 1580 2838 episcopus,
1607 2764 1804 2822 clerus
1820 2763 2029 2834 omnis,

381 2863 438 2916 et
472 2857 744 2931 populus,
779 2859 836 2912 et
871 2871 999 2912 cum
1027 2854 1210 2912 multo
1232 2855 1444 2911 timore
1467 2855 1524 2910 et
1548 2853 1878 2910 reverentia
1904 2867 2034 2909 san-

378 2948 455 3004 cti
473 2945 762 3020 pontificis
791 2949 1090 3017 exponunt
1122 2942 1420 3014 reliquias,
1444 2955 1623 3014 super
1655 2956 1858 2998 aurum
1875 2939 2032 2996 obri-

382 3051 510 3092 zum
564 3033 886 3108 preeiosas.
923 3031 1086 3099 Quod
1136 3032 1234 3088 ubi
1284 3031 1500 3088 factum
1549 3033 1660 3100 est,
1697 3028 2031 3101 pontiﬁcem

384 3131 551 3197 pater
575 3122 758 3179 adivit
783 3141 796 3176 :
821 3120 1095 3192 Inplesti,
1122 3119 1414 3190 inquiens,
1449 3119 1608 3190 quod
1633 3117 1901 3187 voluisti,
1933 3116 2036 3174 sed

383 3214 623 3270 noveris
647 3212 700 3268 te
726 3211 1003 3282 quintum
1023 3208 1244 3266 abhinc
1263 3222 1487 3265 annum
1513 3206 1581 3263 in
1605 3205 2036 3264 saculononei-

381 3315 608 3358 sumam.
633 3297 827 3355 Miclu'
856 3310 1090 3369 quoque
1109 3297 1218 3368 qui
1239 3297 1490 3365 assensi,
1515 3296 1654 3352 ante
1673 3295 1948 3368 quintum
1961 3295 2040 3353 si-

381 3388 616 3446 militer
636 3399 861 3442 annum
885 3383 1172 3442 terminus
1193 3383 1313 3442 erit
1328 3383 1485 3454 vita,
1513 3384 1566 3440 te
1581 3384 1725 3457 post
1744 3383 2039 3442 modicum

388 3473 798 3546 subsequente.
838 3472 1096 3542 Dixerat,
1128 3475 1188 3528 et
1234 3470 1452 3528 dictum
1475 3471 1559 3528 rei
1581 3471 1850 3544 probavit
1871 3485 2040 3528 even-

388 3567 506 3620 tus.
525 3557 746 3628 Quarto
759 3560 910 3618 enim
926 3559 1170 3618 necdum
1184 3563 1390 3618 exacto
1411 3575 1579 3632 anno,
1595 3560 1822 3617 viribus
1837 3575 2040 3632 corpo-

387 3651 472 3708 ris
491 3649 650 3722 cepit
675 3653 842 3721 pater
865 3649 1206 3721 destitui,et
1227 3648 1566 3706 convocatis
1589 3648 1874 3706 fratribus
1897 3647 2041 3706 indi-

385 3738 538 3796 cavit
587 3737 888 3794 imminere
921 3737 1072 3794 diem
1106 3753 1224 3796 suae
1253 3736 1656 3796 resolutionis.
1682 3739 1810 3794 Mox
1843 3737 2040 3808 itaque

388 3827 640 3884 abbatiae
673 3826 859 3883 sancti
892 3825 1052 3882 Petri
1087 3825 1528 3884 Catalaunensis
1558 3825 1911 3899 Odylardum
1945 3827 2042 3883 ab-

386 3915 580 3972 batem
617 3914 894 3988 instituit,
930 3915 1093 3972 Bello
1124 3915 1274 3973 Loco
1304 3920 1530 3988 patrem
1560 3914 1912 3972 Richardum
1945 3915 2043 3971 de-

387 4003 550 4076 legit,
586 4004 854 4062 coenobio
883 4005 1071 4061 sancti
1123 4003 1370 4062 Huberti
1418 4003 1816 4076 Teodericum,
1850 4001 2038 4060 sancti

384 4091 602 4150 Urbani
637 4092 1014 4164 Stephanum,
1047 4092 1208 4150 viros
1249 4091 1304 4148 in
1355 4093 1508 4148 omni
1559 4093 1785 4149 theoria
1830 4092 2040 4164 proba-

385 4181 667 4252 tissimos,
700 4181 756 4236 in
789 4179 1078 4236 servando
1110 4179 1414 4250 religionis
1444 4181 1750 4253 proposito
1781 4179 2040 4237 clarissi-

387 4283 534 4325 mos.
562 4269 677 4324 Has
697 4268 850 4324 enim
872 4267 1144 4324 abbatias
1164 4267 1291 4340 ipse
1314 4280 1419 4340 per
1447 4281 1511 4324 se
1539 4269 1798 4340 regebat.
1825 4270 2042 4325 Exone-

390 4363 557 4412 ratus
587 4371 729 4426 ergo
758 4357 831 4412 ab
863 4356 1153 4428 omnibus,
1187 4355 1345 4413 illam
1379 4357 1490 4414 sibi
1523 4361 1749 4414 tantum
1781 4357 2040 4414 retinere

391 4443 640 4515 censuit,
661 4444 754 4502 cui
785 4448 990 4517 pastor
1019 4445 1192 4502 datus
1221 4445 1431 4518 fuerat,
1457 4445 1514 4502 in
1536 4461 1644 4519 qua
1669 4447 1845 4504 etiam
1863 4459 1928 4503 se
1951 4460 2042 4504 se-

2123 555 2339 611 debant
2359 569 2496 625 erga
2523 558 2746 627 patrem
2767 553 3139 610 devotionem
3165 551 3784 624 piaeafl‘ectionis.Nec

2125 643 2392 700 rediitad
2423 643 2656 700 domum
2688 643 3025 715 episcopus,
3062 641 3199 713 quin
3234 641 3412 698 immo
3455 641 3784 699 cotidianis

2123 732 2386 789 excubiis
2415 731 2704 790 adherens
2735 733 2810 804 ei,
2845 748 2954 788 non
3006 731 3120 803 die,
3157 745 3267 788 non
3321 735 3494 788 nocte
3551 733 3633 788 ab
3693 731 3790 787 illo

2127 821 2458 892 patiebatur
2479 821 2671 878 avelli.
2701 821 3075 878 Advenerunt
3107 823 3164 876 et
3195 820 3520 876 vicinarum
3547 819 3786 876 urbium

2123 909 2408 982 episc0pi,
2441 911 2704 982 abbates,
2739 913 2799 966 et
2831 909 3047 981 quique
3079 913 3397 980 magnates,
3434 907 3508 964 ad
3545 908 3788 965 visitan-

2125 997 2260 1054 dum
2289 1012 2420 1054 eum
2452 1002 2513 1054 et
2542 997 3032 1055 commendandos
3063 1011 3126 1054 se
3154 997 3248 1064 ei;
3283 997 3500 1068 quibus
3550 995 3789 1054 videba-

2127 1089 2242 1158 tur,
2271 1087 2424 1158 quod
2449 1087 2505 1143 in
2529 1087 2693 1144 obitu
2715 1086 2842 1158 ejus
2865 1085 3106 1143 omnino
3123 1089 3284 1142 terra
3307 1090 3788 1142 commoveretur

2127 1178 2187 1230 et
2199 1190 2305 1231 con
2316 1175 2578 1232 turbaret
2589 1191 2675 1232 ur.
2693 1176 3034 1234 Excubabat
3049 1174 3258 1232 diebus
3271 1189 3337 1231 ac
3351 1174 3642 1231 noctibus
3660 1177 3789 1229 ante

2129 1263 2361 1321 domum
2394 1263 2521 1335 ejus
2553 1264 2727 1322 turba
2757 1263 3009 1321 ﬁliorum
3038 1267 3098 1320 et
3129 1266 3465 1321 ceterorum
3501 1260 3787 1333 fidelium,

2129 1351 2226 1408 alii
2249 1353 2404 1425 patri
2426 1353 2494 1410 ad
2521 1352 2762 1410 meliora
2789 1351 3084 1410 festinanti
3109 1351 3440 1410 valedicere
3463 1355 3527 1407 et
3552 1365 3622 1407 se
3644 1365 3792 1407 com-

2131 1440 2405 1496 mendare
2463 1440 2764 1513 volebant,
2815 1440 2910 1497 alii
2969 1440 3258 1497 sanitates
3313 1453 3642 1512 corporum
3700 1453 3790 1494 ex-

2130 1530 2430 1600 petebant,
2457 1533 2518 1586 ut
2545 1529 2739 1585 saltim
2773 1544 2980 1600 aquam
2999 1527 3331 1622 .ablutionis
3359 1542 3645 1584 manuum
3669 1527 3790 1598 ejus

2132 1621 2522 1685 mererentur,
2558 1633 2668 1690 qua
2703 1617 2927 1675 inuncti
2977 1615 3472 1674 r'efocillarentur.
3507 1615 3623 1672 Ubi
3655 1629 3786 1685 ergo

2133 1705 2318 1762 sensit
2352 1705 2649 1764 imminere
2677 1707 2876 1764 horam
2909 1706 3232 1763 vocationis
3272 1721 3412 1776 suae,
3449 1703 3612 1762 ﬁlios
3652 1718 3786 1776 quos

2133 1792 2366 1850 Christo
2395 1793 2759 1865 adquisierat
2775 1793 3296 1866 convenirejussit,
3317 1798 3378 1850 et
3408 1792 3698 1850 inunctus
3724 1793 3786 1847 ab

2133 1881 2410 1953 episcopo
2438 1882 2569 1940 oleo
2601 1887 2826 1954 sancto,
2851 1883 3222 1941 confessione
3257 1881 3416 1951 data,
3434 1880 3669 1938 viatico
3691 1894 3786 1937 cte-

2133 1969 2269 2026 lesti
2296 1975 2525 2044 pastus,
2542 1971 2852 2045 expositus
2868 1975 2958 2028 est
2980 1970 3221 2042 lectulo,
3235 1969 3494 2041 etjacuit
3519 1969 3582 2024 in
3601 1969 3786 2026 cinere

2134 2063 2195 2114 et
2221 2059 2443 2131 cilicio,
2467 2061 2544 2116 ita
2581 2065 2641 2117 ut
2671 2060 2856 2118 altare
2885 2050 3364 2116 sancti‘Nicholai
3395 2058 3533 2129 ejus
3567 2071 3786 2128 semper

2135 2153 2445 2219 appareret
2480 2149 2843 2222 conspectui.
2871 2147 3006 2204 Inde
3039 2149 3250 2205 fratres
3273 2146 3646 2218 alloquutus,
3668 2160 3789 2202 con-

2139 2242 2306 2294 sueta
2337 2237 2546 2295 salutis
2569 2238 2914 2295 documenta
2938 2237 3254 2310 replicans,
3273 2238 3392 2293 Deo
3414 2241 3482 2292 ut
3501 2235 3783 2292 servirent

2139 2329 2199 2382 et
2229 2326 2580 2382 adherercnt
2611 2327 2950 2396 ammonuit,
2985 2325 3194 2397 suique
3228 2329 3292 2381 ut
3322 2326 3786 2380 memorarentur

2142 2413 2400 2486 piissima
2443 2415 2753 2471 devotione
2799 2414 3030 2486 petivit,
3063 2413 3336 2471 omnibus
3385 2413 3444 2468 in
3488 2425 3785 2469 commune

2142 2501 2420 2559 flentibus
2463 2508 2522 2559 et
2566 2517 2730 2560 suam
2777 2501 3221 2560 destitutionem
3273 2499 3784 2572 ingeminantibus,

2143 2605 2272 2648 cum
2299 2589 2420 2663 ipse
2441 2606 2694 2648 omnium
2717 2590 3020 2648 cohiberet
3051 2588 3346 2660 lacrimas,
3371 2589 3678 2646 solaretur
3698 2587 3786 2643 do-

2143 2677 2348 2751 lorem,
2367 2685 2423 2736 et
2447 2679 2658 2737 Christi
2683 2678 2900 2735 domini
2925 2679 3298 2751 promitteret
3323 2677 3647 2736 affuturam
3673 2690 3786 2748 pro-

2145 2768 2481 2824 tectionem.
2497 2771 2638 2825 Post
2653 2767 2760 2824 hec
2780 2767 3056 2838 reliquias
3078 2783 3224 2839 quas
3243 2765 3781 2824 Jherosolimitanus

2145 2856 2475 2928 patriarcha
2507 2857 2559 2913 ei
2592 2855 2837 2914 dederat
2867 2855 2979 2912 sibi
3003 2855 3196 2912 afferri
3222 2855 3626 2929 praecepit;et
3651 2853 3783 2910 salu-

2143 2945 2288 3002 tatis
2319 2945 2404 3001 eis
2436 2948 2612 3017 atque
2643 2943 3002 3002 deosculatis
3031 2960 3160 3002 cum
3210 2943 3391 3002 multa
3441 2941 3779 3009 reverentia,

2143 3047 2242 3089 eas
2269 3047 2414 3104 quas
2441 3033 2594 3090 collo
2627 3033 2778 3090 ferre
2809 3037 3198 3090 consueverat
3228 3031 3532 3104 exposuit,
3568 3037 3628 3088 et
3668 3033 3782 3086 ante

2145 3136 2205 3176 se
2237 3126 2580 3178 reverenter
2602 3121 2730 3179 sisti
2756 3121 3056 3194 praecepit.
3080 3121 3222 3178 Hinc
3243 3135 3561 3178 commune
3579 3123 3784 3177 sancto-

2145 3225 2272 3267 rum
2304 3210 2693 3283 patrocinium
2726 3210 3062 3284 implorans,
3095 3209 3248 3266 elata
3293 3223 3465 3266 manu
3523 3207 3784 3264 fratribus

2145 3303 2204 3354 et
2235 3299 2503 3356 omnibus
2534 3299 2630 3370 qui
2663 3298 2908 3356 aderant
2937 3298 3259 3370 benedixit,
3293 3303 3350 3354 et
3381 3296 3495 3354 sibi
3532 3293 3780 3354 benedici

2147 3388 2338 3460 petiit.
2403 3387 2612 3460 Sicque
2663 3387 2798 3445 data
2857 3386 2993 3445 filiis
3048 3385 3286 3443 licentia
3345 3385 3630 3457 exeundi,
3680 3384 3784 3455 ipse

2146 3475 2334 3533 oculis
2387 3481 2446 3533 et
2501 3475 2768 3534 manibus
2838 3475 2892 3532 in
2964 3476 3178 3532 coelum
3251 3474 3558 3546 porrectis
3615 3479 3672 3530 et
3720 3471 3785 3526 in-

2147 3563 2428 3620 tendebat
2485 3579 2554 3621 ac
2609 3579 2779 3636 quem
2839 3563 3174 3621 festinabat.
3237 3563 3618 3633 Legebantur
3670 3563 3782 3615 ante

2149 3668 2279 3710 eum
2337 3652 2648 3725 passiones
2704 3651 3037 3723 Dominicae,
3101 3650 3388 3709 lectiones
3449 3664 3682 3724 quoque
3729 3660 3784 3702 ex

2151 3744 2361 3813 quarto
2419 3739 2780 3811 dialogorum
2838 3738 3030 3806 libro;
3091 3743 3148 3796 et
3207 3737 3347 3795 felix
3405 3739 3542 3810 ejus
3620 3737 3782 3796 anima

2150 3829 2236 3886 illi
2295 3828 2406 3886 soli
2465 3829 2806 3900 adherebat,
2865 3827 2960 3885 cui
3017 3841 3082 3886 se
3147 3831 3338 3885 totum
3409 3827 3780 3885 commiserat.

2149 3917 2258 3974 Ubi
2317 3931 2460 3974 vero
2518 3915 2676 3989 cepit
2729 3917 2848 3988 jam
2907 3915 2979 3972 ab
3041 3915 3304 3972 inferiori
3365 3920 3538 3988 parte
3592 3925 3782 3986 corpus

2149 4005 2331 4062 emori
2362 4005 2568 4078 (1046),
2590 4009 2922 4062 sanctorum
2956 4002 3235 4076 reliquias
3265 4003 3709 4076 apprehendens
3733 3999 3779 4054 in

2150 4091 2370 4151 lectulo
2399 4093 2572 4165 sedit,
2599 4097 2658 4150 et
2693 4093 2764 4150 ad
2795 4091 2976 4164 pedes
3005 4107 3106 4150 eas
3139 4107 3383 4165 ponens,
3409 4097 3594 4164 atque
3620 4090 3695 4148 uti
3716 4086 3780 4145 vi-

2149 4182 2287 4240 talis
2315 4181 2838 4255 calorzdeficiebat,
2861 4180 3141 4254 paulatim
3164 4196 3262 4239 eas
3284 4181 3657 4255 protrahens,
3680 4183 3780 4236 tan-

2151 4271 2278 4328 dem
2303 4270 2359 4328 in
2381 4274 2620 4343 pectore
2643 4269 2931 4341 substitit,
2947 4273 3003 4327 et
3025 4269 3302 4343 reliquias
3324 4270 3542 4328 ibidem
3567 4284 3688 4327 cum
3710 4280 3779 4321 re-

2149 4359 2450 4430 clinasset,
2467 4359 2758 4433 deposuit.
2783 4358 2827 4414 Ο
2851 4357 3245 4416 admirandam
3269 4359 3382 4417 viri
3402 4355 3773 4418 devotionem!

2152 4447 2198 4504 Ο
2232 4446 2643 4520 predicandam
2672 4446 2800 4518 ejus
2831 4445 2886 4501 in
2918 4445 3188 4504 omnibus
3220 4447 3595 4505 sanctitatem
3625 4447 3638 4502 !
3663 4445 3776 4500 Cum

389 4532 560 4606 peliri
595 4531 1012 4591 destinaverat.
1049 4533 1189 4605 (Fol.
1221 4533 1352 4608 92’.)
1384 4536 1452 4592 Et
1478 4534 1597 4606 jam
1645 4535 1704 4591 in
1753 4535 2042 4592 mandatis
2068 4526 2124 4590 D
2153 4549 2294 4606 ergo
2324 4535 2695 4609 reclinasset,
2723 4550 2927 4594 manus
2977 4533 3243 4606 reliquiis
3289 4537 3588 4608 apposuit,
3619 4539 3672 4590 et
3706 4528 3775 4585 sic

393 4621 618 4679 Domini
641 4621 916 4680 assiduus
936 4621 1136 4695 potius
1159 4637 1330 4695 quam
1355 4623 1652 4696 frequens,
1679 4623 1771 4679 die
1795 4624 2042 4695 quadam

393 4725 523 4768 cum
553 4711 798 4769 vidisset
834 4726 1009 4769 unum
1042 4711 1114 4768 de
1144 4711 1426 4768 fratribus
1456 4711 1796 4768 monasterii
1820 4711 1913 4769 cui
1946 4727 2044 4770 no-

394 4813 522 4856 men
555 4799 745 4873 Mysae
771 4799 1033 4870 graviter
1073 4804 1308 4856 estuare
1360 4799 1644 4872 febribus,
1678 4805 1740 4857 ut
1767 4800 1928 4872 quasi
1961 4800 2044 4858 in-

392 4888 602 4962 tercipi
623 4887 928 4947 videretur
949 4887 1199 4961 spiritus
1219 4887 1369 4958 ejus,
1393 4903 1623 4944 manum
1647 4887 1806 4946 illius
1831 4889 2040 4964 tenuit,

391 4980 452 5033 et
481 4981 547 5034 ut
574 4977 922 5036 nunciandaa
951 4977 1111 5035 horae
1141 4975 1342 5050 cperis
1372 4977 1471 5032 Dei
1505 4977 1729 5046 signum
1764 4977 1931 5034 daret
1955 4993 2044 5036 sa-

391 5079 502 5122 nus
526 5066 716 5124 factus
745 5071 802 5124 et
837 5066 1168 5136 incolumis,
1202 5064 1506 5138 praecepit.
1538 5065 1641 5122 Ille
1689 5065 1746 5122 in
1778 5081 1918 5124 voce
1954 5069 2044 5140 ju-

393 5150 588 5210 bentis
617 5153 805 5211 factus
835 5169 1010 5212 sanus
1043 5153 1329 5212 oboedivit
1364 5153 1551 5226 patris
1583 5153 1846 5226 imperio,
1873 5159 1932 5211 et
1958 5155 2042 5213 sic

393 5240 547 5300 omni
579 5242 932 5312 egritudinis
955 5243 1142 5300 caruit
1163 5241 1550 5300 incommodo.
1576 5243 1680 5300 Hic
1701 5243 1916 5314 itaque,
1943 5243 2042 5315 qui

394 5328 578 5386 tantis
600 5329 934 5386 abundabat
955 5331 1295 5402 virtutibus,
1322 5330 1658 5388 imminente
1681 5331 1772 5387 die
1793 5331 2044 5388 vocatio-

394 5418 484 5475 nis
513 5416 644 5487 ejus
675 5417 956 5474 decubuit
988 5418 1268 5491 febribus,
1293 5424 1353 5476 et
1380 5417 1584 5476 ultima
1609 5417 1708 5476 illa
1732 5420 2047 5477 exerceba-

397 5509 496 5563 tur
521 5503 876 5575 egritudine.
896 5503 1061 5570 Quod
1092 5506 1189 5563 ubi
1211 5521 1319 5579 per
1339 5507 1543 5563 urbem
1563 5507 1784 5572 sonuit,
1807 5506 2041 5564 advenit

397 5590 731 5664 episcopus,
752 5587 1163 5648 monachorum
1191 5603 1442 5662 quoque,
1465 5589 1814 5649 clericorum
1837 5595 1891 5648 et
1919 5604 2047 5650 san-

2156 4640 2462 4697 usquequo
2503 4624 2774 4697 spiritum
2825 4623 3087 4682 Creatori
3138 4621 3434 4696 redderet,
3470 4621 3680 4681 erectis
3718 4613 3774 4672 ad

2151 4716 2330 4771 Deum
2363 4713 2680 4770 luminibus
2711 4712 2947 4771 mansit.
2982 4711 3197 4768 Aderat
3249 4710 3326 4767 ibi
3374 4712 3700 4783 episcopus,
3726 4707 3773 4759 et

2153 4801 2263 4857 viri
2296 4800 2552 4872 religiosi
2587 4815 2734 4872 quos
2766 4801 3130 4871 obligaverat
3155 4814 3314 4856 amor
3331 4804 3391 4856 et
3417 4797 3686 4857 beneficia
3713 4791 3770 4866 pii

2153 4889 2364 4964 patris,
2399 4889 2496 4961 qui
2527 4889 2747 4946 exitum
2780 4889 2908 4960 ejus
2959 4888 3386 4962 praemunibant
3439 4883 3770 4945 orationibus

2153 4977 2450 5036 continuis
2481 4983 2540 5033 et
2567 4976 2912 5048 psalmodia,
2939 4977 3036 5049 qui
3070 4976 3168 5033 vix
3189 4981 3248 5034 et
3272 4990 3428 5049 raro,
3455 4976 3595 5034 licet
3613 4974 3677 5032 ad
3697 4971 3774 5026 bo-

2154 5083 2276 5124 ram
2310 5065 2738 5139 separabantur
2768 5067 2840 5122 ab
2871 5065 2998 5136 ejus
3029 5065 3366 5138 praesentia,
3402 5080 3474 5122 ne
3510 5063 3773 5130 continge-

2155 5160 2243 5212 ret
2276 5169 2378 5212 eos
2393 5155 2673 5212 absentes
2696 5168 2830 5212 esse
2851 5154 3082 5226 quando
3105 5169 3134 5210 a
3158 5168 3404 5226 corpore
3428 5154 3693 5226 migraret
3712 5147 3772 5201 fe-

2155 5243 2236 5300 lix
2268 5243 2478 5299 anima.
2511 5241 2898 5300 lllucescente
2930 5243 3128 5314 itaque
3160 5242 3254 5299 die
3285 5243 3504 5300 mensis
3531 5237 3674 5298 Junii
3701 5235 3767 5302 14,

2155 5331 2310 5404 quod
2341 5333 2432 5387 est
2467 5333 2534 5388 t8
2565 5330 2952 5388 Kalendarum
2973 5331 3151 5403 Junii,
3174 5332 3313 5388 hora
3332 5331 3450 5401 jam
3474 5325 3768 5390 imminente

2153 5417 2362 5488 tercia,
2397 5417 2791 5490 prasentibus
2817 5416 2952 5474 ﬁliis
2998 5417 3152 5488 suis,
3186 5431 3334 5488 quos
3378 5416 3489 5474 loci
3539 5406 3766 5484 angustia

2152 5519 2366 5578 capere
2388 5507 2641 5579 poterat,
2659 5505 2878 5562 ceteris
2894 5505 2950 5560 in
2967 5505 3167 5576 majori
3181 5503 3766 5562 ecclesiaaconsisten-

2158 5593 2316 5652 tibus
2343 5597 2405 5650 et
2431 5593 2797 5664 canentibus,
2823 5597 3028 5651 sancta
3051 5592 3150 5650 illa
3171 5591 3360 5650 anima
3383 5589 3676 5666 corporeis
3693 5595 3768 5640 ne-
