3894 6334
95 409 200 473 265

1311 406 1803 473 CHRONICON.
1836 442 1913 456 -
1942 404 2099 471 LIB.
2142 407 2219 472 II.

3351 415 3469 477 266

97 545 256 602 xibus
283 543 574 615 absoluta,
600 544 668 601 ad
688 543 830 602 illud
854 543 1115 615 pervenit
1137 548 1421 600 aeternum
1443 542 1597 614 quod
1619 547 1707 599 est
1741 544 1794 610 Α
1815 546 2037 599 sanctae
2065 543 2256 600 Marias
2286 549 2528 600 sanctus
2559 544 2884 614 requiescit
2907 544 3256 617 Madelveus,
3277 550 3350 604 ab
3372 563 3465 606 eo-

98 649 258 693 unum
284 638 342 690 et
371 633 760 704 inseparabile
789 633 1024 690 trinum.
1052 632 1267 689 Oculos
1293 632 1477 704 patris
1499 632 1713 689 clausit.

100 724 414 795 episcopus;
430 721 791 794 polinctores
808 722 1025 779 funeris
1041 722 1189 793 (HO)
1204 720 1551 793 Riehardus,
1567 722 1714 793 Ody-

106 812 306 881 lardus,
337 812 665 882 Stephanus
691 816 751 866 et
779 810 1159 867 Walerannus
1186 811 1431 867 abbates
1456 811 1712 867 fuerunt.

107 899 210 971 lpsi
239 914 444 970 corpus
472 899 905 955 sanctissimum
938 904 1422 970 procuraverunt,
1449 900 1716 957 vestibus

105 988 328 1044 sacratis
370 1004 443 1043 ex
488 1003 650 1045 more
700 988 891 1045 induit
934 988 1269 1060 episcopus,
1341 989 1554 1060 quibus
1620 987 1719 1043 ille

106 1075 264 1132 voluit
293 1082 350 1132 et
378 1077 684 1149 przecepit,
720 1079 817 1149 qui
849 1078 981 1133 vilia
1012 1092 1241 1148 queque
1271 1076 1593 1147 delegerat,
1618 1076 1719 1133 sed

107 1180 232 1236 quas
260 1165 499 1222 dictavit
518 1180 683 1222 amor
707 1169 987 1237 paternus
1008 1171 1065 1222 et
1090 1166 1326 1223 devotio
1358 1166 1723 1222 sanctissima

106 1259 155 1309 et
181 1254 361 1310 debita
394 1256 567 1326 (ill).
602 1254 903 1325 Reliquiae,
938 1270 1085 1326 quas
1117 1269 1296 1326 super
1321 1258 1525 1325 pectus
1556 1269 1723 1311 suum

111 1341 219 1414 ipse
245 1343 631 1413 commiserat,
668 1343 873 1400 induto
903 1358 972 1400 eo
1002 1344 1188 1400 sacris
1218 1344 1505 1413 vestibus,
1547 1357 1723 1415 supra

109 1436 290 1501 pectus
316 1431 441 1501 ejus
474 1434 756 1504 reposita:
787 1438 941 1489 sunt.
978 1432 1202 1489 Elatum
1234 1447 1374 1503 ergo
1397 1435 1569 1489 funus
1596 1434 1727 1488 bea-

108 1518 366 1574 tissimum
401 1520 788 1589 bajulantium
819 1521 1105 1590 manibus,
1150 1536 1279 1578 cum
1325 1522 1400 1577 oh
1447 1522 1725 1593 impetum

106 1606 280 1678 populi
303 1609 676 1664 occurrentis
694 1612 750 1664 et
775 1609 1107 1680 plangentis
1129 1610 1403 1666 obserata
1428 1617 1583 1666 esset
1618 1626 1729 1667 aie-

103 1692 280 1765 clesia,
305 1700 435 1751 ante
456 1696 647 1752 altare
670 1696 860 1752 sancti
885 1698 1042 1753 Petri
1059 1698 1309 1769 positum
1328 1704 1415 1755 est
1444 1718 1456 1753 :
1478 1700 1572 1756 ubi
1596 1700 1728 1756 mis-

1824 632 1953 688 dem
1978 637 2143 703 patre
2169 636 2366 689 nostro
2394 632 3105 705 ibidemtranspositus,et
3123 643 3465 695 reverenter

1825 720 2164 777 tumulatus.
2202 723 2447 778 Peracto
2480 737 2619 778 vero
2650 722 2971 794 sepulturas
3000 724 3206 795 oﬂicio,
3247 725 3341 781 ubi
3394 726 3466 783 ab

1825 808 1956 866 aliis
1985 810 2304 867 discessum
2336 816 2444 881 est,
2479 811 2550 866 ad
2582 812 3041 882 componendum
3075 812 3185 869 viri
3237 814 3336 870 Dei
3388 813 3477 873 le.

1827 902 1984 954 ctum
2018 899 2304 956 unanimis
2332 914 2392 956 se
2427 898 2677 955 filiorum
2709 899 2976 955 accendit
3010 900 3262 958 devotio.
3297 902 3477 969 Quat-

1830 990 1964 1041 tuor
1983 986 2172 1042 colum
2184 1002 2305 1058 pnas
2328 1002 2665 1043 marmoreae
2691 988 3048 1059 cooperculo
3063 990 3361 1060 sepulchri
3377 1007 3468 1048 ce-

1829 1080 2022 1131 mento
2055 1076 2208 1132 facto
2238 1092 2308 1133 ex
2337 1078 2540 1133 eodem
2576 1092 2863 1133 marmore
2906 1084 3319 1150 conectuntur,
3373 1081 3463 1136 his

1836 1163 2087 1234 desuper
2121 1165 2316 1221 tabula
2348 1180 2668 1222 marmorea
2701 1167 3066 1237 przegrandis
3100 1167 3226 1239 ipso
3263 1167 3468 1226 eodem

1834 1258 2100 1309 cemento
2129 1254 2486 1325 adjungitur,
2520 1257 2576 1310 et
2602 1255 2685 1310 sic
2709 1255 2962 1326 desuper
2982 1256 3335 1327 cooperculo
3364 1273 3477 1313 ma-

1837 1341 2010 1396 ceria}
2040 1340 2401 1412 aliquantum
2430 1344 2815 1413 construitur,
2844 1349 2901 1399 et
2936 1343 3124 1400 solido
3168 1345 3471 1401 bituminis

1835 1428 2087 1498 gluttine
2118 1430 2421 1488 solidatur.
2452 1432 2683 1490 Tabulae
2718 1448 2854 1489 vero
2886 1433 2941 1488 iu
2973 1433 3154 1490 altum
3182 1440 3469 1506 porrecta)

1838 1516 2078 1575 linteum
2104 1518 2438 1591 imponitur,
2460 1524 2518 1576 et
2539 1523 2591 1577 ei
2619 1520 2854 1592 pallium
2881 1522 3324 1593 superadditum
3347 1528 3473 1592 est;

1838 1611 1899 1663 ut
1931 1608 2159 1665 cunctis
2176 1609 2554 1666 cernentibus
2577 1616 2846 1681 patenter
2869 1611 3043 1667 detur
3068 1612 3316 1682 intelligi
3342 1627 3472 1670 eum

1838 1698 2028 1767 magni
2060 1713 2189 1754 esse
2223 1699 2436 1769 meriti,
2468 1699 2637 1769 cujus
2665 1715 2880 1771 corpus
2919 1701 3001 1756 sic
3050 1701 3370 1759 honoratur
3417 1702 3473 1758 in

106 1796 161 1838 sa
187 1796 213 1839 a
243 1784 512 1854 pontiﬁce
536 1786 860 1855 celebrata,
895 1786 1146 1842 tamdem
1176 1793 1361 1858 portae
1386 1788 1723 1844 monasterii
1760 1857 1785 1859 _
1834 1787 2030 1843 terris.
2068 1789 2136 1843 Et
2167 1789 2393 1844 merito.
2429 1788 2591 1854 Quod
2613 1790 2764 1845 enim
2792 1790 2897 1846 fuit
2918 1790 3046 1859 ejus
3071 1791 3125 1845 in
3151 1791 3328 1848 terris
3351 1796 3472 1848 stu-

104 1878 303 1943 apertze
331 1879 486 1945 sunt,
520 1880 581 1931 et
615 1890 753 1932 ecce
780 1857 1488 1948 populusinnumerabilis
1512 1878 1726 1934 utrius-
1758 1857 1805 1923 Β
1836 1873 2014 1946 dium,
2046 1876 2152 1932 nisi
2186 1878 2360 1932 Deum
2392 1877 2657 1947 diligere,
2690 1883 2744 1933 et
2777 1857 3013 1935 sanctos
3030 1879 3157 1948 ejus
3180 1881 3477 1963 venerari,

106 1975 206 2031 que
230 1976 395 2019 sexus
424 1968 485 2019 et
516 1964 747 2020 ordinis
777 1965 947 2022 irruit
978 1981 1107 2023 cum
1132 1965 1389 2022 lacrimis
1410 1972 1467 2023 ct
1494 1965 1720 2025 ululatu

104 2048 298 2106 cordis.
331 2050 469 2121 (Fol.
502 2053 623 2123 93.)
656 2053 832 2110 Plena
864 2061 993 2110 erat
1020 2053 1285 2111 tecclesia
1327 2055 1719 2126 lacrimarum,

106 2152 283 2195 omnes
308 2140 362 2195 in
390 2156 703 2198 commune
736 2143 813 2214 pii
847 2144 1030 2213 patris
1056 2143 1349 2201 deﬂebant
1380 2145 1621 2215 obitum,
1657 2160 1726 2202 ac

111 2227 153 2283 si
182 2228 429 2286 viderent
459 2231 767 2288 imminere
800 2232 1098 2289 interitum
1132 2234 1356 2304 patriai.
1394 2234 1439 2290 Ο
1471 2239 1726 2304 quantus

113 2312 284 2374 luctus
310 2319 561 2376 omnium
590 2322 605 2375 ι
640 2326 854 2391 quanta
888 2327 1028 2379 totae
1060 2323 1187 2378 uroi
1220 2323 1519 2380 mestitia!
1554 2338 1724 2394 quam

114 2404 190 2474 pia
217 2412 335 2463 erat
363 2409 433 2465 de
464 2410 598 2481 ejus
626 2410 791 2467 obitu
821 2412 1152 2483 compassio
1179 2414 1191 2467 !
1226 2419 1439 2483 quanta
1471 2412 1726 2469 omnium

116 2491 394 2553 destitutio
420 2501 433 2553 !
466 2500 545 2555 Ea
570 2498 702 2555 dies
732 2504 856 2557 tota
890 2502 994 2558 fuit
1017 2502 1358 2572 gemituum,
1386 2507 1508 2559 tota
1535 2503 1727 2574 planc-

113 2583 388 2651 tuquua
411 2585 971 2660 advesperasceute,
999 2603 1217 2661 corpus
1236 2591 1636 2648 beatissimum
1657 2592 1729 2648 ad

113 2672 457 2746 principalem
482 2677 816 2735 aecclesiam
832 2684 1052 2737 sanctae
1068 2680 1259 2739 Mariae
1274 2696 1304 2737 a
1330 2681 1611 2739 fratribus
1635 2682 1732 2739 de-

117 2757 290 2834 latum,
309 2765 520 2822 debitis
544 2767 878 2837 vigiliarum
903 2774 958 2826 et
991 2770 1326 2841 psalmodiae
1344 2771 1549 2828 oﬂiciis
1562 2775 1731 2828 nocte

117 2848 223 2921 ipsa
250 2853 316 2907 ab
343 2857 797 2914 excubitoribus
828 2858 1176 2915 honoratum
1208 2864 1321 2916 est.
1367 2862 1424 2916 ln
1470 2861 1731 2918 crastino

118 2938 267 2997 inissa
287 2941 671 3016 solempniter
692 2945 988 3002 celebrata
1004 2948 1365 3018 acanonicis,
1384 2964 1486 3020 per
1510 2949 1732 3020 reliqua

119 3028 257 3085 urbis
282 3034 637 3090 monasteria
673 3033 1044 3106 deportatum
1077 3042 1190 3107 est,
1224 3041 1284 3092 et
1308 3037 1520 3107 vigiliis
1551 3038 1730 3094 missa

116 3127 323 3188 rumque
336 3120 679 3193 solempniis
694 3121 890 3180 debita
905 3124 1269 3181 oﬂlciositate
1283 3126 1726 3197 percelebratis,

115 3202 315 3261 tandem
343 3208 412 3263 ad
447 3211 870 3267 monasterium
900 3226 1068 3269 suum
1099 3212 1346 3270 relatum
1369 3218 1479 3284 est,
1509 3218 1569 3269 et
1595 3213 1730 3269 filiis

113 3287 413 3353 dolentibus
435 3304 495 3353 et
518 3298 595 3355 de
623 3303 808 3355 morte
829 3300 956 3369 ejus
977 3302 1340 3359 merentibus
1363 3303 1724 3359 restitutum.

113 3377 251 3437 Venit
278 3398 411 3455 ergo
444 3386 575 3445 dies
612 3390 888 3460 crastina,
923 3394 979 3445 et
1012 3404 1147 3447 ecce
1191 3392 1309 3447 fere
1340 3392 1497 3448 circa
1530 3392 1729 3447 horam

118 3471 321 3528 terciam
352 3481 712 3547 congregata
743 3483 833 3535 est
862 3484 983 3535 tota
1005 3480 1214 3537 civitas
1236 3480 1308 3537 ad
1331 3481 1729 3551 sepeliendum

119 3555 273 3617 illum.
302 3564 524 3622 Missam
559 3566 887 3625 celebravit
921 3569 1256 3641 episcopus,
1284 3584 1731 3641 sermonemque

120 3644 292 3706 habuit
323 3652 390 3709 ad
422 3655 707 3726 populum
739 3657 811 3713 de
844 3658 1239 3715 mutabilitate
1269 3659 1406 3716 vitae
1435 3659 1630 3729 hujus,
1672 3664 1731 3715 et

123 3738 408 3807 qualiterin
424 3744 574 3801 hanc
593 3745 937 3816 plorationis
951 3747 1272 3804 convallem
1293 3749 1732 3817 devenerimus;

125 3826 234 3894 quis
258 3829 326 3885 sit
350 3831 475 3889 linis
501 3834 809 3906 bonorum,
837 3836 1039 3905 quisve
1063 3836 1378 3902 malorum;
1403 3852 1532 3908 quas
1556 3836 1729 3893 fuerit

125 3916 281 3982 patris
307 3919 442 3992 vita,
469 3937 633 3979 mors
656 3938 826 3993 quam
851 3925 1134 3995 preciosa.
1162 3927 1304 3982 Hinc
1326 3926 1732 3997 percelebrato

124 4002 303 4077 officio,
322 4008 493 4068 dictis
514 4012 888 4070 orationibus
907 4014 1322 4086 solempnihus,
1342 4015 1410 4071 ad
1428 4014 1619 4072 locum
1644 4030 1734 4073 se-

123 4090 342 4158 pulturae
375 4098 516 4156 itum
548 4104 663 4157 est.
699 4102 767 4156 Et
799 4100 937 4158 licet
965 4103 1111 4159 solis
1142 4104 1522 4174 exequiarum
1568 4104 1732 4161 mini-

120 4179 238 4237 stris
263 4190 318 4240 et
345 4188 553 4258 hajulis
586 4190 807 4246 funeris
836 4206 967 4248 cum
999 4192 1090 4249 his
1129 4193 1227 4263 qui
1279 4193 1462 4250 oﬂicia
1514 4194 1732 4250 dabant

121 4271 422 4335 permissum
446 4278 526 4334 sit
549 4278 802 4349 ingredi,
822 4281 1039 4337 ceteris
1060 4281 1212 4338 intra
1228 4281 1501 4351 majorem
1525 4282 1731 4339 aeccle-

122 4354 241 4414 siam
257 4366 509 4436 retentis,
532 4371 701 4423 tanta
726 4371 918 4424 tamen
939 4370 1047 4426 fuit
1063 4370 1512 4441 obsequentium
1536 4372 1729 4428 multi-

1760 3173 1807 3238 C

1831 1968 1891 2019 et
1910 1964 2231 2022 aaeclcsiam
2258 1967 2353 2023 Dei
2373 1981 2582 2022 ornare
2606 1966 2816 2023 decore
2830 1968 3186 2039 competenti
3205 1972 3226 2025 ?
3243 1969 3356 2023 Nec
3374 1971 3477 2025 mi-

1835 2069 1959 2110 rum
1984 2053 2030 2110 si
2064 2068 2094 2109 a
2129 2054 2265 2110 [iliis
2289 2055 2638 2127 propensius
2660 2055 2999 2126 honoratur,
3024 2071 3169 2126 quos
3189 2056 3361 2112 scivit
3388 2071 3472 2114 re-

1833 2157 1992 2213 gere,
2014 2148 2071 2199 et
2099 2158 2300 2213 regere
2319 2143 2635 2201 secundum
2659 2150 2918 2200 nostram
2937 2144 3329 2217 disciplinam,
3347 2160 3475 2216 quas

1835 2248 1907 2288 ex
1932 2231 2262 2288 Christiana
2288 2232 2414 2303 lege
2436 2233 2766 2303 descendit,
2788 2238 2844 2289 et
2871 2233 2941 2289 ad
2969 2234 3143 2289 Deum
3168 2232 3348 2290 ducit.
3372 2234 3479 2290 Rc-

1839 2320 2060 2392 quievit
2082 2326 2276 2377 autem
2308 2321 2399 2377 hic
2425 2327 2589 2393 pater
2612 2327 2812 2378 noster
2832 2336 2883 2378 a.
2910 2322 2982 2377 ab
3004 2321 3284 2378 inc.Dom.
3314 2325 3473 2392 1046,

1840 2410 2140 2481 regiminis
2180 2411 2268 2468 sui
2317 2426 2467 2468 anno
2512 2412 2602 2481 42,
2655 2416 2936 2482 regnante
2988 2410 3164 2467 terris
3208 2411 3478 2469 Hcinrico

1840 2498 2088 2555 Conradi
2122 2498 2259 2555 tilio.
2296 2499 2630 2570 Supervixit
2660 2514 2797 2556 vero
2818 2499 3130 2572 episcopus
3153 2499 3481 2557 Richardus

1841 2603 2021 2659 usque
2050 2589 2120 2644 ad
2151 2602 2404 2645 mensem
2437 2588 2863 2658 Novembrium,
2896 2595 2957 2644 et
2984 2589 3129 2645 obiit
3154 2594 3187 2646 8
3210 2589 3346 2646 ldus
3370 2589 3477 2645 No-

1841 2678 2053 2746 vemb.,
2079 2677 2231 2733 sicut
2254 2677 2377 2747 ipse
2400 2691 2429 2732 a
2453 2682 2619 2747 patre
2642 2692 2747 2732 suo
2772 2677 3089 2748 quesierat,
3115 2692 3247 2734 cum
3268 2678 3320 2733 ei
3341 2693 3477 2735 ocu-

1842 2766 1929 2823 los
1950 2765 2252 2823 clauderet
2277 2766 2445 2837 (112).
2462 2766 2557 2835 Si,
2585 2764 2791 2835 inquit,
2798 2766 3071 2836 paterad
3081 2766 3474 2837 Deumvadis,

1840 2857 1900 2913 et
1912 2853 2526 2926 eiplacetobsequium
2537 2868 2652 2925 quo
2664 2854 2719 2910 ei
2730 2855 2993 2924 seruisti,
3009 2853 3204 2911 obtine
3216 2856 3479 2911 utunum

1842 2961 2066 3004 armum
2092 2960 2209 3002 non
2226 2944 2338 3002 tibi
2356 2945 2729 3015 supmivam
2748 2945 2816 3000 in
2834 2943 2941 3001 hoc
2958 2944 3171 3014 seculo,
3197 2944 3345 3015 quia
3366 2943 3480 3002 tibi

1839 3036 2309 3105 commoriquam
2319 3034 2798 3105 vieerepmopto.
2816 3033 3073 3102 Dixerat,
3091 3037 3147 3088 et
3165 3032 3479 3089 exauditus

1841 3129 1949 3195 est,
1976 3123 2330 3194 additusque
2355 3122 2617 3195 patrihus
2641 3121 2784 3179 suis.
2812 3122 2986 3190 Cujus
3007 3135 3225 3193 corpus
3238 3135 3367 3178 cum
3385 3135 3484 3193 pa-

1843 3219 2042 3270 rentes
2066 3214 2233 3284 juxta
2266 3227 2483 3284 corpus
2510 3212 2619 3267 viri
2644 3212 2744 3267 Dei
2777 3210 3011 3282 sepeliri
3034 3211 3425 3280 mandassent,
3449 3226 3478 3267 a

1840 3303 2136 3359 canonicis
2169 3302 2222 3358 vi
2247 3306 2557 3371 retentum,
2584 3306 2642 3356 et
2668 3300 2724 3356 in
2746 3300 3008 3357 aecclesia
3033 3305 3251 3357 sancta:
3289 3299 3480 3357 Mariae

1842 3392 2078 3463 majoris
2108 3390 2402 3463 sepultum
2433 3395 2547 3447 est.
2581 3390 2825 3462 (Chron.
2875 3391 3037 3460 Div.)
3068 3388 3281 3445 Eodem
3330 3403 3481 3445 anno

1840 3479 2148 3536 ordinatus
2178 3484 2266 3535 est
2296 3477 2665 3548 Lugdunensi
2694 3476 2962 3533 ecclesiae
3009 3475 3483 3548 archiepiscopus

1843 3568 2089 3625 domnus
2118 3567 2485 3623 llalinardus.
2513 3566 2723 3622 Eodem
2748 3580 2977 3636 quoque
3000 3580 3149 3622 anno
3172 3564 3479 3621 Heinricus

1842 3658 2076 3714 Romam
2101 3657 2224 3727 ivit,
2251 3660 2309 3712 et
2334 3656 2583 3713 concilio
2607 3654 2808 3711 habito
2830 3654 3044 3724 adjecti
3061 3659 3193 3709 sunt
3212 3668 3484 3724 pervase-

1844 3762 1939 3803 res
1970 3749 2240 3803 Romanae
2263 3745 2570 3813 :ecclesiae,
2590 3744 2900 3813 Iohannes,
2930 3742 3275 3799 Benedictus
3295 3746 3353 3798 et
3379 3743 3484 3800 Sil-

1841 3841 2041 3893 vester
2068 3853 2081 3901 ;
2106 3840 2166 3891 et
2183 3834 2489 3891 ordinatus
2511 3839 2603 3888 est
2626 3833 2888 3889 Clemens
2912 3846 3078 3902 papa,
3105 3845 3134 3886 a
3160 3836 3341 3901 quoet
3360 3832 3497 3903 ipse

1843 3940 2116 3983 coronam
2150 3923 2406 3994 suscepit
2440 3920 2689 3992 imperii.
2724 3922 2791 3975 Et
2820 3920 3024 3976 eodem
3044 3934 3193 3974 anno
3215 3921 3481 3976 Clemens

1843 4014 2009 4084 obiit,
2042 4018 2100 4069 et
2132 4014 2413 4068 Damasus
2464 4009 2770 4066 successit.
2811 4007 3084 4078 Regimen
3111 4022 3341 4079 quoque
3360 4009 3485 4063 Vir-

1841 4102 2119 4160 dunensis
2147 4100 2397 4158 emnobii
2432 4098 2807 4155 Walerannus
2828 4098 3112 4169 suscepit,
3130 4096 3371 4153 homoin
3393 4113 3482 4154 se-

1841 4193 1973 4251 culo
2004 4190 2422 4261 nobilissimus,
2457 4187 2723 4244 Gelduini
2754 4186 2987 4244 comitis
3031 4186 3227 4255 filius;
3274 4186 3372 4259 qui
3426 4186 3480 4243 in

1843 4281 1998 4339 bello
2021 4280 2175 4353 apud
2197 4283 2304 4337 Bar
2328 4282 2585 4337 castrum
2611 4277 2665 4332 in
2690 4274 2961 4347 geniculo
2976 4275 3319 4334 vulneratus
3331 4275 3487 4333 clau-

1840 4371 2093 4429 dicabat.
2121 4370 2297 4441 Cujus
2323 4370 2505 4425 frater
2528 4367 2633 4425 l‘uit
2650 4367 2813 4438 Hugo
2827 4365 3487 4437 Linguonensisepisco-

122 4443 667 4554 tudo,_utfenestras,
695 4458 910 4528 quibus
940 4458 1133 4516 lumen
1167 4459 1373 4531 criptaa
1394 4460 1733 4518 infundeba-
1763 4488 1814 4554 D
1844 4476 1974 4533 pus,
2009 4463 2214 4533 postea
2245 4473 2276 4515 a
2310 4461 2515 4515 sancto
2534 4456 2717 4512 Leone
2740 4457 2829 4526 IX,
2857 4454 3206 4554 innemensi
3237 4453 3486 4554 concilio

127 4536 220 4623 tur,
238 4540 306 4595 ob
325 4546 720 4616 captationem
743 4547 898 4603 aeris
920 4548 1137 4605 auferri
1152 4550 1733 4623 necessitasimpule-

128 4621 204 4718 rit.
234 4626 498 4689 Vincehat
530 4633 686 4690 diem
738 4634 1018 4693 luminum
1069 4638 1402 4710 multitudo,
1437 4643 1496 4695 et
1538 4621 1731 4698 fumus

127 4717 312 4798 incensi
338 4725 396 4776 et
428 4722 805 4780 thimiamatis
828 4728 1009 4781 totam
1033 4740 1095 4782 rc
1107 4725 1365 4798 pleverat
1385 4727 1729 4786 zecclesiam.

127 4797 275 4861 Tanta
294 4813 412 4864 erat
433 4811 690 4867 omnium
712 4826 850 4882 erga
875 4814 1062 4884 patris
1076 4797 1435 4886 sepulturam
1459 4816 1731 4874 devotio!

129 4887 340 4954 Humato
366 4898 566 4971 itaque
595 4900 892 4956 mitissimi
925 4901 1035 4958 viri
1057 4918 1325 4976 corpore,
1353 4904 1615 4963 clausum
1637 4908 1729 4962 est

121 4982 437 5064 sepulcrum,
469 4994 530 5046 et
565 4989 761 5047 solido
786 4997 1054 5048 cemento
1080 4994 1511 5064 perjuncturas
1537 4994 1724 5053 litum.

119 5063 453 5141 Resquiescit
471 5082 667 5135 autem
687 5077 743 5133 in
763 5080 953 5151 cripta
974 5063 1360 5139 subterranea
1382 5089 1515 5141 ante
1540 5085 1728 5142 altare

117 5165 302 5219 sanctae
321 5164 416 5221 Dei
435 5167 747 5236 genitricis
767 5168 959 5226 Mariae
981 5175 1040 5226 et
1062 5171 1542 5229 sanctiJohannis
1555 5188 1727 5231 evan-

119 5242 334 5340 gelista},
356 5259 415 5311 et
437 5271 621 5329 super
643 5273 772 5315 eum
796 5259 983 5329 majus
1006 5257 1191 5317 altare
1214 5260 1401 5317 sancti
1425 5262 1581 5318 Petri
1607 5269 1723 5319 sta-

118 5328 313 5397 bilitum
331 5355 438 5402 est.
463 5328 526 5403 In
546 5346 750 5405 eadem
774 5349 856 5406 cri
865 5328 962 5422 pta
979 5350 1191 5407 subtus
1206 5348 1392 5407 altare
1413 5351 1721 5422 przel‘atum

1843 4549 2172 4622 depositus.
2206 4548 2617 4621 Episcopatum
2650 4550 2842 4602 autem
2865 4544 3289 4601 Virdunensem
3310 4542 3488 4598 Theo-

1848 4636 2085 4693 dericus
2117 4636 2397 4707 suscepit,
2430 4631 2758 4689 Wezelonis
2799 4630 3031 4687 comitis
3075 4629 3270 4695 ﬁlius;
3317 4628 3487 4699 cujus

1847 4726 2033 4799 primo
2066 4722 2500 4783 benedictionis
2520 4736 2670 4779 anno
2694 4719 2972 4792 templum
2997 4725 3216 4777 sanctae
3240 4718 3433 4774 Marias
3456 4733 3488 4774 a

1846 4816 1992 4873 duce
2014 4813 2328 4871 Godefrido
2349 4815 2406 4869 et
2440 4810 2721 4869 Balduino
2746 4822 3088 4866 succensum
3104 4811 3194 4863 est
3216 4805 3336 4878 (l‘ol.
3354 4804 3484 4877 93’),

1841 4918 1979 4962 vasa
2009 4918 2174 4961 sacra
2208 4901 2423 4972 ablata,
2455 4899 2783 4969 civitasque
2815 4896 3120 4953 destructa
3142 4900 3176 4953 8
3198 4892 3318 4951 Kal.
3344 4894 3482 4951 Nov.

1915 4993 2123 5066 (1047.)
2156 4992 2398 5059 Quantae
2426 5004 2567 5047 vero
2596 4986 2751 5061 apud
2783 4985 2942 5041 illius
2971 4984 3078 5041 aevi
3111 4985 3374 5041 homines
3396 4981 3489 5041 hic

1842 5087 2012 5159 pater
2035 5086 2240 5139 noster
2258 5079 2444 5151 gratia
2467 5078 2567 5135 Dei
2601 5074 3061 5135 honoriﬁcentia
3087 5073 3284 5145 fuerit,
3308 5072 3489 5131 Theo-

1846 5172 2084 5230 dericus
2104 5168 2509 5227 Basiliensium
2532 5167 2868 5240 episcopus,
2884 5163 2974 5221 vir
2988 5162 3185 5221 multae
3197 5162 3488 5220 auctorita

1844 5263 1922 5319 tis
1958 5265 2018 5318 et
2045 5259 2274 5333 gratiae,
2307 5272 2413 5314 suo
2445 5256 2499 5313 in
2535 5257 2688 5314 facto
2720 5252 3002 5313 ostendit.
3028 5252 3135 5322 Qui
3160 5267 3291 5311 cum
3316 5252 3374 5309 in
3397 5251 3493 5308 de-

1843 5352 2112 5411 ducendo
2144 5363 2296 5407 novo
2326 5346 2602 5419 episc0po
2632 5345 2781 5416 (113)
2814 5343 3136 5402 Virdunum
3177 5342 3390 5400 missus
3422 5338 3493 5395 ab

1670 5470 1717 5524 N
1722 5467 1897 5527 ΟΤᾹΞ.

182 5544 315 5627 (119)
343 5551 445 5627 Qui
479 5561 741 5614 mortuos
771 5558 1061 5614 curabant
1092 5564 1152 5614 et
1184 5558 1538 5627 uuguebant.

193 5615 325 5692 (1H)
354 5615 523 5685 Gesta
550 5628 706 5684 Vird.
742 5634 825 5685 10.

186 5693 316 5767 (H2)
344 5699 512 5754 Gesta
544 5698 701 5756 Vird.
735 5704 817 5758 lO.
856 5701 984 5757 Vita
1020 5698 1292 5756 Richardi
1325 5705 1410 5756 ‘20.
1674 5723 1702 5743 -

336 5795 594 5860 PATROL.
626 5796 825 5863 CLIV.

1924 5575 2072 5646 (113)
2114 5571 2471 5630 Theoderico
2524 5568 2749 5627 scilicet
2800 5581 2949 5624 anno
3000 5568 3179 5633 1047;
3218 5567 3290 5623 cf.
3339 5562 3497 5621 Heri-

1856 5664 2045 5719 manni
2077 5671 2218 5731 Aug.
2255 5661 2463 5717 Chron.
