3894 6318
385 417 502 485 26⁸7

1343 411 1711 478 HUGONIS
1752 413 2106 476 ABBATIS
2147 406 2828 478 FLAVINIACENSIS

3668 419 3776 480 268

389 558 744 626 imperatore
771 551 1048 618 venisset,
1082 553 1138 603 et
1169 554 1326 605 esset
1353 549 1404 604 ei
1438 548 1671 604 devotio
1699 548 1884 605 sancti
1917 547 2027 604 viri
2055 551 2102 614 Α
2138 562 2241 602 1100
2275 546 2343 602 1111
2370 546 2620 604 medium
2645 548 2856 618 nostis,
2881 547 3014 619 quia
3039 548 3332 616 virgratia
3356 547 3456 604 Dei
3483 547 3775 606 inlumina-

394 643 770 714 sepulchrum
808 640 1075 706 invisere,
1111 653 1239 693 cum
1269 643 1401 692 ante
1432 639 1666 692 tumban
1719 651 1920 706 magna
1968 650 2029 692 se

395 732 761 787 lacrimarum
788 727 1143 783 contritione
1168 730 1500 793 mactasset,
1528 725 2031 780 rememoransde-

393 820 577 877 functi
603 819 878 890 pietatem
905 815 1283 871 sobrietatem
1300 819 1353 868 et
1375 813 1894 882 mansuetudinem,
1912 813 2032 884 pal-

395 909 472 964 lio
499 907 924 980 pretiosissimo
949 904 1139 959 crocei
1166 903 2032 972 coloristumbamipsamador-

396 998 572 1065 navit,
607 1003 666 1050 ut
703 995 910 1050 affectu
947 993 1073 1063 ipso
1105 997 1428 1047 testaretur
1459 991 1830 1046 dilectionem
1861 1005 2029 1060 quam

397 1087 525 1141 vivo
548 1086 857 1140 exibuerat
883 1085 1110 1137 mortuo
1136 1096 1196 1135 se
1223 1095 1453 1150 quoque
1478 1095 1844 1148 nonnegare;
1863 1079 2033 1134 immo

396 1172 764 1246 prepensiori
795 1187 924 1227 eum
955 1170 1115 1225 cultu
1147 1170 1572 1238 dignissimum,
1605 1185 1770 1240 quem
1789 1169 1903 1238 jam
1930 1184 2033 1224 suo

397 1262 670 1316 Dominus
693 1259 913 1327 gremio
937 1259 1291 1313 confoveret.
1322 1259 1566 1328 Ceperat
1585 1257 1698 1326 jam
1715 1258 2032 1312 tunclocus

399 1350 494 1404 ille
516 1349 956 1404 multisclarere
975 1346 1292 1415 miraculis,
1313 1352 1368 1401 et
1386 1347 1440 1400 in
1457 1346 2030 1401 febrieitantestanta

396 1438 763 1496 curationum
800 1435 1217 1492 refundebatur
1246 1435 1456 1504 gratia,
1487 1437 1545 1490 ut
1573 1435 1842 1505 quisquis
1865 1435 2034 1489 adve-

398 1527 576 1583 uisset
605 1527 712 1581 hoc
749 1525 1022 1580 laborans
1057 1523 1439 1593 incommodo,
1475 1523 1570 1577 ubi
1607 1537 1805 1593 parum
1825 1523 2036 1578 obdor-

398 1616 620 1682 misset,
649 1613 921 1669 sanitatis
945 1612 1235 1683 potiretur
1259 1611 1554 1681 suffragio,
1571 1611 2031 1667 etrediretomni

396 1703 751 1760 valetudinis
776 1701 964 1772 sopito
989 1699 1273 1755 incendio.
1303 1700 1408 1754 Sed
1437 1701 1571 1770 quid
1599 1715 1910 1768 moramur,
1934 1714 2036 1754 nec

398 1793 710 1848 referimus
741 1791 910 1859 cujus
940 1789 1130 1844 meriti
1164 1788 1424 1857 angelico
1449 1803 1677 1859 quoque
1702 1787 2038 1843 declaratus

397 1881 470 1936 sit
504 1895 636 1935 esse
669 1879 1047 1934 testimonio?
1074 1877 1295 1931 Etenim
1331 1876 1426 1946 qui
1461 1877 1606 1932 vidit
1640 1877 2036 1932 testimonium

401 1968 715 2038 perhibuit,
741 1967 895 2022 etde
925 1966 1092 2035 cujus
1117 1965 1231 2019 vita
1266 1981 1374 2019 non
1408 1964 1733 2033 dubitatur,
1767 1965 1893 2033 ejus
1927 1980 2040 2019 mc-

396 2057 510 2111 rito
544 2055 879 2111 testimonio
901 2053 1180 2110 creditur.
1211 2055 1402 2107 Beatao
1427 2053 1717 2108 memoriae
1739 2055 2040 2123 1111101110-

397 2143 614 2213 dulfus,
646 2144 870 2199 tercius
903 2149 1033 2213 post
1066 2157 1195 2196 cum
1231 2156 1540 2196 successor
1561 2140 1612 2194 in
1640 2141 1917 2208 regimine
1938 2157 2041 2197 100-

396 2232 614 2300 0108111),
631 2239 688 2286 et
706 2236 764 2286 ut
779 2231 1072 2286 credimus
1086 2228 1454 2284 hereditariae
1471 2229 1802 2284 sanctitatis
1817 2245 2040 2300 posses-

398 2335 518 2389 sor,
554 2335 701 2375 nunc
737 2319 889 2373 felici
926 2319 1134 2373 beatus
1182 2311 1431 2372 excessu
1483 2318 1652 2388 (11.1),
1703 2317 1798 2372 ubi
1851 2318 2036 2374 locum

400 2409 589 2478 ipsum
621 2406 935 2474 regendum
961 2405 1244 2475 suscepit,
1271 2408 1327 2459 et
1349 2404 1574 2460 audiret
1602 2405 2039 2461 areferentibus

401 2495 580 2550 multa
612 2495 682 2548 de
706 2509 774 2548 00
800 2493 986 2548 relatu
1013 2493 1204 2561 digna,
1231 2493 2037 2562 videretquoqueunanimem

398 2598 536 2651 erga
569 2583 787 2637 cultum
823 2579 1216 2635 memorialem
1233 2580 1628 2648 ejusomnium
1646 2582 2033 2652 devotionem,

400 2670 844 2742 amplexabatur
868 2670 1100 2739 quidem
1127 2669 1280 2738 quod
1309 2669 1540 2725 videbat
1565 2674 1620 2724 et
1647 2669 1917 2725 audiebat
1941 2686 2039 2738 ge-

399 2759 678 2813 neraliter
701 2760 771 2812 ab
793 2757 1083 2825 omnibus,
1115 2758 1385 2812 estuabat
1413 2771 1550 2812 vero
1571 2757 1718 2812 intra
1743 2773 1803 2813 sc
1825 2759 2034 2828 ipsum,

397 2848 442 2901 si
469 2852 647 2901 11111110
672 2846 1008 2901 sanctitatis
1032 2846 1120 2900 vir
1143 2845 1238 2900 ille
1266 2847 1470 2900 fuisset
1489 2847 1951 2916 utreferebatur,
1979 2851 2036 2901 et

397 2935 562 3006 quasi
593 2936 871 3005 quercbat
904 2934 1171 2989 sollicitis
1202 2939 1260 2988 et
1293 2933 1592 3004 dispositis
1613 2935 2031 3003 cogitationum

395 3024 678 3084 excubiis.
709 3024 876 3092 cujus
911 3023 1103 3077 meriti
1137 3022 1290 3092 apud
1321 3025 1494 3077 Deum
1515 3029 1690 3078 esset.
1721 3023 1955 3078 Solebat
1975 3030 2032 3079 et

399 3114 522 3183 ipse
547 3113 616 3167 ad
637 3111 763 3180 ejus
789 3111 1084 3182 sepulchri
1110 3109 1320 3178 locum,
1347 3109 1478 3180 quia
1505 3115 1770 3166 senserat
1799 3111 1876 3166 ibi
1901 3113 2036 3168 faci-

2140 642 2237 690 tus
2259 635 2576 691 humilitati
2598 637 2827 693 studuit
2849 641 2906 692 et
2929 637 3164 706 vilitati,
3190 651 3296 692 nec
3310 641 3480 693 actus
3505 652 3776 709 811081110-

2141 723 2279 778 dere
2315 724 2538 792 maluit,
2575 724 2676 779 sed
2710 725 3031 781 occultare.
3067 725 3177 779 Sed
3209 725 3447 781 noveris
3497 725 3634 796 quia
3677 742 3781 782 ma-

2141 827 2312 880 gnum
2349 818 2656 889 patronum
2685 818 2744 868 et
2773 816 2890 869 Deo
2919 813 3287 869 carissimum
3310 814 3702 884 praemisistis,
3725 821 3775 870 et

2143 916 2271 970 qum
2303 901 2373 955 de
2395 915 2465 955 eo
2483 901 2760 957 dicuntur
2782 917 2918 957 vera
2945 907 3102 970 sunt,
3133 915 3482 972 quamquam
3508 903 3776 974 ampliora

2143 989 2255 1044 dici
2293 994 2544 1060 possent.
2579 991 2813 1046 Placeat
2838 991 2945 1046 tibi
2968 991 3204 1046 devotio
3232 989 3483 1046 filiorum
3506 992 3638 1060 ejus
3655 1006 3776 1061 erga

2145 1078 2474 1132 memoriam
2499 1078 2645 1147 ejus,
2673 1083 2732 1133 et
2757 1094 2884 1149 quae
2907 1079 3012 1134 tibi
3040 1080 3256 1135 missus
3275 1081 3436 1135 aDeo
3449 1081 3668 1148 refero,
3683 1081 3777 1136 hac

2144 1167 2267 1236 ipsa
2299 1165 2390 1221 die
2422 1168 2689 1222 omnibus
2717 1167 2770 1221 in
2803 1182 3108 1224 commune
3139 1168 3374 1238 edicito,
3405 1172 3468 1222 ut
3492 1168 3774 1238 gaudeant

2143 1254 2214 1310 de
2235 1254 2382 1309 felici
2404 1269 2677 1311 successu
2696 1256 2896 1326 patris,
2916 1271 3084 1326 quem
3105 1257 3318 1312 habent
3337 1256 3776 1326 suffragatorem

2143 1347 2199 1398 et
2234 1343 2507 1398 devotum
2542 1343 2998 1399 interventorem
3030 1345 3085 1400 in
3119 1344 3304 1400 caelis.
3339 1346 3417 1400 Tu
3461 1345 3666 1415 itaque
3704 1345 3780 1401 his

2144 1432 2214 1486 de
2240 1432 2410 1486 beato
2432 1431 2556 1487 viro
2578 1431 2814 1502 agnitis,
2832 1432 2981 1487 viam
2997 1448 3166 1502 quam
3183 1433 3415 1504 coepisti
3436 1447 3508 1487 ne
3525 1433 3776 1503 deseras,

2145 1519 2576 1575 mortificationi
2601 1521 2812 1591 carnis,
2837 1520 3172 1590 humilitati,
3198 1521 3411 1576 vilitati
3437 1523 3779 1578 01011811ωο-

2144 1608 2252 1663 11110
2277 1608 2532 1677 mvigila,
2560 1609 2858 1665 lucrandis
2877 1609 3180 1664 animabus
3201 1625 3439 1680 operam
3455 1610 3556 1680 da,
3575 1615 3639 1666 ut
3661 1626 3778 1666 011111

2149 1696 2256 1751 1100
2270 1702 2329 1751 01
2343 1696 2474 1751 aliis
2489 1698 2723 1752 doneris
2738 1698 3099 1753 beatitudine
3112 1699 3778 1767 :eternaajocunditatis,-

2221 1785 2368 1854 (Fol-
2389 1786 2499 1854 94.)
2527 1787 2920 1856 Obstupuerat
2948 1787 3036 1841 vir
3053 1787 3373 1855 gratiarum
3400 1787 3456 1841 in
3485 1787 3711 1842 visione
3729 1792 3776 1842 et

2073 1856 2121 1920 Β
2154 1874 2328 1929 111111111
2354 1874 2637 1943 angelico,
2661 1881 2874 1929 etcum
2896 1874 3120 1930 videret
3147 1875 3305 1930 illum
3331 1891 3440 1945 pro
3465 1875 3560 1932 his
3579 1882 3642 1930 et
3665 1875 3778 1930 aliis

2150 1962 2388 2032 pietatis
2417 1961 2541 2031 ejus
2574 1963 2872 2018 beneficiis
2905 1963 3166 2019 humanm
3209 1963 3517 2032 fragilitati
3558 1963 3779 2020 collatis

2151 2051 2265 2104 Deo
2297 2049 2500 2105 laudes
2526 2051 2837 2120 dicentem,
2863 2055 2920 2106 et
2946 2051 3016 2106 ad
3038 2051 3269 2106 easdem
3291 2065 3350 2106 se
3373 2055 3636 2122 pararet,
3663 2057 3777 2106 toto

2149 2152 2395 2208 corpore
2412 2139 2809 2194 utdormiebat
2824 2140 3172 2208 assurrexit,
3189 2143 3268 2208 et,
3283 2139 3576 2208 evigilans
3588 2145 3777 2208 grates

2150 2240 2294 2295 quas
2323 2231 2567 2282 conatus
2601 2227 2788 2282 fuerat
2821 2232 3032 2297 mente,
3060 2227 3174 2297 jam
3206 2227 3398 2282 animo
3431 2231 3490 2282 et
3535 2242 3778 2299 corpore

2153 2313 2432 2385 persolvit
2458 2315 2696 2370 intente.
2715 2315 3110 2387 Necapparuit
3128 2315 3382 2384 segnisin
3411 2316 3778 2386 praedicando

2150 2402 2302 2472 quod
2328 2402 2555 2458 viderat
2577 2409 2636 2458 01
2659 2404 2944 2470 audierat,
2971 2404 3142 2459 immo
3163 2404 3428 2460 omnibus
3447 2405 3548 2459 Dei
3573 2404 3774 2459 retexit

2149 2490 2455 2560 magnalia,
2491 2491 2625 2561 quia
2657 2496 2715 2546 et
2747 2493 2899 2562 quod
2929 2497 3157 2561 gratum
3189 2496 3280 2547 est
3308 2491 3535 2548 vidisse
3561 2493 3656 2548 vel
3694 2509 3780 2548 au-

2150 2579 2325 2646 disse,
2341 2579 2569 2648 gratius
2585 2581 2860 2646 refertur,
2877 2584 2932 2636 et
2953 2581 3347 2649 gratissimum
3363 2581 3781 2638 universisere-

2151 2667 2349 2732 ditur;
2386 2669 2600 2723 fratres
2634 2683 2865 2738 quoque
2897 2669 3094 2724 audita
3125 2669 3314 2740 patris
3355 2671 3776 2739 magnificentia

2150 2755 2295 2811 tanti
2332 2757 2524 2812 nuncii
2557 2773 2698 2812 voce
2732 2758 3061 2827 testificata,
3094 2757 3296 2814 laudes
3327 2763 3386 2813 et
3417 2759 3647 2828 gratias
3677 2761 3779 2815 Deo

2151 2844 2512 2900 reddidimus
2539 2847 2704 2916 (115),
2730 2848 2990 2916 satisque
3013 2852 3246 2902 cautum
3269 2848 3459 2903 081111)
3485 2846 3585 2902 illa
3610 2848 3706 2904 die
3727 2853 3778 2904 et

2149 2933 2444 3004 deinceps,
2463 2933 2666 3002 11101118
2691 2935 2959 2990 memoria
2991 2935 3299 2992 devotione
3323 2936 3691 2993 recoleretur
3709 2937 3776 2992 di-

2143 3022 2442 3091 gnissima.
2471 3023 2581 3078 Pro
2605 3022 2693 3077 his
2717 3027 2775 3078 et
2799 3023 2929 3079 aliis
2951 3023 3246 3080 beneﬁciis
3264 3023 3390 3093 ejus
3406 3024 3778 3081 benedicatur

2149 3124 2351 3166 nomen
2385 3109 2606 3165 Domini
2638 3111 2692 3164 in
2725 3110 2918 3166 secula
2996 3153 3008 3166 .
3043 3111 3416 3175 Vivitadhuc
3449 3118 3511 3168 et
3543 3113 3700 3170 vivet
3727 3115 3773 3168 in

398 3161 480 3257 les
509 3201 842 3257 orationum
861 3161 1216 3270 lproventus,
1244 3199 1602 3254 creberrime
1620 3215 1789 3254 orare
1811 3205 1870 3256 et
1895 3201 2037 3257 111111-
2065 3161 2113 3228 C
2151 3199 2347 3254 secula
2370 3199 2524 3254 beati
2548 3199 2657 3254 viri
2681 3199 3136 3272 meritum(116),
3155 3201 3778 3271 etquamdiuvolvetur

394 3290 574 3344 toties
606 3293 956 3359 pernoctare
985 3307 996 3340 :
1031 3302 1158 3343 cum
1191 3302 1329 3342 ecce
1363 3302 1472 3342 una
1508 3292 1679 3343 nocte
1715 3293 1849 3359 post
1885 3289 2037 3346 cele-

399 3377 722 3432 brationem
759 3375 1124 3430 nocturnalis
1153 3375 1391 3446 synaxis
1421 3391 1549 3431 cum
1585 3377 1798 3433 ibidem
1830 3379 2036 3436 solitas

397 3468 511 3520 Deo
543 3464 812 3519 redderet
847 3463 1143 3532 excubias,
1177 3465 1282 3520 hac
1307 3479 1434 3520 eum
1457 3466 1813 3535 cogitatione
1838 3468 2036 3538 sepius

399 3558 630 3608 terente
644 3553 788 3608 etab
804 3567 935 3608 sese
951 3552 1314 3623 devolvente,
1333 3569 1568 3610 somnus
1583 3555 2037 3627 pauliSperallu-

395 3643 492 3696 sit.
530 3641 780 3698 Necdum
810 3642 1152 3712 corporales
1185 3643 1240 3698 in
1269 3658 1543 3714 soporem
1572 3649 1742 3699 erant
1776 3646 2034 3716 perfecte

395 3730 662 3799 resoluti,
690 3747 818 3787 cum
846 3731 1277 3788 intellectuales
1299 3732 1453 3788 oculi
1477 3733 1663 3804 aperti
1691 3739 1847 3803 sunt,
1873 3739 1930 3789 et
1956 3736 2035 3790 vi-

395 3820 479 3875 dit
515 3821 624 3876 sibi
651 3827 846 3877 astare
868 3822 1133 3890 angelum
1163 3821 1371 3877 blanda
1398 3837 1458 3877 se
1477 3837 1619 3878 voce
1639 3822 2032 3894 alloquentem

391 3915 448 3964 et
483 3909 772 3964 dicentem
800 3929 812 3964 :
851 3930 876 3959 «
902 3910 1005 3966 Diu
1033 3915 1088 3965 te
1109 3909 1390 3979 cogitatio
1412 3915 1510 3965 tua
1538 3925 1767 3966 morosa
1788 3912 2034 3968 curiosi-

393 4002 514 4054 tate
545 3999 816 4067 detinuit,
847 4004 907 4053 ut
931 3999 1114 4055 scires
1139 4000 1305 4068 cujus
1327 3999 1516 4054 meriti
1543 3999 1634 4054 hic
1655 3999 1824 4070 cujus
1843 4001 2034 4071 sepul-

393 4087 534 4141 chro
557 4087 796 4140 adsistis
819 4093 996 4156 esset,
1018 4093 1168 4142 etne
1195 4092 1252 4143 te
1276 4088 1500 4144 diutius
1526 4088 1879 4156 fatigandum
1907 4106 2034 4161 pro-

391 4179 567 4242 traat,
601 4175 817 4230 missus
847 4190 970 4229 sum
1004 4176 1111 4230 hcc
1144 4175 1249 4230 tibi
1282 4176 1576 4246 expedire.
1615 4178 1735 4232 Duo
1786 4183 1920 4234 sunt
1977 4179 2031 4234 in

395 4263 498 4316 hac
523 4262 710 4332 cripta
739 4262 1127 4332 quiescentes,
1154 4268 1211 4319 et
1237 4263 1386 4318 diem
1412 4265 1654 4335 Domini,
1677 4281 1789 4335 quo
1813 4267 2032 4339 duplici

394 4349 542 4405 stola
569 4355 1034 4421 remunerentur,
1057 4357 1458 4423 expectantes,
1481 4353 1573 4410 hic
1596 4355 1779 4410 abbas
1798 4357 2036 4414 Richar-

395 4438 525 4509 dus,
541 4441 918 4495 etconfcssor
932 4441 1145 4497 Christi
1163 4441 1490 4513 prmcipuus
1502 4443 1850 4516 Madelveus,
1865 4447 2034 4515 cujus

392 4543 495 4586 vos
527 4529 906 4584 festivitatem
939 4545 1046 4586 suo
1082 4535 1345 4602 tempore
1379 4537 1436 4586 et
1467 4532 1560 4588 die
1590 4533 1838 4604 devotis,
1865 4541 1926 4590 ut
1951 4537 2034 4592 di-

392 4633 564 4688 gnum
599 4622 709 4687 est,
747 4619 1048 4675 honoratis
1080 4620 1318 4676 ofﬁciis:
1357 4626 1559 4692 utpote
1592 4638 1760 4692 quem
1792 4625 1944 4679 Deus
1977 4625 2030 4680 in

391 4723 634 4764 numero
664 4714 998 4764 sanctorum
1033 4723 1272 4764 suorum
1304 4714 1363 4764 et
1396 4711 1868 4780 sertejustorum
1890 4713 2033 4769 asci-

388 4797 490 4854 vit.
520 4797 764 4867 Etjuste
789 4796 1020 4868 quidem
1045 4798 1215 4868 digne
1242 4799 1294 4853 in
1321 4799 1652 4855 memoriam
1671 4800 2034 4858 vertiturho-

389 4887 624 4956 minum,
655 4886 750 4956 qui
783 4885 854 4942 ad
884 4886 1160 4956 gaudium
1195 4887 1422 4942 transiit
1451 4887 1762 4956 justorum.
1799 4889 1901 4944 Hic
1934 4905 2034 4946 au-

387 4981 526 5042 tem,
561 4974 728 5044 cujus
755 4973 922 5030 adsto
953 4975 1286 5046 sepulchro,
1325 4975 1448 5046 pari
1483 4976 1647 5032 vobis
1678 4991 1784 5034 nec
1823 4977 2028 5034 minori

387 5061 696 5117 devotione
714 5063 1077 5118 venerandus
1096 5063 1152 5118 in
1179 5064 1372 5134 terris,
1399 5079 1567 5134 quem
1595 5065 1717 5136 pari
1741 5070 1900 5122 sorte
1925 5082 2028 5124 nec

388 5148 650 5204 inferiori
675 5149 862 5217 gloria
885 5151 1039 5208 Deus
1054 5151 1392 5208 decoratum
1411 5153 1750 5209 sublimavit
1765 5155 2023 5213 1110111118.

387 5236 562 5293 Multa
595 5237 924 5293 sanctitatis
953 5240 1083 5310 ejus
1115 5241 1260 5296 fama
1305 5241 1359 5297 in
1398 5241 1599 5312 terris,
1633 5257 1801 5313 quam
1835 5248 2027 5301 tamen

2148 3287 2427 3358 seculum,
2464 3303 2695 3360 semper
2721 3288 2848 3358 ejus
2876 3289 3143 3346 meritum
3175 3291 3428 3361 accipiet
3470 3291 3779 3348 incremen-

2145 3382 2288 3433 tum.
2324 3379 2594 3434 Testatur
2615 3377 2722 3433 hoc
2747 3379 3114 3448 Normannia,
3143 3381 3362 3435 fatetur
3383 3385 3442 3435 et
3468 3381 3773 3449 Britannia,

2148 3465 2450 3537 applaudit
2471 3470 2588 3522 tota
2615 3466 2796 3522 Gallia
2818 3469 3004 3538 patris
3027 3483 3304 3539 promens
3325 3470 3636 3539 magnalia,
3663 3484 3776 3540 qua:

2147 3560 2364 3626 quanto
2397 3555 2576 3610 letata
2607 3560 2698 3612 est
2725 3561 2782 3611 et
2801 3557 3072 3626 jubilavit
3093 3559 3165 3613 de
3187 3559 3643 3614 conservatione
3664 3557 3775 3627 ejus

2147 3643 2512 3700 sanctissima
2546 3643 2679 3700 dum
2708 3650 2870 3700 esset
2903 3645 2956 3700 in
2992 3645 3228 3715 mundo,
3261 3651 3425 3702 tanto
3454 3663 3608 3703 nunc
3632 3646 3774 3703 dolet

2148 3732 2203 3788 in
2237 3737 2424 3788 morte
2453 3733 2579 3803 ejus
2607 3733 2837 3789 sublata
2870 3734 2981 3789 sibi
3015 3740 3132 3790 tam
3167 3735 3356 3791 felicia
3379 3736 3772 3804 contubernia,

2143 3821 2312 3890 cujus
2343 3821 2462 3876 vita
2495 3820 2824 3878 sanctitatis
2853 3826 2979 3879 erat
3021 3823 3348 3893 speculum,
3403 3824 3772 3896 peuitentium

2145 3909 2441 3980 solatium,
2473 3910 2818 3966 merentium
2843 3911 3193 3982 consolatio,
3220 3911 3572 3970 miserorum
3591 3913 3773 3968 defen-

2143 3999 2248 4054 sio.
2289 3999 2456 4054 Luxit
2482 3997 2610 4067 ejus
2640 3999 2860 4056 obitum
2895 3999 3216 4071 imperator
3243 4006 3304 4056 et
3325 4002 3664 4072 optimates,
3684 4001 3772 4056 de-

2145 4088 2430 4143 fleverunt
2461 4103 2629 4156 reges
2660 4093 2718 4143 et
2750 4089 3077 4159 pontifices,
3115 4089 3329 4146 defecit
3355 4089 3502 4146 tibia
3537 4095 3596 4147 et
3626 4104 3771 4159 orga-

2147 4193 2300 4246 num,
2337 4176 2560 4234 cithara
2593 4181 2652 4232 et
2685 4175 3048 4247 psalterium,
3074 4192 3315 4234 raucum
3342 4186 3546 4236 sonuit
3567 4179 3697 4235 tuba
3717 4182 3769 4232 et

2149 4266 2540 4338 tymphanum.
2577 4265 2846 4320 Ascendit
2879 4265 2950 4320 ad
2983 4267 3159 4321 Deum
3193 4264 3418 4322 clamor
3441 4280 3765 4339 pauperum,

2145 4355 2500 4412 desiderium
2532 4353 2829 4424 egentium
2859 4369 3021 4410 suam
3058 4354 3508 4411 destitutionem
3557 4353 3772 4426 ingemi-

2064 4470 2116 4536 1)
2147 4444 2430 4513 nantium,
2463 4449 2520 4499 et
2547 4449 2609 4499 ut
2634 4457 2795 4512 mage
2819 4443 3072 4511 mireris,
3097 4443 3269 4499 unius
3286 4444 3516 4500 obitum
3541 4442 3766 4536 mundus

2146 4533 2404 4602 deflevit,
2441 4533 2496 4588 in
2529 4547 2642 4602 quo
2695 4537 2856 4588 totus
2901 4531 3036 4588 dum
3086 4531 3313 4588 viveret
3356 4533 3663 4604 requievit.
3703 4531 3766 4585 Et

2145 4636 2493 4693 quamquam
2525 4621 2818 4676 sentirent
2848 4621 3031 4690 magis
3052 4631 3186 4677 esse
3207 4621 3604 4692 gaudendum,
3627 4621 3670 4678 si
3690 4632 3768 4674 ra-

2145 4710 2359 4766 tionem
2383 4710 2472 4767 vis
2489 4709 2712 4766 doloris
2732 4709 3092 4780 admitteret,
3119 4709 3333 4765 ﬂebant
3356 4713 3554 4767 tamen
3588 4707 3766 4783 praeci~

2145 4814 2255 4871 pue
2280 4798 2565 4869 monachi,
2589 4798 2846 4867 virgines
2869 4804 2928 4853 et
2945 4797 3158 4868 viduae,
3179 4798 3328 4854 ordo
3342 4813 3577 4870 quoque
3589 4796 3768 4856 100010-

2142 4887 2439 4958 siasticus,
2461 4888 2588 4959 ejus
2613 4886 2892 4958 peculiari
2917 4887 3411 4959 fultipatrocinio,
3428 4887 3766 4944 flrmaticoa-

2142 4976 2297 5046 silio,
2334 4976 2583 5032 recreati
2615 4975 2890 5046 alloquio.
2926 4976 2972 5032 Ο
3001 4976 3184 5048 patris
3239 4977 3516 5033 meritum
3565 4973 3764 5035 seculis

2141 5064 2542 5135 memorabile,
2563 5066 2815 5137 posteris
2829 5065 3184 5134 venerabile,
3200 5061 3758 5124 omnibusimitabile.

2139 5155 2366 5212 Laudes
2391 5153 2518 5224 ejus
2552 5153 2710 5210 nulla
2744 5169 3013 5225 umquam
3031 5153 3254 5209 delebit
3275 5153 3518 5226 oblivio,
3542 5168 3645 5211 non
3665 5151 3756 5206 mi-

2138 5249 2278 5300 nuet
2311 5243 2594 5315 temporis
2627 5242 3026 5314 interpolatio,
3059 5256 3174 5298 non
3207 5244 3440 5302 auferet
3469 5245 3542 5301 ab
3563 5256 3658 5302 ore
3675 5254 3759 5296 no-

1741 5374 1977 5431 VARIE
2016 5375 2416 5434 LECTIONES.

453 5461 518 5494 διο
535 5455 747 5530 pergit
775 5455 985 5513 auctor
998 5458 1137 5527 post
1161 5459 1415 5530 aliquod
1443 5461 1687 5533 tempus.

453 5631 601 5694 1114)
633 5623 791 5699 Sedit
827 5623 1062 5688 biennio
1095 5626 1326 5683 vivente
1350 5626 1666 5699 Grimoldo,
1693 5631 1905 5688 deinde
1929 5647 2026 5686 au-

382 5698 468 5752 nis
502 5698 823 5754 1078-1099.

1969 5497 2195 5593 Ivem.

2237 5634 2359 5703 115)
2389 5634 2553 5703 Hugo
2585 5631 2776 5703 igitur
2799 5631 3020 5703 aderat.

2241 5639 2337 5689 115
2389 5634 2553 5703 Hugo
2585 5634 2766 5701 igitur
2799 5634 3020 5688 aderat.

2241 5634 2359 5775 1161
2397 5705 2459 5760 111
2489 5702 2876 5773 sequentibus
2906 5699 3208 5771 rhythmos
3237 5715 3510 5773 agnosco.
