3894 6324
94 428 206 495 269

1250 426 1743 495 CHRONICON.
1788 464 1868 478 —-
1909 428 2061 493 LIB.
2111 430 2185 493 Ιῐ.

3376 435 3494 498 2'70

94 574 231 637 stro,
251 573 311 623 et
331 567 381 623 si
406 565 651 637 gravior
671 565 1058 621 excandescat
1079 564 1131 620 in
1154 579 1261 621 nos
1281 579 1617 635 quamnunc
1640 566 1731 620 est
1759 566 1809 631 Α
1837 562 2105 634 intelligi,
2136 565 2185 621 si
2219 565 2368 621 fama
2399 565 2551 621 votis
2583 565 2907 638 annuisset,
2934 567 3134 624 multis
3169 570 3486 628 ecclesram

95 655 394 712 tribulatio
420 656 604 725 (117),
629 668 744 725 quo
770 654 959 709 minus
984 659 1039 708 te
1064 653 1477 723 venerandum,
1516 659 1571 708 te
1598 668 1742 724 pt‘tB-

96 746 415 812 dicandum,
450 746 535 813 te,
573 748 762 814 pater,
799 745 1081 798 fateamur
1104 742 1427 798 omnimoda
1453 741 1624 797 laude
1646 756 1740 796 co-

99 833 334 890 lendum.
361 832 502 889 Tuis
537 833 692 887 enim
730 832 1002 887 laudibus
1035 832 1348 901 immorari,
1371 834 1461 886 est
1492 845 1521 885 a
1557 831 1737 886 tribu-

100 923 299 977 latione
328 920 611 990 relevari,
646 921 781 991 quia
814 920 942 975 laus
974 925 1066 975 tua
1108 920 1303 989 gaudii
1346 923 1438 974 est
1478 924 1537 974 et
1576 919 1739 990 pacis

98 1008 417 1066 admiranda
443 1008 925 1080 comprehensio,
954 1008 1738 1078 merorisetanxietatispro-

96 1098 355 1169 pulsatio.
390 1096 627 1153 Retulit
661 1097 972 1152 humilitati
1006 1101 1220 1152 nostra)
1252 1102 1386 1152 ante
1417 1096 1739 1167 quinquen-

96 1187 256 1257 nium,
290 1202 420 1242 cum
455 1186 714 1242 necdum
736 1191 1143 1254 gustassemus
1179 1186 1379 1255 quanti
1413 1186 1488 1241 sit
1520 1184 1738 1240 laboris

95 1281 147 1331 ct
166 1275 301 1331 tedii
328 1275 523 1331 aliena
545 1289 690 1330 cura
702 1289 781 1343 re,
807 1274 1159 1329 venerabilis
1181 1274 1363 1329 abbas
1385 1277 1598 1329 sanctae
1620 1273 1738 1328 Tri-

96 1364 281 1420 nitatis
308 1363 380 1419 de
420 1368 631 1419 monte
670 1362 1083 1431 Rotomagensi
1133 1363 1295 1431 Hugo
1352 1362 1602 1431 nomine,
1637 1362 1732 1431 qui

94 1469 231 1510 nunc
262 1466 447 1522 usque
478 1456 786 1522 superest,
821 1451 954 1521 quia
987 1465 1115 1506 cum
1156 1454 1312 1506 esset
1344 1449 1399 1505 in
1439 1450 1736 1520 obsequiis

95 1541 304 1613 praefati
336 1540 582 1596 comitis
618 1539 980 1595 Normannize
1016 1538 1308 1606 \Villelmi,
1339 1538 1452 1606 jam
1487 1544 1624 1593 tunc
1648 1554 1735 1593 re-

90 1630 172 1699 gis
201 1627 544 1698 Anglorum,
578 1642 717 1683 cum
747 1631 1105 1682 tractaretur
1136 1626 1189 1680 in
1225 1625 1353 1680 aula
1378 1625 1448 1681 de
1471 1627 1732 1682 honestis

92 1718 223 1772 viris
244 1723 297 1773 et
316 1721 656 1773 memoratu
676 1714 887 1785 dignis,
907 1730 1150 1785 quorum
1176 1714 1298 1785 ipse
1314 1729 1413 1769 rex
1430 1715 1731 1771 habuisset

92 1805 340 1863 notitiam
367 1809 467 1861 aut
492 1806 713 1860 famam
734 1804 1016 1872 audisset,
1040 1803 1536 1874 interpraecipuos
1560 1803 1730 1872 hujus

94 1894 442 1950 admirabilis
477 1894 944 1961 memorabatur,
979 1906 1199 1948 summa
1230 1891 1398 1946 laude
1428 1891 1554 1959 ejus
1599 1891 1731 1946 eﬂ‘e-
1763 1880 1808 1942 B

93 1982 261 2040 rendo
292 1983 620 2054 prmeonia,
672 1980 1080 2049 humilitatem,
1135 1981 1479 2051 sapientiam
1521 1980 1739 2036 discre-

94 2072 313 2140 tionem,
347 2071 527 2128 animi
563 2076 630 2125 et
661 2069 859 2125 vultus
885 2070 1153 2124 devotam
1194 2071 1310 2123 Deo
1358 2069 1733 2139 hilaritatem,

94 2160 362 2217 sermonis
394 2158 760 2227 facundiam,
796 2173 1017 2213 morum
1068 2157 1437 2226 elegantiam,
1475 2158 1737 2213 subdito-

96 2263 207 2304 rum
241 2248 663 2304 reverentiam.
700 2247 1017 2302 Mirabatur
1061 2246 1235 2301 etiam
1288 2246 1440 2315 quod
1486 2245 1576 2301 his
1624 2261 1737 2301 mo-

96 2338 276 2395 dernis
304 2338 692 2409 temporibus
726 2336 796 2391 de
828 2334 958 2391 loco
991 2340 1106 2390 tam
1140 2335 1357 2390 celebri
1389 2334 1547 2391 nulla
1578 2336 1647 2391 ad
1674 2350 1737 2391 se

96 2427 487 2496 commigraret
528 2438 812 2497 persona,
846 2424 1022 2494 nulla,
1076 2428 1136 2480 ut
1186 2424 1431 2489 solebat,
1485 2424 1735 2494 regalem

98 2515 210 2585 ejus
249 2514 751 2585 magnificentiam
791 2517 1097 2584 expeteret
1141 2528 1548 2569 successorum
1592 2514 1737 2569 tanti

100 2604 268 2674 patris
292 2609 385 2661 aut
412 2602 843 2660 monachorum
869 2602 975 2657 loci
999 2601 1468 2667 sedulitas;adeo
1505 2606 1569 2658 ut
1608 2618 1737 2658 cum

100 2692 485 2763 prolegatioue
522 2690 784 2763 quadam
832 2690 980 2745 idem
1014 2691 1176 2759 vir,a
1211 2705 1325 2760 quo
1362 2691 1483 2747 haec
1519 2691 1739 2746 audivi-

100 2795 229 2851 mus,
255 2782 500 2851 quadam
534 2782 675 2836 vice
705 2780 1040 2835 mitteretur
1068 2778 1408 2849 Virdunum,
1444 2779 1596 2834 inter
1626 2778 1735 2835 alia

101 2869 149 2923 id
179 2871 245 2926 ab
272 2871 473 2926 eodem
510 2884 663 2939 rege
695 2873 750 2924 et
784 2868 1110 2924 honorabili
1142 2866 1270 2937 ejus
1292 2867 1534 2937 conjuge
1566 2869 1618 2923 ei
1644 2868 1740 2923 da-

101 2963 246 3015 retur
276 2960 327 3016 in
374 2959 684 3015 mandatis
733 2963 797 3013 ut
840 2957 1169 3013 coenobium
1215 2957 1737 3013 nominatissimum

102 3048 268 3103 sancti
298 3049 495 3105 Vitoni
529 3052 850 3118 expeteret
890 3046 1106 3103 ibidem
1156 3046 1586 3117 hospitaturus,
1638 3060 1737 3117 pa-

100 3141 340 3209 tremque
370 3142 428 3194 et
468 3139 699 3193 fratres
733 3135 841 3192 loci
875 3151 976 3193 sua
1010 3152 1082 3192 ex
1115 3141 1280 3207 parte
1328 3136 1537 3192 devote
1585 3136 1738 3193 salu-
1768 3187 1810 3211 η

98 3226 327 3295 taturus,
362 3231 423 3282 et
456 3226 730 3283 sollicite
758 3230 1071 3281 notaturus
1102 3245 1113 3279 :
1151 3225 1198 3280 si
1234 3225 1381 3281 idem
1418 3226 1513 3295 qui
1558 3240 1737 3295 quon-

100 3308 211 3367 dam
258 3312 597 3371 honestatis
654 3315 712 3368 et
762 3312 1063 3382 religionis
1115 3313 1311 3369 cultus
1367 3314 1603 3382 niteret,
1638 3314 1736 3383 qui

98 3404 234 3455 esset
265 3401 619 3457 monasterii
658 3404 845 3472 pater,
880 3401 927 3456 si
960 3401 1013 3456 in
1046 3416 1116 3456 eo
1148 3402 1318 3457 avitae
1360 3401 1736 3471 paternitatis

98 3492 147 3544 et
174 3488 495 3548 dulcedinis
528 3490 835 3562 specimen
864 3490 1142 3561 eluceret,
1179 3490 1223 3546 si
1258 3490 1313 3545 in
1368 3489 1501 3545 filiis
1551 3489 1737 3558 gravi-

97 3580 223 3635 tatis
243 3586 298 3636 et
339 3581 706 3637 reverentiae
748 3579 1047 3650 antiquum
1100 3580 1284 3636 decus
1330 3580 1633 3649 emineret,
1688 3578 1735 3635 si

101 3680 271 3725 rerum
302 3669 732 3741 temporalium
765 3669 931 3740 copia
962 3670 1314 3739 exuberans,
1367 3669 1414 3724 si
1465 3668 1739 3740 spiritua-

100 3754 222 3812 lium
252 3757 723 3815 delectationum
755 3759 943 3826 gratia
978 3759 1049 3813 ab
1082 3757 1354 3813 ubertate
1394 3756 1600 3812 domus
1639 3756 1738 3812 Dei

101 3850 240 3902 esset
299 3847 652 3904 habitantes
686 3846 1004 3903 debrians:
1076 3848 1267 3904 omnia
1348 3848 1736 3919 prospiceret,

104 3932 309 4004 singula
341 3936 544 3993 vivido
580 3936 905 3991 rimaretur
936 3936 1191 4006 ingenio,
1218 3936 1444 4007 sibique
1471 3937 1734 3993 referret.

104 4020 291 4078 Verum
325 4025 463 4095 quid
521 4038 727 4080 rerum
780 4024 1206 4094 intercesserit,
1263 4025 1416 4094 quod
1459 4024 1739 4095 prmfatus

105 4109 180 4163 vir
207 4112 478 4170 aliorsum
513 4112 933 4183 hospitaturus
966 4113 1297 4182 diverterit,
1345 4118 1404 4168 et
1454 4114 1741 4184 speranti-

109 4196 199 4252 bus
218 4201 427 4271 optima
452 4200 585 4269 regi
612 4205 673 4255 et
698 4200 913 4269 regina:
947 4199 1242 4273 insperata
1277 4199 1565 4270 retulerit,
1612 4214 1741 4255 nos-

104 4288 238 4342 trum
267 4303 374 4345 non
411 4292 506 4346 est
537 4288 801 4359 edicere,
837 4289 1083 4345 maxime
1117 4304 1246 4345 eum
1280 4288 1382 4345 illo
1424 4289 1479 4344 in
1520 4294 1741 4361 tempo-

107 4386 179 4442 re,
207 4377 350 4445 quod
383 4379 441 4435 id
473 4382 716 4449 gestum
749 4383 857 4448 est,
894 4378 1138 4450 puerilis
1171 4378 1359 4434 adhuc
1402 4393 1510 4433 nos
1554 4377 1739 4434 ferula

108 4459 190 4564 his.
209 4464 290 4521 vel
322 4466 627 4564 similibus
658 4472 888 4564 vetaret
939 4467 1263 4564 intendere.
1315 4466 1465 4523 Illud
1512 4470 1739 4523 tantum
1772 4500 1823 4564 Β

110 4556 321 4609 notasse
355 4556 638 4624 sufﬁciat,
673 4555 825 4625 quod
859 4569 963 4611 rex
995 4555 1214 4613 auditis
1245 4571 1372 4626 quae
1406 4570 1515 4612 non
1550 4570 1745 4627 spera-

109 4646 271 4712 verat,
304 4644 409 4700 viri
443 4643 801 4716 spectabilis
832 4648 892 4701 et
925 4645 1201 4701 memoria
1244 4645 1403 4715 digni
1448 4645 1741 4715 egregiam

109 4734 600 4789 conversationem
633 4733 923 4790 reducens
952 4734 1020 4789 ad
1055 4735 1327 4803 animum,
1370 4738 1456 4790 tot
1506 4734 1744 4804 ingemi-

112 4818 421 4879 nationihus
454 4822 592 4892 ejus
625 4820 861 4877 deflevit
905 4823 1150 4893 obitum,
1196 4828 1284 4879 tot
1321 4822 1621 4893 reciproca
1662 4821 1744 4876 vi-

114 4905 442 4967 cissitudine
457 4910 593 4981 ejus
607 4909 888 4966 eﬂ'crebat
902 4912 1194 4981 meritum,
1220 4911 1434 4983 replica
1447 4911 1557 4966 ndo
1580 4910 1744 4965 miris

111 4992 365 5054 laudibus
386 4999 550 5054 illius
575 4998 958 5068 praeconia,et
980 5000 1226 5057 subinde
1252 4999 1571 5071 repetendo
1590 4998 1745 5054 inde-

118 5082 222 5140 bita
241 5092 297 5142 et
321 5089 557 5157 ingrata
580 5092 736 5159 pate:
758 5102 845 5144 nae
873 5089 1173 5145 sedulitati
1197 5090 1573 5146 remissorum
1599 5088 1745 5144 filio-

114 5187 223 5229 rum
242 5176 502 5233 remissa:
534 5174 691 5233 vicis
724 5178 1027 5249 obsequia,
1055 5179 1109 5234 in
1142 5178 1251 5235 hoc
1283 5178 1468 5249 ipsum
1514 5191 1744 5248 quoque

115 5264 250 5318 omni
289 5266 743 5337 congcminante
792 5266 940 5338 aula,
988 5273 1052 5325 ut
1080 5268 1324 5325 daretur
1370 5272 1599 5324 cunctis
1649 5281 1745 5338 pa-

116 5348 211 5407 lam
232 5353 499 5425 intelligi,
534 5354 588 5411 si
638 5355 786 5410 fama
833 5357 986 5415 votis
1038 5357 1357 5428 annuisset,
1409 5356 1607 5414 multis
1655 5370 1746 5411 ee-

1850 651 2173 710 donandam
2198 654 3091 724 muneribus,multa,dilcctione
3114 672 3143 712 a
3165 658 3343 728 regali
3374 660 3493 715 fore

1848 741 2241 798 munificentia
2284 743 2696 799 honorandam.
2734 743 2875 815 (Fol.
2913 743 3047 815 94’.)
3092 746 3355 802 Vidimus
3399 748 3494 803 de-

1848 831 2169 887 moniacum
2193 831 2264 887 ad
2288 833 2698 889 monasterium
2735 833 2887 889 beati
2922 834 3111 890 Vitoni
3145 836 3488 909 adductum,

1849 921 1998 976 intra
2035 921 2419 992 paucissimos
2450 922 2577 978 dies
2594 922 2758 994 plena
2770 923 2867 979 riae
2883 924 3153 980 sanitatis
3174 926 3387 994 gaudia
3405 941 3492 981 re-

1848 1012 2135 1080 portasse,
2161 1026 2328 1081 quem
2360 1027 2488 1068 cum
2523 1011 2578 1066 in
2617 1012 2801 1084 primo
2825 1014 3076 1069 adventu
3103 1028 3210 1069 suo
3235 1016 3489 1071 vinctum

1847 1097 1991 1153 loris
2017 1102 2071 1154 et
2099 1100 2334 1155 funibus
2359 1104 2609 1156 artatum
2635 1100 2782 1155 infra
2798 1101 3044 1171 criptam
3071 1102 3138 1157 ad
3158 1105 3488 1160 memoriam

1846 1192 2178 1244 sanctorum
2230 1189 2444 1245 ibidem
2480 1189 2906 1260 quiescentium
2962 1196 3235 1260 parentes
3275 1192 3489 1249 ducere

1846 1275 2082 1346 vellent,
2099 1277 2436 1335 nullatenus
2462 1282 2797 1349 potuerunt,
2817 1280 2993 1333 credo
3020 1281 3263 1335 demone
3285 1282 3491 1337 timen-

1848 1369 1903 1419 te
1939 1366 2306 1436 przescntiam
2348 1381 2545 1422 eorum
2588 1371 2946 1437 sanctorum,
2984 1383 3227 1438 quorum
3266 1371 3490 1426 meritis

1843 1454 2044 1509 eadem
2094 1454 2360 1511 aecclcsia
2399 1455 2748 1513 inlustratur
2787 1460 2842 1511 et
2899 1460 3209 1528 praesentia
3252 1460 3491 1515 decora-

1841 1546 1941 1599 tur
1968 1542 2052 1598 ³¹⁷.

1915 1631 2054 1702 (Fol.
2091 1636 2206 1701 95.)
2241 1635 2402 1689 Anno
2433 1634 2504 1689 ab
2537 1634 2645 1690 inc.
2680 1637 2837 1690 Dom.
2872 1640 3030 1705 1051,
3059 1638 3226 1691 Leoni
3266 1640 3329 1694 1X
3361 1655 3490 1696 suc-

1841 1720 2019 1775 cessit
2045 1720 2264 1788 Victor,
2282 1726 2338 1775 et
2362 1724 2393 1777 4
2416 1736 2563 1777 anno
2586 1722 2837 1785 obiit;et
2862 1726 3150 1779 successit
3175 1726 3225 1781 ei
3253 1726 3489 1798 Stepha-

1843 1825 1966 1877 nus,
1994 1809 2088 1879 qui
2123 1814 2179 1864 et
2214 1811 2558 1866 Frederieus
2582 1812 2761 1866 frater
2787 1812 3080 1867 Godefridi
3110 1813 3482 1884 ducis,cujus

1843 1897 2029 1967 primo
2063 1901 2311 1967 papatus
2341 1912 2490 1953 anno
2539 1898 2684 1953 obiit
2731 1899 2884 1969 apud
2927 1899 3168 1955 Goslare
3206 1904 3487 1959 Henricus

1847 1985 2185 2056 imperator,
2203 1988 2259 2040 et
2292 1986 2589 2056 exsequiis
2618 1987 2764 2057 ejus,
2791 1988 3077 2055 interfuit,
3098 1990 3193 2059 qui
3219 1994 3274 2044 et
3300 1992 3481 2061 Spirae

1845 2073 2112 2144 sepultus
2160 2079 2251 2130 est
2297 2088 2345 2129 a.
2400 2076 2472 2129 ab
2523 2075 2632 2130 inc.
2671 2077 2828 2130 Dom.
2884 2080 3040 2131 1056.
3086 2079 3152 2131 Et
3205 2080 3482 2135 remansit

1848 2167 2039 2232 Agnes
2062 2162 2402 2233 imperatrix
2433 2179 2562 2219 cum
2598 2164 2713 2219 filio
2743 2164 3120 2235 parvulo.qui
3153 2172 3213 2221 et
3245 2182 3484 2237 regnum

1847 2251 2100 2321 optinuit
2132 2251 2241 2307 sub
2272 2255 2465 2306 tutore
2490 2252 2653 2321 regni
2688 2256 2923 2308 Annone
2945 2253 3274 2309 Coloniensi
3301 2256 3490 2310 archi-

1847 2339 2128 2410 episcopo
2158 2340 2361 2409 (1056).
2401 2339 2558 2394 Obiit
2584 2354 2815 2410 quoquc
2837 2340 3165 2411 Stephanus
3188 2347 3405 2400 a.1058
3427 2351 3481 2399 ct

1848 2429 2116 2499 sepultus
2140 2432 2227 2483 est
2254 2428 2403 2500 apud
2442 2429 2753 2484 Lucensem
2779 2430 3001 2499 urbem,
3028 2431 3122 2486 ubi
3150 2431 3345 2488 multa:
3369 2432 3485 2488 Deo

1850 2520 2203 2586 cooperante
2240 2516 2384 2572 fiunt
2414 2518 2484 2572 ad
2514 2517 2638 2585 ejus
2676 2517 2961 2573 tumulum
2996 2519 3247 2576 virtutes
3278 2522 3481 2592 (1059).

1852 2605 2148 2660 Successit
2179 2604 2229 2659 ei
2254 2605 2586 2673 Nicbolaus,
2613 2606 2709 2675 qui
2733 2609 2766 2658 εὶ
2788 2620 2936 2660 anno
2957 2606 3342 2664 ordinationis
3364 2624 3486 2666 suae

1850 2692 2159 2748 concilium
2209 2693 2415 2749 habuit
2460 2694 2512 2748 in
2566 2693 2804 2747 basilica
2852 2694 3247 2766 Lateranensi,
3291 2712 3486 2753 mense

1852 2780 2056 2851 Aprili,
2094 2780 2293 2836 indict.
2328 2784 2395 2835 12
2418 2799 2432 2847 ;
2457 2782 2554 2836 ubi
2579 2780 3022 2838 considentibus
3051 2785 3487 2843 venerabilibus

1850 2869 2656 2940 archiepiscopis,episcopis,
2683 2870 2996 2926 abbatibus
3020 2886 3117 2927 seu
3144 2873 3487 2929 venerabili-

1852 2959 1960 3012 bus
1980 2956 2327 3028 presbiter-is
2348 2962 2402 3010 et
2425 2957 2704 3026 diaconis,
2722 2956 2792 3011 de
2816 2956 3102 3013 electione
3124 2961 3330 3014 summi
3352 2976 3487 3031 pon-

1848 3046 2026 3101 tiﬁcis
2050 3046 2372 3101 decernens
2392 3045 2471 3100 ait
2496 3046 2645 3116 (118)
2672 3065 2683 3099 :
2707 3067 2733 3094 ‹‹
2754 3044 2924 3101 Novit
2944 3047 3246 3104 beatitudo
3263 3053 3481 3120 vestra,

1848 3133 2219 3189 dilectissimi
2254 3134 2467 3189 fratres
2489 3137 2545 3188 et
2569 3134 2922 3206 coepisc0pi,
2950 3134 3225 3191 inferiora
3255 3150 3485 3207 quoque

1849 3224 2102 3278 membra
2130 3236 2243 3278 non
2277 3222 2468 3291 latuit,
2507 3223 2781 3277 defuncto
2812 3222 2921 3293 piae
2956 3224 3244 3280 memoriae
3277 3224 3488 3280 domno

1848 3312 2140 3383 Stephano
2170 3311 2477 3367 decessore
2511 3319 2736 3382 nostro,
2769 3313 2891 3367 haec
2933 3312 3253 3383 apostolica
3289 3313 3483 3381 sedes,

1846 3400 1939 3456 cui
1971 3401 2087 3455 Deo
2121 3404 2360 3475 auctore
2393 3400 2680 3469 deservio,
2702 3404 2837 3470 quot
2872 3401 3114 3458 adversa
3149 3401 3485 3474 pertulerit,

1849 3493 1993 3559 quot
2025 3488 2274 3560 denique
2325 3503 2427 3560 per
2460 3489 2817 3560 Symoniacae
2857 3490 3079 3545 heresis
3124 3495 3491 3562 trapaezetas

1849 3577 2074 3633 malleis
2104 3582 2162 3633 et
2194 3577 2419 3633 crebris
2444 3578 2819 3634 tunsionibus
2852 3579 3395 3647 subjacuerit,adco
3427 3587 3491 3637 ut

1847 3666 2155 3737 columpna
2187 3666 2285 3721 Dei
2318 3666 2571 3721 viventis
2605 3666 2837 3736 jamjam
2882 3682 3027 3736 pene
3058 3667 3360 3723 videretur
3391 3682 3495 3724 nu-

1849 3759 1996 3825 tare,
2031 3760 2090 3811 et
2120 3769 2333 3824 sagena
2366 3754 2572 3810 summi
2604 3754 2916 3824 piscatoris
2940 3755 3215 3825 procellis
3248 3755 3493 3813 intume-

1852 3844 2155 3902 scentibus
2178 3843 2233 3897 in
2258 3842 2542 3911 naufragii
2578 3842 2861 3912 profunda
2897 3842 3206 3911 submergi.
3235 3843 3416 3913 Unde,
3439 3845 3490 3900 si

1851 3932 2041 4004 placet
2075 3930 2430 3987 fraternitati
2455 3934 2687 3999 vestrae,
2720 3930 3001 3986 debemus
3032 3930 3349 3987 auxiliante
3374 3932 3490 3989 Dee

1851 4020 2065 4078 futuris
2079 4020 2313 4076 casibus
2327 4019 2648 4089 prudenter
2662 4025 3056 4085 occurrere,et
3073 4019 3491 4076 {ecclesiastico

1851 4110 2053 4179 statui,
2089 4123 2159 4164 ne
2190 4107 2470 4177 rediviva,
2493 4108 2645 4177 quod
2683 4106 3008 4177 ahsit,mala
3035 4107 3409 4179 prrevaleant,
3437 4109 3491 4164 in

1849 4202 2146 4270 posterum
2182 4195 2527 4268 praevidere.
2564 4195 2934 4268 Quapropter
2967 4196 3241 4253 instructi
3277 4196 3497 4268 praede-

1851 4301 2148 4344 cessorum
2165 4287 2499 4341 nostrorum
2519 4283 2883 4356 aliorumque
2908 4287 3494 4343 sanctorumPatrum

1852 4376 2222 4445 auctoritate,
2242 4373 2609 4430 decernimus
2640 4378 2816 4445 atque
2849 4375 3287 4445 constituimus,
3309 4378 3369 4431 ut
3396 4375 3495 4431 ob-

1853 4468 2028 4523 eunte
2050 4464 2222 4534 hujus
2245 4464 2513 4520 Romana:
2527 4462 2879 4519 universalis
2902 4462 3182 4521 aecclesize
3197 4462 3491 4535 pontifice,

1856 4554 2140 4625 imprimis
2178 4551 2508 4609 cardinales
2549 4552 2810 4624 episcopi
2845 4550 3290 4621 diligentissima
3324 4549 3497 4607 simul

1854 4642 2324 4701 consideratione
2357 4644 2701 4709 tractantes,
2722 4655 2853 4695 mox
2882 4640 2992 4696 sibi
3024 4639 3276 4695 clericos
3305 4638 3495 4694 cardi-

1856 4730 2019 4789 nales
2052 4731 2387 4799 adhibeant,
2412 4730 2613 4799 sicque
2636 4728 2898 4798 reliquus
2928 4727 3124 4783 clerus
3153 4730 3209 4781 et
3246 4723 3495 4797 populus

1858 4822 1929 4878 ad
1949 4833 2298 4877 consensum
2318 4832 2479 4873 novae
2503 4815 2811 4872 electionis
2833 4814 3204 4884 accedant,ut
3227 4813 3495 4870 nimirum

1856 4925 1927 4967 ne
1960 4907 2297 4965 venalitatis
2317 4906 2555 4960 morbus
2578 4903 2838 4974 qualibet
2858 4902 3161 4959 occasione
3184 4900 3494 4973 subripiat,

1858 4997 2113 5068 religiosi
2138 4996 2243 5053 viri
2268 4993 2573 5067 praeduces
2597 4992 2712 5048 sint
2731 4990 2785 5047 in
2811 4989 3185 5062 promovendi
3205 4988 3501 5061 pontiﬁcis

1856 5082 2623 5153 mlectione,reliquiautem
2647 5093 2945 5150 sequaces.
2992 5080 3062 5135 Et
3099 5082 3260 5136 certe
3297 5080 3499 5135 rectus

1856 5180 2031 5247 atque
2054 5174 2350 5245 legitimus
2374 5170 2467 5226 hic
2488 5168 2808 5227 aelectionis
2831 5167 2975 5225 ordo
2999 5167 3405 5241 perpenditur,
3427 5167 3496 5238 si,

1855 5263 2190 5339 perspectis
2227 5261 2589 5318 diversorum
2622 5263 2851 5331 patrum
2892 5257 3112 5327 regulis
3144 5270 3250 5313 seu
3286 5255 3495 5328 gestis,

1856 5356 2034 5412 etiam
2067 5352 2164 5410 illa
2194 5349 2349 5408 beati
2387 5348 2594 5405 Leonis
2626 5345 2917 5405 sententia
2962 5345 3275 5403 recolatur.
3309 5342 3503 5405 Nulla

1461 5455 1549 5511 VA
1559 5453 1694 5510 RIE
1736 5452 2135 5511 LECTIONES.

1689 5597 1909 5653 NOT/E.

179 5518 238 5553 ³¹⁷
264 5525 506 5596 reliqua
518 5537 681 5597 pars
699 5525 941 5594 pagina
966 5530 1155 5585 tacut.

184 5681 325 5822 (117)
356 5685 490 5741 Haec
522 5681 715 5753 igitur
747 5689 873 5753 post
902 5700 1111 5744 annum
1143 5691 1282 5745 1096
1312 5685 1534 5757 scripta
1578 5690 1734 5742 sunt.

186 5752 303 5821 (118
360 5754 440 5810 Cf.
477 5755 631 5811 Men.
672 5752 855 5810 Germ.
888 5756 1059 5822 Legg.
1092 5762 1135 5813 t.
1172 5759 1240 5822 ll,
1271 5759 1330 5812 Β.
1366 5759 1490 5822 177,
1523 5760 1581 5811 et
1616 5771 1734 5822 qua

186 5752 325 5822 (118)
360 5754 440 5810 Cf.
477 5752 631 5811 Lion.
672 5752 855 5810 Germ.
888 5756 1059 5828 Legg.
1092 5762 1135 5813 t.
1172 5759 1240 5826 ll,
1271 5759 1330 5812 Β.
1366 5752 1490 5826 17‘7,
1523 5760 1581 5811 et
1616 5771 1745 5827 quae
1779 5755 1857 5811 ibi
1891 5752 2107 5809 notavi.
