3894 6332
382 425 495 490 271
1344 425 1627 490 HUGON
1634 428 1706 490 IS
1750 426 2098 491 ABBATIS
2142 423 2832 489 FLAVINIACENSIS
3663 425 3764 493 272

380 564 603 636 inquit,
623 562 784 621 ratio
801 563 1040 620 sinitut
1055 561 1214 619 inter
1234 560 1892 633 episcoposhabaantur,
1913 561 2021 632 qui
2052 565 2103 630 Α
2135 560 2190 615 in
2215 560 2614 617 tabernaculis
2637 561 2764 630 ejus
2796 575 2907 616 non
2941 560 3020 617 sit
3051 560 3149 632 qui
3179 560 3489 618 inhabitet.
3536 564 3696 622 Fiant
3715 569 3764 628 li.

389 653 790 711 necaclericis
807 651 1285 720 suntalectimec
1305 665 1342 708 a
1357 649 2023 723 plebibusezpetitimec
2133 647 2190 703 lii
2226 648 2354 718 ejus
2384 648 2589 718 orfani,
2623 655 2683 704 et
2715 663 2925 704 uxores
2949 647 3158 720 mejus
3189 649 3282 706 vid
3296 665 3403 707 ue.
3451 653 3765 716 Commotus

383 740 1024 814 acomprorincialibus
1039 740 1326 812 episcopis
1340 738 2020 812 meta-apalitanijudicio
2131 735 2632 806 amovraturipse,
2650 741 2708 791 et
2728 735 3068 805 iiliiejus,et
3089 737 3438 808 mendicent,
3463 745 3526 796 et
3555 743 3765 814 ejician-

387 831 732 889 consecrati.
767 830 911 896 Quia
949 843 1088 884 vero
1129 827 1302 884 sedes
1345 827 1668 899 apostolica
1700 827 1931 884 cunctis
1963 828 2018 882 in
2128 828 2226 879 tur
2250 823 2320 879 de
2345 824 2807 880 habitationibus
2831 825 2970 880 suis.
2990 826 3296 881 Scrutetur
3311 827 3632 886 fenerator
3651 835 3767 890 sub-

388 921 529 976 orbe
551 925 840 975 terrarum
859 915 1828 990 preferturecclesiis,atqueideo
1843 930 2022 987 super
2132 911 2409 967 stantiam
2442 913 2590 982 ejus,
2625 916 2680 967 et
2715 912 2948 968 deleant
2975 913 3144 969 alieni
3168 914 3404 972 labores
3428 917 3580 986 ejus.
3615 920 3765 979 Orbis

389 1025 451 1066 se
483 1008 994 1079 tnetr0politanum
1026 1007 1239 1062 habere
1271 1021 1381 1062 non
1427 1011 1642 1078 potest,
1693 1005 2022 1063 cardinales
2135 1006 2421 1056 terrarum
2456 1005 2670 1071 pugnet
2698 1007 2903 1057 contra
2938 1001 3120 1072 illum,
3153 1009 3214 1058 et
3242 1010 3460 1059 cuncta
3499 1005 3759 1066 elementa

389 1098 647 1168 episcopi
676 1095 875 1167 procul
898 1093 1666 1165 dubiometrOpolitanivice
1684 1094 2020 1164 funguntur,
2136 1089 2250 1144 sint
2285 1089 2338 1143 ei
2369 1090 2686 1160 contraria,
2721 1095 2778 1144 et
2811 1089 3066 1146 omnium
3100 1096 3438 1148 sanctorum
3489 1096 3764 1164 quiescen-

389 1185 763 1257 quielectum
779 1183 1101 1240 antistitem
1119 1181 1185 1238 ad
1203 1181 1792 1254 apostoliciculminis
1807 1181 2024 1253 apicem
2139 1178 2280 1233 tium
2315 1179 2518 1232 merita
2551 1178 2712 1235 illum
2741 1178 3119 1249 confundant,
3152 1184 3208 1235 et
3242 1179 3297 1236 in
3331 1181 3443 1237 hac
3466 1182 3584 1238 vita
3615 1200 3764 1256 super

391 1275 740 1345 provehunt.
773 1272 1004 1342 Eligant
1034 1275 1226 1327 autem
1261 1269 1334 1326 de
1375 1270 1558 1342 ipsius
1587 1270 1865 1327 ecclesie
1901 1284 2029 1340 gre-
2140 1280 2268 1321 eum
2285 1267 2876 1336 apertamvindictam
2891 1268 3665 1329 ostendant.Observatores
3686 1289 3764 1330 au-

395 1363 526 1431 mio,
561 1363 606 1417 si
640 1365 913 1433 repertus
945 1361 1124 1417 fuerit
1155 1360 1418 1428 idoneus,
1451 1358 1544 1415 vel
1575 1359 1624 1415 si
1652 1357 1724 1414 de
1757 1358 1880 1430 ipsa
1913 1373 2025 1416 non
2142 1359 2258 1410 tem
2301 1354 2474 1424 hujus
2514 1356 2702 1411 nostri
2744 1357 2966 1412 decreti
3009 1357 3105 1412 Dei
3146 1358 3570 1430 omnipotentis
3602 1363 3763 1432 gratia

397 1451 706 1520 invenitur,
733 1465 806 1506 ex
829 1449 938 1506 alia
965 1453 1318 1518 assumatur,
1340 1445 1504 1504 salvo
1528 1446 1727 1504 debito
1743 1447 1959 1504 honore
1971 1452 2026 1502 et
2144 1446 2433 1514 protegat,
2451 1447 2507 1499 et
2525 1444 2880 1501 auctoritate
2898 1446 3199 1502 beatorum
3215 1447 3618 1518 apostolorum
3631 1450 3763 1506 Petri

399 1539 723 1594 reverentia
749 1537 946 1594 dilecti
972 1536 1155 1592 nostri
1180 1534 1279 1590 lilii
1303 1535 1552 1605 lienrici,
1579 1535 1676 1606 qui
1701 1535 2034 1606 impresen-
2143 1535 2204 1586 et
2242 1529 2403 1587 Pauli
2447 1531 2518 1586 ab
2559 1532 2830 1588 omnibus
2869 1533 3119 1589 vinculis
3159 1534 3450 1590 absolvat.
3485 1537 3764 1594 Nicholaus

397 1627 606 1683 tiarum
643 1641 744 1683 rex
775 1625 1044 1696 habetur,
1078 1630 1138 1680 et
1173 1625 1401 1681 futurus
1425 1623 1740 1696 imperator
1762 1625 1879 1680 Deo
1901 1639 2034 1681 con-
2148 1619 2468 1690 episcopus
2501 1626 2722 1676 sancte
2755 1626 2815 1676 et
2843 1621 3178 1692 apostolice
3210 1623 3489 1680 Romane
3517 1626 3765 1683 ecclesia

395 1718 642 1773 cedente
675 1721 966 1788 speratur.
1001 1717 1154 1772 sicut
1180 1714 1294 1784 jam
1347 1715 1458 1770 sibi
1509 1715 1922 1784 concessimus,
1975 1720 2032 1771 et
2146 1706 2280 1764 huic
2311 1709 2552 1766 decreto
2582 1725 2611 1765 a
2645 1710 2813 1766 nobis
2845 1711 3212 1781 promulgato
3243 1713 3591 1784 subscripsi.
3614 1717 3764 1772 Bone-

396 1821 800 1862 successopun]
839 1805 1012 1873 iuius,
1049 1804 1146 1874 qui
1171 1805 1244 1860 ab
1279 1804 1386 1859 hac
1409 1803 1725 1874 apostolica
1749 1803 1886 1860 sede
1909 1818 2037 1875 per-
2073 1868 2108 1875 _
2149 1795 2331 1852 facins
2353 1797 2700 1853 Albanensis
2721 1799 3038 1869 subscripsi
3065 1801 3426 1856 Humbertus
3446 1807 3660 1860 sancte
3691 1817 3763 1858 ec-

396 1895 676 1950 sonaliter
710 1895 813 1948 hoc
841 1894 936 1962 jus
968 1868 1630 1963 impetraverint.-Quod
1651 1891 1700 1948 si
1722 1868 2034 1963 pravorum
2071 1868 2115 1932 Β
2141 1883 2336 1940 clesie
2358 1885 2528 1942 Silve
2553 1886 2822 1943 Candide
2836 1868 3181 1958 subscripsi.
3211 1909 3239 1940 »
3264 1890 3481 1947 Petrus
3501 1891 3762 1947 Ostiensis

395 1987 570 2052 atque
604 1982 928 2052 iniquorum
962 1981 1255 2038 hominum
1289 1981 1364 2037 ita
1395 1981 1760 2052 perversitas
1783 1979 2038 2037 invalue-
2145 1971 2458 2044 episcopus
2489 1975 2816 2046 subscripsi
2848 1981 2908 2031 et
2939 1977 3140 2032 ceteri
3167 1978 3436 2050 episcopi
3463 1995 3688 2036 numero
3711 1984 3763 2036 76

397 2070 492 2138 rit,
524 2074 585 2125 ut
619 2085 784 2140 pura,
818 2070 1047 2128 sincera
1082 2075 1258 2139 atque
1288 2069 1544 2138 gratuita
1574 2068 1805 2126 electio
1830 2069 1951 2124 ﬁeri
1979 2069 2033 2124 in
2147 2075 2276 2117 cum
2302 2062 2648 2133 presbiteris
2667 2067 2725 2119 et
2749 2064 3092 2121 diacombus
3109 2066 3612 2138 subscripserunt.

395 2158 546 2213 Urbe
575 2173 686 2213 non
716 2158 922 2228 possit,
953 2156 1284 2213 cardinales
1303 2157 1566 2228 episcopi
1590 2172 1719 2213 cum
1744 2155 2038 2227 religiosis
2220 2151 2398 2206 item:
2436 2169 2463 2201 α
2499 2152 2813 2208 Nicholaus
2861 2153 3201 2225 episcopus},
3247 2169 3461 2213 servus
3498 2172 3760 2214 servorum

395 2246 630 2301 clericis
651 2247 1078 2316 catholicisque
1102 2246 1304 2316 laycis,
1335 2244 1470 2300 licet
1495 2245 1716 2316 paucis,
1737 2245 1834 2316 jus
1859 2249 2040 2316 potes-
2147 2237 2268 2308 Dei,
2304 2239 2573 2296 omnibus
2606 2240 3078 2312 archiepiscopis,
3111 2242 3427 2314 episcopis,
3463 2245 3759 2313 abbatibus,

401 2334 537 2388 tatis
563 2334 866 2388 obtineant
896 2334 1114 2402 eligere
1139 2332 1484 2404 apostolice
1508 2334 1667 2390 sedis
1689 2333 2036 2405 antistitem,
2147 2326 2382 2384 clericis
2404 2334 2461 2383 et
2483 2327 2664 2398 layeis
2683 2328 2972 2400 ﬁdelibus,
2999 2334 3116 2385 tam
3139 2331 3470 2400 majoribus
3501 2348 3659 2404 quam
3683 2334 3762 2388 mi-

400 2421 494 2478 ubi
518 2421 1371 2490 congruentiusjudicaverint.
1400 2422 1576 2478 Plane
1601 2429 1906 2494 postquam
1927 2423 2041 2480 ele-
2151 2416 2394 2472 boribus
2426 2431 2527 2487 per
2569 2433 2770 2473 omnes
2803 2417 3019 2473 Gallias
3060 2421 3580 2492 commorantibus,
3621 2422 3762 2477 immo

397 2509 516 2565 etio
540 2509 714 2565 fuerit
742 2511 909 2578 facta,
939 2508 1546 2580 sibellicatempestas
1569 2511 1661 2567 vel
1693 2510 2042 2582 qualiscum-
2152 2504 2537 2575 AquitaniciS,
2581 2507 2962 2563 Wasconibus
3008 2507 3256 2563 salutem
3308 2514 3368 2565 et
3417 2510 3760 2581 apostolicam

404 2613 516 2667 que
539 2597 832 2653 hominum
858 2603 1104 2654 conatus
1122 2598 1503 2667 malignitatis
1518 2601 1715 2657 studio
1731 2601 2038 2671 restiterit,
2155 2593 2618 2649 benedictionem
2635 2595 2681 2665 (l
2702 2596 2782 2665 l9)
2799 2594 3182 2666 Quicumque
3207 2598 3504 2669 sacerdOS,
3520 2599 3760 2656 diaconus

404 2691 466 2741 ut
493 2686 540 2741 is
564 2686 660 2756 qui
685 2686 913 2743 electus
929 2692 1018 2742 est
1043 2687 1097 2740 in
1123 2686 1440 2757 apostolica
1463 2687 1780 2757 sedejuxta
1800 2703 2046 2745 consue-
2153 2687 2210 2737 et
2229 2681 2623 2738 subdiaconus
2640 2683 3120 2754 postinstitutum
3137 2685 3325 2743 beate
3341 2689 3629 2744 memorie
3651 2702 3763 2758 pre-

404 2774 661 2829 tudinem
689 2775 1028 2830 intronizari
1051 2790 1162 2831 non
1188 2775 1401 2845 valeat,
1428 2775 1656 2833 electus
1681 2782 1868 2833 tamen
1891 2778 2042 2833 sicut
2155 2769 2484 2826 decessoris
2517 2771 2702 2826 nostri
2731 2772 2934 2828 Leonis
2956 2787 3119 2844 pape
3151 2773 3222 2828 de
3245 2776 3528 2832 castitate
3556 2775 3760 2832 clerico-

402 2875 545 2932 papa
578 2863 987 2919 auctoritatem
1021 2863 1286 2935 optineat
1310 2863 1823 2934 regendisanetam
1844 2866 2046 2922 Roma-
2156 2872 2280 2912 rum
2309 2858 2690 2914 concubinam
2723 2858 2912 2930 palam
2943 2860 3129 2931 duxit,
3160 2861 3251 2918 vel
3285 2861 3527 2920 ductam
3557 2879 3658 2920 non
3694 2877 3760 2918 re-

406 2965 533 3006 nam
567 2950 912 3019 mcclesiam,
947 2955 1005 3008 et
1039 2951 1388 3022 disponendi
1420 2967 1620 3009 omnes
1651 2953 1960 3010 facultates
1982 2953 2046 3009 i1-
2157 2943 2348 3014 liquit,
2373 2960 2442 3001 ex
2466 2951 2631 3017 parte
2655 2947 2751 3002 Dei
2776 2947 3196 3018 omnipotentis
3217 2952 3577 3008 auctoritate
3599 2952 3758 3008 beato-

400 3037 515 3094 lius
531 3055 546 3100 ;
565 3039 720 3110 quod
746 3041 977 3096 beatum
993 3040 1336 3108 Gregorium
1350 3044 1486 3096 ante
1499 3039 1862 3098 electionem
1881 3058 1938 3099 su

2219 3048 2281 3087 nn
2305 3034 2706 3103 apostolorum
2729 3036 2886 3090 Petri
2909 3042 2968 3092 et
2992 3037 3154 3094 Pauli
3181 3039 3576 3112 precipimus,
3597 3044 3650 3096 et
3667 3054 3757 3095 om-

400 3127 604 3182 l‘ecisse
621 3142 766 3196 cogn
787 3127 1047 3183 .scimus.
1077 3127 1238 3194 Quod
1265 3128 1313 3183 si
1340 3127 1471 3198 quis
1492 3133 1698 3185 contra
1723 3129 1830 3186 hoc
1847 3130 1938 3187 det

2221 3135 2294 3177 no
2325 3121 2800 3194 contradicimus,
2835 3129 2898 3181 ut
2931 3126 3161 3182 missam
3203 3142 3317 3184 non
3357 3134 3574 3202 cantet,
3605 3141 3755 3199 neque

2217 3211 2517 3234 ,ιι-,κηιῖηη-
2553 3217 2644 3234 ---ι
2689 3213 2985 3234 --ξ-ι-1-..-
3028 3231 3046 3234 _
3080 3216 3092 3234 I
3131 3216 3294 3234 ;-!_--
3402 3218 3415 3234 I
3472 3233 3475 3234 ,
3537 3225 3548 3234 .
3649 3231 3751 3234 .,,,_

399 3221 520 3271 tum
551 3219 816 3270 nostrum
851 3216 1115 3286 synodali
1148 3215 1438 3271 sententia
1469 3218 1899 3288 promulgatum
1939 3234 2046 3292 per
2078 3211 2124 3234 υ
2157 3211 2520 3279 evangelium
2551 3217 2649 3268 aut
2683 3213 2991 3284 epistolam
3023 3216 3095 3272 ad
3127 3216 3368 3274 missam
3401 3218 3574 3290 legat,
3605 3231 3754 3288 neque

395 3302 743 3358 seditionem
776 3303 868 3358 vel
899 3304 1414 3378 presumptionem
1438 3309 1536 3360 aut
1563 3304 1866 3376 quodlibet
1891 3307 2047 3378 inge-
2157 3297 2211 3352 in
2237 3298 2590 3368 Pl‘eSbitel'io
2615 3299 2683 3354 ad
2708 3300 2899 3356 divino
2923 3302 3106 3359 oﬂlcia
3128 3319 3257 3360 cum
3284 3305 3379 3362 his
3413 3306 3510 3376 qui
3542 3305 3754 3378 praefata

400 3390 556 3444 nium
581 3389 846 3459 electus,
874 3395 972 3445 aut
997 3390 1171 3446 etiam
1200 3390 1508 3448 ordinatus
1532 3407 1633 3448 seu
1657 3393 2049 3468 intronizatus
2156 3385 2564 3443 constitutioni
2588 3388 2928 3446 obedientes
2953 3391 3168 3448 fuerint
3190 3399 3444 3464 maneat,
3471 3405 3754 3466 nequepar-

309 3474 320 3480 ’
399 3477 600 3546 fuerit,
632 3477 988 3533 auctoritate
1007 3478 1202 3535 divina
1226 3484 1285 3535 et
1301 3484 1633 3537 sanctorum
1648 3482 2044 3553 apostolorum
2156 3479 2272 3530 tem
2296 3476 2368 3530 ab
2391 3474 2657 3532 ωοοιθεὶθ
2682 3477 2948 3550 reeipiat,
2969 3494 3269 3551 Quousque
3292 3496 3324 3538 a
3365 3483 3533 3540 nobis
3569 3486 3754 3538 sentcn-

397 3565 556 3621 Petri
581 3571 637 3621 et
661 3565 821 3621 Pauli
847 3572 1135 3638 perpetuo
1158 3569 1526 3625 anathemate
1551 3585 1681 3626 cum
1707 3571 1832 3628 suis
1851 3577 2047 3629 aucto-
2157 3565 2236 3619 tia
2260 3579 2439 3634 ευρον
2459 3563 2812 3635 Ῑιυὶυειηοάί,
2836 3568 2950 3624 Deo
2977 3570 3365 3642 concedente,
3396 3570 3675 3644 procedat.
3701 3568 3749 3622 Et

401 3654 581 3724 ribus,
619 3655 963 3726 factoribus,
1009 3657 1380 3728 sequacibus,
1413 3672 1442 3713 a
1483 3657 1780 3715 liminibus
1830 3666 2046 3718 sancte
2155 3651 2566 3724 Ρΐεὲοίρίθηίθε
2603 3655 2919 3712 sumimus
2957 3661 3018 3713 υἱ
3060 3656 3138 3712 bii
3171 3658 3585 3729 Ρνωάίοιονυω
3629 3655 3750 3713 οτδί·

401 3742 792 3798 Dciecclesie
807 3749 1115 3814 separatus
1130 3744 1474 3815 subjiciatur
1489 3747 2044 3806 sicutantichristus
2157 3754 2311 3809 num,
2338 3740 2434 3811 αυί
2456 3741 2640 3797 eidem
2660 3742 3752 3814 ρνθθᾱθοθεεοτῑηοεινοοδθάίθηιθεεὲυε

399 3835 458 3885 et
490 3830 728 3887 invasor
755 3837 930 3902 atque
962 3833 1300 3890 destructor
1331 3834 1512 3891 totius
1561 3835 2040 3907 Christianitatis,
2157 3829 2492 3886 institutum
2508 3831 3067 3903 servaverint,juxta
3082 3834 3369 3894 ecclesias
3402 3837 3606 3908 quibus
3631 3831 3751 3889 ordi-

398 3933 503 3975 nec
535 3918 727 3990 aliqua
761 3935 938 3992 super
970 3921 1079 3978 hoc
1109 3922 1407 3978 audientia
1435 3923 1750 3995 aliquando
1779 3925 1831 3982 ei
1857 3939 2045 3983 reser-
2156 3917 2275 3972 noti
2308 3923 2464 3988 sunt,
2497 3918 2650 3975 Sicut
2689 3925 2927 3990 oportet
2970 3921 3272 3992 ι’θιίςίοεοε
3310 3925 3579 3996 Clericos:
3615 3917 3746 3980 Simul

399 4012 592 4077 vetur,
621 4009 722 4063 sed
743 4009 814 4063 ab
837 4011 990 4064 omni
1016 4007 1441 4066 ecclesiastico
1461 4011 1668 4082 gradu,
1694 4012 1747 4067 in
1773 4028 2046 4084 quocum-
2157 4006 2508 4062 manducent
2539 4011 2598 4062 et
2630 4007 2939 4080 dormiant,
2973 4015 3034 4066 et
3064 4011 3351 4083 quidquid
3398 4015 3471 4070 ab
3508 4007 3748 4070 ecclesiis

398 4110 510 4166 que
543 4096 706 4166 prius
739 4096 950 4166 fuerat,
984 4098 1110 4152 sine
1145 4099 1500 4155 retractione
1541 4099 1887 4171 deponatur.
1941 4103 2044 4159 Cui
2156 4096 2435 4166 competit
2466 4097 2854 4153 communiter
2885 4099 3153 4156 habeant.
3189 4123 3214 4148 ι

403 4183 669 4253 quisquis
703 4184 1024 4254 adheserit,
1079 4186 1170 4241 vel
1221 4186 1702 4258 qualemcumque
1751 4193 2043 4262 tamquam
2229 4185 2412 4255 (1060)
2447 4187 2604 4240 Hunc
2640 4185 2816 4254 igitur
2845 4187 3142 4245 Nicolaum
3175 4204 3384 4262 papam
3424 4191 3612 4247 adiens
3649 4187 3746 4240 Wa-

403 4271 668 4340 pontifici
701 4272 1093 4328 reverentiam
1126 4272 1476 4344 exhibuerit,
1503 4282 1600 4331 aut
1627 4276 1680 4331 in
1701 4277 1941 4349 aliquoe

408 4359 719 4383 ,lnrAan..-
755 4361 1194 4383 __..-.-..-..--_:A
1257 4362 1378 4383 ---ξ
1410 4366 1689 4383 --_n-_-.-_
1739 4365 1802 4383 ,⁸.
1851 4382 1854 4383 ,
1901 4382 1906 4383 ,

2206 4285 2435 4328 arannus
2459 4273 2640 4328 abbas
2659 4274 2854 4330 Sancti
2877 4276 3091 4346 Vitoni,
3126 4271 3487 4348 querimonia
3519 4279 3650 4333 facta
3675 4287 3744 4328 su-

2206 4375 2256 4383 __
2284 4361 2486 4383 nm..-
2518 4363 3160 4383 ηηημ-,εμηρμλκ
3393 4368 3404 4378 .
3478 4364 3726 4383 ...__._____

405 4359 720 4414 defendere
753 4361 1218 4432 praesumpserit,
1256 4362 1379 4433 pari
1407 4366 1698 4421 sententia
1731 4365 1808 4422 sit
1831 4369 2046 4425 manci-
2075 4359 2125 4383 υ
2156 4375 2257 4432 per
2279 4361 2491 4418 comite
2515 4363 2832 4418 Rutenensi
2853 4380 2958 4435 pro
2973 4365 3166 4422 fundis
3187 4366 3458 4424 ecelesie
3478 4364 3745 4422 Virdunen-

407 4451 600 4519 patus.
637 4447 777 4517 (Fol.
811 4449 926 4520 95.)
959 4447 1234 4520 Quisquis
1265 4454 1455 4508 autem
1499 4451 1668 4524 hujus
1717 4455 1904 4512 nostri
1953 4456 2050 4513 de-
2157 4449 2240 4504 sis
2273 4449 2406 4506 sitis
2439 4450 2493 4506 in
2523 4452 2802 4508 comitatu
2835 4452 3146 4509 Rutenensi
3179 4469 3327 4524 quos
3357 4458 3556 4511 sancto
3581 4452 3745 4506 Vitono

402 4537 552 4594 creti
617 4535 710 4593 vel
763 4537 1072 4595 sententie
1132 4543 1450 4596 temerator
1492 4543 1778 4614 extiterit,
1831 4549 1892 4600 et
1939 4545 2051 4602 Ro-
2158 4540 2483 4609 auferebat,
2516 4540 2572 4596 id
2599 4547 2688 4598 est
2719 4541 3523 4600 MaderniacumPuliniacum
3543 4537 3740 4603 etalios,

415 4639 502 4680 ma
515 4639 643 4681 nam
667 4624 994 4682 ecclesiam
1020 4639 1123 4683 sua
1144 4629 1596 4700 presumptione
1617 4631 1971 4688 confundere
1989 4638 2052 4690 et
2157 4627 2414 4700 optinuit
2437 4628 2668 4688 litteras
2691 4631 2763 4687 ab
2779 4645 2848 4688 eo
2870 4631 3076 4688 missas
3093 4632 3339 4704 prefato
3358 4630 3552 4690 comiti
3580 4630 3628 4684 in
3652 4625 3744 4680 haec

403 4716 756 4784 perturbare
820 4718 1027 4772 contra
1091 4715 1199 4772 hoc
1276 4720 1564 4774 statutum
1639 4721 2046 4792 temptaverit,
2161 4718 2374 4773 verba:
2413 4741 2438 4766 α
2462 4717 2736 4776 Nicolaus
2765 4719 3094 4791 episcopus,
3121 4735 3330 4778 servus
3352 4732 3633 4778 servorum
3650 4709 3740 4778 Dei,

401 4807 693 4874 perpetuo
751 4803 1121 4862 anathemate
1197 4809 1372 4877 atque
1449 4808 2046 4868 excommunicatione
2158 4807 2222 4862 R.
2245 4806 2564 4863 Rutenensi
2587 4807 3024 4865 comitidilecto
3050 4807 3434 4866 ﬁliosalutcm
3469 4813 3526 4864 et
3555 4804 3740 4877 aposto-

399 4892 767 4964 dampnctur,
798 4898 860 4949 ct
885 4909 1016 4950 eum
1050 4893 1244 4966 impiis
1279 4893 1510 4966 quando
1543 4901 1850 4966 resurgent
1883 4897 1939 4954 in
1962 4899 2052 4969 ju-
2159 4895 2328 4952 licam
2365 4896 2825 4954 benedictionem
2857 4897 3024 4969 (120).
3047 4899 3472 4968 Cognoscentes
3500 4895 3577 4952 tui
3605 4886 3738 4949 animi

399 4977 550 5036 dicio
584 4986 914 5051 reputelur.
942 4981 1375 5054 Omnipotentis
1401 4983 1629 5040 scilicet
1652 4985 1751 5041 Dei
1775 4986 1968 5043 Patris
1988 4993 2046 5045 et
2159 4985 2544 5057 propositum,
2579 4991 2636 5041 et
2674 4987 2824 5057 quod
2856 4991 3096 5059 propter
3125 5001 3366 5057 regnum
3395 4986 3490 5044 Dei
3526 4989 3578 5042 et
3603 4974 3741 5054 justi

400 5066 528 5122 Filii
552 5072 613 5122 et
636 5068 890 5138 Spiritus
915 5071 1100 5127 sancti
1127 5076 1330 5127 contra
1357 5071 1578 5128 seiram
1595 5073 1832 5146 sentiat,
1849 5079 1908 5132 et
1922 5091 2050 5134 sen-
2161 5074 2298 5129 tiam
2321 5074 2446 5144 ejus
2467 5073 2724 5131 volueris
2747 5075 3089 5132 renunciare
3109 5077 3420 5148 temporali
3444 5070 3652 5141 fastigio
3675 5076 3738 5121 sc-

403 5158 633 5210 ctorum
667 5157 1068 5225 apostolorum
1092 5159 1249 5215 Petri
1274 5164 1333 5216 et
1353 5159 1540 5230 Pauli,
1561 5175 1808 5230 quorum
1830 5179 2052 5235 presu-
2156 5162 2442 5219 cularium
2468 5163 2939 5234 occupationum,
2959 5163 3324 5221 confidenter
3350 5164 3454 5220 tibi
3483 5153 3736 5218 denuncia-

399 5241 575 5297 sumit
607 5243 965 5300 confundere
994 5247 1343 5318 ecclesiam,
1382 5247 1440 5303 in
1464 5247 1572 5304 hac
1591 5248 1708 5306 vita
1733 5255 1790 5307 et
1816 5250 1871 5307 in
1899 5252 2050 5310 futu-
2155 5267 2305 5323 mus,
2332 5257 2394 5309 ut
2413 5283 2480 5293 —
2502 5253 2821 5310 secundum
2843 5253 2996 5325 quod
3022 5251 3126 5308 tibi
3148 5251 3500 5310 iniunximus
3526 5260 3638 5304 cum
3661 5251 3735 5296 ore

397 5344 460 5384 ra
492 5329 751 5386 furorem
783 5333 1058 5405 reperiat,
1093 5335 1190 5393 ﬂat
1223 5335 1509 5394 habitatio
1536 5335 1662 5406 ejus
1693 5337 1951 5413 deserta,
1983 5346 2042 5398 et
2156 5341 2228 5398 ad
2256 5356 2322 5399 os
2350 5341 2724 5412 loqueremur
2751 5373 2822 5384 —
2869 5340 3151 5400 ecclesiis
3189 5341 3289 5398 Dei
3334 5347 3394 5399 et
3437 5331 3734 5412 paupei‘ilius

1765 5463 1998 5520 VARUE
2041 5464 2438 5520 LECTIONES.

1984 5604 2206 5662 NOTAE.

465 5691 613 5762 (119)
644 5693 725 5748 Cf.
761 5693 940 5747 Mansi
977 5699 1015 5751 t.
1052 5697 1188 5768 XIX,
1220 5714 1269 5754 c.
1304 5703 1428 5755 873.
2217 5701 2364 5774 (120)
2396 5703 2574 5760 Mansi
2611 5709 2648 5758 t.
2682 5704 2816 5774 XIX,
2853 5719 2884 5760 c
2911 5707 3016 5760 874

464 5522 532 5556 ³η
563 5525 632 5582 U.
663 5539 714 5582 e.
750 5540 806 5581 u.
841 5541 888 5585 ο.
