3894 6318
127 397 233 457 2‘78

125 529 473 585 defensorem
489 528 543 581 te
554 538 839 596 Opponas,
857 521 1264 593 justitiamque
1278 521 1368 578 eis
1385 521 1557 593 adqui
1566 521 1748 578 rendo
1772 518 1828 579 A

127 615 177 672 in
204 615 510 685 conspectu
540 611 644 667 Dei
685 614 1001 667 excusatus
1030 608 1276 679 existas,
1312 607 1465 680 quod
1490 622 1601 664 non
1624 621 1750 664 sme

128 718 288 762 causa
308 700 558 774 gladium
582 702 807 772 portas.
835 699 903 754 Et
927 698 1057 769 quia
1084 701 1350 755 nostrum
1366 701 1451 754 est
1471 702 1530 753 te
1561 697 1751 754 admo-

131 806 275 861 nere,
306 791 351 846 si
385 804 499 861 qua
521 802 638 844 non
658 786 1000 858 negligenda
1023 786 1470 856 cognoverimus
1495 791 1552 842 te
1576 785 1754 855 negli-

129 894 276 953 gere,
306 878 524 935 orando
550 875 725 934 simul
748 881 806 932 et
827 874 1220 947 prmeipiendo
1242 874 1594 930 auctoritate
1616 888 1751 944 apo-

132 970 324 1027 stolica
355 980 679 1036 monemus,
715 969 775 1021 ut
807 964 1157 1020 monasterio
1204 963 1390 1018 sancti
1439 962 1597 1019 Petri
1635 962 1749 1018 sito

131 1056 373 1126 Virduni,
418 1056 576 1126 quod
607 1051 957 1111 venerabilis
987 1051 1076 1107 vir
1104 1050 1573 1121 consanguineus
1614 1054 1751 1105 tuus

132 1146 494 1202 Walerannus
522 1144 708 1200 abbas
734 1141 901 1211 regit,
928 1145 1125 1197 curtes
1148 1154 1292 1209 quas
1331 1138 1386 1194 in
1430 1144 1583 1194 terra
1622 1154 1752 1210 pos-

130 1232 388 1290 sessionis
416 1236 535 1288 tuaa
565 1231 781 1287 habere
802 1227 1126 1307 dinoscitur
1152 1227 1442 1295 restituas,
1469 1240 1560 1295 ne,
1596 1224 1751 1296 quod

130 1323 288 1390 absit,
302 1320 371 1376 ad
387 1318 780 1392 perditionem
798 1316 999 1372 animae
1025 1321 1137 1372 tua:
1162 1315 1487 1370 diutiuseas
1502 1314 1753 1369 retinen-

128 1410 195 1467 do
236 1407 891 1466 excommunicationem
919 1407 991 1461 ab
1022 1404 1494 1461 antecessoribus
1532 1403 1752 1460 nostris

128 1499 483 1569 imprecatam
520 1495 896 1551 invasoribus
927 1507 1124 1549 earum
1150 1492 1434 1548 ineurras.
1462 1493 1573 1547 Nec
1598 1492 1755 1548 volu-

133 1600 248 1642 mus
270 1586 427 1643 dicas
448 1600 478 1640 a
503 1582 988 1659 parcntibustuis
1012 1581 1099 1637 vel
1123 1581 1323 1637 uxoris
1353 1584 1467 1637 tuae
1503 1596 1603 1637 eas
1635 1596 1755 1637 ser-

136 1675 216 1731 vis
232 1675 325 1731 Dei
358 1676 720 1743 subtractas,
759 1672 891 1741 quia
914 1670 1114 1740 justus
1138 1669 1413 1724 Dominus
1433 1669 1627 1725 reddit
1651 1669 1755 1725 ini-

139 1763 397 1835 quitatem
423 1768 661 1835 patrum
684 1761 739 1815 in
761 1760 927 1827 ﬁlios,
955 1759 1007 1813 in
1030 1757 1270 1814 terciam
1294 1764 1353 1813 et
1372 1762 1635 1828 quartam
1659 1772 1755 1827 ge-

1337 384 1842 449 CHRONICON.
1887 420 1963 432 --
2014 386 2166 447 LIB.
2215 388 2288 461 ll,

3393 390 3509 450 274

1932 520 2116 593 (1073)
2152 522 2317 576 Anno
2350 519 2533 591 igitur
2565 521 2635 576 ab
2668 520 3067 577 incarnatione
3104 524 3327 579 Domini
3372 527 3512 581 1074

1858 609 2030 683 (124),
2067 610 2421 682 praesidente
2454 611 2649 666 Roma:
2679 610 2943 667 ecclesiae
2978 625 3127 682 papa
3152 612 3503 683 Alexandro,

1859 698 1978 768 (fol.
2013 702 2103 771 96)
2133 699 2402 755 Giraldus
2431 698 2719 755 Ostiensis
2748 698 3083 770 episcopus,
3120 701 3393 757 Romanae
3429 716 3513 757 se-

1857 787 1949 843 dis
1981 787 2210 856 legatus
2243 787 2295 841 in
2330 786 2549 855 Galliis,
2588 785 2839 842 concilio
2873 786 3134 841 Cabiloni
3168 787 3369 842 habito
3404 789 3508 844 Ro-

1862 891 2007 931 mam
2046 875 2301 945 rediens,
2335 881 2392 931 et
2428 875 2577 946 apud
2611 875 2874 931 Diensem
2914 874 3115 930 urbem
3147 876 3506 948 hospitatus,

1857 979 1984 1019 cum
2009 963 2245 1019 clericis
2269 963 2324 1018 in
2350 962 2619 1019 1888188111
2644 962 2715 1018 (18
2742 962 2999 1019 utilitate
3014 963 3284 1019 ecclesiae
3309 964 3510 1036 loque-

1862 1053 2050 1109 batur.
2087 1053 2219 1108 Erat
2255 1052 2407 1107 enim
2442 1052 2496 1106 in
2524 1051 2726 1106 eadem
2760 1051 2903 1107 urbe
2937 1051 3282 1109 Lancelinus
3313 1055 3509 1122 Symo-

1860 1142 2061 1198 niacus
2082 1141 2273 1197 dictus
2296 1142 2626 1213 episcopus,
2655 1141 2751 1211 qui
2780 1144 3023 1197 vocatus
3053 1140 3123 1196 ad
3154 1142 3509 1198 audientiam

1860 1247 1988 1287 cum
2024 1231 2217 1286 venire
2250 1234 2542 1299 renueret,
2579 1235 2715 1285 etse
2749 1230 2804 1284 in
2821 1228 3509 1301 domoepiscopalimanu

1861 1319 2097 1374 militari
2133 1319 2574 1387 delcnderet,et
2605 1319 3011 1389 episcopatum
3046 1318 3297 1374 retinere
3332 1324 3511 1390 temp-

1858 1410 2013 1463 taret
2044 1409 2335 1463 tractabat
2370 1408 2598 1474 legatus
2631 1422 2761 1463 cum
2793 1407 3041 1477 civibus,
3075 1407 3373 1463 canonicis
3403 1406 3510 1463 sei-

1861 1496 2002 1551 licct
2023 1503 2080 1553 et
2106 1497 2288 1567 plebis
2310 1497 2646 1565 majoribus,
2675 1496 2813 1565 quid
2834 1496 2904 1550 de
2933 1495 3210 1567 epiSCOpO
3244 1500 3506 1565 agerent,

1862 1588 2083 1655 dicens,
2102 1586 2265 1655 juxta
2294 1586 2659 1641 Ambrosium
2682 1584 3089 1655 inexpiabilcm
3114 1600 3245 1642 esse
3269 1585 3499 1656 culpam

1861 1676 2083 1732 venditi
2118 1674 2462 1739 ministerii;
2496 1677 2551 1731 et
2580 1674 2746 1744 juxta
2783 1674 3021 1730 decreta
3056 1680 3391 1730 sanctorum
3417 1689 3510 1745 pa-

1862 1771 2039 1835 trum,
2071 1764 2293 1833 Leonis,
2321 1764 2605 1834 Gregorii,
2631 1762 2891 1818 Nicholai
2916 1770 2974 1818 et
2997 1769 3352 1831 ceterorum,
3374 1777 3512 1831 erga

129 1853 487 1909 nerationem.
524 1851 693 1907 Sicut
723 1849 871 1904 enim
907 1846 1140 1903 conseia
1189 1847 1456 1903 veritatis
1502 1851 1753 1903 testatur
1783 1873 1837 1932 Β
1864 1854 2235 1926 Symoniacos
2256 1852 2468 1909 nullam
2494 1850 2951 1907 miscricordiam
2968 1852 3289 1907 habendam
3316 1852 3370 1906 in
3392 1865 3507 1908 ser-

133 1941 455 2011 antiqnitas,
512 1943 759 1997 sanctus
807 1937 1121 2007 Amantius,
1186 1936 1498 2007 peculiaris
1560 1938 1753 1993 vester

130 2035 408 2101 patronus,
437 2044 543 2086 eas
564 2025 924 2085 contradidit
958 2026 1312 2082 servitorum
1361 2026 1547 2081 sancti
1588 2025 1754 2081 Petri

132 2118 333 2174 usibus.
865 2164 869 2168 .

193 2207 285 2264 His
312 2207 579 2279 acceptis
600 2205 822 2261 litteris
847 2218 975 2260 cum
996 2207 1417 2273 reverteretur,
1442 2203 1591 2274 apud
1624 2205 1761 2259 Are-

133 2308 272 2350 mare
303 2293 729 2351 monasterium
762 2291 910 2362 (121)
938 2304 1161 2346 veneno
1195 2291 1388 2361 periit,
1431 2296 1487 2346 et
1523 2290 1761 2347 8811881-

134 2379 230 2438 dus
250 2382 559 2439 successit.
591 2379 824 2451 Capella
849 2394 987 2434 vero
1010 2380 1081 2433 ab
1106 2377 1764 2434 inhabitantibnsrcten-

136 2473 185 2525 ta
223 2474 326 2540 est,
368 2470 470 2527 sed
507 2467 886 2542 postmodum
930 2465 1204 2535 requisita
1240 2466 1464 2523 reddita
1497 2474 1608 2536 est,
1650 2466 1762 2523 etsi

137 2570 237 2615 non
269 2560 407 2614 tota.
444 2559 515 2613 Et
548 2556 691 2628 quia
724 2569 791 2611 eo
817 2555 1093 2610 defuncto
1125 2568 1235 2609 non
1270 2555 1377 2610 fuit
1410 2555 1504 2625 qui
1536 2554 1765 2611 litteras

146 2645 332 2702 missas
352 2646 557 2703 comiti
604 2641 921 2701 Rutenensi
974 2642 1280 2712 perferret,
1318 2644 1502 2699 adhuc
1534 2642 1765 2698 abbatis

136 2748 250 2790 cum
268 2735 454 2792 fundis
477 2738 717 2791 retenta
742 2736 853 2787 est.
880 2729 1194 2786 Nicliolaus
1215 2746 1445 2802 quoque
1461 2746 1604 2803 papa
1621 2730 1768 2788 obiit

145 2836 273 2879 anno
293 2824 516 2894 eodem,
539 2822 605 2879 id
624 2826 714 2879 est
740 2824 897 2889 1060,
918 2820 989 2873 ab
1016 2819 1124 2874 inc.
1150 2820 1392 2890 Domini,
1415 2826 1473 2877 et
1499 2819 1767 2891 sequenti

141 2923 271 2968 anno
298 2911 691 2969 Walerannus
722 2909 977 2968 decessit
1018 2914 1076 2968 et
1119 2911 1387 2983 sepultus
1439 2908 1588 2981 apud
1635 2922 1771 2964 eun-

141 2997 251 3055 dem
279 2998 491 3058 locum:

201 3090 347 3146 Anno
370 3089 553 3161 igitur
580 3092 715 3146 1061
742 3089 1016 3146 Nieholao
1042 3105 1204 3161 pilsz
1229 3085 1515 3144 successit
1533 3084 1773 3140 Alexan-

140 3175 229 3233 der
244 3178 311 3248 ΙΙ,
332 3184 392 3235 et
412 3178 683 3236 secundo
705 3192 855 3235 anno
877 3179 1046 3246 obiit;
1067 3178 1159 3235 cui
1195 3176 1415 3233 tercius
1440 3173 1768 3231 Alexander
1801 3224 1846 3248 η

1800 3224 1847 3285 C

139 3267 399 3324 successit
416 3269 571 3341 (122)
597 3266 903 3324 Millesimo
931 3282 1159 3338 quoque
1182 3264 1541 3334 sexagesimo
1563 3262 1767 3333 quinto

138 3368 290 3413 anno.
320 3355 434 3413 ind.
461 3361 494 3414 3
515 3354 719 3426 stella,
747 3372 873 3426 quae
901 3361 1128 3412 comete
1152 3351 1693 3424 dicitur,apparuit,
1711 3353 1767 3407 et

138 3443 318 3500 eodem
347 3460 497 3502 anno
528 3444 853 3502 Etwardus
893 3444 1208 3514 Anglorum
1253 3459 1357 3499 rex
1396 3441 1541 3497 obiit
1584 3440 1764 3513 (1066,

136 3532 244 3589 Jan.
277 3535 370 3606 5);
420 3534 520 3605 qui
567 3532 708 3605 quia
751 3533 874 3589 sine
922 3532 1057 3591 filiis
1097 3533 1223 3603 fuit,
1276 3529 1767 3599 consanguineum

138 3633 285 3677 suum
322 3622 681 3680 Willelmum
714 3623 1171 3678 Normannorum
1216 3620 1486 3677 comitem
1538 3622 1666 3689 post
1710 3631 1769 3675 se

142 3721 365 3779 regnare
399 3711 689 3768 instituit.
725 3712 832 3767 Sed
864 3709 1172 3779 Heroldus,
1208 3713 1411 3766 contra
1453 3720 1771 3764 sacramen-

141 3799 245 3851 tum
269 3798 438 3869 quold
470 3797 772 3854 Willelmo
805 3800 1042 3868 fecerat,
1071 3812 1312 3867 regnum
1354 3795 1581 3851 invasit.
1638 3796 1769 3866 lpso

141 3896 293 3956 anno,
330 3900 527 3944 mense
560 3886 829 3957 Octobri,
864 3885 1187 3943 Willelmus
1217 3900 1373 3941 mare
1411 3884 1662 3953 transiit,
1711 3886 1769 3940 et

141 3974 428 4033 commisso
462 3975 677 4049 praelia
708 3977 742 4030 2
772 3975 907 4032 ldus
940 3975 1212 4032 Octobris
1243 3974 1362 4031 ruit
1389 3973 1772 4043 lleroldus,et

142 4059 447 4120 Willelmus
478 4064 580 4120 die
605 4063 820 4120 natalis
848 4063 1069 4121 Domini
1120 4063 1271 4135 apud
1313 4061 1664 4119 Lundoniam
1713 4061 1770 4117 in

142 4161 314 4219 regem
342 4151 619 4210 elevatus
638 4157 699 4208 et
728 4155 1044 4209 coronatus
1073 4155 1181 4221 est,
1221 4152 1383 4206 Anno
1428 4151 1499 4206 ab
1550 4150 1767 4206 incarn.

147 4235 345 4295 Domini
378 4243 518 4297 1063
553 4240 689 4297 linis
720 4240 828 4296 fuit
857 4255 1136 4296 annorum
1166 4238 1373 4296 circuli
1402 4236 1469 4271 ³¹⁹
1496 4236 1593 4309 qui
1639 4252 1774 4293 con-

142 4330 254 4381 stat
284 4328 626 4400 quingentis
656 4328 898 4399 triginta
931 4328 1162 4385 duobus
1194 4327 1376 4397 annis,
1407 4332 1466 4383 et
1506 4324 1770 4396 sequenti

144 4427 276 4471 anno
305 4414 455 4474 idem
487 4417 703 4489 incipit
735 4416 1031 4482 circulus;
1065 4417 1120 4473 in
1155 4416 1321 4487 cujus
1344 4416 1453 4471 line
1476 4415 1588 4471 erit
1609 4413 1774 4471 labor

143 4506 194 4555 et
223 4502 402 4562 dolor.
425 4505 765 4563 Alexander
791 4521 935 4578 papa
961 4505 1269 4577 Gyraldum
1295 4502 1773 4573 Ostiensiemepi-

1865 1944 2054 2000 vanda
2086 1942 2393 2011 dignitate,
2426 1945 2484 1997 et
2519 1942 2652 2011 quia
2685 1940 2951 2010 quisquis
2975 1954 3075 2011 per
3098 1941 3399 2010 pecuniam
3420 1955 3507 1994 or-

1867 2032 2121 2100 dinatur,
2150 2030 2351 2087 adhoc
2373 2035 2435 2087 ut
2466 2030 2564 2085 ﬁat
2585 2028 2882 2084 hereticus
2908 2032 3283 2099 promovetur
3304 2033 3363 2083 et
3387 2043 3505 2084 om-

1869 2136 1971 2177 nes
2001 2120 2093 2190 qni
2128 2119 2177 2174 ei
2211 2119 2605 2189 consentiunt,
2630 2122 2688 2174 et
2714 2117 2809 2187 qui
2832 2116 3142 2172 emendare
3176 2120 3422 2187 possunt
3445 2122 3507 2171 et

1869 2224 1983 2265 non
2013 2209 2341 2275 emendant,
2376 2212 2433 2263 et
2473 2221 2672 2263 omnes
2702 2207 2797 2276 qui
2830 2208 3034 2262 contra
3057 2205 3188 2261 illos
3211 2220 3323 2261 non
3355 2209 3510 2274 sunt,

1869 2297 1971 2354 sed
2005 2298 2194 2353 favent
2229 2296 2333 2366 (is,
2369 2310 2497 2351 cum
2525 2310 2593 2350 eo
2639 2295 2888 2349 habeant
2940 2300 3163 2365 partem
3209 2294 3303 2363 qui
3352 2294 3516 2363 prius

1869 2385 2159 2442 commisit
2205 2384 2313 2440 hoc
2340 2383 2634 2455 peculiare
2668 2382 2969 2451 ﬂagitium.
3008 2384 3146 2438 Dum
3170 2398 3309 2450 ergo
3332 2381 3402 2437 de
3426 2381 3517 2437 his

1872 2475 2025 2529 inter
2041 2488 2142 2529 eos
2169 2475 2548 2539 tractaretur,
2571 2476 2650 2541 et,
2678 2476 2741 2527 ut
2764 2471 3161 2542 praediximus,
3196 2470 3292 2525 ille
3322 2471 3519 2527 dictus

1873 2563 2185 2634 episcopus
2208 2560 2559 2616 audientiam
2581 2557 3219 2628 subterfugeret,juxta
3237 2548 3527 2615 canonum.

1875 2651 2148 2707 instituta
2189 2655 2247 2704 et
2281 2654 2615 2704 sanctorum
2654 2649 2889 2702 Patrum
2926 2648 3161 2703 decreta
3208 2648 3520 2718 episcopus

1878 2739 2236 2809 querebatur
2255 2735 2515 2804 idoneus,
2540 2736 2633 2805 qui
2653 2739 2708 2791 et
2736 2734 2911 2790 saluti
2935 2750 3134 2791 eorum
3156 2735 3509 2805 invigilaret,

1877 2832 1933 2884 et
1967 2826 2269 2881 animabus
2297 2823 2623 2880 commissis
2652 2822 2943 2879 sollicitus
2986 2823 3514 2892 superintenderet,

1878 2929 2014 2972 ecce
2047 2912 2344 2985 personuit
2378 2912 2448 2968 ad
2480 2926 2651 2967 aures
2698 2925 2898 2966 eorum
2948 2910 3252 2965 advenisse
3294 2909 3415 2965 illic
3457 2914 3518 2965 et

1879 3002 2200 3059 aecclesiam
2233 3014 2344 3070 qua
2370 3000 2719 3055 tenebantur
2742 2999 2995 3055 intrasse
3019 2998 3302 3054 orationis
3328 2998 3517 3067 gratia

1881 3091 2151 3146 domuum
2173 3090 2465 3157 Hugonem
2493 3086 2925 3157 Lugdunensem
2944 3085 3347 3155 camerarium,
3376 3100 3520 3156 prae-

1881 3179 2136 3236 cinctum
2167 3182 2226 3232 et
2257 3179 2523 3247 paratum
2555 3174 2625 3230 ad
2648 3172 3025 3244 cquitandum
3053 3193 3065 3227 :
3093 3174 3211 3228 ibat
3237 3173 3388 3228 enim
3412 3174 3522 3229 Ro-

1879 3283 1984 3323 mae
2017 3265 2087 3321 ad
2117 3270 2380 3321 sanctum
2409 3265 2666 3318 Petrum.
2698 3264 2813 3318 Nec
2839 3276 3016 3329 mora,
3053 3261 3306 3331 Spiritus
3327 3262 3515 3318 sancti

1878 3355 2066 3425 gratia
2096 3352 2275 3410 corda
2302 3367 2535 3408 suorum
2572 3350 2924 3417 illustrante,
2958 3350 3022 3404 lit
3053 3350 3271 3406 clamor
3301 3355 3515 3405 81808-

1878 3458 2088 3501 cursus
2113 3441 2389 3511 fidelium,
2414 3444 2687 3496 ocreatus
2706 3454 2837 3495 cum
2856 3438 3518 3509 calcaribusinvenitur,

1880 3532 2126 3604 rapitur,
2148 3533 2381 3586 tenetur
2402 3547 2417 3596 ;
2438 3528 2491 3583 in
2512 3533 2832 3598 conspectu
2849 3527 3188 3599 apostolicae
3204 3527 3358 3583 sedis
3370 3527 3525 3583 vica-

1880 3621 1951 3677 rii
1975 3634 2197 3677 summo
2218 3618 2469 3674 omnium
2496 3617 2693 3673 favore
2715 3621 2775 3673 et
2791 3616 2981 3685 gratia
3001 3616 3339 3677 deducitur;
3360 3614 3513 3686 quod

1880 3710 2092 3780 dignus
2115 3708 2188 3763 sit
2214 3707 2310 3776 qui
2339 3705 2527 3777 possit
2546 3703 2829 3760 aecclesiae
2856 3718 3111 3774 praeesse
3135 3707 3191 3759 et
3216 3703 3516 3773 prodesse,

1880 3797 2253 3854 acclamatur.
2280 3792 2655 3849 Reclamabat
2674 3790 2793 3860 ille,
2812 3791 3037 3846 etvotis
3056 3790 3254 3861 pepuli
3277 3791 3521 3859 parabat

1881 3886 2191 3951 obsistere,
2228 3881 2388 3952 quasi
2426 3880 2519 3950 qui
2554 3894 2667 3934 non
2703 3882 2901 3948 posset
2932 3893 3035 3932 nec
3065 3878 3279 3933 debere
3301 3893 3521 3948 sponso

1881 3973 2138 4044 legitimo
2152 3970 2383 4027 vivente
2397 3967 2729 4024 castitatem
2745 3964 3030 4022 1888188118
3058 3966 3207 4021 lmda
3234 3965 3519 4021 scissione

1882 4072 2272 4131 corrumpere.
2298 4058 2359 4112 In
2383 4056 2490 4111 hac
2513 4055 2723 4111 devota
2745 4054 3122 4111 contentione
3146 4052 3522 4124 placuitdivi-

1880 4148 2051 4207 nitati
2082 4144 2505 4217 beneplacitam
2540 4157 2661 4198 suae
2693 4141 3022 4213 praesentiae
3057 4142 3418 4198 voluntatem
3463 4141 3519 4197 in

1882 4236 2222 4295 ostensione
2254 4233 2405 4290 lucis
2437 4231 2561 4288 suis
2589 4229 2861 4287 ﬁdelibus
2886 4230 3206 4286 declarare.
3235 4231 3369 4285 Nam
3393 4245 3522 4285 eum

1882 4331 2038 4385 esset
2062 4323 2298 4381 nubilus
2324 4321 2467 4391 dies,
2496 4319 2591 4378 lux
2621 4321 2673 4375 in
2699 4320 2927 4376 modum
2954 4335 3141 4391 sperae
3168 4334 3271 4391 per
3294 4318 3522 4389 aliquas

1882 4412 2128 4471 horasin
2150 4410 2372 4481 gremio
2390 4414 2449 4465 et
2480 4407 2625 4464 facie
2650 4406 2945 4479 splenduit
2970 4407 3255 4468 ecclesim.
3284 4420 3412 4476 quae
3438 4405 3522 4461 sic

1883 4502 2149 4561 accendit
2170 4504 2416 4556 cunctos
2443 4496 3178 4568 quiaderantetviderant,
3197 4494 3264 4550 ad
3288 4493 3524 4549 laudan-

143 4601 382 4663 scopum,
415 4593 516 4664 qui
540 4595 721 4650 Petro
753 4576 1145 4665 successerat,
1172 4594 1241 4651 ad
1275 4592 1488 4649 Gallias
1514 4592 1768 4647 destina-
1796 4576 1850 4636 D
1875 4595 2002 4650 dam
2032 4588 2543 4663 propriciationem
2570 4584 2780 4640 divinae
2799 4583 3143 4651 clementiae,
3163 4590 3226 4637 ut
3245 4581 3524 4637 clamare-

142 4676 232 4748 vit,
263 4684 317 4736 et
351 4681 511 4740 vices
543 4698 685 4740 suas
716 4683 769 4739 ei
804 4697 907 4755 per
936 4683 1232 4740 Franciam
1263 4687 1318 4738 et
1375 4679 1764 4751 Burgundiam

142 4772 414 4828 commisit
467 4774 545 4828 At
567 4771 667 4828 ille
698 4787 771 4829 ex
788 4777 1084 4844 pracepto
1108 4786 1271 4844 papae
1292 4770 1595 4828 concilium
1610 4769 1763 4840 apud

149 4855 463 4917 Cabilonem
500 4861 783 4931 instituit,
817 4861 907 4917 cui
942 4868 1191 4931 praeerat
1217 4858 1509 4918 Roclenus
1546 4858 1768 4930 episco-

141 4959 253 5018 pus,
277 4946 495 5007 litteris
526 4950 791 5022 adprime
815 4950 1081 5006 eruditus
1102 4954 1159 5006 et
1192 4950 1246 5005 in
1272 4949 1522 5006 lectione
1545 4948 1766 5004 divino-

144 5048 256 5093 rum
283 5038 645 5097 voluminum
663 5037 1135 5097 studiosissimus
1167 5038 1336 5110 (123).

1878 4685 1973 4735 tur
1997 4678 2067 4754 ab
2083 4670 2752 4731 omnibuszBenedietus
2776 4670 3236 4726 deminusDeus.
3259 4666 3408 4736 quia
3434 4680 3525 4721 re-

1871 4766 2075 4841 spexit
2090 4764 2472 4836 dejectionem
2494 4760 2751 4817 ecclesiae
2768 4772 2910 4827 sure,
2930 4755 3293 4813 uteisitaret
3311 4767 3442 4810 eam
3468 4755 3530 4841 et

1877 4852 2258 4915 illuminant
2268 4851 2381 4908 tali
2380 4848 2555 4922 ponti
2547 4848 2696 4920 ,ποθί
2712 4845 2977 4903 Accessit
2994 4849 3051 4899 et
3070 4843 3223 4900 aliud
3259 4840 3523 4899 mirabile

1879 4944 2086 5002 divinae
2130 4939 2368 5013 pietatis
2409 4936 2477 4971 ³²⁰
2509 4934 2809 5006 indicium,
2851 4933 3005 5005 quia,
3042 4946 3173 4988 eum
3208 4930 3422 5000 in~cjus
3456 4928 3523 4964 ³⁸¹

1878 5032 2165 5091 electione
2192 5027 2379 5087 omnis
2408 5026 2519 5083 sibi
2536 5025 2591 5082 in
2623 5038 2764 5082 voce
2785 5021 2853 5057 ⁸²²
2888 5021 3079 5079 laudis
3110 5024 3166 5076 et
3185 5018 3373 5090 jubilo
3396 5033 3526 5077 cor-

1483 5152 1719 5211 VARIA‘Z
1762 5148 2161 5209 LECTIONES.

204 5255 264 5292 ³⁸⁸
312 5256 433 5316 νοω
448 5260 596 5332 iam
626 5259 840 5317 deleta.
917 5263 982 5298 ι²ο
1006 5264 1176 5321 -tatis
1207 5261 1480 5321 deletum.
1558 5262 1622 5299 ιιι
1651 5258 1779 5329 ejus
1807 5255 2081 5314 deletum.
2158 5251 2225 5289 ευ
2254 5248 2310 5303 18
2340 5259 2484 5302 voce
2514 5245 2726 5302 deleta.

1710 5371 1935 5429 NOT/E.

171 5604 181 5614 .
210 5537 720 5614 (122)7Alexander
751 5537 1057 5603 duodecim
1083 5562 1267 5604 annos
1292 5546 1444 5604 sedit
1468 5550 1527 5600 et
1558 5546 1772 5612 Grego-

142 5613 834 5687 riulm_Yll_succe_ssorem
859 5623 1062 5687 nactus
1092 5624 1202 5687 est,

214 5678 353 5754 (123)
386 5682 710 5741 Concilium
745 5685 1139 5747 Cabillonense
1164 5678 1422 5745 habitum
1454 5691 1546 5743 est
1565 5689 1596 5741 6
1619 5684 1761 5740 Non.

208 5468 351 5664 (121}
381 5471 662 5529 Moustier
691 5473 903 5545 Ramey
934 5491 1111 5549 prope
1142 5479 1370 5534 Trecas.

210 5537 330 5606 (122
384 5542 720 5599 Alexander
751 5543 1052 5603 duodecim
1083 5562 1267 5604 annos
1292 5563 1370 5604 SBl

208 5622 273 5663 Im
350 5613 396 5664 Il
424 5627 830 5664 successorem
860 5623 1062 5664 nactus
1092 5624 1201 5664 ρςί.-

1880 5488 2224 5551 Mart.,anno
2270 5482 2426 5548 1072,
2463 5480 2523 5533 ut
2572 5478 2829 5532 testatur
2874 5478 3149 5532 Actorum
3205 5474 3526 5543 fragmenta

1881 5572 2081 5640 Mansi,
2110 5573 2157 5624 t.
2189 5568 2299 5638 XX,
2325 5581 2381 5638 p.
2417 5569 2501 5622 47.
2537 5564 2600 5620 Κ.

1948 5660 2095 5730 (124)
2117 5655 2221 5713 Vel
2251 5654 2447 5727 potius
2478 5656 2636 5723 1073,
