3894 6326
332 383 452 448 275

1302 385 1668 452 HUGONIS
1709 383 2056 448 ABBATIS
2097 383 2778 450 FLAVINIACENSIS

3625 384 3736 448 2'76

341 520 436 580 dis
462 520 847 595 applauderet
877 520 946 557 ³³³
967 521 1259 595 :ecelesia,
1285 528 1342 580 et
1367 522 1659 597 praecipue
1677 519 1743 554 ³³⁸
1776 535 1838 577 se
1870 519 1975 578 tali
2011 518 2066 581 Α
2095 525 2400 590 gratanter
2421 521 2743 592 jussionem
2775 522 2902 596 ejus
2931 521 3318 596 susciperent,
3344 524 3403 580 et
3427 519 3734 580 obedireut

344 616 575 670 rectore
607 610 956 683 opitulatam
975 627 1106 670 esse
1121 611 1188 646 ³³⁸
1203 611 1624 684 gratularetur,
1643 610 1871 680 legatus
1884 625 1978 682 pa-

345 715 430 770 p-n
461 698 528 733 ³³³
557 704 747 757 mente
779 715 1021 772 presaga
1045 702 1316 772 quiddam
1335 701 1541 758 mirum
1566 699 1632 734 ³³⁷
1655 702 1709 756 in
1735 715 1802 757 eo
1835 715 1978 771 prae-

344 789 586 847 videns:
608 791 786 847 Huic.
817 791 868 846 in
879 795 1004 862 qu.t
1028 789 1114 859 ³³⁸,
1141 791 1376 849 civitati
1399 791 1604 862 pastor
1633 791 1873 864 quidem
1893 789 1984 847 est

345 877 431 947 3”,
467 880 684 937 electus
704 879 764 936 et
779 893 818 937 (ι
836 881 956 936 Deo
976 879 1230 936 donatus
1253 879 1338 949 ³³⁰,
1362 880 1468 937 sed
1483 881 1720 950 majora
1750 881 1805 936 ei
1833 893 1980 950 prce-

345 968 672 1027 destinavit
698 967 764 1002 ³³³
793 970 1160 1026 Altissimus.
1195 970 1330 1026 Non
1352 970 1457 1026 diu
1486 971 1642 1025 enim
1655 968 1722 1002 ³³³
1743 970 1980 1026 huicec-

343 1059 537 1116 aleam
565 1059 831 1128 pastoris
849 1058 1119 1130 ofﬁcium
1133 1057 1453 1128 praestabit
1470 1056 1556 1126 ³³³,
1579 1060 1863 1127 quoniam
1883 1072 1981 1114 ea:-

345 1147 679 1204 ccllcntirm’
700 1147 1021 1217 gibisserio
1049 1146 1197 1215 (12:5)
1227 1145 1546 1203 donabitur
1582 1145 1646 1178 ³³⁸
1679 1147 1981 1218 disparue-

349 1236 520 1292 tztrus
537 1234 604 1268 ³³³
631 1236 848 1292 (Iit-ima
861 1234 1186 1292 δεοῃηιηενα
1207 1233 1566 1305 ³³⁷9νίιιὶω³³³
1583 1240 1630 1300 (t
1642 1240 1751 1305 26).
1777 1236 1858 1291 Cf.
1885 1235 1978 1288 SS.

348 1324 446 1394 (vr,
473 1326 599 1396 306)
622 1323 713 1380 Sic
734 1323 1021 1380 clamores
1043 1328 1098 1379 et
1124 1329 1254 1380 vota
1279 1324 1530 1380 omnium
1551 1324 1828 1394 judicium
1854 1339 1984 1395 pro-

349 1412 506 1468 bavit
535 1412 789 1481 caeleste,
823 1413 1047 1468 electus
1080 1412 1196 1482 ille,
1233 1413 1328 1481 qui
1376 1428 1478 1470 nec
1511 1412 1692 1468 valuit
1745 1428 1849 1468 nec
1890 1428 1984 1467 vo-

351 1500 476 1569 luit,
512 1505 596 1557 tot
630 1501 1132 1572 praecurrentibus
1155 1500 1403 1570 indiciis,
1439 1501 1724 1557 voluntati
1774 1501 1984 1557 divinze

346 1590 660 1659 contraire,
693 1590 1028 1660 compulsus
1057 1594 1149 1645 est
1180 1591 1534 1646 auctoritate
1557 1589 1875 1662 apostolica
1900 1605 1986 1646 re-

353 1678 560 1734 morari
593 1682 650 1733 et
685 1679 1023 1735 conﬁrmata
1051 1682 1140 1734 est
1163 1694 1338 1748 super
1366 1693 1495 1734 eum
1528 1679 1738 1735 electio
1762 1677 1902 1734 cleri
1926 1682 1988 1734 et

353 1765 565 1837 populi.
601 1766 740 1835 (Fol.
767 1768 879 1837 96.)
913 1767 1035 1832 Quo
1071 1767 1290 1836 audito,
1346 1767 1471 1835 ipse
1512 1767 1608 1837 qui
1661 1766 1983 1824 {ecclesiam

2086 609 2165 667 ita
2192 615 2252 666 ut
2275 618 2408 666 ante
2430 613 2556 683 ejus
2577 612 3005 670 ordinationem
3024 612 3147 670 haec
3163 627 3282 670 suae
3307 611 3734 670 melioratiouis

2086 699 2441 756 incrementa
2467 701 2573 756 sibi
2599 701 2906 758 commissa
2933 718 3034 773 per
3052 717 3182 758 eum
3199 702 3532 772 susceperit
3551 702 3733 758 eccle-

2088 788 2192 854 sia,
2229 789 2463 844 Obierat
2497 789 2621 860 ipso
2653 804 2802 845 anno
2837 805 2980 861 pana
3007 789 3334 846 Alexander
3358 790 3414 846 in
3441 791 3570 861 ipso
3607 806 3735 862 apo-

2088 877 2338 933 tolorum
2365 877 2518 933 Petri
2543 881 2599 932 et
2620 877 2781 933 Pauli
2807 877 3098 946 natalicio,
3123 881 3181 934 et
3215 879 3585 936 substitutus
3615 883 3738 937 erat

2090 965 2341 1021 unanimi
2367 965 2654 1022 electione
2673 965 2814 1021 eleri
2839 971 2899 1022 et
2926 965 3122 1038 populi
3147 967 3463 1036 Gregorius
3483 967 3604 1038 VII,
3645 970 3735 1040 qui

2091 1052 2146 1108 in
2180 1053 2298 1124 ipsa
2331 1053 2581 1108 Romana
2615 1051 2878 1109 {ecclesia
2915 1054 3021 1109 sub
3060 1054 3304 1124 praefato
3345 1055 3632 1126 pontifice
3662 1055 3737 1112 of-

2089 1140 2221 1198 ficio
2252 1143 2602 1210 fungebatur
2631 1141 3156 1198 archidiaconatus.
3181 1142 3401 1198 Etlieet
3421 1144 3737 1200 ordinatio-

2096 1230 2184 1285 nis
2215 1235 2274 1285 et
2291 1231 2752 1287 consecrationis
2775 1231 2902 1300 ejus
2928 1230 3292 1302 privilegium
3315 1232 3461 1288 solis
3476 1233 3737 1288 cardina-

2094 1317 2246 1374 libus
2270 1318 2563 1389 episcopis
2587 1320 2920 1387 Albanensi,
2951 1320 3204 1375 Ostiensi
3228 1324 3287 1375 et
3311 1321 3649 1391 Portuensi,
3665 1322 3737 1378 sit

2095 1409 2489 1478 commissum,
2517 1407 2786 1465 Giraldus
2813 1408 2955 1479 ipse,
2983 1409 3115 1478 quia
3140 1409 3364 1479 aberat,
3389 1415 3736 1480 expectatus

2096 1512 2206 1552 non
2236 1501 2345 1564 est,
2381 1497 2480 1552 sed
2513 1497 2608 1568 qui
2633 1497 2789 1552 vices
2813 1499 2938 1567 ejus
2959 1500 3353 1568 exequeretur
3384 1499 3738 1566 subrogatus

2095 1589 2205 1640 est.
2235 1585 2338 1651 Qui
2365 1586 2594 1641 demum
2617 1600 2910 1654 reversus,
2938 1601 3099 1660 papae
3124 1587 3278 1642 inter
3291 1592 3490 1643 cetera
3505 1587 3737 1645 electio-

2098 1689 2225 1730 nem
2258 1674 2483 1730 Diensis
2512 1674 2796 1731 :ecclesiae
2830 1675 3102 1745 innotuit,
3136 1679 3194 1731 et
3244 1674 3500 1732 electum
3553 1677 3736 1748 ipsum

2097 1777 2265 1833 quam
2293 1763 2536 1819 maxime
2555 1763 2896 1834 pateruitati
2923 1764 3106 1834 ipsius
3140 1764 3595 1821 commendavit.
3624 1767 3736 1822 Non

351 1869 453 1925 per
480 1855 801 1925 Symoniam
831 1855 1125 1911 invaserat
1158 1862 1218 1910 et
1247 1856 1427 1911 armis
1466 1856 1722 1912 retinere
1767 1859 1984 1928 tempta
2017 1869 2069 1928 Β
2102 1851 2285 1907 multo
2313 1855 2442 1922 post
2464 1851 2703 1922 ipsequi
2729 1852 3596 1923 commendabaturadvenit,et
3613 1854 3735 1925 quia

351 1943 466 2012 bat,
485 1942 686 1999 dolens
705 1943 1029 2000 unanimem
1063 1959 1363 2002 assensum
1395 1944 1628 2014 civium,
1672 1949 1732 2000 et
1772 1945 1986 2001 timens

351 2030 944 2102 populigaudentisct
969 2033 1039 2088 ad
1059 2034 1155 2104 pia
1181 2037 1315 2089 vota
1345 2032 1755 2090 incalescentis
1776 2033 1986 2103 animo,

349 2119 394 2173 si
441 2119 875 2186 intumesceret,
919 2121 1198 2192 impetum
1255 2121 1703 2191 ferocissimum,
1756 2121 1988 2178 domum

342 2208 736 2277 epist-apalem
769 2207 1032 2264 deseruit
1059 2214 1118 2264 et
1147 2210 1412 2265 recessit.
1457 2210 1795 2279 Augebatur
1840 2211 1990 2267 enim

349 2309 618 2349 curarum
686 2295 940 2365 estibus,
1015 2300 1072 2351 et
1153 2297 1408 2354 stimulis
1483 2297 1776 2354 mordacis
1861 2313 1994 2355 con-

352 2382 634 2446 scientizc,
687 2397 856 2451 quam
915 2398 1027 2440 non
1090 2385 1350 2453 effugere
1397 2386 1622 2456 quibat,
1677 2387 1808 2457 quia
1879 2403 1993 2444 nou

353 2469 683 2525 inveniebat
715 2486 828 2542 quo
858 2472 1106 2541 fugeret,
1149 2487 1254 2528 nec
1302 2473 1421 2530 suis
1465 2475 1580 2545 jam
1630 2480 1693 2530 ut
1744 2475 1992 2546 solebat,

354 2561 514 2613 (1073
543 2557 952 2616 delectabatur
981 2561 1300 2632 erroribus,
1336 2578 1364 2618 a
1401 2563 1616 2633 quibus
1645 2566 1994 2635 puniebatur

357 2645 491 2702 licet
524 2646 725 2703 nolens
747 2652 802 2703 et
832 2649 1050 2705 inscius
1077 2667 1092 2716 ;
1115 2654 1171 2704 et
1195 2654 1385 2706 tamen
1408 2651 1595 2707 adhuc
1619 2651 1992 2710 exultabatin

353 2734 614 2803 crimine,
643 2736 773 2805 quia
798 2737 964 2793 novis
985 2741 1182 2793 vetera
1206 2739 1625 2808 obumbrando,
1654 2741 1915 2811 peccatis
1933 2757 1993 2798 se

355 2828 669 2894 utcumque
693 2825 954 2895 adjuvari
979 2828 1307 2884 estimabat.
1337 2830 1585 2885 Putabat
1605 2831 1754 2886 enim
1772 2831 1992 2898 insigne

353 2927 481 2968 esse
515 2913 771 2982 virtutis,
801 2915 895 2970 ubi
917 2919 1004 2971 est
1030 2915 1229 2987 lapsus
1246 2917 1525 2974 criminis.
1557 2919 1793 2987 Sedjam
1828 2919 1994 2975 silea-

352 3005 449 3057 tur
477 3000 604 3069 ejus
639 3003 931 3073 memoria,
965 3004 1098 3074 quia
1136 3005 1398 3075 recessit,
1432 3006 1530 3076 qui
1569 3007 1812 3076 aufugit,
1860 3009 1990 3078 quia

353 3089 505 3160 quod
538 3089 794 3147 indebite
827 3097 1234 3163 usui-paverat,
1271 3109 1382 3149 non
1414 3099 1501 3149 est
1533 3097 1994 3166 expcctatusdi-

355 3179 620 3234 mittere:
657 3179 728 3277 ad
762 3179 952 3280 plebis
983 3181 1279 3280 gaudium,
1315 3182 1384 3237 ad
1417 3182 1558 3238 clcri
1594 3189 1990 3253 magnatorum
2023 3220 2070 3280 Ο

353 3281 585 3337 quoque
617 3271 676 3321 et
709 3268 1035 3323 inﬁmorum
1076 3269 1394 3340 tripudium
1445 3271 1746 3328 flectamus
1787 3275 1995 3331 articu-

353 3351 490 3409 lum.
528 3354 887 3411 Sublimatus
917 3360 1003 3411 est
1037 3355 1264 3413 electus
1293 3363 1493 3414 noster
1521 3376 1649 3416 cum
1682 3363 1894 3428 gaudio
1939 3368 1999 3418 et

353 3442 550 3499 cordis
574 3443 760 3512 jubilo
793 3444 848 3500 in
884 3445 1200 3516 pontificali
1235 3447 1401 3517 solio,
1435 3449 1790 3507 acclamatus
1821 3455 1990 3508 estet

352 3530 730 3588 confirmatus
751 3532 1064 3604 episcopus
1087 3535 1157 3590 de
1184 3536 1276 3591 Dei
1301 3540 1358 3590 et
1384 3538 1992 3610 Cbristiejusjudicio,

357 3617 427 3673 de
459 3617 807 3677 clericorum
843 3637 987 3692 pene
1019 3624 1267 3680 omnium
1305 3626 1661 3698 testimonio,
1696 3629 1766 3684 de
1813 3630 1998 3701 plebis

355 3721 484 3777 quze
514 3709 654 3764 tunc
684 3707 844 3764 aﬂ‘uit
879 3710 1176 3780 sull‘ragio,
1211 3711 1282 3768 de
1313 3714 1682 3770 sacerdotum
1727 3721 1785 3772 et
1829 3718 1998 3773 boue

355 3809 480 3850 rum
509 3793 767 3852 virorum
799 3796 1070 3866 collegio.
1106 3799 1324 3855 Invenit
1360 3801 1556 3872 itaque
1577 3802 1870 3860 civitatem
1903 3820 1997 3860 au-

351 3883 510 3952 goris
539 3883 784 3955 plenam,
820 3885 1302 3945 tribulationibus
1340 3889 1810 3962 circumscptam,
1858 3893 1999 3962 vigi-

355 3971 532 4028 lantia
568 3973 746 4030 multa
780 3979 1068 4045 egentem,
1098 3991 1190 4032 res
1211 3977 1471 4049 episcopi
1512 3979 1793 4051 direptas,
1821 3981 1896 4037 ita
1934 3987 1992 4038 ut

356 4075 468 4116 non
505 4061 792 4117 invenerit
824 4063 976 4118 unde
1009 4063 1097 4120 vel
1134 4080 1246 4121 uno
1279 4067 1372 4121 die
1395 4068 1464 4122 de
1485 4069 1772 4126 reditibus
1795 4070 1998 4127 domus

355 4147 714 4218 episcopalis
744 4149 941 4206 vivere
967 4153 1246 4222 potuerit,
1268 4153 1344 4209 ita
1369 4156 1613 4212 ommnia
1648 4157 1994 4214 attriverant

355 4235 453 4306 qui
491 4240 626 4292 ante
657 4252 788 4293 eum
822 4239 1069 4294 fuerant.
1107 4241 1266 4296 Adeo
1296 4249 1361 4298 ut
1391 4243 1462 4299 de
1509 4246 1776 4303 omnibus
1818 4247 2000 4304 totius

354 4324 733 4396 episcopatus
753 4325 1041 4382 aacclesiis
1065 4328 1157 4382 vix
1181 4344 1348 4385 unam
1375 4331 1613 4388 haberet
1647 4334 1852 4391 domus
1881 4335 1998 4406 epi-

356 4411 614 4485 scopalis
629 4417 726 4470 aut
752 4419 938 4470 mater
959 4416 1244 4488 accclesia,
1268 4435 1395 4474 cum
1425 4421 1542 4476 fere
1583 4437 1783 4478 omnes
1816 4424 2000 4494 possi-

355 4500 640 4560 derentur
657 4516 686 4558 a
713 4502 998 4560 militibus
1017 4510 1073 4561 et
1099 4506 1455 4578 quibuslibet
1474 4510 1858 4567 secularibus.
1887 4513 1999 4568 Nec

2101 1939 2279 1995 solam
2309 1939 2620 1996 clericatus
2652 1944 2947 1998 tonsuram
2989 1941 3736 1999 habebat—detestabatur

2100 2029 2248 2085 enim
2284 2029 2754 2100 Symoniaeorum
2785 2029 3294 2100 ordinationes—,
3321 2030 3377 2086 in
3411 2045 3615 2087 mense
3646 2032 3738 2088 De-

2099 2119 2357 2174 cembrio
2388 2134 2492 2190 per
2527 2134 2752 2175 manum
2783 2119 2910 2189 ejus
2947 2132 3134 2188 usque
3183 2117 3254 2174 ad
3307 2120 3738 2190 presbiteratus

2101 2207 2342 2277 gradum
2378 2212 2679 2277 promotus
2710 2211 2822 2276 est,
2856 2223 2985 2263 cum
3017 2207 3126 2263 hoc
3156 2207 3336 2279 aliqui
3382 2207 3733 2281 calumpnia-

2103 2300 2308 2352 rentur
2354 2296 2758 2366 Romanorum,
2810 2300 2868 2351 et
2903 2300 3235 2366 promerent
3284 2311 3505 2354 morem
3535 2302 3740 2354 sancta;

2103 2385 2372 2440 Romana:
2391 2384 2675 2452 ecelesize,
2697 2383 2982 2440 neminem
2998 2382 3398 2441 liceteleetum
3418 2384 3738 2442 antistitem

2105 2486 2133 2527 a
2171 2487 2312 2543 papa
2345 2471 2726 2528 ordinandum
2761 2472 2869 2527 nisi
2895 2471 2948 2526 in
2973 2472 3172 2528 eadem
3199 2471 3532 2528 deserviret
3553 2472 3739 2528 accele-

2104 2561 2205 2617 sia.
2249 2561 2410 2628 Quod
2443 2565 2635 2616 tamen
2679 2561 2734 2616 in
2777 2561 2904 2632 ipso
2955 2561 3200 2617 domnus
3240 2560 3543 2617 autentica
3589 2567 3737 2632 pote-

2105 2654 2259 2705 state
2283 2665 2383 2705 sua
2410 2649 2545 2706 fecit
2569 2666 2582 2711 ;
2609 2649 3037 2719 complacuerat
3059 2649 3208 2704 enim
3233 2648 3346 2704 sibi
3373 2648 3428 2704 in
3447 2647 3550 2704 illo
3563 2649 3733 2704 anima

2103 2737 2248 2805 ejus.
2280 2739 2336 2792 In
2359 2737 2797 2807 quadragesima
2815 2752 2972 2804 vero,
2991 2737 3234 2792 sabbato
3251 2737 3306 2791 iu
3329 2736 3729 2806 presbiterum,

2103 2831 2161 2880 et
2193 2826 2460 2894 sequenti
2496 2825 2787 2881 Dominica
2821 2825 2891 2880 ad
2925 2825 3133 2880 missas
3165 2825 3220 2880 in
3253 2824 3600 2896 episcopum
3619 2838 3732 2880 con-

2105 2920 2372 2969 secratus
2394 2919 2483 2968 est
2519 2914 2606 2969 Sic
2653 2919 2783 2984 post
2833 2921 3074 2969 octonos
3109 2913 3580 2970 consecrationis
3625 2913 3731 2969 dies

2103 3002 2319 3058 affatim
2346 3002 2602 3057 imbutus
2631 3001 2843 3056 divinis
2868 3001 3258 3071 dogmatibus,
3293 3005 3352 3058 et
3383 3001 3639 3058 ubertim
3660 3016 3733 3056 ro-

2107 3091 2345 3145 boratus
2396 3089 2829 3146 :ccclesiasticis
2868 3089 3293 3154 sanctionibus,
3339 3089 3734 3147 benedictione

2104 3183 2376 3248 percepta
2399 3177 2676 3233 dimissus
2695 3181 2784 3233 est
2808 3177 2876 3233 ad
2904 3176 3192 3244 regendos
3210 3176 3384 3246 filios,
3413 3177 3626 3248 quibus
3655 3191 3735 3249 pa-

2109 3270 2237 3321 stor
2267 3272 2322 3320 et
2359 3273 2554 3322 rector
2585 3266 2891 3322 ordinatus
2913 3271 3056 3320 erat.

2181 3355 2286 3409 Sed
2326 3371 2426 3409 nec
2461 3354 2603 3408 illud
2639 3354 2944 3422 silendum,
2981 3354 3032 3408 in
3065 3369 3178 3424 quo
3210 3354 3446 3424 egregie
3491 3353 3739 3412 convale-

2109 3444 2216 3499 scit
2238 3443 2633 3498 testiinonium
2663 3443 2975 3513 probitatis
2997 3444 3144 3513 ejus,
3169 3446 3229 3498 et
3257 3443 3737 3514 praeordinataac

2109 3534 2224 3586 Deo
2260 3533 2488 3602 placitae
2519 3531 2974 3588 consecrationis
3003 3531 3148 3601 ejus.
3199 3531 3336 3588 Cum
3394 3542 3534 3603 post
3575 3533 3739 3604 ipsam

2110 3635 2271 3676 suam
2307 3620 2674 3684 electionem,
2699 3635 2827 3690 qua:
2854 3621 2998 3674 facta
3023 3623 3115 3675 est
3135 3634 3332 3676 mense
3355 3619 3643 3678 Octobrio
3658 3619 3740 3674 die

2110 3715 2194 3766 10.
2231 3710 2298 3763 ad
2333 3708 2740 3779 suscipiendos
2771 3708 3006 3764 ordines
3035 3710 3268 3764 Romam
3302 3723 3506 3765 mense
3526 3710 3740 3766 Decem-

2112 3797 2198 3851 bri
2232 3798 2509 3864 venisaet,
2537 3797 2982 3852 invenitibidem
3001 3813 3104 3868 pro
3127 3797 3302 3852 simili
3339 3797 3740 3870 expectatione

2111 3887 2381 3942 domuum
2445 3886 2773 3942 Anselnium
2833 3887 3146 3942 Lucensem
3214 3885 3510 3957 zelectum,
3570 3886 3740 3943 virum

2110 3975 2261 4030 omni
2295 3975 2481 4030 laudis
2515 3975 2806 4046 prmconio
2836 3975 3092 4044 dignum,
3126 3989 3279 4031 nunc
3313 3975 3472 4032 felici
3524 3977 3740 4032 beatum

2109 4080 2355 4121 excessu
2397 4066 2566 4136 (127),
2599 4065 2655 4119 in
2695 4080 2806 4135 quo
2853 4065 3041 4120 omnis
3081 4065 3209 4120 laus
3247 4079 3458 4121 secure
3501 4065 3736 4122 canitur.

2111 4156 2248 4208 Cum
2281 4155 2386 4209 hoc
2421 4154 2616 4223 itaque
2652 4157 2812 4208 tanto
2857 4153 3266 4209 familiaritatis
3312 4157 3370 4208 et
3419 4152 3740 4210 dilectionis

2111 4243 2343 4299 vinculo
2379 4258 2672 4299 connexus
2701 4248 2808 4312 est,
2842 4249 2898 4298 et
2933 4243 3008 4298 ita
3034 4243 3164 4312 sibi,
3192 4241 3330 4298 licet
3360 4243 3550 4300 divisa
3586 4242 3744 4299 habe-

2112 4336 2242 4387 rent
2279 4331 2556 4403 hospicia,
2596 4331 2648 4385 in
2684 4330 2902 4402 palatio
2932 4331 3308 4387 Lateranensi
3342 4330 3628 4389 individui
3656 4329 3740 4388 ad-

2112 4421 2416 4488 berebant,
2441 4425 2502 4475 ut
2528 4436 2698 4476 unum
2722 4420 2903 4474 videri
2925 4421 3048 4475 sine
3079 4419 3265 4476 altero
3290 4420 3500 4477 mirum
3533 4420 3739 4476 videre-

2113 4515 2210 4564 tur
2241 4508 2330 4565 liis
2364 4508 2460 4578 qui
2493 4524 2690 4564 eorum
2723 4513 3005 4563 noverant
3034 4507 3496 4564 unanimitatem.
3524 4508 3737 4564 Adeon!-

353 4590 452 4648 diu
478 4606 681 4663 passus
703 4595 791 4650 est
823 4608 929 4650 suo
953 4593 1005 4649 in
1029 4573 1293 4666 tempore
1312 4602 1530 4652 tantam
1553 4598 1752 4654 videre
1779 4600 1997 4654 contri-
2033 4573 2078 4628 ί)
2113 4598 2275 4651 urbis
2302 4573 2614 4667 prmfectus
2637 4597 2884 4667 quodam
2903 4596 3172 4654 veritatis
3195 4611 3483 4669 praesagio
3507 4597 3736 4653 alterum

355 4679 566 4738 tionem
592 4684 648 4738 et
672 4681 1172 4739 coneulcatiouem
1197 4685 1483 4754 ecele3ize,
1509 4685 1642 4756 quin
1673 4687 1865 4757 potius
1883 4694 1999 4743 sta-

353 4768 1300 4842 tuitdecretum,utnulluslaicus
1327 4773 1619 4844 optineret
1651 4774 1994 4836 azcclesiam.

353 4862 452 4914 aut
482 4863 706 4930 partem
740 4861 1032 4933 acciperet
1068 4859 1122 4915 in
1156 4861 1446 4917 reditibus
1478 4861 1894 4920 meclcsiarum.
1929 4867 1998 4920 Et

356 4945 569 5002 factum
601 4951 712 5018 est,
745 4947 939 5004 divina
973 4953 1330 5019 cooperante
1358 4948 1688 5021 clcmantia,
1715 4955 1778 5007 ut
1801 4965 2000 5006 omnes

2111 4689 2312 4742 borum
2338 4686 2510 4753 diem,
2537 4685 2786 4742 alterum
2813 4691 3050 4743 vocaret
3071 4686 3256 4743 lucem
3283 4706 3296 4741 :
3323 4687 3482 4757 quod
3507 4687 3736 4743 diesuon

2109 4775 2182 4830 sit
2214 4775 2337 4830 sine
2372 4775 2498 4831 luce
2518 4779 2576 4830 et
2611 4775 2795 4830 lucem
2821 4774 2943 4830 dies
2960 4776 3292 4832 comitetur.
3323 4775 3580 4832 Lucebat
3601 4773 3736 4830 enim

2112 4864 2167 4919 in
2185 4879 2384 4919 eorum
2401 4863 2913 4933 lnoribusjustitia}
2927 4867 2983 4918 et
3009 4863 3248 4934 pietatis
3267 4863 3469 4934 decus,
3494 4873 3735 4936 praepon-

2112 4949 2354 5005 derabat
2405 4949 2658 5006 amicitia
2709 4953 3004 5019 constans,
3055 4949 3471 5006 mutabilitatis
3534 4946 3728 5005 nescia.

1705 5091 1942 5147 VARUE
1982 5090 2381 5146 LECTIONES.

425 5198 614 5276 'f'ap-
636 5201 906 5276 detegam.
955 5202 1351 5276 8“praecipue
1365 5203 1640 5276 deletum.
1683 5204 1751 5238 ³³⁸
1771 5219 1902 5276 esse
1923 5205 2197 5262 deletum.
2247 5203 2316 5237 ³³⁸
2339 5203 2800 5276 papaidelemm.
2841 5203 3436 5276 "lmirumideletum.
3483 5201 3727 5276 “inquit

359 5269 783 5350 (gegetummm
806 5269 1245 5350 -em_est_deletq'
1282 5274 1382 5350 ff"
1401 5277 1784 5350 -us‘gtelcmm.
1801 5346 1817 5350 _
1861 5275 1930 5350 ³³³
1947 5269 2444 5350 -navitdelct1(bt5_
2488 5274 2569 5350 fa?
2589 5275 3034 5350 enim‘deletzmt.
3066 5347 3076 5350 _
3112 5274 3181 5308 ³³³
3204 5277 3428 5350 -ﬁe_i_um
3451 5269 3729 5350 praestabit

354 5340 566 5398 deleta.
647 5339 718 5374 ³³⁸
749 5343 964 5400 -sserio
995 5345 1174 5400 dona-
1198 5345 1414 5402 deleta.
1490 5345 1694 5405 m-ur-
1719 5346 1990 5404 deletum.
2069 5347 2138 5380 ³³³
2167 5347 2376 5404 divinae
2404 5346 2660 5404 deleturi.
2738 5345 2806 5378 ³³⁷
2834 5361 2889 5402 -a
2922 5346 3192 5403 deletum.
3269 5345 3342 5380 ³³³
3377 5339 3725 5405 aeratam.

1937 5471 2157 5528 ΝΟΤίΕ.

423 5588 572 5729 ἓ125)
605 5589 645 5644 Ι.
681 5603 732 5644 e.
768 5593 1080 5663 marsupio,
1281 5660 1292 5670 ,

450 5663 572 5729 126)
587 5661 910 5718 Provectus
937 5667 1026 5720 est
1051 5663 1108 5719 in
1131 5659 1292 5720 arcbi

450 5659 572 5732 126)
587 5661 910 5718 Provectus
937 5659 1026 5720 e'st
1051 5659 1108 5719 in
1131 5659 1634 5738 archiepiscopum
1655 5663 1995 5736 Lug-luneu.

2109 5608 2252 5664 sem,
2284 5610 2312 5652 a
2349 5601 2489 5653 1082
2514 5599 2766 5653 exeunte
2788 5595 2880 5653 vel
2907 5596 3040 5654 1083
3065 5595 3322 5654 ineunte.

2181 5667 2307 5736 (127
2339 5667 2494 5724 Obiit
2525 5681 2577 5723 a.
2609 5667 2765 5739 1086,
2781 5668 2946 5725 Mart.
2983 5671 3047 5724 18

3463 6319 3496 6326 ..
3551 6306 3728 6326 -ᾐτ
