3894 6314
440 389 556 451 2'79
1381 383 1747 448 HUGONIS
1788 379 2144 445 ABBATIS
2190 377 2896 445 FLAVINIACENSES
3701 390 3792 451 280

437 522 800 598 dampnanda
823 522 1131 594 recideret,
1156 527 1358 581 sancta
1383 528 1441 580 et
1462 522 1708 580 honesta
1732 523 1989 594 doceret,
2013 527 2072 580 et
2103 516 2157 579 A
2187 533 2324 576 sane
2356 519 2426 576 de
2455 533 2524 575 eo
2553 530 2753 575 omnes
2787 517 2884 589 qui
2914 523 3204 577 noverunt
3231 517 3539 593 perhibent
3567 525 3787 586 testimo-

441 613 700 671 docenda
733 613 971 671 faceret.
1005 613 1249 685 Scripsit
1280 618 1340 670 et
1369 613 1439 671 ad
1464 613 1743 686 praelatos
1765 613 2081 673 Gallicana-
2189 609 2368 680 nium,
2403 607 2755 666 levissimum
2791 607 3022 678 quidem
3054 623 3184 666 eum
3217 615 3408 670 mente
3449 615 3511 670 et
3558 629 3785 689 corpore,

440 719 566 760 rum
594 701 992 773 ecclesiarum,
1025 718 1154 774 quze
1185 707 1318 759 sunt
1341 701 1494 773 juris
1523 703 1710 760 sancti
1753 703 1932 775 Petri,
1959 705 2079 776 epi-
2189 700 2245 753 et
2276 700 2466 754 tamen
2499 700 2729 767 gratum
2764 697 2964 768 fuisse,
2997 701 3054 754 et
3090 697 3169 755 ita
3202 699 3401 757 seculo
3447 701 3712 776 deditum,
3744 713 3790 763 ut

439 791 643 848 stolam
676 806 780 863 pro
809 807 914 849 suo
943 806 1118 848 censu
1158 791 1358 847 debito
1408 793 1581 848 beato
1623 794 1798 848 Petro
1849 793 1904 848 in
1952 793 2077 850 haec
2187 785 2314 857 ejus
2341 787 2458 857 jam
2490 787 2638 842 facta
2685 787 2992 843 conversio
3044 788 3311 845 omnibus
3355 789 3652 849 videretur
3692 809 3790 852 esse

439 879 1518 952 verba:aGregorius(l33)episcopus,
1537 896 1744 939 servus
1775 897 2076 939 servorum
2189 875 2490 932 miraculo.
2531 875 2633 930 l'bi
2667 889 2806 932 vero
2835 875 3125 931 voluntati
3158 877 3519 936 satisfecisse
3551 895 3609 938 se
3651 883 3788 953 vidit,

441 965 560 1040 Dei,
595 969 863 1026 omnibus
893 967 1206 1026 abbatibus
1237 972 1296 1024 et
1331 968 1588 1040 praelatis
1617 973 1734 1026 tam
1777 972 2080 1027 monacho-
2187 965 2364 1036 coepit
2405 964 2520 1033 jam
2569 963 2880 1036 aliquando
2931 965 3136 1022 tedere
3186 967 3339 1037 quod
3387 967 3656 1026 libuerat.
3703 973 3787 1028 Sed

443 1073 568 1116 rum
602 1073 770 1130 quam
801 1062 858 1113 et
891 1057 1299 1114 canonicorum
1331 1073 1436 1129 per
1467 1058 1680 1115 Gallias
1711 1060 2073 1130 constitutis,
2188 1069 2390 1110 rursus
2412 1053 2566 1108 inter
2589 1052 2711 1124 ipsa
2749 1054 3150 1111 conversionis
3195 1056 3514 1128 primordia
3553 1059 3678 1116 dum
3713 1077 3788 1118 cu~

443 1145 690 1204 salutem
722 1151 779 1203 et
822 1146 1202 1218 apostolicam
1252 1147 1735 1204 benedictionem.
1790 1147 2078 1206 Fraterni-
2187 1146 2350 1214 peret
2383 1157 2446 1198 se
2475 1142 2792 1198 extendere
2837 1142 2908 1198 ad
2955 1143 3210 1214 insolita,
3247 1147 3657 1206 reverberatus
3696 1152 3787 1206 ani-

445 1241 622 1292 tatem
651 1240 926 1306 vestram,
962 1234 1322 1292 dilectissimi
1358 1236 1592 1306 fratres,
1626 1235 1808 1292 latere
1841 1237 2070 1292 minime
2187 1246 2278 1288 mo
2303 1230 2616 1303 proclivior
2640 1231 2864 1288 redibat
2886 1231 2957 1288 ad
2982 1231 3173 1289 solita.
3202 1234 3351 1290 Vicit
3373 1237 3609 1294 tandem
3632 1244 3786 1296 metus

441 1325 738 1382 credimus
776 1325 1053 1396 quasdam
1094 1323 1490 1382 mcclesiarum
1526 1327 1854 1382 vestrarum
1898 1326 2069 1384 beato
2186 1321 2392 1376 mortis
2421 1325 2477 1375 et
2513 1320 2788 1389 gehennze
2819 1319 3125 1377 hominem.
3156 1323 3416 1379 Credidit
3441 1339 3504 1381 se
3529 1327 3662 1382 satis
3689 1331 3788 1383 tuto

445 1415 619 1470 Petro
637 1418 692 1468 et
719 1413 885 1470 nobis
907 1427 1130 1470 annuos
1153 1427 1362 1469 census
1404 1413 1736 1484 persolvere
1759 1429 1831 1469 ex
1861 1429 2075 1486 praece-
2192 1408 2468 1480 periculo,
2504 1409 2715 1465 Christi
2749 1413 3051 1480 protectus
3077 1411 3314 1468 auxilio.
3363 1413 3566 1470 Omnia
3597 1421 3789 1487 postpo-

447 1501 706 1559 dentium
729 1502 966 1558 Patrum
997 1501 1467 1558 institutionibus
1506 1501 1740 1558 debere.
1786 1503 1894 1558 Sed
1941 1503 2074 1574 quia
2191 1497 2329 1566 suit,
2363 1512 2552 1552 omnia
2584 1497 2866 1570 deseruit,
2901 1501 2958 1554 et
2993 1499 3063 1554 ad
3097 1501 3294 1557 Casam
3327 1501 3430 1556 Dei
3465 1517 3528 1558 se
3556 1505 3786 1570 contulit,

447 1589 678 1661 quidam
710 1595 971 1646 vestrum
1013 1589 1222 1661 partim
1272 1588 1644 1660 negligentia,
1681 1589 1889 1662 partim
1941 1606 2078 1647 vero
2189 1587 2288 1642 ubi
2311 1589 2454 1642 tunc
2489 1586 2764 1658 temporis
2797 1586 2970 1646 nulla;
3003 1588 3242 1659 divitiae,
3280 1589 3440 1648 nulla
3471 1592 3668 1663 gloria,
3693 1594 3786 1650 sola

445 1679 636 1736 tenaci
670 1678 1038 1735 induratione
1058 1679 1182 1735 haec
1205 1679 1482 1735 hactenus
1503 1679 1692 1734 minus
1716 1678 1882 1749 plene
1907 1694 2076 1749 quam
2189 1676 2590 1732 habitantibus
2613 1676 2936 1733 sufﬁciebat
2963 1678 3174 1750 inopia.
3195 1680 3368 1736 Vasta
3391 1685 3523 1738 erat
3542 1682 3784 1751 heremus,

446 1771 749 1839 oporteret
768 1771 1034 1838 egerunt,
1053 1767 1155 1824 hos
1169 1771 1228 1824 ut
1245 1767 1822 1824 emendarietdebita
1847 1768 2076 1825 solvere
2191 1769 2394 1836 utpote
2417 1780 2544 1836 qua:
2569 1769 2701 1820 ante
2721 1781 2902 1822 annos
2915 1771 2984 1823 20
3000 1767 3398 1826 habitationes
3413 1769 3691 1828 hominum
3704 1785 3784 1826 non

444 1854 512 1890 ³⁸⁸
532 1856 826 1925 studeant,
853 1871 1052 1912 omnes
1072 1859 1264 1912 autem
1293 1861 1350 1912 ut
1382 1855 1709 1928 apostolico
1747 1863 2073 1930 praecepto:
2110 1876 2160 1935 Β
2193 1858 2454 1909 noverat.
2491 1855 2738 1910 Sanctus
2770 1853 2924 1910 illam
2959 1856 3251 1912 Robertus
3295 1857 3520 1928 primus
3566 1859 3783 1928 incoluit,

451 1945 2082 2018 Cuivectigaleectigal,cuitributumh-ibzltumpptem-
2195 1943 2292 2014 qui
2317 1943 2506 1999 animo
2537 1946 2592 2000 et
2621 1959 2866 2015 corpore
2899 1945 3112 2002 mundo
3135 1946 3278 2002 mori
3301 1949 3360 2002 et
3387 1947 3612 2005 Christo
3630 1948 3785 2004 vivere

451 2033 668 2105 peretis
692 2049 1144 2091 commonemus.
1173 2035 1578 2106 l'nusquisque
1601 2035 1750 2091 enim
1783 2050 1892 2092 non
1930 2037 2082 2106 quod
2196 2037 2436 2103 paratus
2453 2033 2579 2102 fuit,
2597 2032 2746 2104 quod
2763 2033 2999 2090 libellus
3023 2034 3094 2091 de
3116 2035 3233 2091 vita
3255 2035 3383 2106 ejus
3405 2037 3654 2110 scriptus
3673 2038 3783 2109 (136)

446 2137 610 2179 suum
635 2127 744 2192 est,
767 2127 854 2178 set
873 2123 1026 2194 quod
1051 2122 1314 2193 alterius,
1341 2128 1580 2194 querat;
1605 2123 1874 2194 quoniam
1914 2125 1960 2180 si
2004 2125 2086 2182 di-
2197 2121 2424 2193 plenius
2450 2121 2702 2177 elucidat
2729 2122 2880 2178 scire
2901 2122 3255 2180 volentibus.
3289 2125 3458 2182 Anno
3481 2126 3627 2182 enim
3651 2127 3712 2182 ab
3731 2126 3788 2181 in-

450 2226 560 2279 gne
580 2211 972 2281 redarguitur,
1001 2210 1096 2282 qui
1123 2214 1295 2283 prout
1319 2215 1551 2283 oportet
1577 2211 1809 2283 propria
1833 2227 1944 2268 non
1976 2211 2087 2269 lar-
2194 2224 2352 2266 carn.
2379 2212 2538 2266 Dom.
2567 2209 2782 2267 1043³⁸⁸
2800 2211 2940 2268 illuc
2965 2212 3144 2282 venit,
3172 2213 3268 2269 ubi
3292 2215 3530 2284 praefuit
3556 2214 3786 2272 domuim

454 2299 631 2369 gitur,
669 2313 776 2369 qua
811 2299 1100 2354 sententia
1133 2299 1343 2368 dignus
1371 2303 1484 2368 est,
1519 2301 1616 2370 qui
1647 2316 1752 2358 nec
1783 2301 1968 2358 aliena
2000 2317 2087 2358 ra-
2195 2298 2360 2355 annis
2380 2304 2430 2368 9,
2459 2304 2515 2355 et
2543 2299 2729 2356 factus
2762 2299 3078 2357 monachus
3100 2298 3169 2334 ³⁴³
3205 2303 3467 2359 etabbas
3487 2304 3699 2375 praefuit
3718 2317 3788 2358 an-

458 2402 612 2458 pere,
644 2402 748 2442 nec
779 2386 975 2442 debita
1005 2387 1208 2443 metuit
1243 2387 1517 2457 retinere,
1548 2389 1778 2446 dicente
1809 2391 2044 2447 Domino
2071 2410 2082 2422 ’
2197 2387 2376 2443 nis-15
2397 2385 2466 2420 3“
2491 2388 2660 2459 (137),
2687 2393 2745 2444 et
2779 2389 3048 2459 migravit
3074 2389 3144 2445 ad
3171 2390 3478 2448 Dominum
3505 2406 3644 2448 anno
3665 2391 3784 2460 1067,

459 2476 596 2541 Quae
615 2476 802 2532 mltis
821 2475 891 2531 ut
891 2475 1150 2547 faciant
1165 2475 1350 2546 vobis,
1375 2476 1702 2550 hecfacite
1721 2477 1781 2534 et
1804 2493 1903 2536 vos
1931 2480 2080 2538 illis.
2197 2491 2604 2532 successorem
2655 2492 2820 2534 suum
2867 2478 3180 2548 designans
3213 2479 3448 2536 nomine
3476 2482 3782 2538 Durannum.

461 2566 558 2620 Et:
586 2564 752 2629 Quod
771 2562 881 2620 tibi
901 2578 1017 2620 non
1037 2565 1149 2633 vis,
1175 2565 1292 2622 alii
1311 2579 1427 2622 non
1425 2566 1672 2638 feceris.
1699 2568 1859 2624 Nunc
1885 2567 2082 2640 igitur,
2197 2563 2282 2620 Ad
2313 2565 2467 2622 hunc
2497 2580 2636 2636 ergo
2665 2565 2856 2622 locum
2889 2567 3148 2638 veniens,
3173 2567 3267 2624 cui
3293 2571 3428 2639 post
3448 2569 3656 2626 obitum
3677 2583 3788 2641 prae-

455 2651 586 2723 quia
619 2651 898 2708 dilectum
941 2652 1118 2708 filium
1164 2657 1424 2711 nostrum
1478 2655 1769 2724 Hugonem
1821 2657 2084 2713 Dicnsem
2197 2653 2299 2708 fati
2333 2654 2521 2725 patris
2543 2655 2864 2726 praedictus
2886 2656 3034 2711 abba
3059 2657 3368 2714 Durannus
3388 2662 3650 2729 praeerat,
3672 2673 3787 2714 sum-

330 2791 341 2801 .
451 2741 790 2812 episcopum
815 2741 890 2798 ob
911 2740 1346 2800 :ecclesiasticaa
1372 2743 1645 2800 utilitatis
1669 2744 1894 2802 diversa
1917 2761 2088 2816 nego-
2197 2742 2317 2813 psit
2346 2742 2597 2798 animum
2629 2746 2686 2798 et
2714 2745 2951 2801 formam
2977 2744 3269 2816 discipuli,
3299 2745 3405 2802 sed
3430 2762 3559 2804 mox
3579 2743 3785 2817 compul-

451 2829 540 2884 cia
573 2828 628 2883 in
661 2827 876 2884 Gallias
893 2828 1053 2884 vices
1077 2834 1305 2887 nostras
1325 2836 1755 2902 exequuturum
1781 2833 2085 2904 mittimus,
2200 2845 2298 2885 sus
2319 2834 2408 2888 est
2433 2832 2710 2902 magister
2737 2832 2880 2901 fieri,
2907 2837 2963 2888 et
2991 2833 3286 2904 prioratus
3307 2834 3784 2907 suscepitofﬁcium

450 2921 506 2972 et
543 2917 672 2988 quia
707 2917 917 2973 nemini
949 2917 1144 2988 potius
1189 2919 1430 2975 credere
1479 2919 1779 2990 debemus,
1816 2937 1984 2992 quem
2031 2923 2087 2979 in
2191 2917 2359 2988 jussu
2386 2921 2614 2977 abbatis
2637 2925 2695 2978 et
2719 2921 2902 2978 totius
2925 2923 3422 2991 congregationis.
3448 2923 3782 2991 Tristabatur,

448 3005 717 3062 omnibus
745 3020 775 3061 a
809 3005 976 3062 nobis
1005 3005 1117 3061 sibi
1151 3006 1426 3076 iniunctis
1456 3007 1708 3065 fideliter
1728 3011 1916 3080 egisse
1937 3027 2089 3067 com-
2199 3008 2331 3078 quia
2363 3008 2516 3079 quod
2551 3009 2920 3066 desiderabat
2953 3025 3082 3066 esse
3113 3011 3395 3081 nequibat
3422 3033 3434 3067 :
3461 3017 3522 3068 et
3542 3012 3663 3084 quia
3690 3010 3785 3066 aliis

451 3095 725 3166 perimus,
753 3111 881 3166 qua:
913 3094 1084 3151 nobis
1115 3110 1187 3150 ex
1217 3095 1484 3153 ecclesiis
1513 3099 1728 3155 vestris
1751 3099 2086 3170 specialiter
2198 3111 2452 3166 praeesse
2483 3099 2819 3170 rogabatur,
2869 3098 2992 3170 ipse
3043 3099 3098 3155 in
3145 3113 3209 3155 se
3256 3099 3328 3156 de
3381 3115 3444 3158 se
3491 3101 3780 3157 mirabatur.

453 3183 700 3252 debetis,
737 3198 838 3240 vos
869 3183 952 3238 illi
981 3183 1051 3239 ad
1087 3199 1194 3239 nos
1241 3183 1581 3256 perferenda
1635 3187 1988 3258 persolvere,
2020 3203 2085 3245 ac
2119 3233 2168 3296 Ο
2196 3185 2524 3242 Triennium
2558 3188 2613 3242 in
2649 3188 2776 3259 ipso
2807 3189 3020 3244 mansit
3050 3188 3238 3246 officio
3262 3191 3374 3246 sub
3401 3190 3624 3248 abbatis
3652 3189 3787 3260 impe-

461 3272 527 3296 ΔΑ
563 3271 810 3296 ..-δικ-ιε..
844 3271 1182 3296 --ιεκθιςιιιι-..ς
1215 3272 1478 3296 ζηιςρηκη-
2204 3275 2279 3296 ..2-
2336 3276 2643 3296 _..-__!.I-_-_
2670 3293 2767 3296 _.--
2801 3294 2825 3296 ᾼ
2849 3294 2864 3296 ,
2885 3293 2928 3296 A,
2955 3293 2963 3296 -
3005 3283 3048 3296 ,ι
3078 3293 3103 3296 -_
3127 3293 3239 3296 _--_
3272 3294 3297 3296 κ,
3319 3293 3335 3296 -
3356 3293 3369 3296 ᾼ
3395 3295 3405 3296 γ
3464 3293 3508 3296 ,A
3557 3280 3591 3296 -Α
3620 3289 3768 3296 ,.-___-

459 3272 529 3328 de
563 3271 813 3328 retentis
843 3271 1184 3328 satisfacere
1208 3272 1499 3342 jubemus.
1531 3297 1556 3322 ιο
2119 3271 2168 3296 υ
2202 3275 2306 3342 rio,
2335 3276 2646 3347 providens
2670 3293 2776 3348 pro
2799 3293 2970 3349 posse
2995 3283 3054 3334 et
3077 3293 3247 3336 nosse
3271 3280 3599 3338 necessaria
3619 3289 3787 3350 paupe-

525 3361 660 3432 lpso
685 3375 836 3416 anno
859 3359 1013 3432 apud
1038 3361 1238 3418 Casam
1264 3361 1362 3418 Dei
1386 3362 1532 3425 (134)
1557 3365 1935 3422 monasticum
1969 3381 2094 3422 sus-
2204 3365 2364 3420 ribus
2388 3365 2623 3435 Christi,
2649 3371 2706 3421 et
2727 3366 3004 3424 insudans
3030 3367 3786 3426 utilitatimcclesimfromo-

454 3451 689 3519 ceperat
720 3447 982 3503 habitum
1037 3448 1282 3505 domnus
1324 3451 1578 3520 Jerento,
1613 3466 1808 3508 mense
1858 3455 2092 3510 Novem-
2206 3453 2392 3508 tiones
2422 3453 2972 3512 aecclesiasticorum
3001 3455 3284 3525 graduum
3319 3456 3570 3530 adeptus
3597 3459 3672 3512 est
3708 3466 3783 3525 per

457 3536 603 3606 brio,
639 3535 730 3592 die
761 3541 810 3592 1.
865 3535 966 3592 Hic
997 3540 1164 3594 ortus
1199 3537 1494 3594 territorio
1542 3539 1874 3612 Viennensi,
1930 3547 2093 3614 patre
2204 3556 2433 3598 manum
2469 3541 2660 3598 domui
2695 3543 2952 3614 llugonis
2982 3545 3208 3600 Diensis
3237 3545 3522 3618 episcopi,
3575 3559 3602 3601 a
3645 3543 3785 3616 primo

459 3622 734 3692 Arualdo,
770 3627 955 3680 matre
988 3625 1181 3694 Agnes
1226 3624 1474 3692 nomine,
1527 3627 1786 3684 nutritus
1829 3633 1917 3686 est
1969 3629 2096 3686 dili-
2207 3645 2388 3700 usque
2421 3631 2488 3686 ad
2523 3631 2852 3702 septimum.
2891 3631 3234 3700 lnvigilabat
3269 3634 3424 3690 enim
3455 3634 3596 3692 idem
3619 3629 3786 3688 sollici-

453 3713 612 3782 genti
644 3725 783 3768 cura
815 3717 871 3768 et
897 3712 1183 3769 industria
1210 3728 1240 3769 a
1263 3713 1474 3771 domno
1499 3717 1738 3786 Hugono
1761 3715 2097 3774 Cluniacen-
2205 3723 2300 3775 tus
2315 3719 2477 3788 gregi
2503 3719 2615 3774 sibi
2640 3719 2881 3790 credFto,
2907 3725 2965 3776 et
2989 3719 3296 3791 legationis
3328 3722 3440 3778 sibi
3467 3721 3685 3780 credits:
3703 3716 3786 3775 sol-

453 3800 599 3858 sium
633 3805 818 3873 patre,
855 3798 978 3870 (fol.
1015 3801 1104 3870 98)
1135 3799 1350 3858 litteris
1375 3802 1548 3858 etiam
1601 3803 1859 3860 imbutus
1899 3809 1989 3861 est
2023 3808 2094 3864 ab
2205 3803 2398 3862 licitas
2420 3807 2975 3874 servansexcubias,
2996 3807 3240 3878 primum
3257 3806 3787 3866 conciliumcelebra-

453 3891 541 3947 his
569 3889 664 3962 qui
699 3889 2089 3960 majorisauctoritatisvidebanturinCluniaco.
2204 3894 2288 3950 vit
2334 3894 2484 3966 apud
2555 3898 2785 3966 Ansam,
2857 3896 3172 3952 secundum
3231 3900 3386 3970 apud
3454 3899 3786 3955 Clarummou-

453 3981 762 4050 Postquam
795 3993 936 4036 vero
968 3979 1245 4052 adolevit,
1278 3981 1480 4039 seculo
1510 3983 1760 4053 adhesit,
1793 3989 1852 4041 et
1904 3986 2093 4044 factus
2203 3985 2320 4038 tem
2353 3983 2520 4053 (138),
2553 3983 2608 4038 iu
2639 3998 2754 4054 quo
2801 3983 3090 4055 Stephano
3139 3985 3497 4043 Arverneusi
3542 3984 3784 4058 episcopo,

452 4069 546 4122 est
575 4065 734 4122 velut
767 4080 980 4138 expers
1005 4067 1209 4136 gratiae
1241 4083 1412 4140 quam
1443 4070 1692 4142 adeptus
1725 4073 1930 4144 fuerat,
1959 4072 2097 4129 levi-
2214 4071 2514 4128 Podiensis
2545 4071 2702 4129 sedis
2729 4073 3017 4144 invasere,
3053 4073 3184 4144 quia
3215 4089 3320 4146 pro
3350 4075 3652 4132 ambitione
3677 4066 3788 4126 male

454 4152 562 4208 tati
587 4152 821 4209 omnino
845 4153 1110 4225 studens,
1129 4156 1422 4213 canonica:
1443 4159 1816 4228 professionis
1836 4175 2094 4218 normam
2209 4161 2405 4216 sedem
2441 4176 2602 4218 suam
2632 4161 2994 4233 deseruerat,
3031 4161 3320 4219 Willelmo
3373 4177 3598 4236 quoque
3638 4162 3787 4232 8)*ωο-

456 4239 745 4310 rejiciens,
799 4239 1072 4298 militaria
1120 4243 1315 4314 potius
1361 4244 1744 4304 instrumenta
1791 4253 2095 4322 appetens.
2209 4251 2375 4306 niaco
2397 4251 2744 4307 etinvasore
2763 4251 2924 4308 sedis
2948 4252 3331 4310 Arvernensis
3351 4243 3786 4326 deposito,(to77)

463 4327 864 4399 Studebatque
914 4329 1112 4388 seculo
1179 4345 1464 4403 crescere,
1518 4350 1626 4391 non
1672 4337 1805 4393 Deo.
1859 4339 2099 4397 Animus
2209 4343 2590 4396 consecratus
2611 4343 2702 4396 est
2729 4341 3006 4412 praefatus
3027 4340 3208 4398 abbas
3229 4342 3536 4400 Durannus
3556 4343 3787 4396 Arverno-

457 4416 675 4490 quietis
706 4416 1039 4490 impatiens,
1065 4417 1284 4477 laboris
1313 4420 1576 4494 impiger,
1604 4423 1823 4482 domari
1859 4443 1966 4484 non
2001 4443 2098 4500 po-
2211 4444 2335 4486 rum
2369 4427 2700 4500 episcopus,
2737 4432 2973 4500 peracto
3005 4429 3287 4486 decennio
3317 4429 3612 4502 regiminis
3635 4424 3709 4484 sui
3745 4422 3786 4476 in

457 4510 632 4563 terat.
667 4505 1026 4578 Implebatur
1054 4507 1108 4564 in
1141 4523 1210 4565 eo
1243 4509 1383 4567 illud
1419 4511 1637 4569 ethnici
1689 4515 1832 4585 (135)
1865 4516 2098 4574 verissi-
2125 4591 2159 4592 ί
2209 4517 2340 4574 loco
2364 4518 2523 4574 Casa:
2547 4516 2665 4588 Dei,
2693 4517 2787 4588 qui
2811 4518 2986 4574 etiam
3011 4521 3142 4590 post
3171 4518 3464 4577 biennium
3485 4512 3783 4592 petitioneel

456 4610 608 4652 mum
659 4595 731 4652 de
770 4593 984 4666 juvene
1035 4596 1262 4654 inberbi
1312 4599 1728 4674 testimonium,
1762 4604 1928 4676 cujus
1959 4605 2089 4675 quia
2122 4591 2176 4652 D
2207 4606 2509 4662 voluntate
2539 4606 2782 4662 fratrum
2815 4620 3013 4663 curam
3043 4607 3340 4676 regiminis
3374 4607 3602 4679 Siguino
3628 4596 3787 4661 dereli-

455 4687 718 4742 nostrum
755 4699 865 4742 non
899 4689 990 4741 est
1024 4686 1374 4759 meminisse,
1401 4689 1499 4760 qui
1524 4691 1678 4746 novit
1708 4691 1944 4748 recolat.
1972 4695 2088 4752 Hoc
2199 4695 2344 4766 quit.
2375 4694 2628 4751 Tertium
2663 4694 2908 4751 Divioni.
2941 4696 3418 4766 Persequebatur
3442 4691 3778 4768 Symoniacos.

1811 4825 2047 4882 VARUS
2088 4827 2381 4884 LECTION
2387 4829 2484 4883 ES.

525 4931 596 4968 “°
637 4934 785 5014 -_hita
829 4933 1189 5014 sol-“(Idem
1267 4934 1336 4971 ἰι
1372 4938 1422 4993 Μ
1471 4977 1486 4992 .
1527 4978 1548 5014 _.
1596 4953 1734 5014 ._c,;
1773 4952 2084 5014 numerum
2108 4941 2472 5014 restitui-ea;
2504 4941 2705 5000 chron.
2749 4939 3158 4999 Malleacensi.
3235 4939 3305 4974 ³⁴¹
3333 4941 3368 4998 d
3410 4985 3423 4997 .
3473 4983 3486 4996 .
3527 4982 3541 4996 .
3585 4979 3598 4994 .
3631 4949 3676 4992 ο.

456 5019 573 5063 eoa:
599 5004 855 5064 abacta.
933 5005 1002 5040 ³⁸⁸
1027 5020 1338 5066 numerum
1364 5009 1635 5082 suppleri
1663 5004 1740 5068 ea;
1762 5010 1962 5068 citrea.
1989 5011 2398 5071 Μαιιεασεηεὶ.

3739 4923 3786 4960 an

527 5240 684 5375 (133)
713 5241 1094 5300 Desideratur
1124 5243 1180 5300 in
1212 5244 1488 5328 Registro
1518 5245 1800 5330 Gregorii.
1837 5250 1900 5305 K.
2289 5249 2436 5322 (137)
2470 5249 2704 5308 Scilicet
2733 5251 3019 5322 ecclesias,
3049 5255 3107 5308 et
3135 5251 3302 5310 cellae
3333 5265 3510 5327 prope
3536 5261 3648 5307 eam
3683 5253 3783 5298 con-

531 5311 660 5375 (134
731 5311 786 5366 8.
838 5313 1556 5375 Bobert-la-Chaise-Dieu.
1609 5319 1936 5375 diwceseos
1983 5319 2106 5375 Cla-
2216 5325 2476 5375 structas.

531 5311 684 5395 (134)
731 5311 786 5366 8.
838 5311 1556 5388 Bobert-la-Chaise-Dieu,
1609 5311 1936 5376 diwceseos
1983 5319 2106 5376 Cla-
2216 5311 2496 5395 structam
2557 5392 2604 5395 Α
3333 5311 3350 5327 ⁸
3417 5311 3455 5395 γ’
3529 5393 3532 5395 λ
3667 5384 3697 5395 ..

461 5386 838 5465 mitigatam:
1017 5453 1032 5465 ι
1169 5457 1179 5465 _
1374 5460 1383 5465 Α
2251 5393 2435 5465 (138)
2464 5392 2736 5465 Habitum
2765 5396 2860 5465 est
2885 5408 2927 5449 ιι
2954 5393 3154 5465 Idibus
3175 5394 3446 5465 Augusti,
3480 5393 3542 5449 ut
3567 5403 3631 5446 ex
3667 5385 3780 5465 litte-

561 5452 686 5545 ἓξὲξ
718 5452 970 5545 {'Sfiii‘:
1000 5453 1240 5545 ἒῗέείξ,
1254 5460 1419 5545 βρέθὶι
1433 5461 1554 5545 161
1579 5473 1806 5545 86%...
1890 5531 1906 5545 .
2213 5452 2304 5545 ι’ῐδξ
2324 5452 2580 5545 “ligonis
2607 5463 2845 5545 Diensis
2864 5452 3778 5545 δά-Βυάριῖῑὶφ”ῖειςὸηεθηεεξω,ἓξξ

562 5519 1569 5618 1322.4.99‘2réfssalc191(19399329
1592 5519 1850 5618 “ab”?
1872 5531 2102 5618 9.9111991
2212 5519 2646 5618 εειπίθρίὲοορξιιη
2690 5519 2876 5606 έρεὶέι·
2936 5519 3112 5618 Marsi
3161 5519 3274 5604 XX;
3325 5519 3452 5618 43?»!
3495 5519 3780 5618 ΑρηρεΑῩῙξ

462 5608 494 5676 Ξ
525 5593 834 5676 Marlzqdp;
867 5608 918 5648 ν.
945 5593 1447 5676 ,ῌθὺίιιοῃὶξΔΑοιε
1476 5601 1571 5656 SS.
1605 5593 1730 5658 ord.
1777 5604 1830 5660 S.
1875 5602 2094 5660 Bened.
2213 5604 2320 5676 hoc
2347 5593 3144 5676 'concilium'congregatum
3194 5593 3324 5664 esse
3373 5605 3572 5676 docent
3610 5597 3779 5676 littere

459 5664 607 5726 Sec.
643 5665 733 5738 Vl,
773 5658 910 5722 tom.
945 5666 1012 5738 II,
1047 5681 1175 5738 pag.
1211 5671 1333 5726 183.
1793 5658 1828 5660 ﬂ
1933 5658 1942 5660 ἡ
2006 5658 2016 5660 ἡ
2215 5658 3164 5750 eiégeiii'éa'éﬁiseb'ﬁas'ﬁaiué,
3198 5658 3344 5748 quas
3379 5658 3510 5734 vide
3549 5668 3690 5728 intra.
3729 5658 3774 5714 κε
