3894 6380
131 401 234 466 281

1380 407 1876 476 CHRONICON.
1913 447 1988 458 —
2021 412 2170 476 LIB.
2218 413 2291 476 II.

3415 405 3535 471 282

125 538 411 594 adversus
444 553 606 610 quos
649 538 894 618 eijugis
924 555 1134 613 pugna,
1168 540 1478 600 conﬂictus
1518 545 1625 601 fuit
1650 557 1780 615 per-
1808 546 1858 604 A
1893 548 1982 603 nis
2001 548 2146 619 ejus,
2175 562 2341 618 quam
2366 547 2652 606 habuerat
2677 549 2730 606 in
2754 547 2971 616 seculo,
2997 546 3390 605 infrenaverat
3415 561 3532 603 mo-

129 630 352 698 petuus,
390 643 546 699 quos
577 629 758 686 etiam
775 635 951 702 prout
980 631 1172 703 potuit
1201 633 1272 687 ab
1296 631 1563 688 acclesia
1597 631 1780 690 elimi-

129 715 304 788 navit,
337 721 398 772 et
429 718 816 776 orthodoxos
843 720 1172 776 substituit.

204 811 357 865 Anno
385 808 462 865 ab
516 809 750 866 incarn.
805 812 965 866 Dom.
1019 812 1174 867 1075.
1227 811 1558 869 Grimoldus
1605 815 1779 870 abba-

135 899 265 954 tiam
295 898 443 970 (139)
478 897 717 956 dimisit
757 898 852 954 die
889 900 1074 955 sancti
1108 900 1388 956 Nichelai.
1440 902 1780 973 Rodulphus

133 988 426 1058 successit,
461 988 776 1044 ordintltio
805 991 933 1059 ejus
964 989 1056 1044 die
1087 990 1272 1045 sancti
1308 993 1542 1048 Urbani.

200 1079 358 1132 Anno
389 1077 466 1132 ab
497 1077 734 1135 incarn.
782 1079 939 1134 Dom.
988 1081 1142 1148 1076,
1183 1082 1266 1135 10.
1311 1078 1431 1136 Kal.
1466 1081 1567 1136 Mai
1604 1085 1778 1138 terrm

134 1167 314 1222 motus
345 1165 546 1223 factus
579 1170 698 1237 est,
737 1167 876 1222 feria
904 1170 956 1236 6,
989 1166 1118 1222 luna
1151 1170 1236 1237 14,
1270 1173 1328 1223 et
1361 1169 1464 1225 hoc
1499 1184 1646 1225 anno
1673 1170 1777 1226 fuit

131 1253 253 1323 gelu
314 1265 602 1324 magnum
655 1269 685 1310 a
734 1259 786 1310 7.
838 1253 972 1312 ldus
1024 1257 1358 1313 Decembris
1414 1271 1596 1327 usque
1644 1258 1778 1314 ldus

131 1342 324 1398 Martii.

196 1431 330 1502 (Fel.
356 1431 476 1503 97,)
496 1432 794 1498 Quartum
823 1433 1131 1491 concilium
1158 1435 1343 1489 tenuit
1368 1435 1774 1503 Augustuduni

129 1521 330 1586 (1077);
365 1536 472 1590 pro
507 1521 737 1592 quibus
770 1526 958 1578 autem
1001 1523 1192 1581 causis
1225 1524 1487 1580 Educnsc
1519 1524 1776 1580 celebra-

130 1614 238 1664 tum
291 1609 365 1665 sit
413 1609 770 1680 concilium,
804 1611 859 1666 in
901 1611 1118 1668 litteris
1151 1613 1342 1668 domni
1377 1628 1542 1684 papae
1576 1613 1776 1669 adver-

124 1701 242 1752 tere
273 1697 432 1766 licet,
467 1713 731 1768 quarum
752 1702 952 1757 textus
975 1701 1086 1756 istc
1113 1706 1200 1757 est
1231 1721 1243 1755 :
1270 1702 1596 1773 Gregorius
1627 1703 1777 1772 epis-

121 1800 308 1857 copus,
350 1800 569 1844 aereus
627 1802 933 1845 servorum
980 1791 1110 1858 Dei,
1163 1791 1376 1847 dilecto
1416 1792 1485 1847 in
1533 1791 1775 1847 Christo

1889 636 2097 693 nastici
2122 637 2346 694 ordinis
2364 642 2422 694 et
2445 639 2732 709 regularis
2763 638 3071 708 gravitatis
3110 639 3270 693 freno
3293 636 3440 692 dans
3473 635 3530 691 in

1887 738 1956 780 eo
1986 727 2312 797 exemplum
2341 729 2608 783 omnibus
2633 729 2739 784 sub
2765 727 3004 796 remigio
3039 727 3257 782 alarum
3291 738 3526 781 suarum

1889 815 2378 884 confugientibus,
2408 831 2518 873 non
2542 817 2858 886 desperare
2882 817 2952 872 de
2976 831 3074 870 sua
3107 811 3525 879 misericordia,

1887 902 2056 970 cujus
2073 908 2228 958 tanta
2257 903 2308 958 in
2327 905 2436 959 isto
2459 903 2924 974 adeptionisﬁlio
2939 903 3334 972 agnoscebant
3358 902 3530 955 bene-

1891 989 2039 1045 ﬁcia.
2077 993 2334 1048 Concilio
2372 1007 2513 1062 ergo
2545 994 2708 1062 inito,
2744 991 3311 1049 circumsedentibus
3342 988 3530 1044 Patri-

1889 1077 1995 1134 bus
2017 1083 2327 1136 tractatum
2343 1087 2432 1136 est
2457 1083 2527 1138 de
2553 1083 2752 1138 multis
2767 1086 2985 1137 sanctm
3005 1079 3268 1137 ecclesiae
3309 1077 3528 1133 utilita-

1887 1168 2069 1239 tibus,
2113 1174 2171 1224 ct
2206 1185 2401 1226 earum
2435 1171 2842 1227 determinatio
2865 1169 3138 1238 secunda,
3175 1167 3352 1224 tertia
3387 1181 3530 1236 quo-

1888 1270 2000 1324 que
2021 1261 2077 1311 et
2103 1265 2310 1328 quarta
2336 1259 2622 1330 protelata
2649 1264 2740 1315 est
2762 1259 2874 1313 die.
2897 1262 3221 1314 Accusatus
3242 1261 3331 1312 est
3356 1255 3410 1310 in
3433 1268 3526 1310 eo-

1889 1344 2016 1398 dem
2038 1347 2286 1402 concilio
2310 1348 2889 1404 Remensisecclesim
2907 1342 3524 1414 invasorSymoniacus

1889 1431 2180 1490 Manasses
2217 1450 2244 1490 a
2284 1435 2518 1491 clericis
2553 1437 2963 1499 Rcmcnsibus;
2999 1439 3058 1489 et
3098 1445 3421 1504 SllSpCllSUS
3452 1431 3524 1485 ab

1889 1521 2098 1589 officio,
2141 1523 2272 1592 quia
2307 1529 2547 1579 vocatus
2573 1525 2641 1578 ad
2668 1525 2978 1580 concilium
3027 1529 3088 1578 ut
3131 1536 3188 1577 se
3224 1521 3522 1590 purgaret,

1888 1624 2000 1664 non
2024 1612 2199 1668 venit.
2227 1611 2330 1677 Qui
2356 1628 2483 1668 cum
2509 1613 2804 1669 canonicis
2818 1611 3116 1668 Rcmcnsis
3133 1608 3410 1666 :ecclesize
3436 1620 3526 1662 ac-

1887 1700 2258 1756 cnsatoribus
2273 1702 2438 1756 suisa
2456 1703 2704 1758 concilio
2725 1702 3107 1757 redeuntibus
3125 1699 3404 1771 plurimas
3429 1711 3524 1766 pa-

1885 1793 2072 1844 rasset
2116 1789 2375 1858 insidias,
2412 1791 2636 1846 domum
2687 1791 2888 1846 domos
2921 1804 3118 1845 eorum
3151 1787 3342 1855 fregit,
3381 1797 3525 1855 pra-

126 1874 308 1932 f‘ram’
351 1876 634 1948 Hugom',
681 1878 1012 1934 venerabili
1042 1881 1254 1935 Dianai
1300 1880 1579 1950 eniscopo,
1613 1881 1773 1937 sala-
1802 1897 1854 1956 Β
1887 1878 2106 1932 bendas
2133 1892 2332 1933 eorum
2357 1879 2636 1948 vendidit,
2663 1885 2722 1934 et
2743 1880 2886 1934 bona
2911 1893 3108 1934 eorum
3139 1874 3401 1945 diripuit.
3436 1874 3522 1928 In-

127 1963 230 2018 tem
280 1963 340 2018 et
367 1964 778 2034 apostolicam
809 1965 1283 2023 benedictionem.
1317 1965 1620 2024 Gerarde
1664 1968 1773 2025 Ua-

123 2055 475 2110 meracensis
507 2054 743 2111 electus
769 2055 852 2110 ad
871 2069 975 2111 nos
999 2057 1256 2123 veniens,
1293 2061 1404 2110 etc.
1442 2056 1610 2127 (140).

188 2139 323 2211 (Fel.
357 2141 474 2211 98.)
507 2143 696 2198 Juxta
748 2144 851 2199 hec
885 2144 1083 2214 itaque
1136 2144 1401 2200 mandata
1448 2143 1770 2214 apostolica

124 2233 456 2298 congregata
491 2234 586 2288 est
619 2232 885 2302 synodus
908 2231 1334 2288 venerabilium
1363 2234 1596 2288 Patrum
1621 2233 1770 2303 apud

126 2313 369 2386 Eduam,
403 2321 518 2376 sub
561 2320 762 2376 tutela
805 2325 861 2374 et
900 2322 1261 2392 protectionc
1295 2321 1504 2377 Christi
1535 2321 1768 2387 domini,

131 2420 349 2463 assensu
365 2407 624 2464 etlaude
645 2409 1104 2480 liugonisducis,
1122 2411 1356 2465 annoab
1377 2409 1774 2466 incarnatione

131 2493 331 2550 Domini
349 2497 488 2552 1076
504 2496 552 2564 (1
569 2496 799 2567 41),ubi
815 2503 1210 2555 convenerunt
1226 2513 1294 2553 ex
1315 2498 1545 2553 Francia
1563 2503 1623 2554 et
1639 2500 1774 2554 Bur-

129 2580 324 2650 gundia
351 2583 518 2640 multi
548 2584 828 2641 illustres
846 2586 1254 2658 viri,cpiscopi
1285 2592 1343 2643 et
1365 2585 1773 2655 clerici,abba-

134 2673 213 2725 tes
229 2675 281 2725 et
297 2672 563 2729 monachi
582 2673 990 2746 quamplures,
1007 2675 1624 2746 annopapatusdomni
1641 2675 1774 2729 Gre-

133 2758 257 2826 gorii
279 2759 391 2831 Vll,
430 2766 679 2831 quarto.
707 2763 831 2817 Dux
862 2763 1186 2832 Hugojusti
1217 2767 1390 2819 tenax
1427 2762 1772 2832 Burgundim

139 2854 386 2918 praeerat,
405 2851 883 2919 Lirguonensem
897 2851 1216 2908 zecclesiam
1234 2852 1555 2908 Rainardus
1569 2865 1773 2920 cogno-

139 2939 485 3008 mcntollugo
513 2939 787 3009 regebat,
805 2939 1168 3009 viradprimc
1196 2941 1510 2998 rhetoricis
1531 2939 1771 2994 inbutus

139 3022 346 3093 studiis,
381 3025 587 3083 clarus
617 3027 873 3096 ingenio,
899 3041 1165 3084 sermone
1199 3029 1499 3099 facundus,
1524 3027 1768 3084 scicntia

141 3109 970 3186 praditus.aﬂ‘abilisalloquio
984 3118 1040 3170 et
1058 3117 1588 3186 prudensconsilio.
1607 3115 1772 3171 Obie-

140 3200 372 3256 ratanno
389 3200 516 3272 ipso
531 3201 1153 3260 Divionensiscenobii
1168 3205 1348 3261 abbas
1363 3205 1672 3278 Adalbero,
1687 3213 1767 3282 et,

142 3285 268 3341 utin
305 3288 525 3346 talibus
549 3289 801 3360 assolet,
827 3289 898 3346 de
932 3292 1143 3348 abbate
1174 3294 1584 3352 substituendo
1622 3297 1774 3355 inter

145 3376 560 3435 monachosloci
577 3378 820 3435 diversa
839 3379 1378 3438 fercbaturelectio.
1399 3383 1558 3448 Quod
1576 3385 1778 3443 videli-

147 3466 228 3517 cet
259 3465 564 3522 cenobium
600 3467 861 3536 antiquae
905 3469 1232 3525 nobilitatis
1262 3471 1563 3540 religionis
1601 3479 1776 3531 stem-

149 3555 280 3606 mate
304 3554 408 3609 sub
434 3554 720 3612 Willelmi
753 3556 984 3612 abbatis
1016 3557 1293 3628 regimine
1318 3559 1506 3616 fuerat
1538 3561 1776 3619 decora-

149 3641 270 3695 tum.
293 3641 553 3700 Sedtunc
568 3643 820 3699 Roberti
843 3643 1010 3701 ducis
1031 3645 1304 3702 violentia
1325 3653 1384 3703 et
1400 3649 1774 3719 praelatorum

150 3723 368 3800 incuria,
396 3732 776 3788 subditorum
807 3747 1036 3802 quoque
1075 3735 1323 3804 segnitia
1349 3750 1380 3790 a
1420 3737 1668 3807 pristino
1701 3739 1776 3795 ri-

148 3827 272 3882 gore
292 3817 602 3878 videbatur
627 3819 1048 3892 aliquantulum
1083 3823 1464 3880 imminutum.
1495 3826 1616 3897 (fol.
1642 3828 1773 3901 98’.)

148 3901 334 3974 thuia
350 3907 500 3978 quod
517 3909 686 3964 intus
700 3909 1018 3975 ceciderat,
1037 3911 1288 3968 forisdiu
1311 3916 1470 3969 stare
1485 3930 1596 3971 non
1616 3921 1775 3988 pote-

154 3995 249 4061 rat,
267 3991 417 4051 intus
439 4011 650 4068 parum
673 4000 799 4053 erat
830 3997 1151 4069 religionis,
1175 3999 1318 4055 foris
1337 4002 1588 4058 cumulis
1609 4004 1775 4062 deso-

151 4075 374 4139 lationis.
403 4085 514 4140 Pro
546 4085 740 4141 tantis
771 4087 1056 4154 angustiis
1089 4087 1486 4146 anxietatibus
1507 4095 1564 4146 et
1589 4093 1774 4151 tribu-

155 4159 462 4243 lationibus,
489 4175 565 4229 ab
600 4173 698 4228 his
731 4188 974 4244 quorum
1009 4177 1135 4230 erat
1159 4190 1320 4232 mens
1352 4177 1548 4235 sanior
1571 4187 1773 4252 pastor

156 4259 482 4321 querebatur
511 4261 787 4318 idoneus.
819 4262 1084 4318 Pontifex
1109 4263 1524 4335 Linguonensis
1550 4274 1608 4324 et
1631 4271 1768 4343 dux,

159 4353 370 4428 quorum
397 4355 528 4407 erat
559 4350 722 4406 istud
754 4351 1112 4422 prospicere,
1146 4352 1394 4410 concilio
1417 4355 1769 4428 intererant;

155 4425 214 4482 de
229 4433 410 4491 multis
429 4437 611 4507 enim,
631 4443 696 4494 ut
711 4438 1116 4510 praescriptum
1132 4444 1241 4510 est,
1261 4443 1524 4511 partibus
1544 4425 1771 4503 honesti

158 4522 502 4592 qnamplures
545 4524 654 4582 illo
708 4531 1126 4584 convenerant.
1171 4529 1388 4586 Aderat
1434 4531 1587 4588 inter
1623 4534 1770 4592 alios

1887 1967 1958 2021 de
1982 1981 2110 2021 cum
2143 1982 2171 2021 a
2207 1969 2382 2022 Roma
2416 1966 2645 2022 litteras
2685 1970 3031 2036 accepisset,
3071 1969 3135 2021 ut
3175 1964 3228 2018 in
3271 1960 3522 2018 concilio

1885 2067 2014 2109 cum
2048 2070 2148 2109 sex
2181 2070 2242 2110 sc
2279 2061 2551 2128 purgaret
2594 2055 2908 2126 episcopis,
2939 2055 3174 2108 Romam
3219 2051 3322 2106 ivit
3345 2049 3516 2120 (142).

1886 2142 2096 2206 Quinta
2141 2149 2331 2199 autem
2367 2145 2476 2212 die,
2518 2144 2649 2214 quia
2687 2141 3087 2210 Lugdunensis
3131 2139 3319 2207 sedes,
3353 2139 3522 2194 lium-

1887 2230 2055 2284 bcrto
2072 2231 2410 2301 Symoniaco
2445 2232 2688 2302 expulso
2711 2235 2766 2286 et
2793 2231 2847 2285 in
2875 2229 3020 2285 locis
3037 2227 3384 2284 Jurensibus
3405 2239 3524 2280 mo-

1889 2318 2072 2374 nacho
2111 2321 2285 2389 facto,
2321 2322 2563 2376 vacabat
2597 2319 2878 2386 antistite.
2905 2333 2934 2373 a
2961 2317 3144 2373 latere
3171 2314 3362 2372 domui
3397 2313 3520 2368 Lin-

1885 2409 2200 2474 guonensis
2221 2410 2463 2465 reiectus
2495 2415 2582 2464 est
2607 2409 2900 2465 Gebuiuus
2932 2407 3399 2471 archidiaconus,
3432 2403 3522 2458 vir

1886 2510 2107 2550 morum
2129 2497 2480 2566 prohibitate
2495 2499 2866 2560 venustus,ut
2890 2494 3290 2566 praeﬁceretur
3308 2490 3526 2560 Lugdu-

1887 2583 2049 2636 nensi
2084 2583 2363 2639 {ecclesiae
2387 2584 2682 2654 (li3).lloc
2710 2584 2888 2639 totius
2909 2581 3142 2638 concilii
3179 2578 3523 2636 acclamavit

1886 2685 2180 2740 assensus,
2216 2673 2322 2727 hoc
2347 2673 2520 2728 etiam
2554 2672 2956 2740 Lugdunensis
2979 2670 3246 2728 ecclesiae
3278 2667 3522 2724 clerico-

1885 2773 2010 2814 rum
2034 2764 2090 2814 et
2123 2759 2404 2816 laicorum
2427 2761 2779 2830 quiadcrant
2803 2760 3048 2830 expetiit
3075 2761 3238 2814 bona:
3260 2756 3523 2812 volunta-

1882 2848 1961 2903 tis
1993 2848 2256 2904 affectus.
2287 2851 2506 2920 Raptus
2529 2850 2706 2918 igitur
2728 2851 2799 2904 ab
2823 2847 2990 2904 altari
3009 2862 3122 2916 quo
3153 2845 3516 2914 confugerat,

1883 2935 2220 3004 diligentius
2235 2943 2523 3006 servatur,
2543 2945 2600 2994 ut
2627 2938 2681 2992 in
2699 2938 2790 2994 die
2814 2935 3108 2992 Dominico
3132 2948 3291 2989 more
3315 2932 3522 2989 solem-

1884 3025 1978 3096 pni
2017 3026 2478 3083 benediceretur.
2512 3025 2706 3082 Doluit
2741 3040 2917 3096 super
2944 3025 3052 3080 hoc
3097 3019 3518 3091 Linguonensis

1883 3115 2214 3186 episcopus,
2239 3097 2549 3185 cierusque
2583 3115 2678 3186 qui
2703 3115 2903 3171 aderat
2936 3111 3352 3182 Linguonicus;
3383 3107 3518 3181 quia

1884 3204 2147 3259 amisisse
2171 3205 2522 3261 videbantur
2545 3205 2729 3261 virum
2746 3204 2799 3260 in
2824 3200 3327 3259 azcclesiasticiset
3353 3213 3520 3256 secu-

1885 3290 2105 3346 laribus
2119 3292 2372 3362 negotiis
2398 3289 3027 3363 pernecessarium,cui
3053 3286 3522 3360 plurimuminni-

1885 3380 2178 3434 tebantur.
2206 3379 2314 3435 Sed
2350 3381 2648 3451 przevaluit
2673 3393 2918 3436 concors
2943 3375 3230 3435 sententia
3259 3375 3517 3446 concilii,

1884 3469 2014 3538 quia
2033 3468 2114 3524 sic
2127 3473 2254 3524 erat
2273 3469 2618 3539 praefinitum
2635 3473 2689 3524 et
2706 3469 2982 3540 placitum
3001 3467 3054 3522 in
3070 3465 3260 3524 oculis
3275 3464 3514 3520 Domini.

1886 3557 2054 3611 Sexta
2081 3555 2198 3625 jam
2223 3556 2503 3612 sessionis
2523 3557 2615 3614 die
2644 3557 2898 3626 assurgit
2929 3552 3518 3626 Linguonensisidem

1883 3659 1915 3701 e
1948 3644 2136 3700 medio
2163 3645 2732 3714 circumsedentium,
2757 3650 2818 3700 et
2843 3649 2903 3701 ut
2923 3644 3011 3699 vir
3031 3643 3244 3699 nobilis
3268 3646 3327 3698 et
3350 3642 3522 3698 urba-

1884 3749 1971 3790 nae
1993 3733 2364 3804 eloquentiae,
2387 3735 2612 3790 ratione
2634 3734 2955 3805 composita
2980 3737 3239 3788 attentos
3262 3731 3374 3788 sibi
3395 3729 3523 3786 red-
3592 3739 3601 3746 '

1884 3821 2027 3878 dens
2050 3821 2349 3878 auditores
2368 3829 2424 3877 et
2443 3821 2760 3890 benivolos,
2781 3820 3256 3892 replicuitaliqua
3272 3819 3342 3874 de
3364 3819 3521 3874 dam-

1882 3925 1997 3980 pno
2020 3911 2283 3966 ecclesia:
2306 3911 2417 3966 sibi
2439 3909 2957 3976 commissaaillato,
2975 3907 3128 3978 quod
3153 3907 3308 3976 quasi
3339 3905 3523 3962 eruis-

1883 4005 2012 4054 sent
2042 3997 2094 4053 ei
2127 3997 2378 4066 oculum,
2411 3997 2502 4053 cui
2528 4011 2693 4052 suum
2726 3995 2999 4052 tulissent
3026 3994 3516 4066 archidiaconum,

1884 4089 1940 4143 in
1971 4101 2084 4156 quo
2107 4099 2244 4156 spes
2261 4086 2465 4154 omnis,
2494 4085 2549 4140 in
2573 4100 2687 4156 quo
2720 4083 3105 4154 refrigerium,
3133 4083 3190 4138 in
3212 4082 3379 4152 cujus
3403 4083 3518 4139 sibi

1883 4179 2011 4230 erat
2038 4174 2284 4231 caritate
2315 4173 2609 4231 solatium.
2637 4173 2728 4230 Sic
2759 4173 3002 4230 honesta
3026 4173 3338 4228 verborum
3362 4171 3517 4227 serie

1883 4263 2089 4320 matris
2137 4263 2560 4320 desolationem
2601 4262 2902 4335 plangens,
2940 4266 2997 4318 et
3031 4261 3163 4317 filiae
3203 4260 3515 4318 orbitatem

1883 4357 2232 4420 nontaccns,
2253 4351 2498 4424 replicat
2524 4353 2819 4424 antiquam
2845 4351 3208 4409 nobilitatem
3235 4349 3519 4408 aecclesiae

1883 4441 2268 4512 Divionensis,
2287 4442 2473 4497 zelum
2508 4441 2776 4498 Willelmi
2804 4441 3033 4498 abbatis
3057 4441 3112 4495 in
3146 4439 3522 4510 rigorejusti-

1831 4585 1838 4590 .
1881 4530 1978 4588 tiae
1993 4535 2047 4586 et
2066 4531 2291 4586 fervore
2306 4531 2450 4587 disci
2459 4530 2722 4602 plina-{et
2739 4530 3008 4586 districta
3023 4528 3244 4585 ordinis
3259 4529 3521 4584 modera-

154 4602 299 4661 etiam
317 4611 636 4678 priorCasm
669 4612 1287 4684 Dei,utquerimoniam
1307 4617 1772 4691 faceretinjuria-
1800 4604 1851 4664 D
1885 4619 2063 4688 tione,
2091 4635 2242 4676 nunc
2267 4624 2459 4678 autem
2493 4620 2545 4674 in
2570 4620 2732 4675 obitu
2756 4618 2984 4676 abbatis
3011 4617 3200 4674 omnia
3231 4615 3303 4671 ad
3338 4615 3521 4672 nichi-

162 4703 262 4746 rum
282 4699 602 4758 (ecclesiam
630 4715 753 4758 suae
781 4701 1106 4766 illatarum;
1137 4718 1304 4774 quem
1327 4707 1458 4776 quia
1485 4713 1618 4765 ante
1641 4725 1774 4767 con-

160 4782 445 4842 versionem
466 4791 676 4846 notum
701 4788 984 4846 habuerat
1009 4790 1768 4869 Linguonensisepiscopus,

159 4870 347 4927 nuncin
363 4880 606 4947 aspectu
624 4876 945 4934 immutatae
971 4877 1331 4937 babitudinis
1353 4883 1554 4941 cordis
1574 4891 1633 4942 et
1651 4901 1774 4943 cor-

159 4955 292 5021 poris
318 4959 436 5028 ejus
475 4963 871 5037 applaudebat
895 4970 955 5021 et
975 4968 1500 5036 congratulabatur
1527 4972 1602 5042 ei,
1633 4974 1776 5030 divi-

159 5052 265 5098 nam
287 5047 621 5108 cellaudans
631 5053 974 5125 potentiam,
991 5055 1088 5124 qui
1106 5055 1220 5111 leni
1229 5061 1404 5114 tatem
1435 5059 1774 5119 dissolutio-

1881 4707 1997 4765 lum
2043 4710 2162 4765 fere
2200 4709 2456 4779 redacta,
2482 4709 2639 4764 intus
2669 4722 2869 4779 parum
2904 4705 3221 4775 religionis,
3250 4704 3390 4760 foris
3421 4720 3521 4760 cu-

1883 4797 2072 4855 mulos
2111 4796 2526 4868 tribulationis,
2565 4795 2706 4851 adeo
2739 4800 2801 4851 ut
2829 4809 2957 4865 quaa
2990 4793 3274 4864 quondam
3317 4792 3518 4850 multis

1881 4887 2168 4944 aecclesiis
2191 4890 2458 4958 pastores
2479 4889 2540 4940 et
2555 4889 2813 4940 rectores
2832 4883 3071 4938 idoneos
3093 4887 3520 4952 praeposuerat,

1882 4975 2102 5032 nullum
2127 4975 2226 5046 qui
2249 4974 2298 5030 ei
2325 4978 2569 5044 praesset
2593 4971 2664 5026 de
2685 4972 2809 5028 suis
2841 4970 3097 5027 invenire
3120 4974 3342 5042 posset.
3369 4970 3512 5038 (Fel.

1881 5065 1972 5136 99)
2001 5065 2326 5134 Confugere
2359 5077 2422 5118 se
2457 5059 2765 5134 profitetur
2787 5060 2854 5116 ad
2878 5059 2974 5116 Dei
3003 5059 3404 5131 bonorumque
3431 5061 3519 5117 vi-

1704 5177 1922 5234 NOTAE.

244 5258 352 5316 139)
387 5259 440 5316 S.
472 5261 691 5316 Vitoni.

221 5252 352 5392 (139)
387 5259 440 5316 S.
472 5261 691 5319 Vitoni.

226 5325 336 5412 liti
354 5329 427 5412 ‘ln
448 5332 1132 5412 registroncregorii‘lv,
1157 5342 1243 5408 22,
1279 5339 1575 5398 adduntur
1604 5343 1766 5412 signa

165 5387 573 5483 gyrogologicav:
593 5387 1247 5483 '1)de
1256 5387 1470 5483 £21226

169 5457 571 5554 ξξζηῖτῖιςᾳξοιρ,
586 5457 1464 5554 fv"(dies"ﬁqiifiiz’iizéiiéhéj

169 5533 300 5612 1077.
320 5537 460 5612 rYiAde
491 5533 545 5598 in
579 5543 860 5612 Gregorio
893 5547 1008 5604 νη.

213 5600 358 5694 $141)
385 5600 1120 5694 {gibus‘seitenibrft’ide
1166 5621 1472 5692 epistolam
1514 5625 1770 5694 Hugonis

171 5665 362 5733 Diénsis
389 5665 574 5739 11έῆξῖ
592 5665 652 5756 ιζ
668 5665 938 5755 sine»;

1951 5275 2099 5347 (142)
2150 5277 2230 5330 Ex
2261 5276 2533 5344 chistro
2565 5275 2827 5346 Gregorii
2873 5276 2935 5345 V,
2972 5279 3058 5344 17,
3093 5276 3252 5346 patet
3305 5276 3520 5346 praeter

1881 5346 2179 5402 Manassen
2238 5346 2740 5417 archiepiscopum
2802 5347 3140 5417 Remensem
3208 5350 3516 5402 accusatos

1880 5417 2064 5472 fuisse
2097 5419 2387 5484 Hugonem
2434 5416 2811 5486 Bisontinum,
2845 5416 3176 5472 Ricberium
3231 5418 3518 5473 Senonen-

1881 5501 2022 5553 3cm,
2061 5487 2434 5542 Coti-.fredum
2460 5491 2894 5552 Carnotensem,
2929 5488 3279 5544 Richardum
3305 5486 3518 5543 Bituri-

1879 5571 2137 5625 gcnsem,
2171 5556 2476 5613 llodulfum
2507 5561 2917 5614 Turonensem.
2954 5561 3014 5614 Κ.

1881 5627 2104 5752 “(slain
2149 5625 2410 5696 Epistola
2463 5630 2720 5698 llugonis
2769 5630 2994 5687 Iliensis
3039 5646 3132 5702 ap.
3200 5629 3377 5686 Mansi
3427 5627 3518 5683 xx
