3894 6332
429 358 548 425 283

1392 366 1760 430 HUGONIS
1801 365 2145 428 ABBATJS
2187 366 2866 432 FLAVINIACENSIS

3689 379 3785 441 284

427 513 628 557 rerum
661 496 988 572 consilium,
1017 505 1082 558 ut
1104 499 1418 560 anxietatis
1439 515 1577 572 suae,
1601 500 1769 573 cujus
1799 504 1924 558 erat
1956 499 2068 558 hoc
2096 499 2152 562 Α
2183 514 2272 557 ma
2287 501 2542 560 omnium
2561 500 2922 560 exultatione
2943 508 3001 560 et
3026 504 3303 588 tripudio,
3319 505 3571 566 domnus
3592 510 3789 569 Gebuli-

431 589 740 660 providere
780 593 837 646 et
871 589 1202 662 disponere,
1235 591 1467 662 aliquod
1500 592 1557 648 in
1590 597 1821 649 rectore
1851 590 2070 649 substi.

431 678 668 748 tuendo,
693 679 792 750 qui
817 695 952 736 vere
979 684 1173 736 rector
1194 681 1491 738 diceretur
1505 685 1561 737 et
1585 688 1762 752 esset,
1780 682 2068 742 inveniret

434 767 726 824 solatium.
753 769 890 824 Cum
917 774 1268 840 perorasset,
1293 774 1348 824 et
1373 785 1402 825 a
1432 771 1627 839 legato
1651 785 1754 842 Spe
1786 771 2066 842 promissa

435 855 662 912 consilii
685 861 741 912 et
774 856 971 912 auxilii
992 857 1192 927 jussus
1220 864 1382 914 esset
1410 859 1660 928 edicere,
1693 874 1861 930 quem
1879 860 2066 916 eidem

433 943 626 1000 officio
659 945 891 1014 dignum
935 944 1006 1000 de
1041 946 1625 1017 circumsedentibus,
1673 947 1804 1018 quia
1836 947 1892 1002 in
1940 947 2068 1019 ipsa

436 1033 703 1090 secclesia
737 1049 845 1090 non
888 1034 1312 1105 inveniebatur,
1353 1035 1532 1092 vellet
1581 1035 1914 1107 praeficere:
1969 1036 2067 1093 ille

435 1123 689 1192 priorem
728 1126 888 1179 Casae
930 1123 1027 1180 Dci
1079 1139 1246 1180 manu
1306 1124 1636 1194 designans,
1690 1131 1750 1180 et
1793 1125 1965 1181 simul
2011 1125 2065 1180 in

435 1211 633 1267 verbis
673 1213 1078 1281 procumbens,
1123 1216 1183 1268 et
1218 1227 1405 1291 genua
1448 1213 1720 1269 flectens:
1759 1214 1930 1283 Date,
1965 1213 2064 1283 ait,

435 1299 590 1356 milii
607 1300 762 1358 hunc
771 1301 996 1371 piscem
1018 1301 1206 1372 ale/on
1216 1302 1270 1357 te
1288 1301 1419 1356 Dei.
1446 1303 1511 1355 Et
1535 1306 1596 1356 ut
1622 1301 1848 1357 facilius
1872 1306 2070 1372 postu-

438 1386 554 1444 lata
587 1388 898 1459 acciperet,
927 1391 1219 1457 llugoncm
1243 1389 1444 1445 ducem
1464 1389 1576 1444 sibi
1596 1390 1840 1445 sociavit
1866 1390 1919 1444 in
1941 1404 2070 1462 pre-

437 1476 625 1546 cibus,
659 1481 722 1533 ut
753 1477 879 1546 ejus
911 1483 1236 1533 mereretur
1287 1477 1514 1533 bonitas
1551 1479 1699 1548 quod
1751 1493 1813 1533 sc
1862 1494 1965 1549 per
2005 1493 2069 1535 se

440 1580 608 1634 posse
641 1565 963 1622 diffidebat.
991 1565 1153 1622 Oculi
1177 1580 1316 1635 ergo
1345 1567 1598 1622 omnium
1631 1567 1683 1621 in
1708 1581 1838 1622 eum
1863 1567 1960 1638 qui
1985 1583 2074 1624 ro-

436 1654 687 1723 gabatur
735 1654 1085 1723 diriguntur.
1136 1653 1243 1710 Sed
1286 1655 1416 1724 quia
1477 1655 1754 1725 praefatus
1800 1656 2070 1713 Romanas

439 1742 595 1798 sedis
629 1741 856 1812 legatus
903 1747 1164 1812 noverat,
1196 1742 1382 1798 virum
1423 1743 1576 1798 acris
1606 1757 1739 1798 esse
1773 1743 1984 1812 ingenii
2013 1749 2070 1800 et

2177 605 2284 646 nus
2305 591 2362 646 in
2387 591 2824 661 Lugdunensem
2847 593 3352 667 archiepiscopum
3364 595 3442 652 ab
3470 595 3597 669 ipso
3618 599 3785 657 Roma-

2177 693 2263 737 na)
2280 680 2436 736 sedis
2453 680 2728 750 legato,et
2749 682 3330 752 prwfatuselectusiu
3345 685 3615 744 abbatem
3629 689 3783 746 Divic-

2177 783 2414 824 nensem
2428 784 2456 824 a
2474 769 2758 840 pracdicto
2772 769 3159 839 Linguonensi
3175 773 3475 845 episcopo.
3495 774 3784 833 Multatunc

2179 855 2340 912 utilia
2359 861 2417 912 et
2443 861 2661 914 sanctas
2682 856 2780 911 Dei
2803 857 3072 916 ecclesias
3089 859 3339 930 proficua
3369 859 3430 915 in
3448 859 3549 918 illo
3569 864 3784 921 tractata

2175 950 2235 1000 et
2263 945 2498 1000 definita
2519 949 2655 1001 sunt
2684 944 2954 1001 concilio.
2981 946 3105 1013 Quo
3128 947 3340 1019 soluto,
3369 948 3446 1005 ad
3471 963 3576 1006 sua
3599 952 3784 1022 quique

2177 1033 2440 1089 redeunt.
2475 1033 2810 1102 Lugdunum
2837 1034 3049 1104 praesul
3079 1035 3280 1107 adivit,
3307 1037 3783 1112 archiepiscopum

2177 1120 2622 1178 beatiﬁcandum
2647 1121 2701 1176 in
2731 1119 2916 1190 gloria
2955 1121 3178 1180 caelesti
3201 1124 3432 1180 civibus
3457 1128 3781 1197 expectanti-

2180 1211 2288 1266 bus
2308 1214 2368 1265 et
2393 1208 2864 1266 desiderantibus
2889 1210 3229 1282 assignavit,
3261 1228 3433 1284 quem
3463 1228 3591 1271 cum
3611 1216 3785 1285 gaudio

2179 1299 2362 1355 totius
2385 1299 2546 1356 urbis
2569 1299 2620 1353 in
2647 1297 2784 1354 sede
2809 1301 3304 1370 praedecessorum
3327 1303 3458 1372 ejus
3482 1306 3786 1375 Hyreneiat-

2179 1403 2293 1458 quo
2320 1387 2501 1444 Fotini
2530 1392 2664 1442 ante
2697 1391 2954 1458 tempora
2975 1389 3259 1446 secularia
3277 1391 3637 1462 preelcctum
3660 1392 3782 1449 loca-

2183 1478 2286 1534 vit.
2321 1479 2435 1533 Nec
2471 1475 2738 1532 fultvana
2765 1475 2962 1546 pOpuli
2987 1477 3291 1548 exultatio,
3317 1494 3450 1550 qua:
3475 1480 3530 1535 in
3550 1479 3769 1551 diesaug

2183 1572 2495 1637 mentatur,
2521 1571 2579 1624 et
2613 1567 2721 1621 fine
2751 1566 2999 1638 carebit,
3027 1567 3157 1638 quia
3176 1572 3378 1638 pastor
3401 1583 3601 1624 eorum
3626 1569 3785 1639 benig-

2181 1671 2312 1724 nus,
2340 1657 2396 1712 in
2419 1671 2550 1713 arce
2568 1659 2685 1728 poli
2705 1656 3110 1725 sacerdosjam
3127 1656 3502 1713 beatiﬁcatus
3525 1657 3662 1728 (144)
3680 1658 3780 1714 dum

2181 1744 2326 1800 vixit
2362 1744 2442 1800 illi
2476 1745 2705 1802 adhesit
2730 1746 2826 1817 qui
2851 1750 2938 1802 est
2964 1759 3176 1800 corona
3200 1749 3544 1801 sanctorum
3575 1753 3630 1801 et
3657 1745 3782 1801 exul-

437 1832 630 1900 animi,
649 1837 705 1888 et
731 1831 1170 1888 dissolutionem
1195 1837 1437 1888 noverat
1460 1832 1854 1888 habitatorum
1879 1832 1992 1890 loci
2013 1837 2070 1888 et
2100 1854 2154 1914 Β
2185 1834 2350 1904 tatio,
2378 1834 2473 1904 qui
2495 1834 2623 1891 loco
2647 1850 2757 1891 non
2779 1837 3032 1902 tenetur,
3057 1835 3114 1888 et
3146 1832 3394 1888 termino
3419 1847 3532 1889 non
3557 1838 3780 1902 augusta-

437 1920 880 1977 instabilitatem
903 1924 1100 1987 terras,
1133 1935 1378 1992 parcens
1398 1920 1471 1990 ei,
1499 1935 1843 1991 quamquam
1870 1926 2070 1977 nosset

437 2008 768 2078 utillimum,
787 2023 842 2063 in
865 2009 1240 2064 concedendo
1255 2012 1380 2064 erat
1404 2007 1677 2065 difficilis.
1694 2011 2076 2081 Tcmptabant

433 2098 607 2153 etiam
641 2098 737 2168 qui
769 2113 898 2154 cum
947 2099 1139 2170 priore
1169 2113 1198 2154 a
1251 2099 1392 2153 Casa
1426 2098 1523 2153 Dei
1556 2102 1856 2168 venerant,
1892 2099 2077 2156 modis

435 2186 646 2256 quibus
671 2191 939 2258 poterant
962 2186 1232 2242 electioni
1258 2187 1666 2243 contradicere
1684 2205 1698 2253 ;
1715 2187 1816 2243 sed
1835 2188 1964 2258 quia
1980 2203 2076 2244 vo-

437 2271 632 2331 luntas
672 2275 778 2330 fuit
821 2275 1063 2343 Domini,
1100 2276 1156 2330 in
1197 2275 1365 2345 cujus
1412 2291 1581 2332 manu
1613 2277 1790 2332 corda
1821 2283 1956 2332 sunt
1987 2293 2077 2333 re-

436 2377 592 2430 gum,
630 2366 692 2418 ut
726 2362 926 2433 petitis
957 2367 1317 2419 annuerctur
1349 2363 1672 2420 auctoritas
1703 2369 1760 2419 ct
1795 2363 1922 2422 laus
1945 2381 2074 2436 pro-

443 2450 982 2520 mulgavitconcilii.
1010 2450 1130 2507 Illis
1147 2466 1287 2520 ergo
1313 2452 1825 2522 tumultuantibus,
1843 2453 2073 2524 vimque

441 2553 554 2609 quo
588 2539 720 2594 nisu
745 2543 1015 2610 poterant
1033 2539 1246 2595 inferre
1268 2541 1626 2611 parantibus,
1653 2542 1742 2598 hic
1765 2541 1898 2598 dum
1921 2542 2075 2600 clan-

441 2628 575 2685 culo
622 2630 810 2698 fugam
863 2633 1116 2700 pararet,
1162 2629 1395 2700 jamque
1435 2630 1789 2698 elabcretur,
1823 2631 2072 2703 capitur,

440 2721 696 2786 tenetur,
717 2721 774 2772 et
801 2717 944 2773 flens
969 2717 1328 2788 multumque
1351 2718 1571 2787 dolens,
1589 2719 1712 2775 suis
1735 2721 1910 2775 etiam
1938 2719 2078 2776 resi-

441 2805 736 2861 stentibus
753 2809 810 2861 et
849 2806 1410 2876 contradicentibus,
1435 2807 1489 2862 in
1519 2807 2078 2877 conciliuinjreduci-

440 2898 554 2964 tur,
572 2899 628 2948 ct
644 2895 921 2966 episcopo
935 2895 1322 2965 Linguonensi
1339 2895 1507 2952 laude
1523 2896 2075 2952 circumsedentium

440 2997 544 3053 per
557 2997 785 3038 manum
802 2983 1096 3039 redditur:
1114 2999 1144 3040 a
1159 2999 1272 3054 quo
1287 2983 2078 3056 sollicitc;custodiendus,rc-

440 3077 596 3128 moto
621 3087 859 3129 suorum
891 3073 1282 3142 amminiculo,
1312 3072 1471 3128 solus
1495 3072 1703 3129 deduci
1737 3077 1824 3128 est
1851 3073 2070 3143 jussus.

440 3161 696 3230 Cumque
729 3164 1065 3216 moneretur
1095 3175 1123 3215 a
1159 3159 1512 3230 prmsidente
1539 3161 1872 3232 episcopus,
1909 3165 1971 3217 ut
2002 3163 2072 3217 de

438 3249 739 3304 concessis
753 3249 867 3304 Deo
879 3247 1100 3317 gratias
1116 3248 1599 3317 agrret,etvirum
1615 3249 2072 3319 honoredignum

439 3336 552 3391 sibi
573 3336 944 3392 commissum
965 3336 1360 3405 adjuvaret,ct
1386 3337 1441 3391 in
1465 3337 1806 3394 omnibusut
1832 3337 2078 3394 decebat

444 3423 684 3479 honeste
725 3425 1028 3490 tractaret,
1071 3423 1591 3492 praedecessorum,
1619 3424 1902 3480 Brunonis
1925 3425 2078 3481 scili-

443 3515 534 3566 cet
573 3509 832 3580 episcopi
877 3508 1148 3566 Willelmi
1189 3510 1440 3580 abbatis,
1484 3525 1727 3580 quorum
1771 3511 2080 3570 laudabilis

444 3599 1064 3669 prmdicatursocietas
1082 3604 1137 3653 et
1163 3598 1431 3655 caritatis
1455 3599 1824 3671 unanimitas,
1843 3602 2081 3660 mentio-

441 3701 568 3742 nem
590 3686 810 3744 faciens
835 3706 846 3741 :
868 3688 963 3756 Si,
981 3686 1188 3757 inquit,
1205 3687 1388 3744 istum
1404 3703 1520 3744 non
1539 3689 1842 3760 adjuvero,
1864 3705 1981 3748 non
1995 3693 2084 3750 (li-

442 3775 656 3845 lezcro,
679 3789 796 3831 non
816 3789 886 3832 ea
906 3775 1240 3832 tractavero
1260 3777 1518 3833 caritate
1537 3779 1598 3834 et
1612 3778 1940 3848 dulcedine,
1959 3794 2082 3850 qua

437 3864 640 3920 Bruno
665 3863 1041 3935 Willclmum,
1057 3865 1405 3936 depersoner
1419 3865 1493 3921 ab
1506 3865 1867 3923 honoremeo.
1885 3867 2076 3925 Divio-

439 3966 648 4008 nenscs
663 3955 854 4008 autem
870 3953 1084 4009 fratres
1097 3953 1346 4009 concilio
1361 3954 1544 4025 primo
1557 3954 1650 4010 dic
1665 3955 2070 4027 interfuerant,

437 4046 493 4096 ct
527 4041 659 4112 quia
701 4056 805 4113 per
843 4056 908 4098 se
959 4042 1296 4112 nequibant,
1330 4042 1618 4100 electione
1663 4045 1955 4116 pontificis
1984 4047 2073 4102 sui

439 4129 712 4184 ordinare
744 4129 1071 4186 aecclesiam
1103 4135 1534 4186 concesserant.
1572 4133 1743 4189 Sexta
1775 4136 1902 4190 erat
1933 4134 2074 4191 feria

440 4231 548 4285 qua
581 4215 704 4272 haec
728 4217 877 4271 facta
901 4219 1066 4281 sunt;
1092 4223 1150 4272 et
1170 4217 1300 4287 quia
1326 4217 1539 4274 electio
1574 4220 1838 4292 fratrum,
1863 4221 2076 4291 quibus

441 4317 692 4374 praeesse
725 4303 996 4372 debebat,
1024 4309 1084 4358 ut
1114 4304 1329 4360 assolet
1362 4305 1790 4379 requirebatur,
1828 4310 1934 4365 hec
1966 4310 2076 4366 fuit

439 4390 713 4446 difﬁnitio
727 4390 981 4459 concilii,
999 4395 1062 4446 ut
1077 4391 1126 4448 si
1147 4392 1238 4448 die
1253 4393 1549 4450 Dominico
1573 4395 1784 4452 fratres
1798 4397 2073 4454 electioni

438 4479 873 4536 consentientes
905 4479 1297 4551 advenissent,
1322 4481 1548 4540 electus
1585 4485 2033 4544 benediceretur
2059 4506 2070 4542 :

2184 1927 2299 1991 tur,
2335 1937 2438 1978 nec
2479 1923 2590 1978 fine
2635 1921 3022 1979 concluditur.
3070 1923 3113 1976 A
3151 1935 3264 1990 quo
3297 1921 3554 1978 donatus
3585 1920 3778 1992 praemio

2184 2009 2642 2066 immortalitatis
2665 2011 2870 2079 beatae,
2889 2009 3116 2065 civibus
3139 2011 3196 2064 et
3220 2009 3496 2064 omnibus
3521 2009 3588 2065 ad
3603 2023 3660 2064 se
3676 2024 3776 2064 con-

2185 2097 2541 2167 fugientibus
2576 2101 2996 2170 patrocinatur.
3033 2096 3210 2166 Cujus
3251 2097 3386 2167 quia
3430 2095 3549 2166 jam
3596 2098 3648 2152 in
3677 2110 3779 2168 pace

2187 2187 2374 2242 factus
2401 2193 2491 2244 est
2521 2188 2704 2259 locus,
2737 2193 2798 2244 et
2832 2189 2882 2242 in
2916 2188 3062 2257 Syon
3106 2185 3326 2242 caelesti
3362 2186 3643 2242 habitatio
3669 2185 3776 2254 ejus,

2183 2291 2415 2332 oremus
2445 2292 2596 2345 eum,
2633 2281 2691 2333 ut
2735 2280 2794 2332 et
2824 2291 2948 2346 nos,
2987 2275 3081 2346 qui
3130 2273 3402 2330 felicibus
3439 2273 3566 2344 ejus
3593 2273 3777 2344 gaudiis

2184 2377 2296 2417 non
2331 2364 2674 2434 mvidemus,
2705 2363 2814 2436 piis
2839 2363 2962 2419 suis
2985 2363 3260 2434 precibus
3279 2361 3354 2418 ad
3376 2377 3440 2418 se
3462 2363 3664 2429 trahat,
3683 2374 3779 2418 cur-

2183 2466 2311 2506 sum
2352 2457 2616 2508 nostrum
2651 2453 2706 2507 in
2754 2453 2902 2508 bono
2934 2449 3140 2506 deduci
3173 2455 3232 2506 et
3261 2450 3492 2522 expleri
3523 2450 3774 2522 optineat:

2189 2554 2340 2606 cum,
2372 2540 2468 2611 qui
2511 2555 2641 2596 cum
2695 2541 2819 2610 ipso
2860 2555 2976 2596 uno
3023 2539 3077 2594 in
3125 2538 3258 2595 l'bco
3307 2538 3572 2608 aclectus,
3607 2551 3702 2592 uno
3737 2538 3778 2590 et

2190 2627 2282 2683 die
2313 2632 2402 2684 est
2432 2631 2816 2684 consecratus
2851 2628 3068 2684 utinam
3103 2632 3219 2682 tam
3262 2631 3430 2682 sorte
3464 2627 3654 2682 beata!
3685 2637 3777 2696 pre

2187 2717 2356 2772 cibus
2380 2716 2688 2773 indefessis
2715 2721 3008 2788 protegat,
3033 2720 3092 2770 et
3115 2715 3439 2772 dilectores
3461 2730 3596 2772 suos
3627 2718 3678 2769 et
3710 2725 3777 2766 ve-

2188 2806 2489 2860 neratores
2511 2819 2704 2862 secum
2729 2805 2785 2860 in
2809 2805 3013 2860 celesti
3035 2803 3219 2873 gloria
3251 2819 3359 2860 nos
3389 2803 3597 2860 ascribi
3625 2801 3772 2856 faciat.

2259 2893 2587 2963 Stephanus
2635 2896 2829 2949 autem
2872 2892 3177 2948 Podiensis
3206 2891 3446 2948 invasor
3472 2906 3596 2948 eum
3626 2887 3774 2944 Diensi

2186 2981 2464 3052 episcopo
2486 2982 2754 3037 Romana:
2771 2981 2932 3036 sedis
2945 2979 3136 3049 legato
3151 2981 3378 3050 Hugoni
3404 2981 3612 3037 multas
3628 2990 3776 3050 paras-

2188 3074 2279 3126 set
2313 3069 2576 3140 insidias,
2612 3069 2928 3125 novissime
2959 3073 3192 3125 euntem
3235 3083 3368 3124 eum
3411 3069 3482 3124 ad
3520 3065 3775 3125 concilium

2187 3158 2338 3228 apud
2391 3157 2618 3214 Clarum
2671 3159 2942 3226 Montem,
2973 3172 3102 3212 cum
3144 3156 3444 3213 canonicis
3482 3160 3608 3212 ante
3635 3153 3776 3209 altare

2188 3249 2406 3302 sancta:
2434 3245 2624 3302 Mariae
2655 3245 2946 3314 convenit,
2981 3248 3037 3301 et
3073 3259 3136 3299 se
3178 3243 3417 3316 placitis
3457 3245 3577 3316 ejus
3604 3241 3664 3298 de
3689 3239 3776 3311 epi-

2187 3337 2429 3405 scopatu
2461 3335 3018 3404 obtemperaturum,
3041 3332 3088 3388 si
3115 3333 3170 3388 in
3198 3332 3454 3389 concilio
3478 3333 3596 3388 fons
3622 3340 3773 3386 causa:

2187 3423 2314 3492 ejus
2348 3421 2818 3493 prolongaretur,
2853 3420 3139 3492 promisit.
3159 3419 3372 3476 Clerici
3405 3432 3623 3490 quoque
3643 3417 3774 3472 idem-

2186 3512 2366 3568 tidem
2409 3511 2826 3584 promiserunt,
2860 3510 2906 3566 si
2955 3509 3256 3582 promissis
3288 3509 3461 3566 fidem
3512 3507 3772 3580 episcopus

2190 3615 2424 3657 servare
2456 3599 2656 3668 nollet,
2690 3615 2750 3656 se
2781 3615 2910 3655 eum
2944 3599 3304 3669 deserturos,
3331 3604 3392 3654 et
3414 3599 3664 3654 Romana
3685 3590 3772 3649 sedi

2189 3689 2556 3759 obcdituros,
2589 3688 2772 3758 Igitur
2801 3692 2939 3759 post
2969 3687 3366 3758 expiationem
3397 3684 3620 3743 concilii
3641 3677 3774 3737 Clari-

2189 3777 2526 3848 inontensis,
2563 3781 2804 3848 propter
2835 3775 3166 3847 pactionem
3201 3790 3373 3844 quam
3407 3776 3526 3848 ipse
3549 3767 3774 3844 promise-

2191 3869 2278 3922 rat
2303 3865 2449 3921 infra
2477 3865 2689 3921 dieslti
2729 3865 2992 3935 quibusa
3037 3865 3282 3935 praefato
3323 3862 3519 3920 Diensi
3547 3859 3772 3931 episcoP°

2185 3959 2523 4010 moneretur
2536 3955 2608 4010 ab
2627 3953 2899 4024 episcOpa
2913 3959 2972 4008 tu
2985 3956 3384 4018 cessaturum,
3401 3942 3771 4019 antcexpleiio-

2184 4057 2311 4099 nem
2335 4043 2558 4099 dierum
2582 4045 2960 4111 statutorum,
2985 4056 3116 4097 cum
3136 4040 3252 4112 jam
3277 4040 3607 4111 Lugdunum
3627 4029 3772 4089 venis-

2185 4137 2298 4202 set,
2331 4131 2402 4188 ad
2433 4129 2672 4187 Pedium
2706 4129 2902 4199 rediit,
2932 4129 3132 4201 paucis
3163 4143 3364 4186 secum
3396 4123 3682 4184 comitibus
3707 4133 3770 4173 as-

2186 4219 2456 4291 δυωρῖιίεν
2491 4218 2716 4274 donnus
2739 4219 2924 4288 Hugo,
2951 4217 3085 4288 quia
3118 4231 3318 4273 omnes
3350 4205 3770 4288 tyrannidumin-

2184 4307 2411 4364 vasoris
2439 4305 2598 4361 illius
2620 4308 2948 4375 suspectam
2970 4305 3286 4373 habebant,
3311 4308 3373 4359 et
3399 4303 3454 4359 in
3483 4292 3768 4358 celebratio-

2184 4411 2256 4452 ne
2281 4395 2469 4451 missae
2493 4398 2618 4464 post
2644 4392 2957 4449 recitatum
2979 4391 3344 4461 evangelium
3370 4381 3769 4461 intrepiduscle—

2188 4499 2312 4540 rum
2345 4487 2405 4539 et
2456 4481 2749 4553 populum,
2785 4480 2918 4550 quia
2959 4484 3088 4536 crat
3125 4480 3340 4536 absens
3380 4478 3692 4551 Stephanus,
3717 4467 3768 4522 de

438 4567 486 4622 si
511 4582 624 4622 non
640 4566 852 4623 electio
875 4572 1273 4624 cassareturet
1298 4569 1370 4625 ad
1384 4586 1485 4627 sua
1503 4573 1733 4642 regredi
1758 4574 2074 4632 sineretur.
2107 4551 2158 4608 D
2190 4551 2604 4644 pactionecum
2627 4584 2695 4625 eo
2720 4569 2868 4624 facta
2892 4568 3186 4638 convenit,
3207 4571 3265 4624 et
3289 4583 3360 4624 ne
3382 4568 3436 4626 ei
3454 4567 3508 4622 in
3529 4565 3766 4636 posterum

437 4657 522 4714 Ob
555 4655 610 4712 id
634 4657 706 4712 ab
729 4655 1008 4728 episcopo
1029 4662 1086 4712 et
1113 4657 1262 4713 duce
1285 4660 1498 4716 nuncio
1522 4661 1762 4732 praepeti
1788 4677 1962 4718 cursu
1986 4663 2076 4717 Di-

435 4745 590 4802 vioni
623 4745 869 4814 directo,
904 4745 996 4801 die
1029 4749 1088 4800 et
1118 4745 1256 4802 hora
1290 4748 1621 4818 praestituta
1664 4749 1878 4805 fratres
1906 4750 2076 4806 adve-

435 4833 623 4905 niunt,
645 4832 989 4890 electionem
1015 4833 1224 4890 factam
1255 4834 1480 4906 scripto
1511 4837 1813 4906 roborant,
1845 4841 1904 4891 et
1941 4839 2076 4894 obe-

435 4920 669 4978 dientiae
715 4923 845 4993 ejus
889 4921 1061 4979 subdi
1111 4935 1224 4978 non
1269 4923 1669 4979 reformidant.
1715 4924 1971 4980 Laudant
2018 4925 2074 4982 in

429 5007 616 5077 jubilo
673 5009 867 5067 cordis
909 5014 967 5066 et
1013 5009 1134 5066 oris
1173 5011 1472 5066 Dominum
1521 5015 1580 5066 et
1637 5011 2074 5081 magnificantes

435 5109 564 5150 eum
594 5093 755 5135 ³⁸⁸-³⁴⁷
780 5098 834 5151 in
855 5112 1033 5152 unum
1048 5095 1310 5152 exaltant
1333 5112 1538 5152 nomen
1557 5099 1684 5168 ejus
1707 5099 1762 5154 in
1783 5099 1838 5154 id
1863 5099 2071 5171 ipsum.

435 5181 578 5251 (Fel.
610 5181 740 5253 99’.)
775 5185 895 5241 Uno
941 5183 1122 5254 igitur
1163 5185 1276 5256 die,
1312 5184 1370 5240 id
1419 5190 1506 5242 est
1540 5185 1633 5242 die
1680 5187 1976 5246 Dominico
2009 5193 2076 5246 15

437 5267 724 5326 Kalendas
753 5271 957 5328 Octob.
993 5273 1328 5330 consecrati
1351 5279 1490 5330 sunt
1511 5274 1664 5346 apud
1687 5276 1903 5332 Eduam
1927 5292 2078 5335 sum-

2186 4659 2492 4717 obedirent
2539 4656 2864 4730 apostolica
2918 4657 3273 4712 auctoritate
3322 4651 3622 4728 prohibuit,
3666 4646 3763 4730 data

2184 4747 2241 4802 in
2272 4761 2403 4803 eum
2453 4745 2551 4816 qui
2582 4729 2664 4800 se
2714 4743 3150 4813 absentaverat,
3205 4729 3765 4800 cxcommunicationis

2185 4833 2494 4903 sententia,
2530 4834 2578 4888 si
2613 4831 2862 4888 ulterius
2891 4831 3158 4888 ecclesiae
3198 4831 3479 4888 incubare
3513 4830 3765 4900 praesume-

2185 4927 2293 4980 ret.
2329 4922 2509 4988 Quam
2542 4922 2670 4992 ejus
2708 4919 3370 4976 excommunicationem
3403 4918 3629 4975 domnus
3653 4917 3762 4981 papa

2184 5011 2569 5080 confirmavit,
2604 5008 2872 5066 scribens
2917 5007 3214 5078 episcopis
3255 5005 3560 5062 Galliarum
3590 5001 3636 5055 in
3669 4997 3761 5050 haec

2185 5099 2363 5157 verba
2391 5118 2402 5152 :
3626 5174 3631 5175 ν
3733 5165 3742 5175 .

2263 5209 2290 5238 ‹‹
2312 5185 2626 5256 Gregorius
2645 5182 2974 5256 episcopus,
3001 5197 3210 5240 servus
3229 5194 3528 5240 servorum
3549 5174 3652 5243 Dei,
3669 5174 3761 5256 uni-

2187 5275 2374 5334 versis
2396 5251 2710 5331 G‘alliarum
2731 5251 3023 5344 epis-copis
3044 5275 3103 5328 et
3125 5271 3358 5328 cunctis
3383 5264 3660 5326 ordinibus
3678 5251 3758 5311 sub

1799 5417 2032 5474 VIARJE
2071 5414 2454 5474 LECTIONES

504 5476 665 5519 ³⁴⁶-³⁴⁷
694 5493 824 5535 cum
853 5493 905 5534 c.

2022 5583 2242 5640 ΝΟΤΔΕ.

507 5645 634 5712 ML)
667 5645 824 5704 Obiit
865 5659 916 5702 a.
950 5645 1104 5705 1082.
