3894 6356
96 400 204 460 285

1352 401 1848 466 CHRONICON.
1882 442 1959 452 —
1991 408 2121 470 LIB
2154 410 2224 470 11.

3374 399 3491 466 286

93 534 177 592 eis
203 534 578 609 constitutis,
612 553 741 610 quae
769 553 876 611 pro
916 535 1143 597 meritis
1183 538 1448 610 debetur,
1481 538 1728 597 salutem
1760 539 1816 601 A
1845 542 2151 601 attendens
2181 557 2331 600 nunc
2362 539 2520 598 felici
2552 537 2978 597 exercitatione
3011 537 3292 596 virtutem
3336 538 3491 597 ﬂori-

92 626 147 679 et
196 625 585 696 apostolicam
634 627 1118 684 benedictionem.
1164 631 1370 685 Notum
1404 644 1533 686 esse
1569 630 1729 686 volun

96 729 217 770 mus
241 715 477 770 caritati
513 723 727 773 vestra}
757 718 923 787 (145),
949 722 1063 773 010.
1092 738 1119 769 ››

166 802 341 871 Igitur
369 802 603 860 electus
626 812 841 875 noster,
869 805 1252 875 Linguonensi
1283 807 1594 863 comitatus
1618 808 1730 878 opi-

96 907 268 962 scopo
296 891 364 947 ad
395 893 515 948 sibi
537 895 910 950 commissum
937 894 1121 951 locum
1146 895 1477 963 deveniens,
1507 897 1728 965 ingrcs-

94 994 185 1035 sus
210 984 296 1035 est
328 981 683 1037 Divionense
713 983 1060 1054 cmnobium,
1093 984 1244 1055 quod
1293 999 1601 1055 numquam
1632 1001 1727 1040 an-

95 1073 176 1123 tea
207 1068 451 1137 viderat,
489 1084 694 1126 mense
736 1071 1097 1142 Septembrio
1150 1072 1240 1128 die
1267 1076 1354 1143 21,
1390 1078 1445 1128 et
1482 1074 1613 1143 quia
1648 1074 1727 1130 lo-

96 1169 210 1209 cum
233 1155 391 1211 illum
422 1155 526 1211 tali
551 1157 858 1228 provisere
880 1158 970 1214 vel
996 1165 1232 1229 pastore
1266 1160 1513 1231 prOpitia
1550 1146 1745 1215 ditas-'

95 1248 173 1298 set
203 1242 499 1308 divinitas,
551 1260 625 1300 ex
677 1251 815 1302 tunc
858 1253 915 1302 et
964 1248 1135 1303 modo
1188 1248 1483 1303 beneﬁciis
1528 1248 1726 1305 multis

94 1332 210 1399 ejus
257 1332 586 1388 declaravit
634 1334 839 1405 pictas.
894 1336 1114 1390 Invenit
1164 1338 1444 1393 fervorem
1485 1338 1723 1407 ordinis,

96 1434 249 1489 quem
275 1421 326 1474 111
360 1421 895 1491 predecessoribus
915 1424 1090 1479 fuisse
1116 1431 1444 1496 acceperat,
1471 1427 1729 1497 tepuisse

94 1512 203 1561 tum
228 1509 611 1579 prtelatorum
651 1511 869 1567 incuria
912 1516 1029 1567 tum
1072 1514 1441 1570 subditorum
1480 1516 1725 1584 segnitia

94 1594 405 1651 habitacula
452 1610 766 1653 servorum
800 1597 891 1653 Dei
926 1600 1128 1654 usibus
1160 1601 1427 1656 instituta
1461 1602 1622 1657 laicis
1651 1602 1730 1656 in-

94 1684 371 1739 trantibus
402 1690 462 1740 et
514 1686 877 1742 exeuntibus
921 1689 1267 1756 communia,
1314 1689 1473 1744 intus
1526 1705 1727 1760 parum

95 1770 394 1841 religionis,
442 1773 593 1828 foris
645 1790 886 1829 acervos
934 1776 1353 1833 tribulationis.
1410 1779 1727 1835 Ecelesiam

1842 632 1995 699 dum,
2026 633 2238 689 clamet
2273 634 2326 687 in
2356 631 2545 700 jubilo
2577 629 2775 685 cordis
2802 648 2813 683 :
2849 629 2989 685 Ηίεο
3007 629 3262 684 mutatio
3296 628 3491 685 decute-

1836 735 1919 779 m
1943 722 2159 778 excelsi
2189 721 2381 787 (Psal,
2420 734 2601 781 Lxxvr.
2638 722 2746 777 11).
2778 716 3205 787 Ceperuntjam
3242 717 3309 772 ad
3359 718 3487 787 ejus

1841 810 2051 864 monita
2087 809 2249 864 multi
2279 807 2555 863 nobilium
2581 811 2636 862 et
2661 805 3033 861 mediocrium
3060 818 3161 859 sua
3199 804 3491 875 relinque-

1838 911 2035 966 qnere,
2061 902 2117 951 et
2136 896 2384 964 regulari
2403 892 3097 964 discipliuzejsesubdere,
3118 906 3298 960 seque
3314 891 3488 949 abne-

1834 990 2039 1053 gantes
2056 985 2161 1040 sub
2175 985 2222 1051 ej
2235 1000 2300 1065 us
2324 985 2540 1039 ducatu
2575 985 2685 1037 Deo
2708 982 2828 1050 regi
2858 982 2951 1036 uni
2977 986 3036 1035 et
3056 995 3194 1035 vero
3214 979 3483 1051 militare,

1909 1071 2048 1135 (Fol.
2074 1075 2171 1127 IOO
2194 1070 2521 1125 Celebravit
2545 1074 2602 1123 01
2621 1071 2856 1138 quinum
2871 1068 3180 1124 concilium
3200 1075 3334 1126 IO78
3354 1070 3464 1125 don

1838 1175 1945 1215 nus
1996 1160 2219 1214 Diensis
2267 1158 2578 1228 cpiscopus
2637 1157 2787 1226 apud
2847 1158 3045 1210 urbem
3110 1158 3483 1213 Pictavorum

1842 1249 2010 1318 (146),
2047 1248 2142 1302 11111
2174 1252 2383 1316 quanta
2421 1249 2567 1301 Deus
2600 1250 2879 1315 operatus
2908 1246 2984 1298 sit
3017 1250 3075 1299 et
3104 1252 3315 1314 quanta
3348 1260 3484 1313 erga

1840 1351 2043 1391 servos
2078 1336 2291 1391 Christi
2326 1334 2595 1389 diabolus
2628 1340 2876 1387 conatus
2906 1333 2999 1394 sit.
3032 1349 3103 1388 ex
3137 1333 3354 1390 litteris
3404 1334 3487 1404 ip-

1841 1425 1961 1480 sius
1991 1426 2221 1479 domino
2253 1439 2414 1494 papze.
2440 1423 2682 1477 directis
2704 1422 2994 1489 conjicere
3014 1437 3349 1491 possumus,
3373 1438 3482 1492 qua

1840 1529 1965 1567 rum
2001 1518 2198 1567 textus
2230 1513 2342 1567 1810
2365 1517 2493 1566 est:
2532 1511 2767 1565 Domino
2803 1525 2865 1565 ac
2897 1511 3121 1566 meritis
3170 1512 3340 1566 beato
3394 1526 3490 1581 pa-

1843 1616 1928 1670 pae
1962 1601 2258 1667 Gregorio,
2292 1603 2451 1667 [Iugo
2484 1599 2717 1654 humilis
2749 1600 3062 1669 presbyter
3088 1598 3399 1667 Diensium,
3427 1598 3484 1653 in

1841 1689 2069 1743 domino
2094 1691 2209 1743 Deo
2236 1688 2500 1743 salutem.
2530 1690 2587 1742 In
2614 1687 2883 1753 concilio,
2914 1686 3064 1755 quod
3093 1686 3346 1742 Pictavis
3382 1702 3486 1757 per

1841 1778 2087 1845 gratiam
2115 1777 2209 1831 Dei
2237 1792 2362 1832 cum
2390 1776 2585 1845 aliquo
2613 1777 2800 1829 frui-tn
2830 1775 3277 1843 celebravimus,
3306 1775 3487 1829 multa

95 1862 287 1916 annuis
315 1862 637 1931 stipendiis
676 1869 962 1933 egentem,
1007 1879 1104 1919 ere
1140 1865 1326 1922 alieno
1362 1882 1724 1937 oppressam,
1762 1886 1811 1944 Β
1843 1868 2011 1922 nobis
2032 1868 2292 1937 pericula
2322 1866 2479 1936 prius
2510 1866 2561 1919 in
2588 1866 2816 1934 it’nere,
2848 1865 3023 1919 multa
3051 1864 3217 1919 nobis
3239 1864 3484 1920 adversa

94 1949 432 2005 ornamentis
474 1951 911 2008 ecclesiasticis
951 1953 1282 2023 Spoliatam.
1327 1956 1616 2012 Urebatur
1656 1958 1729 2011 ob

98 2036 193 2091 hoc
236 2051 506 2093 curarum
580 2040 833 2106 cstibus,
880 2041 1256 2109 quatiebatur
1311 2043 1729 2111 cogitationum

97 2123 372 2196 ﬂuctibus,
433 2142 571 2183 cum
627 2127 853 2183 videret
910 2130 1242 2200 suscepisse
1302 2147 1362 2186 se
1419 2131 1728 2201 regendam

98 2212 398 2269 ecclesiam
433 2215 635 2283 magni
700 2217 969 2283 nominis,
1004 2233 1223 2285 magna:
1257 2219 1627 2289 antiquitatis
1673 2226 1732 2276 et

99 2301 330 2370 antiqua
378 2302 719 2373 dignitatis,
754 2309 810 2359 et
836 2320 894 2361 se
926 2306 1293 2377 conSpiceret
1326 2312 1589 2376 egentem
1616 2325 1732 2365 om-

104 2388 252 2445 nibus
294 2390 480 2461 bonis,
512 2392 682 2449 intus
730 2398 790 2449 et
825 2399 989 2449 extra
1024 2395 1175 2449 omni
1211 2395 1554 2451 destitutum
1584 2398 1734 2453 sola~

106 2477 255 2545 mine,
281 2494 390 2549 quo
417 2480 610 2536 fultus
632 2482 981 2551 regulariter
997 2499 1124 2538 cum
1142 2484 1249 2540 sibi
1276 2486 1601 2542 commiSsis
1616 2488 1731 2542 Deo

107 2566 278 2635 quiret
298 2569 541 2624 servire.
570 2571 861 2626 IIocenim
891 2572 1001 2626 sibi
1027 2586 1308 2628 summum
1339 2579 1394 2628 et
1423 2575 1729 2631 maximum

108 2661 220 2709 erat
248 2657 525 2727 refugium
564 2659 627 2712 in
661 2659 858 2714 verbis
890 2660 1111 2715 Domini
1139 2661 1417 2716 dicentis:
1460 2663 1731 2719 Primum

110 2745 314 2812 qum'te
334 2759 590 2816 regnum
613 2747 728 2803 Dei
752 2747 809 2802 et
815 2749 1129 2818 justitiam
1151 2752 1301 2819 ejus,
1332 2751 1390 2805 et
1408 2753 1605 2807 omnia
1628 2753 1731 2808 ad-

100 2830 367 2899 jiciantur
411 2834 581 2891 vobis
624 2834 864 2901 (Matth.
890 2852 944 2891 vi
976 2838 1085 2905 33).
1126 2839 1395 2907 Noverat,
1426 2839 1560 2909 quia
1600 2855 1729 2895 cum

115 2926 376 2977 cresceret
393 2922 963 2993 interiusreligionis
978 2926 1255 2996 studium,
1274 2928 1733 2999 exteriorisquo-

118 3022 211 3077 que
231 3011 564 3068 substantia:
591 3012 900 3067 accederet
917 3014 1403 3084 supplementum.
1424 3015 1561 3087 (Fol.
1586 3018 1728 3088 102.)

118 3097 189 3151 Ad
210 3099 346 3169 quod
378 3101 731 3157 sectandum
756 3103 885 3173 quia
907 3104 997 3159 sui
1020 3118 1147 3159 eum
1171 3119 1242 3158 ex
1265 3119 1414 3175 equo
1442 3120 1547 3161 non
1573 3105 1732 3175 adju-

1843 1957 1895 2011 in
1930 1957 2054 2027 ipsa
2089 1957 2345 2019 civitate,
2385 1959 2503 2009 tum
2535 1954 2588 2008 in
2624 1952 3021 2021 concilio,tum
3047 1956 3213 2006 extra
3246 1952 3491 2007 exstite-

1843 2058 1923 2100 re.
1960 2046 2104 2099 Ecce
2137 2044 2284 2099 enim
2320 2058 2421 2097 rex
2452 2044 2799 2096 Francorum
2836 2041 3172 2094 contrarius
3198 2040 3309 2095 sibi
3352 2041 3484 2111 ipsi,

1843 2133 1974 2203 quia
1999 2132 2329 2187 contrarius
2354 2136 2480 2185 erat
2506 2129 2623 2197 regi
2651 2128 2779 2193 celi,
2805 2128 2960 2182 misit
2987 2128 3217 2183 litteras
3241 2128 3487 2198 primum

1843 2222 1999 2284 mihi,
2024 2222 2076 2275 in
2102 2221 2314 2291 quibus
2338 2219 2730 2274 conﬁtebatur
2758 2216 3013 2281 Domino,
3058 2216 3347 2272 desiderio
3393 2217 3490 2272 dc-

1842 2310 2107 2365 sitlerans
2130 2324 2190 2363 se
2214 2307 2408 2363 vocari
2438 2306 2616 2360 lilium
2643 2320 2849 2371 meum,
2876 2308 3085 2359 etcum
3116 2304 3268 2358 omni
3299 2304 3485 2374 gloria

1841 2403 1900 2452 et
1933 2399 2149 2453 honore
2183 2395 2593 2451 auctoritatem
2628 2397 2843 2447 nostra}
2868 2391 3179 2461 legationis
3199 2406 3488 2447 commen-

1842 2486 2089 2541 dabilem
2114 2485 2388 2539 0111010118.
2418 2482 2631 2538 Deinde
2652 2481 2873 2549 comiti,
2903 2486 3019 2536 tum
3044 2480 3220 2535 etiam
3255 2480 3485 2550 episco-

1843 2576 1931 2646 pis
1964 2575 2053 2629 sui
2082 2574 2233 2643 juris
2264 2573 2492 2627 litteras
2526 2571 2680 2624 misit
2708 2571 2983 2638 adjnrans
3012 2584 3114 2624 eos
3144 2570 3297 2624 omni
3341 2573 3488 2624 atte-

1844 2663 2114 2729 statione,
2150 2667 2207 2715 et
2237 2677 2355 2716 81110
2389 2659 2710 2726 majestatis
2745 2674 2810 2712 ac
2842 2658 3146 2712 Iidclitatis
3181 2672 3316 2712 reos
3348 2671 3487 2714 esse

1844 2752 2195 2806 instituens:
2224 2748 2450 2804 scilicet
2480 2747 2770 2813 comitem,
2805 2746 2851 2800 si
2898 2750 3203 2815 pateretur
3244 2760 3350 2800 nos
3399 2761 3490 2803 us-

1844 2841 1990 2912 piam
2024 2839 2117 2893 ubi
2150 2842 2352 2908 posset
2382 2834 2785 2891 conventicula
2815 2838 2871 2887 et
2908 2834 3072 2902 quasi
3104 2833 3370 2901 concilia,
3404 2834 3490 2889 sic

1843 2944 1910 2983 eo
1934 2942 2168 2992 vocans,
2193 2925 2492 2981 celebrare
2517 2940 2529 2987 ;
2552 2922 2860 2993 episcopos
2880 2936 3038 2988 vero,
3057 2920 3104 2975 si
3131 2923 3486 2976 interessent

1842 3017 1933 3073 vel
1967 3015 2184 3071 nostris
2212 3015 2468 3068 faverent
2500 3010 2775 3077 decretis,
2811 3010 2867 3064 in
2901 3009 3114 3079 quibus
3155 3008 3490 3065 nitebamur

1843 3104 2212 3176 Splendorem
2236 3116 2465 3157 coronae
2489 3101 2615 3170 ejus
2639 3100 2949 3154 obfuscare
2972 3102 3028 3153 et
3048 3096 3373 3168 principum
3408 3110 3491 3151 re-

118 3189 610 3255 vant,Cluniacum
642 3190 805 3260 abiit,
831 3192 1137 3248 consilium
1165 3197 1220 3248 et
1247 3193 1524 3249 auxilium
1549 3196 1619 3250 ab
1641 3196 1731 3250 ab-
1763 3231 1811 3292 Ο
1840 3195 1935 3264 gni
1963 3194 2109 3262 ejus.
2145 3194 2222 3247 Ex
2249 3192 2351 3246 hac
2384 3204 2523 3259 ergo
2554 3188 2911 3243 adversitate
2946 3186 3162 3241 inimici
3214 3185 3487 3242 veritatis

121 3273 621 3335 bateCluniacense
648 3280 937 3351 quzesivit,
955 3281 1085 3351 quia
1111 3281 1180 3336 de
1205 3281 1330 3337 loco
1353 3281 1453 3337 illo
1488 3284 1733 3353 perWil-

120 3360 855 3438 lelmum,praadecessorem
875 3383 1063 3437 suum,
1091 3368 1414 3426 1-0001001110
1440 3372 1730 3429 memoriae

119 3450 298 3522 virum,
333 3455 457 3511 fons
482 3455 860 3511 derivaverat
902 3457 1305 3528 religionis,de
1334 3474 1447 3529 quo
1479 3465 1732 3531 postmo-

122 3537 501 3599 dumomnibus
514 3542 752 3613 vicinis,
769 3545 1231 3616 exterisquoque
1246 3552 1304 3603 01
1319 3546 1488 3617 longe
1504 3550 1727 3619 positis,
1770 3570 1779 3579 κ

124 3628 246 3683 satis
274 3631 616 3703 abundeque
641 3633 1071 3704 propinaverat.
1092 3636 1202 3691 Nec
1226 3640 1285 3691 ut
1314 3636 1548 3692 volebat
1580 3638 1734 3694 inve-

126 3716 213 3770 nit.
237 3716 480 3783 Quesivit
502 3734 531 3774 11
559 3722 681 3775 000
706 3721 882 3776 corde
897 3722 1153 3777 contrito
1176 3726 1230 3778 et
1258 3723 1558 3780 humiliato
1576 3729 1631 3780 et
1654 3726 1735 3780 in-

126 3804 284 3861 venit:
312 3822 482 3880 prope
504 3814 599 3864 est
627 3809 779 3863 enim
804 3810 1042 3865 obtritis
1065 3811 1241 3866 corde
1263 3813 1537 3868 Dominus
1564 3818 1618 3868 01
1647 3828 1735 3869 811-

128 3891 371 3950 crilicium
394 3897 444 3951 ei
463 3896 870 3966 gratissimum
904 3898 1148 3969 spiritus
1174 3900 1621 3957 contribulatus.
1652 3904 1731 3958 Ad

131 3978 313 4037 fontem
336 3985 507 4053 igitur
530 3986 638 4040 Dei
664 3985 778 4054 hic,
798 4001 966 4055 quem
988 3987 1042 4042 in
1060 3987 1346 4044 electione
1366 4005 1467 4045 sna
1496 3990 1737 4060 Linguo-

132 4070 296 4125 nensis
317 4073 631 4145 episcopus
668 4074 889 4144 piscem
914 4075 984 4130 de
1014 4076 1170 4131 fonte
1196 4078 1290 4132 Dei
1318 4078 1732 4150 nominaverat,

136 4157 296 4227 rediit,
329 4161 514 4231 pisces
554 4167 804 4219 octonos
844 4168 1069 4220 0010010
1112 4165 1495 4222 beatitudinis
1517 4168 1735 4224 virtute

135 4257 374 4305 coruscos
413 4265 613 4309 secum
651 4250 915 4323 adduxit,
943 4268 1087 4323 quos
1116 4268 1252 4309 vere
1276 4254 1467 4325 pisces
1490 4255 1733 4311 dixerim

137 4342 221 4398 pro
239 4335 419 4392 sedula
445 4338 830 4395 meditatione
853 4339 1306 4411 Spiritualitatis,
1341 4357 1507 4412 quam
1552 4342 1736 4399 inten-

137 4415 409 4493 debant,ut
438 4427 621 4496 piscis
646 4440 850 4497 aquam
885 4427 1169 4494 ﬂuminis;
1195 4435 1255 4484 et
1280 4430 1420 4486 fonti
1456 4431 1736 4488 8111100111-

136 4506 297 4580 misso,
312 4526 469 4582 quem
484 4515 773 4572 viciorum
799 4516 1094 4588 prurigine
1110 4518 1407 4575 sentinosu
1420 4535 1467 4575 111
1485 4535 1733 4592 purgare

1841 3281 2140 3338 audaciam
2162 3279 2337 3348 nacti,
2356 3278 2522 3333 nobis
2537 3276 2871 3331 insultando
2885 3290 2987 3331 eos
3003 3288 3146 3346 pene
3181 3277 3489 3330 traxerunt

1844 3371 1896 3425 in
1930 3370 2251 3438 sinistram,
2280 3383 2426 3437 quos
2457 3366 2898 3421 considerabam
2941 3364 3010 3419 ad
3065 3363 3386 3433 dexteram,
3429 3367 3487 3418 et

1842 3460 2130 3527 videbam,
2158 3464 2215 3513 et
2240 3472 2347 3511 non
2373 3458 2496 3511 erat
2521 3455 2613 3525 qui
2640 3457 3145 3523 cognosceretme.
3167 3455 3313 3508 Ecce
3336 3452 3487 3507 enim

1845 3547 2025 3619 pestis
2055 3550 2109 3602 et
2146 3546 2402 3600 dedecus
2427 3547 2644 3599 81100110
2673 3541 2977 3609 1000108110,
3004 3542 3488 3611 archiepiscopus

1842 3635 2209 3703 Turonensis,
2243 3639 2302 3689 et
2334 3647 2463 3687 cum
2488 3646 2557 3685 co
2606 3631 2923 3701 episcopus
2966 3629 3344 3697 Redonensis,
3396 3643 3492 3685 su-

1843 3722 2192 3795 perbissime
2218 3720 2501 3792 perversi,
2530 3723 2714 3773 totum
2740 3732 2887 3788 pene
2902 3721 3338 3788 occupaverunt
3358 3731 3491 3771 con-

1844 3811 2059 3867 cilium.
2097 3808 2458 3864 Iledonensis
2488 3821 2734 3875 namque
2767 3806 3184 3875 comprobatus
3217 3808 3308 3859 est
3351 3819 3490 3859 reus

1846 3899 1980 3970 quia
2006 3913 2114 3953 non
2141 3897 2303 3968 prius
2328 3896 2633 3950 ordinatus
2666 3895 2720 3948 in
2752 3892 3051 3961 clericum,
3080 3892 3383 3947 ordinatus
3397 3897 3489 3947 est

1846 3988 1900 4042 in
1932 3986 2306 4057 episcopum;
2340 3982 2626 4053 promissa
2666 3981 2825 4051 prius
2850 3995 2923 4057 ac
2955 3980 3327 4051 postmodum
3353 3978 3489 4035 data

1847 4074 2005 4148 pallii
2041 4065 2222 4143 cappa
2256 4072 2325 4126 ab
2372 4070 2652 4140 episcopo
2695 4068 3096 4137 Andegavensi
3149 4066 3491 4122 Redonense

1845 4170 2037 4220 tamen
2073 4161 2214 4216 illud
2253 4160 2569 4227 nesciente,
2606 4166 2693 4214 set
2724 4158 2879 4215 aliud
2905 4162 3039 4213 ante
3063 4157 3491 4213 ordinationem

1844 4252 2200 4316 confitente;
2236 4249 2463 4304 scilicet
2485 4263 2613 4303 cum
2639 4261 2818 4318 eques
2839 4262 2985 4317 esse,
3012 4246 3268 4317 equitem
3307 4244 3495 4300 inimi-

1843 4356 1972 4398 cum
2007 4342 2077 4396 ab
2109 4354 2257 4409 equo
2290 4337 2519 4407 dejecit,
2566 4341 2620 4392 et
2675 4337 2847 4407 hujus
2896 4336 3258 4392 Redonensis
3299 4334 3494 4391 socius

1844 4445 2025 4501 eques
2057 4429 2345 4498 dtjcctum
2374 4426 2532 4482 illum
2553 4425 2790 4481 vulnere
2828 4425 3084 4482 confodit
3112 4423 3242 4494 :qui
3287 4438 3392 4495 pro
3423 4438 3489 4479 ea

1846 4519 2173 4588 dejectione
2205 4520 2260 4571 et
2296 4515 2537 4573 vulnere
2571 4516 2626 4570 in
2647 4519 2890 4570 mortem
2915 4513 3210 4569 occubuit.
3243 4514 3358 4568 Nos
3388 4512 3491 4581 igi-

137 4592 454 4672 decreverat,
474 4604 668 4659 saltus
688 4585 865 4675 super
883 4585 1060 4674 aquas
1084 4607 1287 4677 pennis
1302 4585 1739 4666 virtutumdan-
1765 4585 1819 4647 D
1848 4585 1945 4663 tur
1973 4606 2285 4662 multorum
2334 4604 2608 4675 precibus
2658 4602 2916 4658 inclinati
2960 4600 3211 4657 nondum
3260 4599 3493 4669 deposi-

138 4682 456 4745 tesimmisit.
476 4693 556 4746 Ex
572 4691 668 4746 bis
682 4692 935 4762 priorem
960 4694 1291 4764 constituit,
1310 4696 1525 4752 ceteris
1552 4697 1734 4753 01110111

140 4768 330 4841 singula
382 4777 709 4851 deputavit,
737 4785 799 4836 ut
824 4795 1022 4838 eorum
1045 4783 1312 4855 exemplo
1336 4784 1572 4840 doceret
1610 4785 1738 4841 reli-

140 4869 259 4925 quos
276 4862 410 4921 vicia
439 4867 690 4937 calcare,
732 4869 986 4925 virtutes
1031 4878 1329 4942 appetere,
1365 4876 1419 4926 et
1465 4872 1739 4929 desuetos

139 4946 324 5006 animos
344 4952 729 5011 habitantium
762 4964 1121 5013 assuesceret
1148 4958 1407 5014 moribus
1441 4960 1739 5031 religioso-

139 5044 275 5090 rum.
322 5039 423 5097 Sed
460 5043 600 5114 quid
633 5044 837 5100 multis
879 5044 1191 5103 immorer?
1221 5048 1398 5103 Tanta
1441 5054 1568 5105 acta
1601 5055 1737 5105 sunt

140 5119 243 5210 eius
261 5123 446 5186 labore
467 5135 522 5186 et
540 5131 853 5203 industria,
873 5133 969 5188 Dei
993 5134 1266 5206 praeduce
1299 5136 1508 5208 gratia,
1536 5142 1601 5194 ut
1642 5138 1737 5210 qui

139 5206 345 5269 vidisset
368 5222 529 5274 antea
549 5218 744 5276 locum
766 5224 1001 5291 torpore
1024 5221 1393 5293 negligentiae
1412 5206 1734 5297 confusum,

1848 4700 1990 4765 tum,
2017 4696 2118 4750 sed
2148 4694 2380 4749 interim
2411 4706 2779 4763 suspensum,
2815 4690 2947 4760 quia
2982 4704 3101 4744 suae
3150 4686 3313 4742 utilis
3362 4691 3489 4740 erat

1848 4783 2151 4851 1000108110,
2170 4786 2387 4837 vestra:
2404 4781 2473 4834 mi
2486 4777 2823 4834 sericordim
2840 4773 3311 4846 praesentandum
3328 4777 3383 4828 et
3404 4774 3495 4842 ju~

1849 4872 2157 4928 dicandum
2192 4869 2552 4939 reliquimus.
2579 4864 2934 4922 Turonensis
2976 4878 3113 4919 vero
3153 4861 3495 4932 comproba-

1850 4966 1947 5017 tus
1978 4965 2068 5016 est
2097 4965 2229 5015 ante
2253 4958 2653 5027 episcopatum
2688 4953 2984 5011 decaniam
3036 4951 3267 5021 emisse,
3322 4964 3492 5021 quam

1848 5064 1920 5105 ex
1950 5045 2369 5103 consuetudine
2401 5044 2528 5113 ejus
2560 5044 2847 5113 ecclesias,
2881 5042 2989 5098 nisi
3023 5041 3255 5113 quijam
3300 5053 3494 5097 sacer-

1850 5138 1956 5193 dos
1989 5135 2195 5192 fuisset
2226 5132 2317 5189 vel
2343 5132 2459 5203 jam
2494 5132 2726 5188 futurus
2755 5130 3029 5187 sacerdos
3059 5132 3235 5199 esset,
3277 5128 3494 5185 habere

1850 5241 1961 5282 non
1988 5227 2207 5298 posset.
2243 5222 2342 5277 1110
2376 5221 2554 5291 igitur
2580 5220 2934 5277 Turonensis
2956 5218 3116 5277 nullo
3140 5216 3307 5275 modo
3327 5232 3498 5274 cano-

1682 5350 1905 5409 ΝΟΤιΕ.

201 5442 480 5534 1115211010
514 5454 912 5534 Bibianellox:
955 5459 1318 5534 Kal.April.,
1355 5463 1645 5534 1011.111,1.
1681 5481 1730 5522 0.

148 5510 533 5602 111-1700811,
564 5510 665 5602 ιγ,
690 5510 1737 5602 19.11111οί111’ϐἶὲέο1ἶ1ὀ’ἶῖ11.’1300οί

143 5578 250 5674 (ἔξξη
265 5578 451 5674 ρφςίξιη
479 5578 1131 5674 (11001110081-0111810111
1398 5578 1736 5663 1111011110νηῖ-

147 5662 230 5707 cos
254 5657 578 5722 Anicienses.
612 5666 677 5721 K.

1921 5500 2068 5570 (146)
2104 5494 2575 5570 111111111111170-111.
2610 5507 2682 5570 ex
2697 5491 2959 5570 cpistola
2984 5491 3241 5570 Hugon‘is
3268 5491 3493 5570 Diensis

1847 5562 1937 5627 ad'
1964 5562 2189 5642 papam,
2228 5566 2404 5621 Mansi
2453 5566 2564 5635 ΧΧ,
2618 5562 3052 5620 49οζ(11100008
3099 5563 3229 5617 vide
3280 5562 3492 5619 ibidem

1846 5646 1967 5699 498.
2003 5643 2066 5695 Κ.
