3894 6314
69 450 175 512 239
1263 418 1762 501 CHRONICON.
1809 461 1888 476 -
1929 428 2087 492 LIB.
2134 426 2207 491 II.
3320 425 3439 487 290

70 580 170 636 sibi
196 585 401 637 temere
430 591 727 648 arrogare.
754 576 1012 632 Obsecro
1034 574 1207 632 etiam
1233 569 1681 630 benivolentiam
1711 566 1765 627 A
1798 588 2061 640 ηοειινυηι
2096 584 2415 652 υιιοεοηοηι
2440 578 2599 637 sedis
2622 580 2974 649 Τει-νθηίοω,
2999 578 3095 648 qui
3129 582 3307 633 tanta;
3343 582 3435 632 est

72 670 292 724 honoris
320 667 520 736 vestri,
560 670 620 722 ut
669 665 1009 734 dignitatem
1059 677 1229 733 quam
1279 667 1685 717 antecessores
1796 671 2139 737 senectutis,
2175 674 2239 726 ιιι
2271 686 2401 725 eum
2433 674 2565 725 ante
2602 669 3003 740 episcopatum
3037 666 3135 721 diu
3175 679 3439 735 perman-

77 755 239 811 vestri
264 752 739 809 antecessoribus
769 751 913 806 meis
942 749 1401 821 archiepiscOpis
1421 760 1689 803 servave-
1797 761 1942 817 sem
1970 761 2025 815 ίη
2056 759 2259 815 ordine
2293 758 2649 830 presbiterii,
2675 757 2793 827 jam
2827 771 2977 811 nunc
3007 754 3159 811 ultra
3210 758 3441 824 tempus

81 849 220 912 runt,
250 846 301 898 et
333 839 657 913 privilegiis
686 839 933 909 aliisque
965 838 1180 894 scribis
1216 837 1286 892 ad
1322 839 1619 907 posteroru

1904 863 2174 905 annorum
2206 848 2449 917 gradum
2477 847 2730 902 tenuerit
2753 844 3059 916 episcopii,
3085 848 3144 898 et
3165 857 3312 913 pene
3341 857 3442 913 per

82 932 383 986 memoriam
418 928 811 998 τθιίηυθνυηι,
837 927 972 981 mihi
1006 940 1309 982 reservare
1340 922 1688 994 dignemini;
1800 937 2022 1006 singula
2048 940 2333 991 momenta
2361 935 2712 1006 propinquat
2736 934 2938 988 exitui.
2958 932 3328 1002 Quapropter
3347 945 3443 985 vo-

84 1036 142 1074 ne
162 1019 374 1074 irritum
397 1021 498 1073 aut
523 1017 833 1072 infractum
858 1015 958 1070 fiat
980 1014 1368 1085 privilegium,
1387 1012 1540 1083 quod
1567 1011 1621 1082 ip

1902 1042 1992 1083 ius
2022 1042 2123 1082 vos
2153 1025 2426 1082 obnixius
2457 1039 2721 1092 exorare,
2759 1027 2819 1079 ut
2862 1037 2993 1079 cum
3032 1022 3200 1092 jussu
3241 1025 3440 1077 vestro

85 1106 301 1160 dedistis
328 1105 486 1174 mihi,
522 1104 752 1160 scilicet
779 1109 843 1159 ut
870 1103 1036 1159 vobis
1064 1102 1178 1174 ipsi
1202 1100 1613 1172 interpellatus

1909 1114 2118 1169 nemini
2153 1114 2471 1169 restituere
2502 1111 2827 1167 ministerio
2860 1126 2985 1179 suo,
3020 1125 3111 1180 ne,
3145 1108 3298 1179 quod
3332 1123 3447 1163 ma-

85 1209 179 1249 ηοιι
201 1192 604 1264 interpellatus
621 1192 1024 1263 respondeam,
1040 1195 1101 1245 ei
1119 1189 1330 1259 legatis
1350 1188 1564 1245 νθείνίδ
1587 1190 1696 1243 Βο-
1803 1218 2058 1274 gnopere
2089 1203 2479 1272 formidamus,
2501 1203 2552 1256 in
2578 1202 2682 1257 hac
2699 1202 2982 1256 moriatur
3007 1199 3442 1254 interdictione.

85 1283 262 1349 manis,
294 1295 404 1336 non
437 1280 894 1337 ultramontanis
931 1279 1027 1350 qui
1075 1278 1374 1348 conjuncti
1422 1278 1623 1332 Romar

1916 1289 2021 1344 hoc
2045 1303 2183 1345 vero
2206 1289 2358 1360 quod
2386 1304 2472 1343 me
2504 1287 2945 1359 interpellastis,
2973 1291 3034 1341 ut
3063 1286 3119 1341 in
3152 1286 3443 1341 conductu

84 1371 305 1438 querunt
327 1381 454 1438 quze
487 1380 596 1423 sua
617 1371 776 1437 sunt,
802 1381 912 1422 non
933 1380 1062 1436 quae
1078 1367 1214 1421 Iesu
1249 1364 1488 1433 Christi,
1508 1368 1622 1418 ets

1913 1378 2068 1449 scopi
2097 1377 2522 1433 Parisiaccnsis
2552 1376 2778 1446 aliquos
2811 1376 2977 1431 vobis
3010 1374 3225 1429 milites
3260 1373 3451 1428 mitte-

87 1456 317 1511 honestis
345 1456 679 1514 nominibus
708 1454 1017 1526 cupiditati
1049 1469 1170 1510 suae
1213 1451 1549 1522 consulunt,
1584 1466 1693 1506 non
1809 1475 2167 1536 rem’noluu}
2192 1466 2357 1521 vobis
2382 1465 2526 1520 facio
2548 1464 2699 1534 quod
2734 1479 2841 1533 ego
2870 1464 3131 1519 volebam
3164 1463 3453 1531 dirigere;

87 1544 339 1599 :ecclesiaa
360 1543 482 1598 Dei.
501 1544 666 1598 Unde
691 1546 931 1614 pr0pter
954 1542 1156 1597 talium
1184 1539 1485 1613 pudendas
1505 1554 1625 1611 rep:

1940 1569 2136 1609 comes
2169 1554 2239 1609 de
2270 1554 2501 1609 Arlonis
2535 1553 2709 1608 Fulco
2736 1553 2969 1607 rediens
2995 1554 3066 1607 ab
3100 1552 3243 1607 urbe
3275 1552 3452 1605 Roma

88 1634 369 1689 hensiones
416 1638 477 1690 et
523 1634 886 1703 vocationes,
936 1631 1094 1701 mihi,
1132 1631 1228 1702 qui
1274 1631 1457 1686 totius
1500 1629 1621 1685 Gall

1916 1642 2069 1697 :mihi
2096 1643 2384 1697 intimavit
2408 1657 2479 1697 ex
2505 1644 2698 1696 vestra
2724 1646 2909 1712 parte,
2929 1640 3060 1711 quia
3086 1640 3337 1694 libenter
3366 1654 3454 1694 me

84 1721 367 1793 episcopos
378 1721 568 1777 debeo
579 1735 923 1791 convocare,
943 1720 1119 1776 liceat
1137 1718 1433 1777 confidere
1447 1718 1518 1775 de
1532 1718 1622 1773 vol

1918 1734 2030 1802 )psa
2055 1730 2501 1785 transmissione
2518 1729 2767 1784 militum
2794 1728 3219 1799 importabatis,
3238 1727 3367 1782 ideo
3393 1733 3456 1782 ut

87 1811 198 1865 Sine
226 1810 545 1880 legatorum
580 1809 1113 1879 νοθειίοηθνάοηθο
1136 1808 1207 1863 ad
1233 1806 1447 1879 9330113
1476 1806 1698 1862 veniam
1812 1819 1866 1875 in
1901 1833 2135 1887 regione
2171 1822 2372 1873 nostra
2408 1823 2646 1873 strenue
2686 1822 2745 1872 et
2798 1816 3084 1871 intentius
3132 1829 3460 1886 exequerer

88 1898 150 1951 ad
178 1913 271 1953 vos
296 1899 408 1954 Deo
437 1897 698 1955 volente.
729 1899 1003 1953 Pretcrea
1051 1895 1184 1953 volo
1230 1895 1437 1952 obnixe
1482 1910 1626 1965 supp

1917 1921 2040 1963 unae
2066 1906 2366 1962 marcbisze
2390 1906 2455 1960 Μ.
2474 1907 2586 1961 Pro
2608 1905 2717 1961 hoc
2741 1905 2920 1973 igitur
2949 1918 2978 1958 a
3004 1904 3169 1958 vobis
3185 1904 3455 1958 veniente

88 2001 225 2057 care,
246 1991 302 2042 et
323 1986 729 2059 przenunciare
750 1987 933 2057 vobis,
961 1990 1023 2042 ut
1048 1985 1318 2056 quoniam
1353 1984 1405 2039 in
1440 1984 1615 2038 absen

1922 1996 2142 2063 ssatico,
2164 1994 2446 2049 remansit
2470 2009 2499 2049 a
2532 1999 2731 2049 nostra
2768 1996 2932 2063 parte
2966 1991 3259 2062 praedictae
3287 2004 3460 2061 expe-

92 2074 184 2129 mei
215 2090 387 2146 nuper
418 2075 575 2147 apud
610 2090 716 2131 vos
747 2074 1163 2131 commorantis
1190 2072 1369 2129 multa
1418 2085 1595 2143 prave

1921 2083 2059 2139 .onis
2089 2082 2475 2138 transmissio.
2500 2080 2698 2136 Valeat
2732 2080 3017 2136 sanctitas
3049 2083 3263 2148 vestra,
3293 2083 3459 2148 pater

95 2161 392 2219 inordinate
417 2167 549 2220 acta
576 2167 713 2218 sunt
741 2164 795 2218 in
828 2162 1095 2233 partibus
1126 2176 1266 2217 mem
1295 2159 1571 2228 diocesis,
1599 2173 1706 2227 ego
1822 2170 2316 2227 reverentissime,

94 2265 327 2306 γει-οηοη
346 2256 554 2323 potero
572 2252 850 2307 omittere
866 2250 1003 2321 quin
1021 2250 1706 2307 ministerionostroutar
1894 2261 2208 2329 Gregorius
2239 2258 2574 2330 episcopus,
2603 2273 2807 2313 servus
2835 2271 3135 2313 servorum
3166 2255 3289 2323 Dei,
3324 2254 3468 2309 (ιίιθ-

99 2337 145 2391 in
164 2337 244 2393 his
265 2338 689 2395 acclesiastice
710 2338 1077 2408 corrigendis
1103 2357 1115 2393 :
1142 2337 1191 2393 si
1214 2337 1352 2408 quid
1378 2351 1483 2408 pro
1507 2336 1613 2391 hoc

1929 2365 1936 2402 ι
1970 2349 2024 2402 in
2057 2348 2293 2403 Christo
2323 2348 2604 2402 fratribus
2629 2346 2851 2416 Hugoni
2878 2344 3068 2399 Iliensi
3101 2343 3376 2415 episcopo
3409 2348 3467 2397 et

100 2440 174 2480 me
201 2428 579 2484 accusationis
615 2427 899 2499 perlatum
948 2426 1120 2484 fuerit
1153 2427 1336 2497 vobis,
1373 2440 1444 2482 ne
1478 2426 1586 2481 hoc
1620 2441 1638 2480 κ

1928 2437 2044 2505 ζοηί
2078 2435 2445 2492 Cluniacensi
2484 2435 2679 2490 abbati
2713 2433 2957 2489 salulem
2990 2437 3048 2488 et
3081 2431 3466 2502 apostolicam

100 2514 199 2570 οίιο
222 2517 487 2587 credatis,
523 2516 622 2574 vel
655 2515 901 2572 moleste
928 2531 1066 2585 erga
1109 2530 1197 2572 me
1249 2515 1571 2587 accipiatis,
1608 2512 1708 2570 sed
1825 2523 2307 2580 benedictionem.
2337 2523 2477 2589 Quia
2507 2523 2560 2577 in
2588 2527 2804 2577 sancta)
2837 2521 2955 2589 Dei,
2990 2521 3081 2576 cui
3123 2519 3317 2575 divina
3355 2518 3472 2574 dis-

104 2602 224 2659 illud
250 2606 299 2659 in
323 2606 647 2676 praesentia
676 2609 874 2661 nostra
906 2609 1041 2661 ante
1072 2620 1176 2661 vos
1207 2603 1539 2673 dimittatis,
1577 2601 1710 2673 quia
1827 2613 2112 2684 positione
2145 2612 2548 2683 praesidemus,
2581 2610 2875 2677 Ecclesiae,
2907 2617 3019 2665 etc.
3055 2612 3223 2679 (150).
3261 2631 3288 2661 υ

102 2704 195 2760 ego
222 2692 542 2750 nullatenus
578 2693 714 2750 volo
754 2693 1037 2749 excedere
1084 2698 1269 2749 metas
1318 2691 1707 2749 auctoritatis.
1894 2700 2262 2771 Rescriptum
2285 2699 2545 2768 ejusdem
2571 2699 2641 2753 ad
2671 2700 2984 2753 Manassem
3016 2697 3355 2751 Remensem
3380 2712 3469 2753 ar-

105 2778 547 2852 Quandoquidem
583 2781 739 2837 enim
772 2780 876 2851 illi,
903 2782 1000 2851 qui
1035 2780 1265 2850 legatos
1283 2784 1514 2837 vestros
1548 2795 1611 2837 se
1638 2782 1714 2837 fa-
1824 2788 2261 2858 chiepiscopum
2291 2805 2303 2839 :
2332 2785 2655 2856 Gregorius
2691 2786 3015 2855 episcopus,
3046 2798 3252 2841 servus
3283 2798 3473 2839 servo-

102 2867 257 2937 ciuut,
280 2869 454 2926 multo
473 2870 703 2940 justius
724 2884 832 2939 ego
857 2868 1043 2925 debeo
1067 2884 1175 2952 per
1192 2884 1298 2925 vos
1318 2884 1384 2925 ea
1420 2884 1546 2939 quae
1576 2874 1712 2925 sunt
1823 2874 2320 2943 rumDei,rlilect0
2336 2873 2402 2927 in
2417 2872 2657 2929 Christo
2659 2872 2869 2943 fratri
2888 2870 2970 2926 Μ.
2983 2872 3250 2927 Remensi
3269 2870 3470 2926 archi-

101 2957 446 3025 providentize
460 2963 689 3016 nostra;
704 2957 1025 3028 corrigere,
1045 2973 1213 3028 quam
1245 2958 1549 3028 quisquam
1579 2957 1716 3014 alie-
1825 2961 2353 3033 episcoposalutem
2367 2958 2821 3029 etapostolicam
2837 2957 3473 3013 benedictionemcam

103 3057 161 3098 na
196 3051 451 3104 tractare.
480 3050 561 3103 De
590 3046 802 3104 comite
823 3046 1061 3117 (Ebalo,
1086 3046 1181 3116 qui
1209 3061 1296 3103 me
1319 3047 1375 3101 in
1399 3047 1713 3118 prrcsentia
1825 3064 1926 3108 eos
1967 3065 2036 3106 ea
2066 3064 2105 3106 a
2131 3050 2267 3106 sede
2294 3048 2624 3119 apostolica
2639 3047 2973 3118 ﬂagitatis.
3009 3045 3263 3115 Requiro
3297 3045 3467 3115 (151).

105 3137 269 3189 vestra
296 3150 576 3193 accusare
612 3135 957 3206 temptabat,
982 3139 1042 3190 et
1074 3149 1135 3191 se
1161 3150 1260 3191 sur.
1287 3150 1441 3205 nque
1471 3134 1716 3191 fidelita-
1904 3138 2141 3193 Sextum
2176 3135 2586 3191 nichilominus
2619 3134 2938 3190 celebravit
2972 3133 3283 3190 concilium
3319 3132 3479 3204 apud"

110 3223 582 3326 temvobis‘ve‘rb‘is
599 3223 1713 3323 simulantibuscommendabat,satisin
1753 3264 1802 3326 Ο
1833 3226 2193 3324 Lugdunum,
2230 3240 2333 3326 pro
2364 3223 2709 3295 quibusdam
2742 3223 3009 3322 negotiis,
3063 3237 3308 3319 quorum
3360 3222 3476 3326 dis:

112 3312 598 3383 promptuhabetis
618 3311 1178 3382 cognoscere,cujus
1199 3312 1395 3383 potius
1419 3313 1725 3370 sinceritas
1755 3310 1802 3326 ν
1833 3314 2162 3370 cussioncm
2196 3312 2247 3368 ei
2280 3313 2524 3368 domnus
2551 3327 2697 3383 papa
2736 3310 3040 3382 imposuit,
3092 3310 3355 3365 scribens
3401 3310 3473 3365 ad

110 3396 382 3457 ﬁdelitatis
403 3416 542 3471 erga
570 3415 678 3457 vos
698 3399 966 3456 videatur
989 3401 1464 3470 existere,utrum
1489 3416 1611 3457 mea
1627 3401 1724 3472 qui
1832 3418 1961 3459 cnm
1996 3402 2052 3456 in
2085 3402 2209 3458 haec
2240 3402 2415 3457 verba
2448 3402 2617 3472 (152).

112 3484 207 3541 Deo
230 3493 283 3543 et
303 3489 467 3545 vobis
490 3492 742 3561 paratus
773 3503 898 3545 sum
935 3503 1038 3560 per
1066 3488 1255 3545 omnia
1287 3489 1550 3560 obedire,
1569 3505 1638 3545 an
1662 3490 1729 3545 il-
1908 3492 2234 3569 GREGQRIUS
2247 3493 2567 3561 episcopus,
2584 3503 3103 3546 seroassercorum
3123 3488 3480 3557 Dei,dilecto

115 3571 207 3629 lius
224 3577 311 3645 qui
335 3582 389 3633 et
416 3577 573 3650 apud
601 3591 707 3633 vos
725 3591 828 3648 per
851 3577 1224 3648 semetipsum
1251 3578 1548 3648 impugnat
1574 3577 1726 3635 beati
1834 3578 2157 3651 inﬂhristo
2161 3578 2364 3649 fratri
2386 3580 2831 3635 llucomDiensi
2852 3580 3133 3648 episcopo,
3148 3579 3403 3635 salutem
3425 3578 3483 3634 et

113 3659 248 3716 Petri
270 3664 617 3735 aecclesiam,
633 3670 694 3720 et
716 3663 869 3735 apud
891 3679 998 3720 nos
1018 3678 1120 3735 per
1153 3666 1467 3721 Manassem
1500 3670 1555 3721 et
1590 3680 1727 3722 suos
1837 3668 2224 3739 apostolicam
2248 3667 2721 3723 benedictionem.
2754 3667 2919 3731 Quod
2937 3667 3147 3723 dicina
3168 3667 3480 3724 clementia

116 3762 363 3819 sequaces
384 3754 439 3809 in
464 3770 574 3811 suo
598 3758 796 3810 castro
823 3756 1095 3824 receptos
1110 3754 1487 3824 persequitur
1503 3755 1728 3811 beatam
1826 3772 2040 3829 pacem
2078 3758 2362 3814 Ecclesiae
2400 3757 2514 3812 tua
2532 3755 2819 3824 restituit,
2859 3760 2972 3811 etc.
3006 3756 3147 3811 Vide
3180 3756 3236 3810 in
3269 3756 3479 3824 Grego-

118 3835 336 3895 Mariam.
385 3844 684 3900 Manasses
725 3842 898 3912 enim,
934 3842 1005 3897 de
1035 3857 1149 3911 quo
1177 3842 1451 3913 diximus,
1486 3843 1578 3899 cui
1622 3858 1729 3900 nos
1840 3846 1927 3901 rio
1957 3846 2075 3915 νη,
2108 3845 2275 3916 epist.
2310 3845 2485 3900 extra
2516 3843 2861 3913 Registrnm
2887 3857 3047 3912 cag.,
3078 3858 3131 3897 n.
3167 3846 3252 3898 49.

114 3923 258 3990 jussu
290 3936 485 3987 vestro
509 3930 669 4002 quod
695 3930 750 3985 in
774 3944 881 3985 nos
906 3929 1203 3999 amiserat,
1230 3929 1277 3985 si
1306 3930 1376 3985 ad
1405 3930 1730 3987 mcclesiam
1911 3935 2052 3988 Dum
2078 3931 2256 4001 igitur
2289 3931 2374 3986 hze
2409 3931 2461 3984 ei
2485 3929 2698 3986 littera:
2722 3929 2913 3984 allata:
2944 3930 3212 3998 fuissent,
3233 3933 3291 3983 et
3317 3928 3482 3986 locus

122 4019 330 4072 matrem
361 4033 523 4075 suam
562 4018 806 4090 rediret,
833 4016 1204 4084 indulsimus,
1226 4018 1587 4075 conscientia
1611 4035 1734 4076 sce-
1841 4020 2071 4078 concilii
2098 4018 2249 4091 apud
2268 4018 2601 4088 Lugdunum
2618 4017 3482 4085 constitutusesset,Remensis

124 4098 238 4156 leris
257 4105 339 4159 sui
363 4104 687 4177 depressus
712 4120 818 4160 nec
843 4103 913 4160 ad
937 4119 1044 4161 nos
1062 4106 1200 4161 -vult
1230 4121 1283 4160 I'L
1298 4106 1441 4177 dire,
1467 4122 1572 4163 nec
1607 4108 1731 4179 paci
1842 4111 2015 4165 etiam
2049 4108 2524 4178 archiepiscopus
2548 4108 2712 4177 juxta
2748 4111 3007 4162 tenorem
3049 4105 3378 4161 litterarum
3407 4106 3480 4164 ad

124 4190 371 4250 ecclesiae
400 4192 788 4264 concordare,
816 4193 953 4263 quin
978 4193 1178 4264 potius
1200 4209 1330 4250 cum
1354 4194 1468 4250 illis
1500 4196 1623 4251 suis
1648 4211 1735 4251 se-
1846 4198 1995 4253 idem
2044 4212 2105 4253 se
2146 4200 2505 4267 purgaturus
2538 4194 2888 4251 invitaretur
2921 4193 3249 4263 concilium,
3288 4194 3483 4266 posito

126 4280 391 4354 quacibus,
418 4284 557 4354 quia
595 4282 767 4339 factis
800 4297 913 4338 non
948 4287 1162 4354 potest,
1188 4284 1385 4340 verbis
1405 4288 1463 4339 et
1500 4284 1735 4340 maledi-
1844 4287 2056 4342 domno
2091 4287 2325 4353 Hugone
2358 4284 2509 4355 apud
2540 4283 2815 4339 Viennam
2855 4297 2961 4353 pro
2999 4282 3267 4354 corporis
3317 4297 3485 4340 cura-

128 4366 218 4422 ctis
235 4372 543 4429 ecclesiam
572 4386 779 4442 meque
805 4371 1066 4427 lacerare
1091 4385 1203 4428 non
1228 4371 1653 4443 desinit.Unde,
1673 4378 1736 4429 ut
1851 4374 2025 4445 tione,
2044 4373 2229 4429 nuntii
2256 4371 3222 4444 prmfatiarchiepiscopivenerunt
3246 4372 3313 4427 ad
3328 4386 3481 4444 eum,

129 4453 185 4508 dc
212 4455 322 4527 ipso
349 4461 528 4517 Ebalo
572 4464 819 4529 taceam,
862 4460 917 4515 in
960 4475 1129 4530 quem
1170 4475 1275 4517 vos
1308 4460 1485 4517 credo
1520 4461 1735 4531 justam
1847 4463 2046 4519 multis
2076 4467 2133 4518 et
2166 4461 2433 4517 maximis
2465 4461 2741 4533 precibus
2772 4465 2833 4517 et
2873 4461 3210 4518 muneribus
3252 4460 3323 4515 ad
3372 4460 3483 4517 hoc

128 4548 175 4596 et
194 4550 558 4616 apostolicam
582 4563 863 4605 exercere
887 4549 1260 4621 sententiam,
1279 4565 1454 4623 super
1475 4551 1736 4608 Manasse
1764 4618 1807 4623 _
1844 4567 1975 4608 eum
2009 4553 2243 4608 ﬂectere
2272 4550 2596 4622 cupientes,
2622 4554 2679 4605 et
2713 4550 2787 4605 ob
2819 4549 2875 4604 id
2908 4550 2959 4604 ei
2990 4550 3043 4603 in
3071 4548 3343 4619 praesenti
3370 4553 3484 4605 tre.

131 4629 381 4693 instanter
408 4639 701 4710 deprecor
732 4638 1104 4694 sanctitatem
1136 4618 1413 4710 vestram,
1449 4643 1508 4695 ut
1532 4644 1629 4695 aut
1647 4640 1736 4709 ju-
1763 4618 1816 4680 D
1846 4643 2049 4696 centas
2063 4618 2506 4711 purissimiauri
2525 4618 2745 4707 uncias,
2761 4618 3488 4706 domesticisquoqueejus

132 4718 290 4779 beatis
313 4740 440 4782 eum
473 4728 547 4783 ad
578 4740 740 4783 suam
773 4726 1022 4797 regredi,
1045 4732 1106 4783 et
1133 4726 1381 4784 ulterius
1409 4743 1523 4785 non
1555 4728 1736 4801 impu-
1847 4728 2112 4801 preciosa
2135 4727 2379 4784 donaria
2399 4726 2732 4794 offerentes,
2761 4724 2997 4795 insuper
3019 4729 3079 4779 et
3095 4722 3485 4781 celamentum

128 4819 279 4875 gnare
303 4814 644 4884 ecclesiam,
682 4817 783 4870 aut
813 4814 868 4869 in
901 4830 1030 4871 eum
1081 4814 1322 4887 ejusque
1370 4818 1631 4873 fautores
1677 4821 1734 4873 et
1846 4832 1918 4874 ne
1950 4816 2054 4874 ulli
2090 4816 2421 4873 mortalium
2453 4814 2509 4870 id
2540 4814 2856 4885 proderent
2882 4812 3082 4882 jurare
3110 4813 3394 4884 volentes,
3421 4820 3488 4871 ut

132 4902 1357 4975 cooperatorcsapostolicivigorisdirigatis
1378 4905 1737 4963 animadver-
1845 4921 1975 4963 cum
2004 4919 2106 4961 sex
2136 4903 2452 4976 episcopis,
2475 4916 2621 4972 quos
2654 4901 2778 4972 ipse
2810 4902 3113 4958 Remensis
3144 4900 3391 4972 eligeret
3413 4902 3486 4960 de

132 4982 341 5043 sionem.
366 4990 690 5061 Dignamini
713 4990 886 5046 etiam
909 4989 981 5046 ad
1002 5004 1201 5048 eorum
1225 4997 1570 5064 receptores
1597 4995 1740 5049 scri-
1846 4993 2225 5064 suffraganeis
2254 4991 2396 5063 suis,
2430 4991 2483 5047 ei
2515 4993 2577 5047 ut
2609 5004 2672 5046 se
2697 4993 2972 5062 purgaret
3003 4992 3379 5062 concederet,
3396 5005 3486 5049 re-

135 5070 250 5129 bere
279 5083 462 5148 aptam
496 5078 829 5151 epistolam,
865 5083 928 5136 ut
961 5083 1061 5136 aut
1088 5094 1191 5137 eos
1217 5085 1423 5137 contra
1454 5082 1738 5139 aecclesiaa
1847 5087 2001 5140 mota
2026 5078 3000 5153 inquisitioneinfamize;addentes
3017 5080 3484 5151 etiamquodnec

130 5157 241 5227 jura
266 5178 370 5222 non
401 5168 719 5238 retineant,
750 5172 851 5225 aut
882 5169 1007 5240 pari
1036 5170 1329 5226 sententia
1361 5184 1425 5227 se
1457 5171 1739 5229 multatos
1846 5185 2086 5244 sperare
2108 5174 2399 5242 poterant,
2418 5169 2522 5225 sed
2543 5174 2736 5225 tamen
2760 5167 2935 5225 nichil
2960 5168 3372 5243 intemptatum
3396 5187 3486 5231 re-

136 5261 445 5318 agnoscant.
472 5258 684 5313 Restat
708 5256 842 5312 mihi
866 5257 972 5314 hoc
995 5257 1162 5315 vobis
1183 5258 1401 5332 dicere,
1419 5261 1554 5331 quia
1584 5261 1741 5319 dom-
1849 5260 2111 5332 linquere
2141 5258 2435 5329 volebant,
2467 5259 2622 5330 quod
2656 5258 2703 5315 si
2732 5258 2785 5315 ei
2809 5256 2931 5315 solo
2955 5258 3383 5318 concederetur
3406 5262 3490 5319 fa-

137 5350 229 5394 nus
258 5342 411 5414 Hugo
436 5344 673 5403 Diensis
699 5340 1011 5420 episcOpu's
1055 5347 1359 5406 interdixit
1399 5349 1739 5425 episcOpum
1850 5350 2041 5409 cultas
2071 5363 2130 5407 se
2153 5346 2458 5421 purgandi,
2485 5346 2908 5407 inestimabiles
2927 5347 3241 5409 thesauros
3262 5350 3409 5423 auri,
3427 5356 3489 5411 et

1678 5467 1900 5525 NOTE.

200 5552 612 5628 (150)Registr.
657 5558 747 5613 Vl.
796 5562 845 5615 3.
887 5558 1030 5618 Data
1076 5560 1149 5618 ad
1193 5562 1465 5622 Sanctum
1513 5563 1743 5623 Germa-
1849 5608 1987 5628 ..-με

145 5607 334 5703 ηιιῇιῆ
358 5607 1037 5703 ra_i’."s'eeeeb_;{s,“aa‘i
1074 5607 1149 5689 ῖῗ
1163 5607 1465 5691 lium”
1515 5607 1681 5623 “”“”

851 5607 1037 5703 εξίῖιῐ
1074 5607 1149 5689 ῖῗ
1163 5607 1465 5691 Κῖ““”““”
1515 5607 1736 5623 mw
1849 5607 2389 5703 Re,€i§.ii“n“3.?}13'

205 5677 336 5766 (ηδ
358 5677 805 5769 etiamm
819 5677 1406 5778 ataaa'e'eit'rae,
1438 5711 1499 5764 ut
1540 5722 1737 5780 supra.
1923 5677 2079 5752 (152)
2108 5677 2487 5737 Desideratur
2520 5677 2578 5735 in
2608 5678 2900 5747 ιιθείειτοο
2936 5679 3001 5737 ιίο
