3894 6320
420 387 540 468 ’291

1377 405 1747 468 HUGONIS
1795 395 2144 468 ABBATIS
2185 404 2865 472 FLAVINIACENSIS

3707 411 3808 477 292

426 557 521 628 qui
542 557 715 614 etiam
741 571 1040 613 numerum
1059 556 1436 624 excederent,
1457 555 1864 626 sejuraturos,
1895 562 1954 611 et
1980 557 2066 611 in-
2094 536 2153 598 Α
2181 553 2282 628 De?
2317 555 2380 595 se
2433 542 2774 612 Ρυῢίίοθνίι,
2829 544 3092 601 SCPibenS
3141 545 3445 603 DeSidePiO
3491 547 3804 604 ϐεεείοθηεὶ

428 659 606 716 super
635 649 1082 713 sacramentum,
1125 659 1194 698 ne
1223 643 1316 698 cui
1362 643 1470 698 hoc
1513 643 1845 713 proderent.
1900 643 2058 708 Quod

427 737 612 789 totum
663 733 851 788 virilis
901 732 1160 801 ejusdem
1199 731 1376 800 legati
1417 731 1641 786 animus
1690 733 1931 802 respuit.
1993 733 2056 786 Et

427 823 561 892 quia
594 821 1100 893 inexpugnabilem
1137 821 1262 888 ejus
1302 835 1439 890 erga
1475 821 1774 891 pecuniam
1807 821 2055 875 animum

427 910 593 980 vidit,
625 911 837 965 timens
871 910 1003 976 sibi,
1033 910 1280 965 concilio
1311 909 1596 963 interesse
1621 908 1823 972 uoluit,
1848 913 1902 962 et
1931 909 2058 964 ideo

426 997 689 1068 synodali
718 997 940 1066 judicio
964 1003 1054 1051 est
1080 996 1404 1066 depositus,
1428 1001 1548 1051 tum
1567 997 1700 1065 quia
1723 1011 1784 1051 se
1812 1011 2058 1066 purgare

423 1086 630 1155 noluit,
653 1092 773 1141 tum
809 1087 942 1156 quia
979 1085 1330 1141 audientiam
1367 1086 1670 1154 Eduensis,
1695 1085 2055 1140 Pictavensis

423 1182 480 1229 ct
514 1174 696 1245 ipsius
721 1175 1126 1244 Lugdunensis
1155 1175 1510 1242 subterfugit
1535 1175 1702 1244 (153).

495 1263 901 1318 Celebravitet
924 1264 1232 1333 septimum
1257 1263 1406 1332 apud
1430 1263 1840 1328 Avennionem,
1864 1261 1918 1315 in
1943 1276 2056 1330 quo

423 1352 728 1422 depositus
748 1357 842 1406 est
866 1351 1167 1406 Achardus
1193 1350 1553 1405 Arelatensis
1578 1351 1826 1418 iuvasor,
1861 1353 1920 1403 et
1943 1349 2058 1404 ele-

420 1438 500 1494 cti
542 1443 677 1495 sunt
713 1439 998 1494 Gibilinus
1031 1439 1085 1493 in
1116 1438 2055 1507 ArelatensemarcliiepiscOpum,

423 1525 754 1582 Lantelmus
784 1527 838 1580 in
872 1527 1341 1581 Ebredunensem
1369 1547 1378 1576 t
1405 1539 1513 1594 que
1531 1524 2054 1594 archiepiscopum,

424 1615 588 1682 I-Iugo
621 1614 675 1669 in
709 1613 1311 1684 Gratianopolitanum
1344 1613 1683 1683 episcopum
1717 1611 2057 1667 Desidcrius

424 1701 480 1756 in
506 1703 955 1772 Cavalicenscm,
977 1719 1124 1772 quos
1146 1706 1276 1772 post
1299 1700 1692 1770 expletionem
1718 1699 1948 1755 concilii
1971 1717 2057 1755 se-

419 1805 547 1845 cum
580 1793 814 1845 Romam
849 1790 1032 1858 duxit,
1067 1795 1124 1843 et
1156 1789 1483 1844 consecrati
1517 1793 1654 1843 sunt
1685 1805 1712 1844 a
1757 1803 1904 1858 papa
1963 1788 2050 1843 3‘8.

2172 627 2368 683 abbati
2399 630 2454 684 in
2487 630 2608 687 haec
2635 633 2812 688 verba
2842 652 2853 686 :

2237 715 2562 788 Gregorius
2597 723 2663 776 in
2705 723 3034 781 Romanum
3066 723 3413 795 pontiﬁcem
3461 725 3710 795 electus,
3743 727 3802 782 Β.

2168 803 2370 862 abbati
2389 809 2736 865 monasterii
2756 811 3273 868 sanciiBeuedicti
3294 811 3522 870 Montis
3548 812 3804 882 Cossini,

2167 893 2422 950 salutem
2439 897 2503 951 iu
2527 897 2767 954 Christo
2783 899 2945 955 Jesu.
2971 901 3234 956 Domnus
3254 915 3421 973 papa
3447 904 3513 958 Α.
3549 903 3808 959 mortuus

2169 983 2274 1042 est.
2293 987 2406 1038 etc.
2436 984 2603 1054 (154).

2244 1071 2450 1140 (1073.)
2477 1075 2867 1129 Consecratus
2890 1075 3070 1143 igitur
3089 1075 3393 1146 injustitia
3415 1081 3472 1132 et
3500 1078 3806 1132 sanctitate

2171 1157 2314 1212 miro
2344 1161 2514 1215 modo
2547 1161 2796 1218 assiduis
2826 1163 2980 1218 votis
3010 1179 3114 1234 pro
3133 1179 3194 1219 se
3225 1171 3281 1220 et
3310 1179 3490 1234 grege
3519 1165 3640 1221 sibi
3673 1181 3806 1220 com-

2171 1246 2344 1301 misso
2372 1249 2689 1318 excubans,
2724 1255 2968 1318 urgente
3003 1252 3318 1321 pastoralis
3349 1253 3521 1308 cilicii
3567 1255 3807 1308 necessi-

2169 1337 2312 1401 tate,
2351 1335 2599 1390 distorta
2645 1352 3052 1406 perversorum
3099 1340 3273 1395 corda
3323 1341 3393 1396 ad
3441 1341 3806 1396 rectitudinis

2170 1421 2378 1476 lineam
2414 1437 2634 1480 summa
2669 1426 2720 1480 vi
2753 1427 3050 1496 corrigere
3089 1428 3302 1498 nitens,
3355 1429 3674 1484 veritatem
3723 1430 3804 1484 Dei

2169 1511 2386 1580 absque
2410 1527 2673 1581 personm
2697 1515 3037 1585 acceptione
3059 1517 3326 1572 omnibus
3350 1517 3660 1588 patefecit,
3691 1533 3804 1572 nac-

2169 1601 2264 1652 tus
2287 1599 2538 1655 omniuin
2567 1601 2846 1657 bonorum
2872 1601 3240 1659 dilectionem
3264 1607 3338 1660 ob
3361 1605 3472 1660 zeli
3495 1606 3598 1662 Dei
3634 1607 3804 1661 fervo-

2169 1700 2287 1741 rem
2311 1687 2629 1756 etjustitize
2647 1691 3120 1759 exequutionem.
3144 1693 3252 1747 Sed
3279 1694 3412 1763 quia
3438 1692 3601 1749 nulla
3619 1697 3712 1750 est
3729 1709 3802 1749 so-

2165 1773 2352 1830 cietas
2370 1775 2481 1830 luci
2499 1777 2568 1831 ad
2587 1778 2882 1847 tenebras,
2912 1779 3273 1848 perditorum
3294 1781 3593 1837 hominum
3620 1781 3798 1837 odium

490 1878 921 1949 (F01,102,)His
943 1893 1080 1946 ergo
1104 1877 1332 1932 ίηίθι-ίιη
1355 1877 1650 1947 sepositis,
1679 1877 1832 1932 beati
1865 1877 2052 1946 pan-is
2081 1885 2138 1946 Β
2167 1867 2226 1916 ct
2254 1863 2695 1934 detractionem,
2729 1865 2902 1920 immo
2930 1869 3442 1938 persequutionem
3469 1870 3796 1926 acerrimam

417 1967 678 2036 Gregorii
722 1967 817 2020 νη
862 1968 1130 2021 Romana}
1181 1965 1459 2020 Ecclesiae
1496 1965 1812 2034 pontificis,
1864 1966 2052 2033 magni

419 2054 576 2111 illius
609 2055 868 2124 Gregorii
899 2054 1066 2123 cujus
1093 2053 1264 2109 hodie
1291 2055 1466 2108 flores
1488 2053 1700 2122 eloquii
1723 2053 1774 2107 in
1801 2053 2049 2108 ecclesia

414 2144 684 2199 redolent
706 2143 932 2199 univoci
953 2148 1011 2196 et
1030 2142 1465 2212 aequivoei,jam
1489 2141 1544 2195 in
1573 2146 1696 2196 tuto
1722 2141 2050 2211 positi,jam

417 2231 670 2287 decurso
693 2232 888 2288 mundi
914 2231 1312 2298 naufragantis
1331 2229 1554 2300 pelago.
1581 2229 1796 2298 quietis
1815 2234 2050 2285 mternze

417 2318 529 2374 lida
551 2321 804 2375 statione
823 2319 1014 2389 potiti,
1043 2319 1232 2374 securi
1251 2318 1558 2388 praedicem
1571 2333 1634 2372 ns
1647 2323 1811 2386 gesta
1840 2318 2051 2387 magni-

414 2406 542 2476 fica,
565 2413 625 2461 et
644 2421 791 2476 quos
815 2405 1254 2461 tribulationum
1279 2406 1528 2476 impetus
1554 2421 1656 2476 pro
1690 2411 1888 2461 sancta
1924 2421 2052 2460 sus-

416 2495 663 2550 tinuerit
696 2494 979 2562 aecclesia,
1023 2502 1081 2549 et
1119 2494 1416 2550 sustinens
1455 2495 1594 2549 mira
1637 2499 1694 2550 et
1729 2494 2046 2549 inedieibili

419 2584 718 2654 superavit
745 2583 1090 2652 constantia,
1118 2587 1181 2639 ut
1199 2589 1358 2638 esset
1377 2583 1556 2638 libera
1582 2587 1742 2638 casta
1767 2589 1941 2652 atque
1959 2599 2050 2638 ca-

411 2671 651 2742 tholica,
667 2673 856 2728 divina
872 2673 1185 2729 comitante
1199 2672 1504 2728 clementia
1523 2673 1610 2744 pia
1631 2687 2050 2743 prosequamur

412 2761 710 2818 instantia.
734 2762 913 2817 Natus
930 2765 1017 2817 est
1037 2761 1217 2830 igitur
1235 2761 1290 2815 in
1315 2762 1458 2816 urbe
1482 2762 1679 2830 Roma,
1709 2761 2052 2831 parentibus

411 2851 641 2907 civibus
671 2850 964 2920 Romanis,
997 2855 1076 2920 et,
1113 2850 1267 2920 quod
1294 2849 1600 2904 maximum
1619 2853 1707 2904 est
1737 2849 2046 2917 religiosis,

412 2939 799 2996 ascribendus
831 2939 978 2994 civis
1023 2939 1200 2994 curiae
1251 2936 1542 3004 czelestis;
1589 2942 1645 2991 et
1693 2939 1764 2992 ab
1815 2937 2049 2992 ineunte

409 3032 584 3084 aetate
615 3026 1049 3084 tecclesiasticis
1082 3025 1449 3094 mancipatus
1479 3025 1705 3092 olllciis,
1742 3025 2049 3095 pueritiam

409 3131 570 3172 suam
603 3130 714 3171 non
745 3115 870 3170 sine
906 3114 1108 3182 certis,
1143 3129 1270 3182 qum
1299 3127 1427 3168 eum
1462 3113 1749 3167 illustrem
1792 3115 2049 3168 futurum

400 3203 517 3274 jam
549 3209 690 3260 tunc
723 3204 1020 3271 signarent
1053 3200 1440 3268 documentis,
1463 3199 1754 3269 religiosis
1785 3201 2049 3271 personis

405 3291 718 3346 comitatus
746 3287 1022 3343 excoluit.
1056 3287 1522 3342 Adolescentiam
1563 3294 1861 3358 assumpto
1917 3304 2046 3344 sau-

406 3377 636 3434 ctitatis
653 3375 952 3446 proposito
969 3375 1022 3428 in
1035 3381 1122 3430 ter
1136 3374 1330 3429 mundi
1345 3379 1782 3446 contemptores
1796 3391 1904 3430 non
1922 3377 2044 3432 sine

407 3465 634 3534 magnis
647 3463 1025 3535 perfectionis
1041 3463 1275 3518 indiciis
1291 3463 1639 3534 perdomuit,
1671 3465 1876 3519 Juvent
1890 3469 2042 3520 utem

414 3551 830 3609 nichilominus
853 3551 1073 3606 militize
1111 3550 1449 3606 christiana:
1499 3552 1842 3622 dedicatam,
1894 3554 2046 3609 sicut

403 3645 579 3698 aetate
614 3641 694 3697 ita
722 3655 862 3696 sana
895 3639 1161 3695 doctrina
1189 3645 1250 3694 et
1271 3639 1630 3696 firmamento
1655 3640 1922 3696 veritatis
1956 3657 2045 3696 ro-

405 3720 690 3801 boratam,
727 3731 837 3786 sub
868 3728 1167 3800 praeclaris
1210 3728 1394 3785 totius
1439 3729 1743 3785 christiani
1795 3730 2044 3786 nominis

403 3819 704 3876 tutoribus
736 3823 794 3874 et
827 3818 1198 3889 priesulibus,
1234 3817 1488 3889 publicis
1519 3824 1736 3874 saneta:
1758 3819 2043 3875 aecclcsiie

400 3907 750 3980 mancipavit
785 3906 1162 3964 utilitatibus.
1202 3907 1324 3978 (fol.
1360 3906 1524 3977 102’.)
1555 3908 1657 3962 Hic
1681 3909 1756 3963 ob
1787 3907 2041 3976 singula-

398 4010 522 4052 rem
548 3997 894 4053 excellentis
923 3996 1135 4064 ingenii
1184 3996 1629 4066 praerogativam
1679 4011 1707 4051 a
1761 3996 2039 4052 Nicholao

397 4085 618 4157 papain
637 4083 1168 4140 archidiaconatum
1192 4083 1394 4138 matris
1417 4083 1680 4140 ecclesia)
1705 4089 2035 4155 provectus,

399 4176 640 4230 strenua
663 4177 723 4228 et
746 4172 1023 4228 laudabili
1048 4171 1218 4241 hujus
1243 4172 1410 4228 officii
1446 4172 1950 4228 administratione
1981 4173 2036 4229 in

399 4262 583 4318 totius
613 4262 774 4317 orbis
806 4261 1072 4317 notitiam
1113 4263 1170 4316 et
1212 4261 1618 4330 religiosorum
1664 4260 2038 4320 dilectionem

401 4350 564 4406 brevi
595 4351 846 4408 devenit.
881 4350 1208 4407 Decedente
1237 4364 1377 4406 vero
1410 4365 1553 4420 papa
1581 4351 1930 4423 Alexandro,
1965 4352 2036 4408 ad

400 4453 684 4496 summum
717 4440 1030 4497 Christiani
1078 4439 1378 4508 regiminis
1427 4438 1652 4494 culmen
1703 4439 1928 4497 accitus
1976 4443 2035 4497 et

397 4526 656 4601 aalectus,
679 4529 986 4586 divinitate
1007 4528 1064 4582 in
1088 4525 1259 4582 electi
1283 4525 1372 4581 sui
1395 4525 1750 4584 exaltatione
1783 4543 2036 4586 commu-

2170 1951 2454 2016 ineurrit;
2491 1952 2704 2021 regiam
2738 1959 2928 2010 tamen
2951 1955 3121 2024 viam,
3149 1971 3318 2026 quam
3350 1957 3532 2012 semel
3561 1959 3799 2016 intrave-

2166 2045 2258 2095 rat
2309 2039 2712 2108 iuconcussus,
2768 2042 3065 2111 immotus,
3115 2059 3217 2115 per
3267 2058 3422 2101 arma
3474 2045 3726 2115 justitiai
3771 2063 3794 2102 a

2165 2126 2387 2182 dextris
2412 2131 2468 2182 et
2494 2143 2524 2183 a
2558 2129 2817 2186 sinistris
2843 2131 3076 2186 fortiter
3100 2131 3362 2188 incessit.
3392 2135 3471 2188 Ac
3496 2135 3687 2205 primo
3715 2137 3794 2206 qui

2163 2215 2290 2270 dem
2325 2217 2649 2287 apostolica
2681 2219 3037 2274 auctoritate
3066 2225 3124 2275 et
3153 2221 3427 2277 veridicis
3467 2229 3794 2280 sanctorum

2161 2305 2402 2358 Patrum
2420 2305 2710 2362 animatus
2732 2307 3064 2378 sententiis,
3089 2307 3162 2362 ad
3183 2307 3598 2366 eliminandam
3617 2311 3797 2381 Symo-

2162 2390 2384 2447 niacam
2409 2392 2658 2448 heresim
2683 2398 2739 2448 et
2767 2395 3212 2466 praecipiendam
3243 2397 3594 2454 clericorum
3634 2401 3797 2455 casti-

2161 2484 2342 2535 tatem
2377 2497 2482 2551 pro
2513 2483 2809 2538 commissi
2849 2483 2956 2540 sibi
2991 2485 3162 2540 omcii
3195 2485 3394 2541 debito
3427 2487 3795 2544 vehementer

2159 2569 2396 2624 exarsit.
2435 2570 2685 2625 Audiant
2719 2571 2897 2640 igitur
2931 2573 3026 2643 qui
3058 2572 3259 2628 audire
3291 2573 3515 2644 volunt,
3564 2580 3630 2631 ut
3687 2592 3796 2632 mu-

2161 2657 2414 2727 niantur,
2449 2658 2542 2727 qui
2579 2659 2780 2715 audire
2811 2661 3034 2728 nolunt,
3068 2664 3128 2717 ut
3149 2662 3606 2734 confundantur,
3635 2679 3790 2734 quam

2160 2743 2340 2798 libera
2377 2760 2664 2816 quamque
2694 2747 2978 2804 catholica
3010 2763 3154 2805 voce
3179 2755 3380 2806 contra
3413 2751 3657 2808 insanos
3703 2755 3792 2808 im-

2164 2833 2383 2903 piorum
2399 2832 2650 2890 latratus
2665 2834 2952 2906 impiaque
2969 2837 3268 2895 molimina
3288 2854 3587 2911 aususque
3616 2842 3794 2896 nefan-

2163 2922 2268 2977 bos
2292 2922 2608 2978 intonuerit
2633 2924 2722 2979 hic
2739 2932 3138 2996 propugnator
3151 2927 3454 2985 aecclesize.
3483 2931 3626 2986 Cum
3649 2931 3790 2986 enim

2161 3025 2360 3065 omnes
2387 3011 2503 3066 fere
2529 3027 2632 3067 sua
2653 3019 2986 3084 quererent,
3007 3031 3119 3070 non
3147 3030 3273 3086 quae
3294 3018 3436 3074 Iesu
3468 3018 3703 3090 Christi,
3739 3027 3786 3074 et

2162 3097 2442 3154 adherere
2477 3099 2710 3154 mallent
2746 3099 3120 3172 discipulatui
3151 3103 3416 3174 Symonis
3447 3121 3616 3176 quam
3663 3121 3790 3177 pau-

2163 3187 2379 3256 periem
2414 3187 2627 3242 Christi
2661 3203 2897 3244 scrvare
2930 3191 2984 3245 in
3039 3192 3261 3247 unitate
3314 3193 3446 3250 fidei
3483 3211 3498 3260 ;
3549 3195 3788 3250 ministri

2161 3290 2390 3345 quoque
2423 3275 2600 3330 divini
2634 3278 2954 3333 sanctuarii
2989 3280 3196 3335 foedam
3229 3280 3559 3340 libidinosae
3605 3291 3790 3339 conta-

2156 3363 2347 3433 gionis
2375 3363 2755 3434 pollutionem
2785 3370 2986 3422 contra
3015 3367 3112 3436 jus
3144 3369 3346 3439 fasque
3380 3375 3718 3442 usurpatam
3737 3379 3790 3427 et

2157 3453 2660 3510 subintroductam
2687 3455 2902 3510 nollent
2929 3456 3201 3527 abjicere,
3224 3459 3594 3517 investiturze
3625 3463 3785 3517 etiam

2157 3541 2551 3597 aecclesiarum
2585 3558 2614 3598 a
2647 3543 2811 3599 laicis
2842 3544 3102 3601 indebite
3122 3555 3554 3619 usurparentur
3578 3567 3592 3616 ;
3617 3551 3784 3621 (1078,

2157 3629 2296 3685 Νον.
2335 3630 2422 3700 19)
2457 3631 2581 3701 ipse
2602 3647 2708 3702 pro
2725 3634 3012 3688 communi
3039 3635 3304 3691 ecclesize
3336 3637 3596 3694 utilitate
3617 3645 3672 3695 et
3700 3654 3784 3694 ne-

2156 3719 2436 3774 cessitate
2470 3720 2525 3774 in
2558 3721 2929 3777 Lateranensi
2965 3723 3176 3793 palatio
3205 3731 3524 3795 aggregata
3559 3727 3779 3798 synodo,

2156 3807 2721 3864 circumsedentibus
2734 3810 3214 3884 archiepiscopis,
3232 3813 3556 3886 episcopis,
3579 3817 3781 3872 abbati-

2158 3895 2265 3951 bus
2285 3899 2340 3950 et
2367 3895 2658 3965 religiosis
2681 3899 2974 3969 Deumque
2997 3901 3344 3958 timentibus
3356 3903 3596 3962 clericis
3609 3910 3776 3960 etme.

2154 3983 2376 4053 nachis,
2397 3984 2469 4040 de
2492 3987 2912 4059 suprascriptis
2931 3994 2990 4044 et
3013 3989 3143 4046 aliis
3173 3991 3442 4048 ecclesiae
3474 3992 3772 4050 commodis

2152 4077 2429 4143 tractans,
2457 4073 2581 4130 haec
2605 4075 2920 4132 decretalia
2948 4079 3338 4149 promulgavit
3358 4081 3770 4153 capitula(t55).

2226 4164 2590 4235 Quicumque
2616 4165 2881 4222 militum
2899 4171 3012 4223 etc.

2221 4254 2336 4308 Hec
2371 4257 2505 4308 sunt
2535 4253 2855 4310 beatissimi
2888 4271 3052 4327 papae
3080 4257 3382 4326 synodalia
3416 4259 3652 4318 decreta
3677 4275 3774 4316 mo-

2152 4340 2316 4398 ribus
2335 4341 2700 4410 corrigendis
2719 4341 2944 4413 idonea,
2971 4349 3307 4402 sanctorum
3333 4349 3576 4407 Patrum
3600 4350 3772 4406 decre-

2151 4430 2227 4487 tis
2256 4444 2528 4499 consona,
2563 4429 2710 4486 ccelo
2741 4438 2977 4488 rorante
3006 4433 3248 4505 stillata,
3287 4435 3579 4494 universis
3618 4436 3771 4493 ﬁdeli-

2149 4518 2638 4589 businculcanda,
2653 4519 3056 4593 amplectenda
3071 4528 3247 4594 atque
3262 4527 3538 4598 tenenda,
3559 4526 3763 4596 justitia

398 4579 2035 4689 nemdevotionem"vincitantgwgd
2060 4579 2117 4642 Β
2149 4609 2407 4666 dictante
2447 4579 2692 4680 prolata,
2744 4579 3085 4668 fortitudine
3131 4579 3766 4686 roboratajprudentia

399 4707 810 4779 perferendum
825 4705 981 4777 quod
996 4701 1573 4776 abhorrebatjugum,
1601 4705 1871 4777 quodque
1895 4723 2039 4764 sem-

399 4809 503 4868 per
531 4797 765 4868 quidem
797 4793 991 4864 animi,
1023 4791 1336 4862 aliquando
1365 4795 1559 4848 autem
1599 4795 1864 4866 corporis
1905 4797 2039 4868 fuga

398 4883 819 4956 declinaverat,
840 4884 1207 4940 mansuetum
1231 4881 1444 4936 animal
1467 4883 1707 4939 Domino
1732 4899 1835 4941 suo
1857 4886 2041 4942 cervi-

394 4985 520 5029 cem
548 4973 832 5031 subdidit.
868 4973 1225 5030 Electionem
1256 4983 1397 5028 vero
1431 4970 1502 5028 de
1542 4985 1606 5026 se
1657 4971 1866 5030 factam
1912 4975 2040 5046 ipse

2147 4697 2536 4770 promulgata,
2570 4699 2970 4769 temperantiae
3001 4699 3221 4757 virtute
3243 4702 3514 4772 praedita.
3535 4703 3640 4760 Sed
3663 4715 3767 4774 per-

2147 4789 2302 4844 versi
2336 4787 2470 4843 dum
2499 4787 2557 4842 in
2586 4801 2787 4844 eorum
2820 4803 3018 4845 norma
3047 4789 3185 4846 vitae
3230 4805 3353 4848 sua;
3405 4792 3766 4864 perversitate

2148 4884 2469 4956 oﬂ‘endunt,
2503 4885 2609 4942 hec
2637 4886 2857 4956 gravia,
2891 4885 2998 4942 hec
3023 4885 3300 4958 dimcilia,
3337 4887 3466 4960 hec,
3497 4890 3626 4962 quia
3661 4902 3769 4946 cor-

2153 4975 2264 5046 rigi
2297 4974 2523 5044 nolunt,
2556 4973 2852 5030 emendari
2879 4973 3197 5045 refugiunt,
3225 4977 3576 5035 omnimodis
3595 4973 3766 5049 appel-

1755 5099 1989 5156 VARL‘E
2029 5099 2427 5158 LECTIONES.

465 5188 534 5227 ³⁴⁸
565 5192 750 5264 major
777 5207 916 5265 pars
945 5194 1169 5268 paginae
1201 5198 1388 5254 vacat.

1979 5301 2204 5360 NOTE.

465 5407 614 5480 (153)
647 5406 910 5478 Synodus
939 5408 1137 5466 habita
1166 5414 1261 5467 est
1299 5413 1455 5468 inter
1500 5411 1555 5468 d.
1603 5417 1634 5468 3
1681 5415 1900 5473 mensis
1947 5417 2037 5473 Ja-

393 5479 672 5538 nuarii’et
703 5484 768 5535 17
801 5480 1264 5550 mensisAprilis
1290 5485 1447 5540 1080.
1481 5483 1609 5539 Vid.
1637 5483 1869 5542 litteras
1901 5486 2036 5544 Gre-

390 5551 552 5629 gorii
565 5550 638 5629 ad
667 5550 982 5629 Manassen)
996 5549 1356 5629 ,Βώρῳ-1186111
1387 5553 1726 5629 inﬂRegistr.
1757 5557 1889 5629 _YII,
1945 5563 2031 5629 12,

390 5618 482 5696 i0.
514 5622 899 5696 Cfr._quoque
929 5618 1372 5696 ibid.VI_Il,_1'_7,
1406 5628 1492 5696 18,
1518 5618 1724 5696 19,20.
1755 5627 1818 5681 K.

459 5665 1134 5769 (iiii'n‘a'ié‘ﬁéxﬁéé'iii
1155 5665 1492 5750 ἱξέιίἶὸἰεῖίῖἶ
1520 5665 1724 5753 ἷιῖἷιῗῖἱ
1739 5665 2030 5767 ἶίἱοείειιι.

2145 5456 2188 5519 Ι.
2222 5459 2275 5511 2.
2311 5450 2951 5526 Ρξυιξᾲβθιξηινὶθᾱθηεὶε
2983 5451 3112 5512 Vita
3143 5453 3530 5526 Gregorii,28.
3562 5455 3692 5513 Vide
3718 5454 3761 5507 in

2147 5525 2426 5594 Gregorio
2453 5523 2642 5594 VllK.

2216 5593 2364 5670 (βξ)
2396 5593 2575 5670 Mansi
2604 5594 2716 5670 _XX.
2749 5593 3118 5670 592_e_t__h_t_on.
3149 5593 3343 5652 Germ.
3369 5596 3466 5654 SS.
3491 5596 3560 5670 ν,
3579 5611 3632 5670 p.
3657 5597 3761 5663 316,

2143 5663 2250 5723 315
2282 5663 2667 5738 (Patrologie
2697 5669 2739 5721 t.
2773 5663 3072 5736 CXLVIII).
