3894 6332
96 416 195 484 293

1295 420 1795 487 CHRONICON.
1831 459 1903 469 -—
1934 411 2093 487 LIB.
2126 424 2199 486 ΙΙ.

3332 432 3449 494 294

94 559 199 614 lant
229 555 614 628 impossibilia.
642 556 687 612 Ο
719 562 969 613 mentem
1000 563 1287 614 amentem
1314 560 1326 613 ι
1353 559 1396 613 Ο
1421 572 1693 630 spurcam
1723 557 1776 618 A
1809 559 1970 629 poris
2004 559 2216 615 Christi
2263 565 2323 616 et
2362 562 2658 618 consortio
2706 560 2960 620 ﬁdelium
3003 571 3305 635 separaret
3334 583 3348 631 ;
3383 572 3445 622 ut

94 645 383 716 nequitiam
414 647 470 699 et
501 644 912 715 nequissimam
937 646 1308 716 spurcitiam!
1336 647 1622 718 Numquid
1648 647 1697 703 si

97 734 425 803 perditorum
450 748 640 788 mores
664 732 961 790 hominum
988 735 1200 804 corrigi
1232 735 1591 805 refugientes
1604 736 1699 790 de-

100 822 313 893 sipiunt,
339 822 569 890 justitia
600 822 895 893 silebitur,
934 824 1120 894 pietas
1149 824 1611 894 conculcabitur,
1638 830 1695 879 et

98 910 500 965 ecclesiasticae
540 910 1064 967 animadversionis
1095 912 1326 981 gladius
1358 929 1387 969 a
1420 914 1697 983 sanguine

100 996 514 1069 prohibebitur?
544 1000 638 1055 Va:
680 1000 915 1070 rectori,
954 1016 1119 1070 quem
1161 1001 1527 1057 denotaverit
1574 1018 1699 1058 sen-

101 1087 252 1141 tentia
283 1086 519 1156 hujusce
555 1087 1017 1144 maledictionis!
1048 1088 1429 1155 Maledictus,
1465 1090 1564 1161 ait,
1589 1091 1697 1162 qui

96 1173 335 1244 prohibet
347 1175 625 1245 gladium
642 1190 815 1233 suum
839 1180 1183 1249 asanguine
1204 1178 1349 1248 (παν.
1374 1194 1564 1249 mm,
1582 1181 1691 1250 10).

99 1261 324 1318 Gladium
375 1278 403 1318 a
454 1265 741 1334 sanguine
783 1266 1093 1336 prohibere
1135 1270 1222 1322 est
1269 1268 1699 1338 praedicationis

95 1351 304 1404 verbum
335 1365 362 1405 a
394 1352 652 1409 carnalis
682 1353 817 1409 vitae
858 1354 1263 1411 interiectione
1304 1356 1577 1412 retinere.
1615 1357 1701 1413 Ob

98 1438 224 1493 hanc
254 1440 419 1507 igitur
451 1456 711 1511 causam,
740 1443 873 1512 quia
917 1444 1140 1500 scilicet
1173 1451 1434 1501 sanctam
1472 1446 1573 1501 Dei
1612 1461 1703 1501 ec-

94 1525 302 1581 clesiam
330 1533 551 1585 castam
577 1544 715 1585 esse
740 1532 997 1599 volebat,
1033 1532 1273 1589 liberam
1308 1538 1482 1604 atque
1505 1535 1702 1590 cathe-

96 1614 255 1684 licam,
287 1617 410 1686 quia
445 1617 515 1672 de
549 1619 884 1675 sanctuario
914 1620 1012 1676 Dei
1044 1621 1437 1691 Symoniacam
1477 1627 1533 1677 et
1569 1638 1701 1679 neo-

98 1702 371 1771 phjtorum
406 1705 657 1762 heresim
684 1712 740 1762 et
768 1708 953 1762 fedam
979 1708 1306 1766 libidinosa)
1338 1712 1700 1780 contagionis

97 1789 440 1859 pollutionem
459 1793 695 1849 volebat
711 1795 1029 1867 expellere,
1048 1813 1174 1853 men
1185 1799 1284 1853 bra
1301 1799 1517 1855 diaboli
1531 1814 1700 1870 cepe-

93 1884 207 1933 runt
231 1880 277 1934 in
300 1896 422 1937 eum
448 1882 779 1955 insurgere,
798 1889 857 1941 et
882 1900 1069 1956 usque
1092 1887 1164 1943 ad
1195 1888 1533 1957 sanguinem
1555 1903 1698 1960 prm-
1727 1906 1780 1965 Β

94 1974 427 2038 sumpserunt
453 1970 509 2026 in
540 1987 677 2027 eum
701 1989 903 2030 manus
926 1975 1164 2044 inicere,
1192 1980 1247 2030 et
1277 1980 1336 2032 ut
1361 1991 1489 2033 eum
1514 1980 1699 2033 morte

94 2055 169 2108 vel
194 2057 351 2113 exilio
378 2060 830 2131 confunderent,
865 2063 1065 2119 multis
1104 2079 1235 2119 eum
1280 2064 1465 2122 modis
1502 2066 1696 2121 conati

93 2148 206 2198 sunt
230 2145 461 2204 deicere.
489 2148 585 2205 Sic
620 2151 875 2206 surrexit
905 2151 1057 2207 inter
1082 2168 1321 2222 regnum
1343 2158 1403 2209 et
1433 2154 1699 2210 sacerdo-

96 2230 215 2287 tium
242 2236 546 2308 contentio,
576 2239 833 2294 accrevit
874 2240 1049 2296 solito
1077 2242 1315 2310 gravior
1348 2247 1566 2299 sanctas
1596 2243 1695 2298 Dei

96 2321 324 2378 ecclesue
353 2325 683 2382 tribulatio.

158 2410 277 2477 (Fel.
305 2414 444 2483 104.)
477 2414 792 2472 Heinrieus
822 2416 995 2486 enim,
1030 2416 1279 2473 Heinrici
1322 2417 1695 2489 imperatoris

99 2496 241 2567 ﬁlius,
265 2500 540 2559 adversus
566 2506 750 2561 Deum
788 2510 848 2561 et
883 2510 1124 2561 matrem
1155 2507 1408 2562 omnium
1442 2508 1691 2563 catholi-

98 2600 264 2641 corum
293 2589 596 2649 Romanam
624 2592 950 2649 aacclesiam
975 2581 1228 2665 superbe
1253 2596 1533 2665 tumidus,
1562 2596 1695 2667 quia

101 2672 199 2727 vita
215 2675 323 2744 ejus
345 2695 517 2749 prava
542 2685 885 2737 sanctorum
909 2684 1146 2738 Patrum
1171 2683 1428 2739 decretis
1452 2690 1509 2739 et
1532 2699 1701 2740 cano-

100 2762 221 2817 nieis
233 2769 606 2825 aversabatur
624 2770 925 2840 institutis,
944 2770 1226 2827 adversus
1241 2774 1417 2828 Deum
1432 2774 1700 2829 etadver-

99 2863 181 2903 sus
195 2851 457 2911 Christum
482 2858 616 2927 ejus
638 2856 977 2927 insurrexit,
995 2858 1428 2915 zecclesiasticis
1450 2862 1702 2917 sanctio-

103 2936 244 2995 nibus
270 2941 428 3014 impic
462 2945 660 3001 factus
690 2946 952 3017 rebellis,
986 2949 1223 3003 mcnbra
1256 2948 1471 3005 diaboli
1496 2956 1699 3007 contra

103 3038 210 3081 eum
230 3028 527 3103 incitando,
553 3037 621 3089 et
645 3048 844 3090 omnes
877 3050 1020 3105 quos
1042 3038 1231 3108 potuit
1266 3037 1455 3108 minis,
1481 3037 1700 3094 blandi-

103 3113 209 3184 ciis,
237 3120 568 3193 terroribus,
609 3124 953 3181 muneribus
991 3129 1194 3181 contra
1238 3141 1368 3182 eum
1400 3128 1696 3198 armando,

104 3201 353 3263 factacum
375 3210 573 3267 multis
600 3211 899 3284 episcopis
923 3214 1401 3271 Lothariensiqus
1414 3220 1473 3271 et
1496 3218 1701 3272 Trans-

102 3288 439 3375 rhenensibus
462 3300 924 3371 conspiratione.
951 3302 1149 3358 Posito
1173 3304 1319 3375 (156)
1335 3304 1484 3359 enim
1508 3305 1698 3361 adhuc

105 3374 146 3429 in
165 3376 473 3440 diaconatus
503 3386 703 3442 oﬂlcio
730 3386 932 3442 eodem
968 3402 1113 3460 papa
1148 3389 1539 3460 sanctissimo,
1565 3405 1697 3446 cum

104 3462 158 3517 de
183 3480 242 3522 eo
268 3470 490 3530 sinistra
532 3479 597 3530 et
635 3474 936 3531 inhonesta
986 3477 1202 3547 ubique
1236 3478 1491 3533 ferretur
1526 3480 1695 3550 fama,

105 3561 307 3624 propter
327 3560 687 3633 imperialem
710 3563 1053 3633 dignitatem
1076 3571 1135 3621 et
1170 3566 1356 3637 patris
1378 3567 1697 3638 matrisque

104 3648 699 3721 reverentiam,necnon
716 3657 957 3723 propter
971 3669 1133 3725 spem
1145 3655 1535 3711 correctionis
1548 3656 1693 3727 ejus,

105 3742 217 3800 88pe
238 3735 298 3789 ab
319 3752 382 3793 co
414 3739 638 3796 litteris
658 3744 717 3794 et
746 3742 951 3797 nuncis
978 3747 1067 3799 est
1100 3743 1446 3815 admonitus,
1484 3749 1544 3800 ut
1587 3760 1700 3800 me-

108 3830 205 3874 mor
226 3822 509 3883 clarissimi
524 3828 785 3899 generis,
805 3831 1352 3902 memorimperialis
1374 3832 1695 3904 dignitatis,

105 3905 249 3965 vitam
274 3927 422 3970 suam
456 3917 725 3973 moribus
765 3917 1007 3990 imperio
1038 3922 1499 3990 congruentibus
1538 3922 1700 3979 insti-

110 3997 283 4068 tueret,
312 4009 370 4058 ut
407 4020 610 4077 regem
653 4020 716 4062 se
758 4011 818 4063 et
860 4008 1266 4079 imperatorem
1317 4011 1574 4068 moribus
1611 4027 1701 4068 os-

109 4084 348 4161 tenderet,
381 4095 666 4166 operibus
706 4096 990 4152 exiberet.
1026 4098 1135 4153 Sed
1179 4098 1310 4168 quia
1353 4114 1482 4155 cum
1525 4105 1700 4157 zetate

110 4168 233 4264 illius
278 4193 492 4252 quoque
527 4184 760 4256 pariter
792 4185 975 4240 crevit
1010 4186 1306 4257 iniquitas,
1352 4188 1701 4246 sublimatus

110 4272 153 4313 in
176 4264 351 4324 ordine
382 4273 783 4343 pontiﬁcatus,
816 4274 1168 4330 auctoritate
1200 4276 1367 4331 cilicii
1411 4277 1519 4333 sibi
1552 4292 1704 4334 com-

109 4349 240 4442 missi
268 4359 438 4417 multo
471 4362 787 4420 sollicitius
811 4363 880 4419 ad
910 4363 1045 4420 vitae
1077 4365 1538 4423 meliorationem
1570 4384 1701 4425 eum

110 4449 154 4492 in
187 4441 291 4499 dies
334 4447 721 4515 hortabatur;
762 4467 890 4508 cum
941 4452 1037 4508 ille
1086 4454 1460 4511 excusatione
1509 4456 1703 4513 aetatis

113 4525 246 4587 ﬂuxa:
272 4543 326 4590 et
350 4539 568 4609 fragilis
593 4539 666 4597 de
681 4541 843 4596 diein
858 4542 1009 4597 diem
1035 4543 1249 4600 monita
1272 4543 1399 4614 ejus
1422 4560 1483 4602 se
1504 4561 1702 4603 susce-

114 4619 306 4683 pturum
330 4628 523 4685 verbis
558 4629 795 4700 quidem
837 4631 1228 4703 promitteret,
1252 4638 1513 4691 ceterum
1542 4650 1603 4692 re
1642 4641 1702 4692 et

113 4714 509 4778 exaggeratione
539 4716 871 4789 culparum,
906 4718 1057 4775 male
1105 4735 1303 4777 eorum
1349 4722 1405 4776 in
1459 4737 1703 4793 quorum

112 4804 278 4885 manus
300 4804 449 4860 curia
473 4810 602 4861 erat
618 4805 887 4877 consilio,
906 4808 1141 4879 penitus
1154 4824 1293 4867 conc
1306 4810 1545 4867 ulcaret.
1564 4812 1705 4870 Hinc

108 4892 199 4946 iam
220 4890 513 4956 proclivior
544 4896 740 4951 factus
764 4896 833 4950 ad
860 4896 1102 4968 scelera,
1130 4913 1394 4971 praeceps
1417 4901 1707 4972 praecipiti

113 4981 222 5062 usus
241 4980 466 5039 consilio
490 4984 913 5056 ferebaturper
953 4984 1138 5043 devia.
1186 4987 1382 5045 Visum
1418 4993 1503 5047 est
1544 5005 1708 5062 papze

114 5054 428 5154 beatissimo,
460 5077 523 5128 ut
570 5054 889 5129 familiares
929 5074 1077 5146 ejus,
1129 5090 1373 5146 quorum
1421 5054 1709 5134 machina-

112 5148 335 5238 cionibus
357 5173 455 5228 per
476 5161 858 5232 episc0patus
877 5167 936 5218 et
958 5165 1309 5221 monasteria
1334 5165 1591 5223 inductis
1608 5166 1706 5238 Sy-

113 5237 495 5323 moniacelupis
515 5264 620 5320 pro
643 5250 999 5323 pastoribus,
1024 5251 1292 5310 ecclesias
1316 5237 1704 5312 innocentiam

112 5316 272 5417 haesi
299 5316 533 5393 nefanda
567 5316 889 5410 fedaverat,
914 5316 995 5397 ad.
1016 5341 1417 5412 paenitentiam
1439 5349 1699 5417 vocaret,

113 5413 374 5479 venientes
392 5426 746 5500 susciperet,
762 5434 1110 5502 respuentes
1122 5446 1154 5488 a
1166 5432 1567 5490 communione
1587 5413 1707 5492 cor-

1808 645 1901 702 vel
1934 647 2019 703 sic
2050 663 2181 704 eum
2212 650 2284 705 ab
2315 664 2513 706 eorum
2539 652 2909 722 surreptione
2938 658 2998 706 et
3031 653 3281 721 maligno
3312 669 3449 710 con-

1810 734 1939 790 silio
1979 743 2337 808 segregaret,
2372 738 2687 795 admonens
2721 754 2851 795 eum
2893 744 2953 796 ut
2987 756 3087 796 eos
3118 757 3451 798 excommu-

1810 824 2036 880 nicatos
2067 841 2095 881 a
2128 825 2320 896 domo,
2356 841 2384 881 a
2417 827 2701 895 convivio,
2740 829 2811 883 ab
2852 830 3004 883 omni
3049 829 3445 886 familiaritate

1807 918 1866 967 et
1896 915 2299 970 communione
2330 929 2429 971 sua
2472 916 2816 987 expelleret.
2850 918 3087 973 Interim
3122 934 3261 975 vero
3286 920 3442 976 inva-

1810 1002 2068 1059 leseente
2112 1007 2313 1060 contra
2362 1021 2492 1060 eum
2535 1007 2823 1062 Saxonum
2874 1022 3067 1077 causa,
3108 1023 3237 1064 cum
3290 1008 3445 1065 vires

1811 1091 1970 1159 regni
2003 1096 2062 1146 et
2095 1092 2363 1163 prmsidia
2393 1108 2423 1148 a
2457 1108 2519 1148 se
2551 1094 2776 1149 videret
2811 1094 3061 1150 deﬁcere
3093 1094 3261 1165 velle,
3294 1097 3447 1167 epis-

1809 1179 1983 1233 tolam
2025 1180 2075 1233 ei
2118 1180 2330 1235 direxit
2375 1181 2695 1252 supplicem
2734 1188 2792 1236 et
2831 1181 3159 1237 humilitate
3192 1182 3440 1253 plenam,

1814 1267 2189 1337 penitentiam
2242 1269 2311 1323 de
2352 1270 2706 1340 perpetratis
2746 1285 2938 1339 agens,
2983 1270 3444 1327 emendationem

1813 1354 2117 1425 pollicens,
2150 1361 2209 1410 et
2238 1371 2398 1412 suam
2432 1357 2483 1411 ei
2518 1358 2910 1413 obedientiam
2935 1365 2993 1413 et
3027 1358 3196 1413 ﬁdele
3220 1358 3446 1428 adjuto-

1812 1444 1958 1499 rium
1983 1446 2185 1498 contra
2210 1444 2564 1500 rebellantes
2587 1445 2949 1515 promittens.
2970 1448 3037 1501 Et
3060 1446 3169 1502 hoc
3195 1452 3446 1517 postmo-

1809 1531 1944 1586 dum
1978 1531 2184 1600 legatis
2214 1532 2339 1600 ejus
2370 1533 2686 1587 [lumberto
2718 1533 3079 1589 Praenestino
3113 1539 3171 1588 et
3207 1534 3443 1590 Giraldo

1812 1618 2064 1674 Ostiensi
2095 1619 2387 1690 episcopis
2418 1620 2469 1674 in
2513 1620 2741 1676 illorum
2775 1637 2977 1678 manus
3020 1638 3123 1694 per
3176 1629 3440 1680 sacratas

1808 1722 2005 1763 eorum
2049 1708 2246 1773 stolas,
2293 1724 2436 1778 quas
2486 1709 2636 1764 collo
2683 1712 3013 1781 gestabant,
3060 1712 3440 1781 jurejurando

1810 1796 2177 1853 conﬁrmans.
2213 1800 2425 1852 Textus
2456 1804 2647 1852 autem
2681 1799 2942 1869 epistolas
2977 1801 3085 1857 iste
3116 1807 3208 1856 est
3240 1820 3252 1855 :

1883 1886 2023 1955 (Fel.
2057 1887 2232 1956 103b.)
2268 1909 2293 1935 ‹‹
2323 1886 2776 1954 Vigilantissimo
2810 1893 2869 1943 et
2902 1888 3440 1946 desiderantissime

1809 1973 2017 2030 domno
2053 1990 2212 2045 papae
2248 1974 2523 2042 Gregorio
2546 1975 2869 2045 apostolica
2896 1976 3180 2046 dignitate
3212 1978 3440 2034 caelitus

1810 2064 2107 2134 insignito,
2135 2064 2441 2119 Heinricus
2471 2064 2569 2118 Dei
2601 2064 2787 2132 gratia
2813 2066 3196 2121 Romanorum
3221 2082 3322 2121 rex
3345 2067 3441 2123 de-

1811 2154 1916 2209 biti
1951 2154 2263 2209 famulatus
2302 2152 2698 2208 ﬁdelissimam
2740 2152 3136 2209 exibitionem.
3173 2157 3310 2212 Cum
3352 2170 3442 2212 re-

1806 2258 1981 2312 gnum
2005 2247 2061 2297 et
2077 2242 2487 2311 sacerdotium,
2514 2242 2641 2296 utin
2659 2241 2891 2297 Christo
2908 2243 3017 2298 rite
3032 2242 3439 2301 administrata

1810 2331 2156 2401 subsistant,
2174 2330 2388 2386 vicaria
2414 2330 2502 2386 sui
2528 2346 2637 2401 ope
2662 2345 2891 2401 semper
2924 2331 3238 2400 indigeant,
3274 2348 3443 2403 opor-

1808 2423 1894 2475 tet
1922 2419 2211 2487 nimirum,
2238 2419 2469 2474 domine
2500 2420 2572 2473 mi
2597 2425 2656 2474 et
2679 2425 2845 2490 pater
2868 2420 3279 2490 amantissime,
3308 2437 3443 2492 qua-

1807 2508 1964 2564 tinus
1994 2509 2065 2563 ab
2099 2508 2339 2562 invicem
2372 2509 2602 2562 minime
2627 2508 2995 2578 dissentiant,
3020 2524 3221 2566 verum
3249 2511 3442 2580 potius

1810 2594 2024 2649 Christi
2047 2593 2799 2664 gluttinoponjunetissima
2818 2595 3311 2652 indissolubiliter
3331 2598 3442 2653 sibi

1810 2682 2143 2738 cohereant.
2172 2683 2426 2751 Namque
2450 2682 2530 2737 sic
2560 2687 2615 2736 et
2639 2697 2751 2737 non
2776 2682 2950 2737 aliter
2979 2690 3362 2741 conservatur
3385 2686 3442 2741 in

1809 2770 2042 2827 vinculo
2057 2771 2328 2841 perfecta:
2353 2770 2621 2825 caritatis
2632 2774 2687 2824 et
2707 2771 2948 2840 paeis,et
2962 2771 3305 2827 Christianae
3317 2789 3446 2829 con-

1810 2859 2121 2915 concordia
2139 2859 2381 2915 unitatis
2408 2862 2464 2913 et
2488 2857 2885 2913 aeclesiastieze
2906 2859 3077 2915 simul
3103 2866 3296 2916 status
3309 2861 3444 2917 reli-

1808 2949 2016 3019 gionis.
2052 2947 2161 3002 Sed
2192 2962 2316 3015 nos,
2354 2947 2449 3017 qui
2491 2948 2605 3001 Deo
2636 2953 2924 3002 annuente
2958 2948 3252 3018 regnijam
3268 2951 3442 3005 sorti-

1811 3052 1938 3092 mur
1962 3036 2365 3103 ministerium,
2392 3035 2720 3091 sacerdotio
2744 3040 2805 3091 ut
2833 3036 3096 3106 oportuit
3122 3051 3224 3108 per
3251 3038 3439 3093 omnia

1804 3126 1900 3196 jus
1913 3130 1969 3181 et
1988 3126 2259 3180 honorem
2277 3139 2384 3180 non
2398 3123 2723 3180 exibuimns
2738 3124 3084 3192 legitimum.
3104 3124 3327 3198 Quippe
3347 3126 3443 3182 da-

1731 3253 1782 3316 0
1811 3219 1884 3270 tae
1907 3215 2249 3270 nobisaDee
2266 3212 2573 3285 potestatis
2597 3213 2882 3269 vindicem
2903 3214 3158 3283 gladium
3184 3230 3293 3270 non
3317 3216 3444 3272 sine

1810 3318 1983 3359 causa
2026 3303 2406 3373 portavimus,
2456 3317 2560 3357 nec
2606 3308 2796 3357 tamen
2840 3302 2895 3357 in
2931 3319 3082 3364 reos.
3122 3309 3184 3359 ut
3220 3304 3440 3374 justum

1811 3390 2270 3460 fuit,judiciaria
2301 3390 2459 3445 illum
2501 3405 2748 3446 censura
2790 3393 3241 3461 evaginavimus.
3281 3394 3441 3448 Nnnc

1808 3484 2002 3536 autem
2034 3478 2225 3535 divina
2251 3479 2623 3535 miseratione
2638 3480 3062 3551 aliquantulum
3084 3482 3439 3553 eompuncti,

1807 3573 1867 3624 et
1889 3569 1945 3623 in
1978 3583 2082 3623 nos
2104 3567 2348 3638 reversi,
2382 3573 2621 3637 peccata
2656 3574 2855 3624 nostra
2879 3570 3073 3640 priora
3111 3575 3319 3625 vestrae
3362 3570 3446 3624 in-

1810 3656 2270 3727 dulgentissimm
2305 3656 2641 3726 paternitati
2684 3672 2788 3712 nos
2830 3658 3161 3713 accusando
3204 3657 3446 3713 conﬁte-

1811 3761 1958 3814 mur,
1978 3751 2279 3816 sperantes
2295 3746 2363 3800 de
2378 3744 2546 3800 vobis
2570 3745 2624 3798 in
2640 3745 2898 3814 Domino,
2916 3750 2978 3801 ut
2992 3746 3313 3817 apostolica
3330 3760 3448 3803 ves-

1810 3838 1900 3889 tra
1926 3834 2278 3889 auctoritate
2302 3831 2882 3900 absolutijustiﬁcari
2908 3848 3251 3890 mereamur.
3288 3834 3445 3891 Eheu

1812 3922 2113 3979 criminosi
2165 3936 2268 3976 nos
2297 3925 2354 3975 et
2402 3919 2684 3975 infelices!
2721 3920 2930 3990 partim
2971 3922 3239 3991 pueritiae
3288 3921 3448 3977 blan-

1813 4010 2029 4067 dientis
2055 4008 2642 4078 instintione,partim
2674 4009 2988 4078 potestatis
3025 4014 3237 4067 nostra:
3272 4010 3450 4081 impe-

1811 4100 1967 4156 riosa
1982 4097 2276 4167 libertate,
2305 4097 2514 4168 partim
2528 4096 2701 4152 etiam
2724 4112 2948 4168 eorum,
2975 4114 3221 4169 quorum
3244 4099 3449 4155 seduc-

1811 4188 1948 4244 tiles
1970 4187 2207 4243 nimium
2232 4186 2465 4257 sequuti
2486 4201 2687 4243 sumus
2709 4188 2972 4258 consilia,
2997 4188 3328 4245 seductoria
3353 4188 3449 4245 de-

1811 4278 2102 4348 ceptione,
2121 4276 2485 4348 peccavimus
2500 4275 2555 4331 in
2568 4276 2779 4332 ccelnm
2793 4282 3059 4334 etcoram
3076 4278 3447 4350 vobis,etjam

1812 4366 1968 4436 digni
1985 4381 2096 4421 non
2113 4379 2315 4422 sumus
2334 4365 2638 4422 vocatione
2658 4370 2869 4422 vestra}
2893 4366 3211 4424 ﬁliationis.
3230 4368 3347 4423 Non
3364 4382 3453 4423 so-

1812 4452 1928 4511 lum
1953 4455 2103 4511 enim
2137 4469 2244 4511 nos
2278 4469 2371 4511 res
2400 4453 2854 4513 ascclesiasticas
2885 4456 3223 4527 invasimus,
3248 4470 3450 4512 verum

1814 4559 2043 4615 quoque
2057 4543 2310 4614 indignis
2326 4543 2684 4613 quibuslibet
2707 4548 2764 4599 et
2790 4545 3130 4615 Symoniaco
3147 4545 3279 4601 felle
3298 4559 3451 4600 ama-

1814 4633 2100 4703 rieatis,et
2120 4647 2235 4688 non
2248 4646 2354 4703 per
2365 4632 2476 4688 osti
2489 4647 2580 4688 um
2595 4632 2695 4688 sed
2711 4631 2943 4688 aliunde
2964 4631 3447 4703 ingredientibus,

1814 4722 2115 4780 aecclesias
2146 4720 2303 4793 ipsas
2326 4719 2715 4790 vendidimus,
2747 4724 2803 4774 et
2830 4734 2941 4775 non
2965 4734 3065 4776 eas
3098 4723 3159 4775 ut
3182 4720 3451 4789 eportuit

1819 4811 2199 4868 defendimus.
2217 4811 2289 4864 At
2304 4802 2743 4878 nunc,quia‘soli
2762 4808 2982 4878 absque
2997 4812 3193 4863 vestra
3207 4807 3452 4863 auctori-

1819 4905 1941 4956 tate
1962 4898 2265 4956 zecclesias
2281 4896 2579 4966 corrigere
2597 4909 2709 4951 nou
2734 4908 3247 4966 possumus,super
3266 4894 3454 4965 his,ut

1819 4990 1993 5045 etiam
2010 4990 2080 5045 de
2103 4988 2322 5045 nostris
2337 4986 2626 5057 omnibus,
2645 4988 2906 5042 vestrum
2930 5000 3039 5040 una
3062 4981 3369 5040 consilium
3391 4988 3455 5041 et

1820 5077 2096 5136 auxilium
2115 5078 2326 5133 obnixe
2342 5075 2640 5147 querimus
2657 5091 2671 5141 ;
2688 5078 2945 5131 vestrum
2962 5076 3319 5145 praeceptum
3335 5076 3441 5132 stu-

1815 5167 2140 5224 diosissime
2164 5166 2499 5222 servabitur
2522 5165 2578 5221 in
2602 5164 2890 5220 omnibus.
2916 5163 3450 5236 Etnuncimprimis

1816 5254 2165 5314 deaecclesia
2188 5253 2620 5325 Mediolanensi,
2639 5268 2768 5325 quae
2781 5256 2980 5309 nostra
2994 5252 3237 5324 eulpain
3251 5267 3457 5311 errore

1814 5349 1928 5417 est,
1946 5358 2236 5416 rogamus,
2258 5348 2321 5400 ut
2340 5347 2537 5399 vestra
2557 5342 2880 5416 apostolica
2892 5342 3263 5399 districtione
3284 5356 3459 5399 cano-

1816 5435 1946 5494 nice
1975 5432 2330 5507 corrigatur,
2363 5434 2423 5488 et
2455 5431 2663 5489 exinde
2692 5430 2765 5488 ad
2790 5437 3039 5492 caeteras
3076 5430 3456 5503 corrigendas

1647 5557 1871 5616 ΝΟΤιΕ.

167 5636 306 5732 (igﬁl
327 5646 524 5732 Posito
550 5681 620 5693 —-
649 5650 1013 5732 conﬂi-magis
1040 5651 1414 5732 ex_ep_istola
1444 5654 1710 5732 Gregorii

114 5705 170 5761 ad
212 5705 520 5792 ce'rmanos,
571 5705 818 5795 quin;
841 5705 1711 5798 'eaaiae'naainsrlmagia

1822 5653 2167 5712 annalistam
2190 5653 2474 5711 Saxonem
2497 5656 2556 5710 et
2575 5651 3059 5714 Bernriedensem
3073 5656 3141 5711 78
3160 5656 3451 5711 servatur.

1823 5726 1894 5783 Cf
1918 5724 2300 5783 Bertholdum
2322 5739 2375 5784 a.
2411 5729 2569 5785 1075.
