3894 6316
122 349 221 415 29-;
818 334 823 341 ‘
1344 350 1840 419 ennemcov.
1876 391 1952 402 -
1982 354 2135 419 LIB.
2182 356 2254 421 ιι.

3376 367 3493 428 “298

115 490 318 545 Scimus
346 486 613 559 quoniam
646 487 953 559 prudentia
986 494 1201 559 vestra,
1230 511 1256 543 ››
1299 496 1410 547 etc.
1479 490 1617 548 Fide
1668 492 1730 548 in
1760 500 1813 558 Α
1844 497 1901 547 et
1936 507 2085 548 nunc
2118 493 2326 551 iterum
2347 494 2731 567 postulamus,
2762 504 2819 553 ut
2842 496 3140 553 Paulinum
3165 499 3496 569 Aquileien-

115 576 372 648 Gregorio
408 577 534 632 VII.

181 669 306 723 Item
328 665 393 720 ad
417 680 616 720 omnes
646 666 899 722 clericos
927 671 982 721 et
1015 666 1193 723 laicos
1236 668 1289 724 in
1344 683 1519 738 regno
1551 668 1728 724 Theu-

118 754 448 810 thonieorum
481 754 841 809 constitutos
864 755 933 809 de
965 755 1165 811 eadem
1215 772 1274 811 re
1307 758 1454 828 (164)
1481 776 1537 809 :«
1592 757 1730 811 Gre-

119 845 293 912 gorius
321 843 642 914 episcopus,
680 858 886 899 servus
936 859 1235 901 servorum
1284 844 1405 915 Dei,
1460 845 1729 900 omnibus

117 931 322 986 clericis
349 930 586 986 etlaicis
611 931 665 985 in
692 945 871 1000 regno
890 933 1415 988 Theuthonicorum
1449 933 1731 989 constitu-

120 1020 199 1085 tis,
214 1020 443 1076 salutem
457 1020 914 1091 etapostolieam
931 1021 1568 1087 benedictioucm.(Fol.
1594 1021 1729 1089 loo')

120 1108 426 1164 Audivimus
454 1107 608 1178 quod
645 1109 877 1178 quidam
912 1109 1343 1180 episcoporum,
1380 1132 1406 1161 ››
1440 1114 1552 1164 etc.
1596 1109 1733 1164 l'ide

118 1198 173 1253 in
198 1194 480 1267 Gregorio.

176 1286 301 1351 Quia
325 1300 461 1355 ergo
487 1291 625 1342 sunt
658 1285 890 1355 quidam
917 1287 1011 1355 qui
1034 1286 1253 1351 dicunt,
1300 1285 1557 1342 inaudita
1610 1286 1729 1341 lucc

117 1374 304 1429 domini
332 1390 492 1446 papae
523 1379 841 1445 praecepta,
876 1379 1203 1444 quatenusa
1240 1374 1609 1430 sccularibus
1636 1390 1730 1445 po-

116 1464 416 1531 testatibus,
453 1464 606 1519 utab
638 1463 826 1519 officio
848 1469 1100 1531 cessent,
1123 1464 1177 1518 vi
1210 1469 1598 1519 coerceantur
1623 1463 1730 1518 sci-

114 1552 311 1607 smatic1
339 1551 624 1624 episcopi,
650 1555 709 1606 et
747 1555 804 1606 ut
839 1552 1087 1608 oflicium
1120 1568 1320 1607 eorum
1356 1566 1465 1606 non
1489 1552 1729 1623 recipia-

111 1646 194 1694 tur
220 1658 231 1695 :
257 1645 584 1695 scrutemur
599 1644 767 1707 gesta
786 1644 1033 1711 patrum,
1071 1646 1129 1694 et
1155 1640 1454 1695 videamus
1478 1640 1547 1695 ad
1570 1639 1730 1694 edifi-

108 1726 363 1782 cationem
381 1726 765 1793 audientium,
794 1726 1003 1797 siquid
1031 1726 1216 1782 simile
1239 1727 1529 1783 invenitur
1551 1726 1606 1781 in
1642 1742 1729 1782 se-

109 1815 182 1870 rie
202 1816 617 1887 scripturarum
642 1815 991 1871 divinarum.
1018 1817 1079 1870 Et
1105 1820 1265 1871 certe
1282 1815 1455 1871 nichil
1479 1816 1570 1870 hic
1596 1816 1723 1870 novi

108 1917 203 1958 non
230 1903 327 1959 hec
356 1904 540 1975 prima
565 1902 790 1958 diaboli
826 1903 879 1958 in
907 1907 1169 1960 sanctam
1211 1904 1532 1959 mcclesiam
1585 1908 1728 1958 tem-

108 1992 889 2064 ptatio,necprimaejushzec
912 1996 999 2048 est
1041 1993 1404 2048 medicinalis
1444 1992 1721 2047 defensio.

110 2080 347 2150 Pelagius
375 2096 524 2153 papa
552 2082 648 2137 vir
672 2096 893 2151 magna:
927 2082 981 2136 in
1015 2082 1315 2137 Christoct
1358 2082 1413 2135 in
1453 2082 1725 2137 {ecclesia

108 2168 283 2238 gloriae
305 2170 388 2225 vir
420 2185 650 2240 magnae
672 2170 1047 2226 auctoritatis
1080 2176 1139 2226 et
1173 2170 1399 2240 gratiae,
1425 2169 1728 2226 videamus

109 2259 225 2328 quid
254 2260 396 2315 dicat
428 2261 499 2315 de
513 2258 764 2316 Paulino
790 2259 1143 2329 Aquileiensi
1169 2258 1674 2329 pscudoepiscopo
1696 2274 1723 2314 a

110 2348 480 2406 Mediolanensi
514 2354 728 2405 contra
781 2364 997 2403 morem
1042 2349 1384 2404 canonicum
1427 2348 1722 2402 ordinato.

110 2438 186 2492 Ait
215 2438 414 2509 itaque,
450 2438 726 2493 scribens
754 2437 1259 2508 Johannipatricio
1286 2455 1299 2499 ;
1339 2437 1726 2506 «Relegentes

111 2524 685 2584 litterasexcellentiae
708 2531 942 2595 vestrm,
965 2528 1035 2582 de
1060 2526 1265 2594 injuria
1283 2526 1535 2596 quidem,
1553 2540 1721 2595 quam

109 2616 249 2671 vobis
286 2617 614 2688 iniquorum
653 2617 946 2670 hominum
996 2614 1394 2685 pra-sumptio,
1450 2614 1718 2683 ingessit,

108 2702 248 2759 valde
268 2704 569 2761 doluimus.
606 2704 716 2760 Sed
733 2704 865 2774 quia
884 2704 1101 2758 scimus
1117 2703 1349 2759 occulto
1367 2702 1465 2757 Dei
1500 2701 1721 2771 judicio

106 2793 315 2849 animam
337 2794 757 2863 vestram,etsi
808 2792 1174 2863 pel-aliorum
1240 2791 1601 2861 iniquitatem
1653 2805 1719 2845 ac

106 2883 394 2952 superbiam
419 2900 448 2938 a
496 2881 1005 2939 eontaminatione
1021 2880 1311 2936 scismatis
1341 2879 1715 2947 custoditam,

105 2970 293 3038 egimus
322 2970 713 3044 omnipotenti
740 2972 855 3025 Deo
880 2969 1121 3039 gratias,
1148 2969 1244 3039 qui
1278 2966 1721 3024 etiamdcmalis

105 3058 359 3117 hominum
391 3061 630 3118 actibus
654 3060 800 3114 bona
833 3058 1063 3129 operari
1087 3058 1411 3114 consuevit.
1438 3058 1551 3112 Nec
1566 3056 1716 3111 enim

105 3146 209 3203 sine
236 3148 382 3206 illius
414 3151 639 3206 factum
662 3162 792 3204 esse
807 3148 1121 3217 credimus,
1149 3146 1720 3216 utirsensatietper-

1756 1866 1813 1928 Β

1847 596 1965 635 sem
1992 584 2549 655 pseudoepiscopuni
2574 588 2629 639 et
2667 585 2825 641 illum
2872 586 3495 657 lllediolauensemepi-

1847 685 2084 741 scopum
2109 672 2178 727 ad
2222 673 2742 743 clementissimum
2797 674 3118 745 principem
3172 677 3279 729 sub
3322 676 3492 740 digna

1845 758 2109 813 custodia
2147 760 2414 829 dirigatis
2450 781 2461 814 :
2492 761 2700 823 ntiste,
2730 762 2824 831 qui
2852 762 3166 833 episcopus
3184 778 3309 818 esse
3334 762 3496 818 nullo

1848 847 2016 901 modo
2042 853 2255 917 potest,
2275 850 2404 919 quia
2430 855 2632 904 contra
2651 865 2875 905 omnem
2901 851 3236 906 canonicam
3253 865 3495 906 consue-

1846 935 2104 991 tudinem
2133 936 2322 992 factns
2353 945 2463 993 est:
2493 938 2647 994 ultro
2682 939 2825 993 alios
2857 954 2963 993 non
2999 941 3245 1009 perdat;
3282 945 3337 993 et
3374 939 3491 1006 ille,

1846 1023 1940 1091 qui
1972 1030 2177 1079 contra
2212 1041 2425 1081 morem
2442 1027 2742 1096 antiquum
2777 1028 3201 1099 euinordinare
3230 1044 3498 1098 prrrsnm-

1847 1111 1980 1181 psit,
2008 1113 2220 1167 debitm
2255 1115 2573 1169 eanonibus
2610 1116 2881 1170 vindictm
2926 1136 2951 1168 s
2978 1117 3241 1184 :bjaceat.
3280 1141 3304 1164 ιι
3354 1118 3490 1169 item

1845 1199 2116 1267 Pelagius
2139 1203 2380 1257 Johanni
2410 1204 2701 1258 defensori
2740 1222 2752 1267 ;
2791 1226 2808 1252 ιι
2836 1205 3207 1258 Eleutlierins
3242 1207 3493 1259 l‘raterct

1843 1288 2450 1359 eoepiseopnsnoster
2478 1292 2767 1361 queritur,
2808 1292 3055 1347 clericos
3077 1310 3213 1346 suos
3236 1293 3344 1345 sibi
3363 1308 3495 1346 con-

1846 1380 1932 1428 tra
1966 1392 2218 1432 canones
2243 1380 2571 1449 superbire,
2610 1386 2666 1435 et
2705 1381 2756 1435 id
2795 1382 2945 1450 quod
2975 1382 3493 1449 nobisjnbentilms

1847 1464 1994 1519 facta
2019 1466 2071 1519 in
2105 1468 2319 1522 scrinio
2336 1470 2609 1523 cautione
2638 1470 2931 1539 promisit,
2964 1475 3020 1524 ut
3050 1470 3493 1525 cotidianisJEr-

1846 1553 2181 1622 busvigiliaa
2226 1556 2278 1610 in
2323 1557 2449 1625 ejus
2483 1557 2864 1613 celebrentur
2904 1558 3170 1627 ecclesia,
3210 1558 3322 1611 illis
3362 1574 3495 1613 eou-

1842 1644 2665 1716 tempnentibusimplercnon
2694 1662 2885 1716 posse.
2914 1649 2979 1701 Et
3010 1647 3139 1702 ideo
3192 1648 3494 1717 experien-

1845 1729 1922 1783 tia
1943 1736 2042 1785 tua
2059 1746 2178 1801 eos,
2199 1748 2343 1802 quos
2364 1733 2468 1787 tibi
2494 1749 2622 1788 esse
2643 1736 2965 1789 ostenderit
2985 1742 3381 1801 contumaces,
3402 1735 3492 1790 de-

1847 1818 1963 1873 bita
1987 1819 2393 1889 objurgatione
2408 1838 2736 1893 compesce.
2763 1830 2821 1877 et
2847 1825 3033 1879 modis
3059 1824 3326 1878 omnibus
3351 1822 3493 1891 vigil

1843 1906 1963 1962 lare
1980 1908 2280 1979 compelle.
2295 1934 2316 1957 ι»
2342 1911 2482 1965 Item
2509 1914 2548 1965 Α
2563 1912 2869 1979 ugustinus
2920 1927 3098 1983 super
3145 1914 3483 1977 Jobannem,

1842 1996 2152 2053 omeliatt:
2173 1998 2508 2069 «Siquidem
2532 2001 2655 2055 vult
2682 2003 2830 2055 Deus
2848 2002 3144 2056 concitare.
3167 2007 3488 2071 potestates

1846 2086 2127 2142 adversus
2150 2088 2534 2158 scismaticos,
2561 2090 2843 2145 adversus
2865 2089 3251 2160 dissipatores
3283 2090 3488 2145 zeccle-

1842 2174 1964 2245 size,
1990 2176 2271 2231 adversus
2285 2178 2881 2247 exuliatoresCln-isti,
2898 2193 3008 2232 non
3028 2178 3333 2247 mirentur,
3353 2178 3485 2248 quia

1840 2265 1988 2319 Deus
2020 2266 2277 2320 concitat
2306 2272 2365 2321 ut
2400 2281 2427 2320 a
2454 2266 2589 2321 Sara
2616 2268 2962 2323 verberetur
2989 2269 3158 2335 Agar.
3206 2267 3487 2322 Mirantur

1839 2352 2093 2422 quidam,
2138 2370 2266 2409 cum
2286 2359 2591 2409 moventur
2606 2358 2933 2424 potestates
2950 2354 3308 2410 christianiae
3348 2371 3483 2410 eon~

1840 2444 1926 2495 tra
1952 2442 2334 2497 detestandos
2350 2443 2566 2513 dissipa
2581 2450 2736 2498 tores
2752 2442 3049 2498 (ecclesiae.
3094 2444 3275 2497 Sinon
3296 2459 3485 2498 move-

1838 2533 2061 2599 rentur,
2080 2531 2368 2599 quomodo
2395 2531 2705 2586 redderent
2724 2534 2765 2585 D
2806 2548 2839 2587 o
2855 2533 3137 2587 rationem
3154 2533 3225 2587 de
3241 2532 3483 2602 imperio

1836 2619 2492 2673 suo?lntendatkaritas
2518 2624 2710 2674 vestra
2736 2620 2872 2689 quid
2916 2621 3121 2689 dicam,
3186 2622 3315 2691 quia
3376 2622 3481 2675 hoc

1835 2706 2087 2776 pertinet
2123 2707 2194 2760 ad
2218 2707 2731 2777 principesseculi,
2764 2714 2825 2763 nt
2852 2709 3213 2779 temporibus
3236 2711 3355 2764 suis
3386 2728 3481 2780 pi:-

1834 2799 2022 2849 catam
2047 2794 2224 2849 velint
2244 2800 2484 2850 matrem
2502 2811 2659 2851 suam
2677 2796 3006 2865 ecclesiam,
3038 2796 3185 2851 unde
3202 2798 3476 2867 spiritua-

1834 2882 1970 2938 liter
2002 2883 2119 2937 nati
2147 2889 2301 2939 sunt.
2331 2886 2440 2937 »Et
2474 2884 2654 2939 Paulo
2685 2889 2845 2955 post:
2883 2903 2909 2933 «
2942 2886 3475 2941 Nabuchodonosor

1836 2987 1934 3027 rex
1956 2972 2215 3028 decrevit
2261 2973 2500 3029 dicens:
2539 2975 2886 3044 Quicunque
2930 2975 3163 3029 dixerit
3209 2973 3477 3044 blasphe-

1829 3061 2013 3116 miam.
2028 3063 2091 3118 in
2113 3063 2295 3117 Deum
2316 3061 2761 3133 SydracMisac
2774 3063 2881 3118 elA
2894 3061 3174 3133 bdenago,
3191 3063 3475 3120 iniiite-ri-

1832 3149 1896 3205 ιιι
1918 3152 2102 3206 εγὶισί
2118 3150 2321 3207 domus
2344 3152 2472 3221 ejus
2503 3153 2568 3205 in
2582 3151 2963 3222 dispersione.
3002 3152 3147 3206 Ecce
3181 3152 3472 3221 quomodo

107 3237 387 3293 versissimi
410 3239 685 3294 homines
735 3237 805 3291 ad
865 3237 971 3291 hoc
1025 3250 1205 3305 usque
1250 3234 1608 3305 prosilirent,
1654 3236 1714 3289 ut
1752 3224 1799 3286 C
1831 3238 3473 3310 rexalienigeuasevit,neblasphemeturDeuslsrael,qui

107 3339 242 3381 suam
271 3326 610 3383 divisionem
634 3324 983 3381 catholicam
1007 3339 1135 3380 esse
1169 3323 1479 3380 credentes
1516 3321 1718 3378 {eccle-

108 3414 243 3486 siam,
266 3432 293 3471 ι.
314 3432 411 3473 sua
439 3431 546 3472 vos
566 3414 894 3486 pollutione
914 3414 1312 3485 prohiberent.
1332 3412 1421 3467 Sic
1444 3411 1595 3467 enim
1613 3425 1715 3481 per

107 3505 524 3562 misericordiam
559 3504 669 3560 Dei
700 3504 874 3559 etiam
916 3501 1451 3559 nescientibusillis
1504 3502 1716 3556 factum

104 3596 195 3660 est,
219 3596 273 3647 ut
300 3608 328 3647 a
358 3594 836 3650 scismaticorum
869 3594 1276 3648 communione
1327 3590 1717 3659 eruti,catho-

104 3677 209 3736 lica:
227 3697 379 3752 quam
397 3683 655 3754 diligitis
682 3682 1024 3739 servarivos
1048 3681 1395 3750 contigisset
1412 3678 1711 3735 iecclesiae.

103 3767 339 3832 Quamvis
366 3773 545 3842 igitur
584 3775 783 3827 vestra
808 3786 911 3842 per
966 3771 1197 3827 illorum
1248 3770 1441 3825 scelus
1493 3768 1716 3824 utilitas

104 3856 228 3913 facta
258 3860 349 3931 sit,
374 3863 556 3918 nolite
589 3866 782 3916 tamen
810 3860 1149 3931 impunitam
1207 3858 1715 3931 pricsumptionem

107 3943 392 4015 iniquorum
416 3949 722 4005 hominum
743 3948 1001 4003 crassari
1052 3947 1415 4019 permittere.
1468 3946 1521 3999 Si
1564 3944 1715 3999 enim

104 4030 209 4103 hoc,
234 4038 374 4093 quod
399 4040 454 4093 in
489 4041 757 4097 vestram
778 4036 1022 4105 gloriam
1054 4038 1575 4106 priesumpserunt,
1604 4047 1715 4088 non

105 4120 247 4179 fuerit
280 4128 531 4184 vindicta
568 4140 999 4197 compressum,
1025 4125 1163 4195 quid
1198 4125 1250 4179 in
1282 4123 1604 4181 minoribus
1624 4138 1718 4181 va-

105 4207 232 4268 leant
262 4217 464 4287 ambigi
502 4217 666 4274 ultra
692 4230 801 4271 non
817 4215 1012 4270 debet.
1048 4215 1331 4269 Exerccte
1357 4214 1537 4283 igitur
1560 4214 1719 4269 debi-

105 4300 198 4356 tam
228 4304 276 4359 in
298 4305 514 4363 talibus
550 4304 989 4374 auctoritatem,
1016 4308 1074 4358 et
1097 4318 1167 4358 ne
1199 4303 1286 4357 eis
1316 4301 1564 4373 amplius
1579 4302 1716 4358 talia

104 4391 464 4450 committendi
494 4397 731 4450 crescat
764 4393 1026 4464 spiritus,
1079 4390 1486 4447 coercionibus
1535 4390 1717 4462 repri-

104 4483 316 4537 mantur.
351 4483 435 4539 Ad
459 4484 574 4540 hoc
611 4482 900 4552 siquidem
924 4481 1021 4536 Dei
1048 4480 1263 4536 nutuin
1290 4495 1392 4535 vos
1419 4478 1555 4534 talia
1572 4494 1717 4551 pra:-

1830 3327 2161 3398 potuittres
2186 3344 2399 3399 pueros
2418 3328 2489 3383 de
2524 3329 2651 3398 igne
2677 3328 3023 3384 liberare.Et
3050 3328 3254 3384 nolunt
3295 3334 3351 3384 ut
3388 3345 3475 3385 sc-

1829 3416 1988 3469 viant
2005 3430 2173 3485 reges
2196 3416 2661 3487 cbristiani,quia
2680 3418 3285 3485 Cbristusexuﬂlatur,
3306 3432 3334 3473 a
3362 3434 3475 3488 quo

1830 3518 1940 3558 non
1959 3509 2079 3559 tres
2092 3506 2277 3575 pueri,
2296 3506 2395 3560 sed
2417 3506 2578 3561 orbis
2602 3509 2892 3561 terrarum
2917 3522 3045 3563 cum
3073 3507 3217 3577 ipsis
3241 3508 3477 3576 regibus

1831 3593 2400 3661 agehennaaignihns
2422 3593 2774 3649 liberantur?
2796 3594 2936 3660 Quis
2961 3594 3135 3663 igitur
3165 3597 3478 3665 reprehen-

1831 3681 1926 3736 det
1948 3687 2074 3750 post
2102 3682 2223 3738 hzec
2249 3683 2297 3737 si
2324 3683 2785 3754 comprimantur
2811 3698 2838 3737 a
2864 3682 3045 3737 seculi
3075 3684 3476 3753 potestatibus

1830 3770 2166 3839 scismatici,
2198 3771 2585 3841 dissipatores
2608 3770 2897 3839 ecclesia},
2926 3772 3371 3825 conculcatores
3396 3787 3478 3825 rc-

1829 3858 1920 3928 gis
1938 3858 2169 3928 divinae,
2191 3859 2503 3930 przevarica
2516 3864 2672 3913 tores
2686 3859 3132 3914 constitutionis
3146 3859 3478 3914 canonica}?

1904 3946 2043 4017 (F01.
2076 3950 2220 4019 107.)
2248 3949 2458 4002 liorum
2486 3946 2665 4015 igitur
2692 3950 2747 4000 et
2774 3951 3107 4001 ceterorum
3134 3952 3473 4002 sanctorum

1832 4035 2201 4091 decretorum
2228 4035 2532 4091 lleinrieus
2562 4040 2934 4105 contemptor
2971 4035 3160 4090 factus
3189 4032 3477 4103 est,juvc-

1831 4123 1920 4177 nis
1954 4123 2126 4177 animi
2153 4123 2403 4194 impetus
2436 4129 2492 4178 et
2518 4123 2816 4195 appetitus
2852 4138 2963 4177 non
3023 4122 3346 4178 rcl‘rzenans
3369 4122 3472 4178 sed

1829 4210 2143 4267 stultorum
2170 4211 2458 4268 malivolis
2486 4212 2747 4268 consiliis
2778 4210 3012 4267 nimium
3069 4212 3252 4267 fidens
3282 4212 3427 4266 dans
3461 4230 3477 4279 ;

1831 4300 1927 4371 qui
1959 4301 2222 4372 corrupti
2247 4306 2304 4356 et
2330 4300 2791 4357 abhominabiles
2813 4300 2947 4357 facti
2982 4300 3037 4356 in
3066 4300 3477 4369 iniquitatibus

1832 4389 1975 4460 suis,
1999 4389 2604 4461 inreprehensibiliter
2630 4390 2825 4446 vivere
2851 4390 3253 4446 detrectantes
3288 4404 3480 4459 reprc-

1831 4478 2002 4535 hendi
2073 4495 2183 4535 non
2227 4480 2511 4535 ferebant.
2546 4480 2762 4551 (Epist.
2809 4480 2890 4536 ad
2935 4477 3158 4544 Germ.)
3214 4479 3478 4532 Mitteba-

103 4577 459 4643 sumpserunt,
494 4577 564 4629 ut
587 4572 759 4627 vobis
788 4568 1393 4640 taliacorrigentibus.
1429 4568 1714 4624 aheorum
1745 4578 1799 4639 Ι)
1834 4572 1929 4624 tur
1964 4568 2397 4638 (165)eicrebra
2423 4569 2617 4624 domui
2646 4583 2806 4639 papa)
2830 4567 3045 4637 legatio
3069 4574 3210 4633 tum,
3238 4565 3471 4635 litteris,

104 4654 296 4713 scelere
325 4659 470 4717 alios
503 4660 754 4733 possitis
784 4661 901 4715 Deo
922 4657 1288 4730 propiciante
1312 4657 1556 4713 munire.
1584 4678 1613 4709 »
1646 4658 1712 4711 Et

102 4746 210 4807 Post
240 4744 418 4818 aliqua
455 4769 468 4806 :
502 4769 533 4802 «
571 4749 814 4804 Auferte
846 4747 991 4804 tales
1011 4749 1083 4803 ab
1126 4746 1219 4803 illa
1246 4746 1564 4819 provincia,
1609 4745 1718 4802 uti-

102 4829 214 4886 mini
242 4835 428 4894 oblata
462 4837 637 4895 vobis
670 4852 700 4892 a
724 4839 839 4893 Deo
860 4836 1226 4909 opprimendi
1259 4835 1515 4908 perﬁdos
1552 4850 1717 4891 occa-

101 4916 256 4978 sione.
282 4925 442 4991 Quod
466 4932 617 4985 tunc
645 4925 855 4998 plenus
894 4926 1016 4982 ﬁeri
1054 4925 1293 4997 poterit,
1336 4925 1383 4979 si
1439 4929 1717 4981 auctores

100 5009 355 5071 scelerum
385 5017 458 5073 ad
479 5016 1009 5075 clementissimum
1026 5016 1349 5088 principem
1364 5015 1712 5084 dirigantur,

101 5100 149 5150 et
174 5103 397 5162 maxime
429 5105 719 5164 aecclesiae
750 5104 1146 5176 Aquileiensis
1170 5105 1425 5174 invasor,
1462 5103 1557 5174 qui
1577 5107 1635 5159 et
1660 5103 1714 5157 in

102 5186 363 5265 scismate,
387 5201 448 5251 et
479 5211 512 5252 a
546 5195 883 5251 scismatico
906 5194 1277 5263 maledictus,
1320 5208 1426 5249 nec
1440 5194 1715 5249 honorem

104 5277 333 5352 ePiltcopi
363 5288 563 5355 potest
597 5284 888 5356 optinere,
925 5300 1030 5341 nec
1060 5284 1351 5342 meritum.
1384 5302 1414 5336 »

164 5365 416 5441 Pelagius
447 5374 765 5431 Valeriano
799 5382 867 5428 :‘«
886 5374 1051 5441 Quod
1081 5374 1292 5431 avobis
1316 5375 1712 5451 poposcimus,

1833 4664 1955 4714 tum
1979 4659 2153 4714 etiam
2171 4658 2458 4728 religiosis
2472 4658 2804 4729 personiset
2829 4657 3028 4726 utique
3043 4656 3314 4710 fidelibus
3329 4656 3472 4725 suis,

1832 4747 2047 4818 quibus
2068 4752 2295 4804 secrete
2319 4749 2638 4803 vocabatur
2661 4746 2730 4801 ad
2749 4744 3120 4815 penitentiam
3145 4744 3215 4798 de
3243 4742 3477 4798 sceleri-

1833 4836 1940 4892 bus
1955 4837 2099 4907 suis,
2127 4836 2286 4892 dictu
2302 4835 2532 4906 quidem
2562 4832 2887 4903 horrendis,
2913 4837 2973 4887 et
2998 4837 3187 4887 tamen
3210 4830 3478 4901 pluribus

1831 4925 1986 4981 notis
2014 4930 2193 4996 etper
2215 4925 2334 4980 loca
2362 4924 2605 4995 plurima
2624 4921 2960 4991 divulgatis,
2987 4936 3093 4992 pro
3127 4920 3341 4990 quibus
3360 4934 3475 4977 non

1830 5012 2015 5070 solum
2038 5012 2550 5084 excommunicari,
2582 5009 2685 5067 sed
2704 5011 2925 5080 absque
2958 5025 3060 5081 spe
3079 5010 3475 5081 recuperatio-

1830 5104 1922 5159 nis
1954 5104 2107 5159 omni
2124 5104 2366 5160 deberet
2392 5102 2552 5173 regni
2568 5103 2786 5157 honore
2803 5100 3066 5170 destitui,
3084 5103 3221 5156 etut
3249 5114 3478 5157 excom-

1831 5192 2176 5262 municatos,
2212 5206 2457 5262 quorum
2482 5191 2723 5249 consilio
2755 5204 3016 5261 praeceps
3068 5189 3365 5246 ferebatur
3406 5191 3475 5246 ad

1830 5285 2075 5342 scelera:
2110 5298 2139 5338 a
2174 5296 2278 5338 sua
2311 5283 2600 5351 divideret
2636 5280 3104 5353 participatione,
3132 5296 3205 5338 ne
3231 5297 3479 5339 commn-

1831 5374 2077 5431 nicando
2096 5371 2310 5444 quibus
2333 5387 2445 5429 non
2474 5372 2633 5442 licet,
2654 5371 2704 5426 in
2722 5384 2921 5429 eorum
2937 5371 3220 5428 transiret
3244 5386 3478 5429 consor-

1657 5497 1700 5552 Ν
1707 5495 1879 5552 ΟΤΑΞ.

149 5572 306 5661 $1.6")
334 5578 702 5661 Inﬁegiﬁtm
717 5583 1099 5661 ρθεἱάβιᾟῑυι·
1139 5588 1264 5644 haec
1295 5588 1542 5661 epistola
1575 5606 1589 5659 ;
1641 5590 1719 5647 le-

113 5646 249 5711 gitur
268 5646 416 5724 apud
436 5646 683 5711 Paulum
714 5655 1197 5719 Bernriedensem
1220 5663 1305 5718 41.
1334 5646 1394 5718 Κ.

349 5743 609 5810 Ρλτῆοιρ.
647 5746 833 5814 CLIV

1900 5580 2049 5653 (165)
2077 5576 2434 5637 Mittebat?”
2465 5608 2533 5619 —-
2565 5572 2864 5648 denegare
2884 5578 3073 5650 coegit
3099 5592 3170 5634 ex
3226 5575 3475 5651 epistola

1832 5673 1905 5733 ad
1937 5671 2273 5729 Germanos.
3204 5759 3277 5820 10
