  <div class='ocr_page' id='page_1' title='image "/cluster/home/n/w/nwhite01/storage/ocr_20150623/154/uva.x000829797/157.png"; bbox 0 0 3894 6342; ppageno 0'>
   <div class='ocr_carea' id='block_1_1' title="bbox 446 428 560 488">
    <p class='ocr_par' dir='ltr' id='par_1_1' title="bbox 446 428 560 488">
     <span class='ocr_line' id='line_1_1' title="bbox 446 428 560 488; baseline -0.044 0"><span class='ocrx_word' id='word_1_1' title='bbox 446 428 560 488; x_wconf 70' lang='grc'><strong>299</strong></span> 
     </span>
    </p>
   </div>
   <div class='ocr_carea' id='block_1_2' title="bbox 1407 415 3762 488">
    <p class='ocr_par' dir='ltr' id='par_1_2' title="bbox 1407 415 3762 488">
     <span class='ocr_line' id='line_1_2' title="bbox 1407 415 3762 488; baseline -0.001 0"><span class='ocrx_word' id='word_1_2' title='bbox 1407 425 1486 488; x_wconf 86' lang='lat' dir='ltr'><strong>lll</strong></span> <span class='ocrx_word' id='word_1_3' title='bbox 1506 424 1768 488; x_wconf 68' lang='lat' dir='ltr'><strong>700le</strong></span> <span class='ocrx_word' id='word_1_4' title='bbox 1813 420 2165 485; x_wconf 67' lang='lat' dir='ltr'><strong>ABBATIS</strong></span> <span class='ocrx_word' id='word_1_5' title='bbox 2211 415 2887 484; x_wconf 69' lang='lat' dir='ltr'><strong>FLAVINIACENSIS</strong></span> <span class='ocrx_word' id='word_1_6' title='bbox 3676 426 3762 488; x_wconf 73' lang='lat'><strong>300</strong></span> 
     </span>
    </p>
   </div>
   <div class='ocr_carea' id='block_1_3' title="bbox 447 556 3757 634">
    <p class='ocr_par' dir='ltr' id='par_1_3' title="bbox 447 556 3757 634">
     <span class='ocr_line' id='line_1_3' title="bbox 447 556 3757 634; baseline -0.001 -16"><span class='ocrx_word' id='word_1_7' title='bbox 447 566 610 634; x_wconf 90' lang='lat' dir='ltr'><strong>tium,</strong></span> <span class='ocrx_word' id='word_1_8' title='bbox 645 578 888 634; x_wconf 90' lang='lat' dir='ltr'><strong>quorum</strong></span> <span class='ocrx_word' id='word_1_9' title='bbox 920 579 1032 618; x_wconf 91' lang='lat' dir='ltr'><strong>non</strong></span> <span class='ocrx_word' id='word_1_10' title='bbox 1058 562 1411 618; x_wconf 73' lang='lat' dir='ltr'><strong>abhorrebat</strong></span> <span class='ocrx_word' id='word_1_11' title='bbox 1460 559 1878 618; x_wconf 84' lang='lat' dir='ltr'><strong>communionis</strong></span> <span class='ocrx_word' id='word_1_12' title='bbox 1911 557 2088 613; x_wconf 87' lang='lat' dir='ltr'><strong>saeri-</strong></span> <span class='ocrx_word' id='word_1_13' title='bbox 2116 559 2169 618; x_wconf 86' lang='lat' dir='ltr'><strong>A</strong></span> <span class='ocrx_word' id='word_1_14' title='bbox 2194 557 2488 625; x_wconf 89' lang='lat' dir='ltr'><strong>justorum</strong></span> <span class='ocrx_word' id='word_1_15' title='bbox 2523 575 2535 615; x_wconf 85' lang='lat'>:</span> <span class='ocrx_word' id='word_1_16' title='bbox 2570 563 2627 612; x_wconf 87' lang='lat' dir='ltr'><strong>et</strong></span> <span class='ocrx_word' id='word_1_17' title='bbox 2661 572 2861 612; x_wconf 87' lang='lat' dir='ltr'><strong>eorum</strong></span> <span class='ocrx_word' id='word_1_18' title='bbox 2891 573 2952 612; x_wconf 87' lang='lat' dir='ltr'><strong>se</strong></span> <span class='ocrx_word' id='word_1_19' title='bbox 2979 557 3129 611; x_wconf 84' lang='lat' dir='ltr'><strong>filios</strong></span> <span class='ocrx_word' id='word_1_20' title='bbox 3153 556 3442 626; x_wconf 71' lang='lat' dir='ltr'><strong>estimant,</strong></span> <span class='ocrx_word' id='word_1_21' title='bbox 3463 573 3671 628; x_wconf 90' lang='lat' dir='ltr'><strong>quorum</strong></span> <span class='ocrx_word' id='word_1_22' title='bbox 3693 577 3757 632; x_wconf 86' lang='lat' dir='ltr'><strong>per</strong></span> 
     </span>
    </p>
   </div>
   <div class='ocr_carea' id='block_1_4' title="bbox 451 647 2084 724">
    <p class='ocr_par' dir='ltr' id='par_1_4' title="bbox 451 647 2084 724">
     <span class='ocr_line' id='line_1_4' title="bbox 451 647 2084 724; baseline -0.004 -18"><span class='ocrx_word' id='word_1_23' title='bbox 451 653 662 724; x_wconf 90' lang='lat' dir='ltr'><strong>legium</strong></span> <span class='ocrx_word' id='word_1_24' title='bbox 691 670 704 717; x_wconf 89' lang='lat'>;</span> <span class='ocrx_word' id='word_1_25' title='bbox 739 653 1004 724; x_wconf 81' lang='lat' dir='ltr'><strong>Cf.[ll0n.</strong></span> <span class='ocrx_word' id='word_1_26' title='bbox 1028 667 1116 722; x_wconf 73' lang='lat' dir='ltr'><strong>ep;</strong></span> <span class='ocrx_word' id='word_1_27' title='bbox 1150 667 1185 722; x_wconf 85' lang='lat' dir='ltr'><strong>l,</strong></span> <span class='ocrx_word' id='word_1_28' title='bbox 1221 657 1273 720; x_wconf 75' lang='lat'><strong>&#39;2,</strong></span> <span class='ocrx_word' id='word_1_29' title='bbox 1300 651 1389 720; x_wconf 81' lang='lat'><strong>69]</strong></span> <span class='ocrx_word' id='word_1_30' title='bbox 1417 651 1513 706; x_wconf 89' lang='lat' dir='ltr'><strong>sed</strong></span> <span class='ocrx_word' id='word_1_31' title='bbox 1542 651 1812 704; x_wconf 78' lang='lat' dir='ltr'><strong>servabat</strong></span> <span class='ocrx_word' id='word_1_32' title='bbox 1849 647 2084 703; x_wconf 86' lang='lat' dir='ltr'><strong>odorem</strong></span> 
     </span>
    </p>
   </div>
   <div class='ocr_carea' id='block_1_5' title="bbox 447 735 2085 811">
    <p class='ocr_par' dir='ltr' id='par_1_5' title="bbox 447 735 2085 811">
     <span class='ocr_line' id='line_1_5' title="bbox 447 735 2085 811; baseline -0.004 -15"><span class='ocrx_word' id='word_1_33' title='bbox 447 747 613 810; x_wconf 82' lang='lat' dir='ltr'><strong>gesta</strong></span> <span class='ocrx_word' id='word_1_34' title='bbox 645 756 760 811; x_wconf 90' lang='lat' dir='ltr'><strong>quo</strong></span> <span class='ocrx_word' id='word_1_35' title='bbox 784 755 990 796; x_wconf 92' lang='lat' dir='ltr'><strong>recens</strong></span> <span class='ocrx_word' id='word_1_36' title='bbox 1021 747 1144 795; x_wconf 87' lang='lat' dir='ltr'><strong>erat</strong></span> <span class='ocrx_word' id='word_1_37' title='bbox 1169 739 1410 795; x_wconf 91' lang='lat' dir='ltr'><strong>imbuta.</strong></span> <span class='ocrx_word' id='word_1_38' title='bbox 1436 738 1541 804; x_wconf 88' lang='lat' dir='ltr'><strong>Qui</strong></span> <span class='ocrx_word' id='word_1_39' title='bbox 1573 736 1852 808; x_wconf 59' lang='lat' dir='ltr'><strong>quantii‘“</strong></span> <span class='ocrx_word' id='word_1_40' title='bbox 1869 735 2085 806; x_wconf 89' lang='lat' dir='ltr'><strong>scripta</strong></span> 
     </span>
    </p>
   </div>
   <div class='ocr_carea' id='block_1_6' title="bbox 449 825 2083 900">
    <p class='ocr_par' dir='ltr' id='par_1_6' title="bbox 449 825 2083 900">
     <span class='ocr_line' id='line_1_6' title="bbox 449 825 2083 900; baseline -0.006 -14"><span class='ocrx_word' id='word_1_41' title='bbox 449 834 545 886; x_wconf 87' lang='lat' dir='ltr'><strong>aut</strong></span> <span class='ocrx_word' id='word_1_42' title='bbox 582 830 755 886; x_wconf 86' lang='lat' dir='ltr'><strong>verba</strong></span> <span class='ocrx_word' id='word_1_43' title='bbox 790 843 895 900; x_wconf 85' lang='lat' dir='ltr'><strong>per</strong></span> <span class='ocrx_word' id='word_1_44' title='bbox 925 829 1152 898; x_wconf 84' lang='lat' dir='ltr'><strong>legatos</strong></span> <span class='ocrx_word' id='word_1_45' title='bbox 1185 828 1382 896; x_wconf 82' lang='lat' dir='ltr'><strong>missa,</strong></span> <span class='ocrx_word' id='word_1_46' title='bbox 1415 827 1542 895; x_wconf 84' lang='lat' dir='ltr'><strong>ejus</strong></span> <span class='ocrx_word' id='word_1_47' title='bbox 1575 825 1872 881; x_wconf 73' lang='lat' dir='ltr'><strong>declarant</strong></span> <span class='ocrx_word' id='word_1_48' title='bbox 1915 826 2083 890; x_wconf 87' lang='lat' dir='ltr'><strong>facta,</strong></span> 
     </span>
    </p>
   </div>
   <div class='ocr_carea' id='block_1_7' title="bbox 449 913 2090 988">
    <p class='ocr_par' dir='ltr' id='par_1_7' title="bbox 449 913 2090 988">
     <span class='ocr_line' id='line_1_7' title="bbox 449 913 2090 988; baseline -0.005 -14"><span class='ocrx_word' id='word_1_49' title='bbox 449 934 578 974; x_wconf 91' lang='lat' dir='ltr'><strong>cum</strong></span> <span class='ocrx_word' id='word_1_50' title='bbox 595 933 707 973; x_wconf 91' lang='lat' dir='ltr'><strong>non</strong></span> <span class='ocrx_word' id='word_1_51' title='bbox 726 919 912 974; x_wconf 89' lang='lat' dir='ltr'><strong>solum</strong></span> <span class='ocrx_word' id='word_1_52' title='bbox 939 932 966 972; x_wconf 87' lang='lat' dir='ltr'><strong>a</strong></span> <span class='ocrx_word' id='word_1_53' title='bbox 983 917 1341 988; x_wconf 76' lang='lat' dir='ltr'><strong>perpetratis</strong></span> <span class='ocrx_word' id='word_1_54' title='bbox 1364 915 1706 972; x_wconf 76' lang='lat' dir='ltr'><strong>criminibus</strong></span> <span class='ocrx_word' id='word_1_55' title='bbox 1725 915 1794 969; x_wconf 89' lang='lat' dir='ltr'><strong>ad</strong></span> <span class='ocrx_word' id='word_1_56' title='bbox 1823 913 2090 969; x_wconf 83' lang='lat' dir='ltr'><strong>emcnda-</strong></span> 
     </span>
    </p>
   </div>
   <div class='ocr_carea' id='block_1_8' title="bbox 451 1002 2085 1076">
    <p class='ocr_par' dir='ltr' id='par_1_8' title="bbox 451 1002 2085 1076">
     <span class='ocr_line' id='line_1_8' title="bbox 451 1002 2085 1076; baseline -0.004 -15"><span class='ocrx_word' id='word_1_57' title='bbox 451 1009 662 1062; x_wconf 87' lang='lat' dir='ltr'><strong>tionem</strong></span> <span class='ocrx_word' id='word_1_58' title='bbox 697 1006 956 1062; x_wconf 87' lang='lat' dir='ltr'><strong>revocari</strong></span> <span class='ocrx_word' id='word_1_59' title='bbox 990 1021 1098 1061; x_wconf 91' lang='lat' dir='ltr'><strong>non</strong></span> <span class='ocrx_word' id='word_1_60' title='bbox 1119 1005 1332 1076; x_wconf 89' lang='lat' dir='ltr'><strong>potuit,</strong></span> <span class='ocrx_word' id='word_1_61' title='bbox 1367 1004 1683 1060; x_wconf 85' lang='lat' dir='ltr'><strong>scdfurore</strong></span> <span class='ocrx_word' id='word_1_62' title='bbox 1712 1002 2085 1058; x_wconf 67' lang='lat' dir='ltr'><strong>conscientiw</strong></span> 
     </span>
    </p>
   </div>
   <div class='ocr_carea' id='block_1_9' title="bbox 452 1087 2087 1166">
    <p class='ocr_par' dir='ltr' id='par_1_9' title="bbox 452 1087 2087 1166">
     <span class='ocr_line' id='line_1_9' title="bbox 452 1087 2087 1166; baseline -0.004 -16"><span class='ocrx_word' id='word_1_63' title='bbox 452 1095 739 1152; x_wconf 87' lang='lat' dir='ltr'><strong>mordacis</strong></span> <span class='ocrx_word' id='word_1_64' title='bbox 767 1087 1645 1166; x_wconf 73' lang='lat' dir='ltr'><strong>arreptus,&#39;nonpriusdestitit,</strong></span> <span class='ocrx_word' id='word_1_65' title='bbox 1691 1093 2087 1147; x_wconf 88' lang='lat' dir='ltr'><strong>doneeomnes</strong></span> 
     </span>
    </p>
   </div>
   <div class='ocr_carea' id='block_1_10' title="bbox 452 1179 2083 1256">
    <p class='ocr_par' dir='ltr' id='par_1_10' title="bbox 452 1179 2083 1256">
     <span class='ocr_line' id='line_1_10' title="bbox 452 1179 2083 1256; baseline -0.004 -16"><span class='ocrx_word' id='word_1_66' title='bbox 452 1198 598 1254; x_wconf 89' lang='lat' dir='ltr'><strong>pene</strong></span> <span class='ocrx_word' id='word_1_67' title='bbox 627 1185 936 1256; x_wconf 90' lang='lat' dir='ltr'><strong>episcopos</strong></span> <span class='ocrx_word' id='word_1_68' title='bbox 983 1184 1168 1240; x_wconf 68' lang='lat' dir='ltr'><strong>Italiae</strong></span> <span class='ocrx_word' id='word_1_69' title='bbox 1188 1182 1788 1238; x_wconf 87' lang='lat' dir='ltr'><strong>etThcutbonicarum</strong></span> <span class='ocrx_word' id='word_1_70' title='bbox 1813 1179 2083 1250; x_wconf 89' lang='lat' dir='ltr'><strong>partium,</strong></span> 
     </span>
    </p>
   </div>
   <div class='ocr_carea' id='block_1_11' title="bbox 449 1269 2089 1344">
    <p class='ocr_par' dir='ltr' id='par_1_11' title="bbox 449 1269 2089 1344">
     <span class='ocr_line' id='line_1_11' title="bbox 449 1269 2089 1344; baseline -0.004 -16"><span class='ocrx_word' id='word_1_71' title='bbox 449 1278 734 1344; x_wconf 84' lang='lat' dir='ltr'><strong>quotquot</strong></span> <span class='ocrx_word' id='word_1_72' title='bbox 772 1272 981 1343; x_wconf 91' lang='lat' dir='ltr'><strong>potuit,</strong></span> <span class='ocrx_word' id='word_1_73' title='bbox 1023 1271 1178 1327; x_wconf 86' lang='lat' dir='ltr'><strong>circa</strong></span> <span class='ocrx_word' id='word_1_74' title='bbox 1205 1271 1420 1325; x_wconf 77' lang='lat' dir='ltr'><strong>Christi</strong></span> <span class='ocrx_word' id='word_1_75' title='bbox 1458 1270 1987 1338; x_wconf 87' lang='lat' dir='ltr'><strong>tidcmnaufragare</strong></span> <span class='ocrx_word' id='word_1_76' title='bbox 2013 1269 2089 1323; x_wconf 86' lang='lat' dir='ltr'><strong>fe-</strong></span> 
     </span>
    </p>
   </div>
   <div class='ocr_carea' id='block_1_12' title="bbox 447 1356 2086 1431">
    <p class='ocr_par' dir='ltr' id='par_1_12' title="bbox 447 1356 2086 1431">
     <span class='ocr_line' id='line_1_12' title="bbox 447 1356 2086 1431; baseline -0.005 -14"><span class='ocrx_word' id='word_1_77' title='bbox 447 1363 548 1431; x_wconf 85' lang='lat' dir='ltr'><strong>cit,</strong></span> <span class='ocrx_word' id='word_1_78' title='bbox 585 1362 720 1418; x_wconf 89' lang='lat' dir='ltr'><strong>dum</strong></span> <span class='ocrx_word' id='word_1_79' title='bbox 745 1376 850 1416; x_wconf 93' lang='lat' dir='ltr'><strong>eos</strong></span> <span class='ocrx_word' id='word_1_80' title='bbox 864 1361 1117 1416; x_wconf 85' lang='lat' dir='ltr'><strong>debitam</strong></span> <span class='ocrx_word' id='word_1_81' title='bbox 1143 1361 1313 1414; x_wconf 85' lang='lat' dir='ltr'><strong>beato</strong></span> <span class='ocrx_word' id='word_1_82' title='bbox 1341 1362 1513 1414; x_wconf 84' lang='lat' dir='ltr'><strong>Petro</strong></span> <span class='ocrx_word' id='word_1_83' title='bbox 1532 1365 1590 1412; x_wconf 90' lang='lat' dir='ltr'><strong>et</strong></span> <span class='ocrx_word' id='word_1_84' title='bbox 1607 1357 1942 1429; x_wconf 72' lang='lat' dir='ltr'><strong>apostolicze</strong></span> <span class='ocrx_word' id='word_1_85' title='bbox 1965 1356 2086 1411; x_wconf 83' lang='lat' dir='ltr'><strong>sedi</strong></span> 
     </span>
    </p>
   </div>
   <div class='ocr_carea' id='block_1_13' title="bbox 451 1447 2088 1508">
    <p class='ocr_par' dir='ltr' id='par_1_13' title="bbox 451 1447 2088 1508">
     <span class='ocr_line' id='line_1_13' title="bbox 451 1447 2088 1508; baseline -0.005 -1"><span class='ocrx_word' id='word_1_86' title='bbox 451 1449 844 1508; x_wconf 87' lang='lat' dir='ltr'><strong>obedientiam</strong></span> <span class='ocrx_word' id='word_1_87' title='bbox 877 1455 933 1504; x_wconf 92' lang='lat' dir='ltr'><strong>et</strong></span> <span class='ocrx_word' id='word_1_88' title='bbox 961 1450 1235 1504; x_wconf 86' lang='lat' dir='ltr'><strong>honorem</strong></span> <span class='ocrx_word' id='word_1_89' title='bbox 1267 1463 1294 1501; x_wconf 89' lang='lat' dir='ltr'><strong>a</strong></span> <span class='ocrx_word' id='word_1_90' title='bbox 1331 1447 1564 1502; x_wconf 88' lang='lat' dir='ltr'><strong>domino</strong></span> <span class='ocrx_word' id='word_1_91' title='bbox 1599 1449 1733 1502; x_wconf 88' lang='lat' dir='ltr'><strong>Jesu</strong></span> <span class='ocrx_word' id='word_1_92' title='bbox 1749 1461 2088 1501; x_wconf 89' lang='lat' dir='ltr'><strong>concessum</strong></span> 
     </span>
    </p>
   </div>
   <div class='ocr_carea' id='block_1_14' title="bbox 449 1534 2090 1606">
    <p class='ocr_par' dir='ltr' id='par_1_14' title="bbox 449 1534 2090 1606">
     <span class='ocr_line' id='line_1_14' title="bbox 449 1534 2090 1606; baseline -0.003 -12"><span class='ocrx_word' id='word_1_93' title='bbox 449 1541 742 1606; x_wconf 86' lang='lat' dir='ltr'><strong>abnegare</strong></span> <span class='ocrx_word' id='word_1_94' title='bbox 773 1537 985 1606; x_wconf 78' lang='lat' dir='ltr'><strong>coegit.</strong></span> <span class='ocrx_word' id='word_1_95' title='bbox 1023 1535 1164 1602; x_wconf 86' lang='lat' dir='ltr'><strong>Quia</strong></span> <span class='ocrx_word' id='word_1_96' title='bbox 1201 1535 1552 1605; x_wconf 83' lang='lat' dir='ltr'><strong>verojustus</strong></span> <span class='ocrx_word' id='word_1_97' title='bbox 1581 1534 1744 1588; x_wconf 83' lang='lat' dir='ltr'><strong>diviti</strong></span> <span class='ocrx_word' id='word_1_98' title='bbox 1782 1535 1975 1589; x_wconf 88' lang='lat' dir='ltr'><strong>favere</strong></span> <span class='ocrx_word' id='word_1_99' title='bbox 1997 1549 2090 1589; x_wconf 91' lang='lat' dir='ltr'><strong>ue-</strong></span> 
     </span>
    </p>
   </div>
   <div class='ocr_carea' id='block_1_15' title="bbox 451 1623 2087 1697">
    <p class='ocr_par' dir='ltr' id='par_1_15' title="bbox 451 1623 2087 1697">
     <span class='ocr_line' id='line_1_15' title="bbox 451 1623 2087 1697; baseline -0.004 -14"><span class='ocrx_word' id='word_1_100' title='bbox 451 1628 583 1697; x_wconf 91' lang='lat' dir='ltr'><strong>scit,</strong></span> <span class='ocrx_word' id='word_1_101' title='bbox 611 1643 716 1683; x_wconf 89' lang='lat' dir='ltr'><strong>nec</strong></span> <span class='ocrx_word' id='word_1_102' title='bbox 751 1627 886 1682; x_wconf 83' lang='lat' dir='ltr'><strong>facit</strong></span> <span class='ocrx_word' id='word_1_103' title='bbox 915 1625 1225 1696; x_wconf 84' lang='lat' dir='ltr'><strong>quidquam</strong></span> <span class='ocrx_word' id='word_1_104' title='bbox 1277 1623 1718 1679; x_wconf 89' lang='lat' dir='ltr'><strong>commendaudi</strong></span> <span class='ocrx_word' id='word_1_105' title='bbox 1770 1638 1831 1678; x_wconf 92' lang='lat' dir='ltr'><strong>se</strong></span> <span class='ocrx_word' id='word_1_106' title='bbox 1888 1637 2087 1690; x_wconf 81' lang='lat' dir='ltr'><strong>causa,</strong></span> 
     </span>
    </p>
   </div>
   <div class='ocr_carea' id='block_1_16' title="bbox 451 1712 2093 1786">
    <p class='ocr_par' dir='ltr' id='par_1_16' title="bbox 451 1712 2093 1786">
     <span class='ocr_line' id='line_1_16' title="bbox 451 1712 2093 1786; baseline -0.005 -14"><span class='ocrx_word' id='word_1_107' title='bbox 451 1731 581 1772; x_wconf 91' lang='lat' dir='ltr'><strong>eum</strong></span> <span class='ocrx_word' id='word_1_108' title='bbox 615 1715 765 1786; x_wconf 92' lang='lat' dir='ltr'><strong>quia</strong></span> <span class='ocrx_word' id='word_1_109' title='bbox 799 1729 936 1770; x_wconf 88' lang='lat' dir='ltr'><strong>vero</strong></span> <span class='ocrx_word' id='word_1_110' title='bbox 970 1713 1172 1769; x_wconf 92' lang='lat' dir='ltr'><strong>devius</strong></span> <span class='ocrx_word' id='word_1_111' title='bbox 1201 1713 1599 1783; x_wconf 85' lang='lat' dir='ltr'><strong>snperhiebat,</strong></span> <span class='ocrx_word' id='word_1_112' title='bbox 1651 1712 2093 1782; x_wconf 90' lang='lat' dir='ltr'><strong>potenterdom-</strong></span> 
     </span>
    </p>
   </div>
   <div class='ocr_carea' id='block_1_17' title="bbox 451 1800 2093 1874">
    <p class='ocr_par' dir='ltr' id='par_1_17' title="bbox 451 1800 2093 1874">
     <span class='ocr_line' id='line_1_17' title="bbox 451 1800 2093 1874; baseline -0.004 -14"><span class='ocrx_word' id='word_1_113' title='bbox 451 1819 562 1860; x_wconf 91' lang='lat' dir='ltr'><strong>nus</strong></span> <span class='ocrx_word' id='word_1_114' title='bbox 596 1817 743 1874; x_wconf 89' lang='lat' dir='ltr'><strong>papa</strong></span> <span class='ocrx_word' id='word_1_115' title='bbox 778 1801 1528 1870; x_wconf 79' lang='lat' dir='ltr'><strong>redarguebat,seieuseam</strong></span> <span class='ocrx_word' id='word_1_116' title='bbox 1553 1815 1686 1855; x_wconf 90' lang='lat' dir='ltr'><strong>esse</strong></span> <span class='ocrx_word' id='word_1_117' title='bbox 1717 1800 1986 1854; x_wconf 88' lang='lat' dir='ltr'><strong>veritatis</strong></span> <span class='ocrx_word' id='word_1_118' title='bbox 2006 1815 2093 1854; x_wconf 89' lang='lat' dir='ltr'><strong>re-</strong></span> 
     </span>
    </p>
   </div>
   <div class='ocr_carea' id='block_1_18' title="bbox 2199 646 3758 716">
    <p class='ocr_par' dir='ltr' id='par_1_18' title="bbox 2199 646 3758 716">
     <span class='ocr_line' id='line_1_18' title="bbox 2199 646 3758 716; baseline 0.003 -16"><span class='ocrx_word' id='word_1_119' title='bbox 2199 647 2435 701; x_wconf 83' lang='lat' dir='ltr'><strong>honoris</strong></span> <span class='ocrx_word' id='word_1_120' title='bbox 2457 646 2990 716; x_wconf 82' lang='lat' dir='ltr'><strong>concupiscentiam</strong></span> <span class='ocrx_word' id='word_1_121' title='bbox 3045 646 3229 702; x_wconf 78' lang='lat' dir='ltr'><strong>otilcia</strong></span> <span class='ocrx_word' id='word_1_122' title='bbox 3277 648 3528 703; x_wconf 74' lang='lat' dir='ltr'><strong>exterius</strong></span> <span class='ocrx_word' id='word_1_123' title='bbox 3579 647 3758 705; x_wconf 80' lang='lat' dir='ltr'><strong>admiui~</strong></span> 
     </span>
    </p>
   </div>
   <div class='ocr_carea' id='block_1_19' title="bbox 2200 733 3761 805">
    <p class='ocr_par' dir='ltr' id='par_1_19' title="bbox 2200 733 3761 805">
     <span class='ocr_line' id='line_1_19' title="bbox 2200 733 3761 805; baseline 0.004 -18"><span class='ocrx_word' id='word_1_124' title='bbox 2200 739 2408 789; x_wconf 75' lang='lat' dir='ltr'><strong>strant.</strong></span> <span class='ocrx_word' id='word_1_125' title='bbox 2445 735 2552 788; x_wconf 70' lang='lat' dir='ltr'><strong>Sed</strong></span> <span class='ocrx_word' id='word_1_126' title='bbox 2580 749 2686 788; x_wconf 91' lang='lat' dir='ltr'><strong>non</strong></span> <span class='ocrx_word' id='word_1_127' title='bbox 2714 739 2850 789; x_wconf 88' lang='lat' dir='ltr'><strong>sunt</strong></span> <span class='ocrx_word' id='word_1_128' title='bbox 2877 749 3080 789; x_wconf 88' lang='lat' dir='ltr'><strong>eorum</strong></span> <span class='ocrx_word' id='word_1_129' title='bbox 3115 733 3214 788; x_wconf 89' lang='lat' dir='ltr'><strong>filii</strong></span> <span class='ocrx_word' id='word_1_130' title='bbox 3268 750 3502 805; x_wconf 87' lang='lat' dir='ltr'><strong>quorum</strong></span> <span class='ocrx_word' id='word_1_131' title='bbox 3557 735 3660 792; x_wconf 90' lang='lat' dir='ltr'><strong>loca</strong></span> <span class='ocrx_word' id='word_1_132' title='bbox 3711 743 3761 793; x_wconf 73' lang='lat' dir='ltr'><strong>te-</strong></span> 
     </span>
    </p>
   </div>
   <div class='ocr_carea' id='block_1_20' title="bbox 2201 823 3763 896">
    <p class='ocr_par' dir='ltr' id='par_1_20' title="bbox 2201 823 3763 896">
     <span class='ocr_line' id='line_1_20' title="bbox 2201 823 3763 896; baseline 0.001 -17"><span class='ocrx_word' id='word_1_133' title='bbox 2201 829 2355 892; x_wconf 90' lang='lat' dir='ltr'><strong>nent,</strong></span> <span class='ocrx_word' id='word_1_134' title='bbox 2386 824 2484 878; x_wconf 88' lang='lat' dir='ltr'><strong>sed</strong></span> <span class='ocrx_word' id='word_1_135' title='bbox 2504 838 2939 893; x_wconf 65' lang='lat' dir='ltr'><strong>quorumcp&lt;.~ra</strong></span> <span class='ocrx_word' id='word_1_136' title='bbox 2965 829 3259 878; x_wconf 80' lang='lat' dir='ltr'><strong>exercent.</strong></span> <span class='ocrx_word' id='word_1_137' title='bbox 3282 823 3449 879; x_wconf 90' lang='lat' dir='ltr'><strong>Stulti</strong></span> <span class='ocrx_word' id='word_1_138' title='bbox 3475 823 3647 896; x_wconf 89' lang='lat' dir='ltr'><strong>itaque</strong></span> <span class='ocrx_word' id='word_1_139' title='bbox 3669 837 3763 882; x_wconf 85' lang='lat' dir='ltr'><strong>sunt</strong></span> 
     </span>
    </p>
   </div>
   <div class='ocr_carea' id='block_1_21' title="bbox 2200 911 3765 982">
    <p class='ocr_par' dir='ltr' id='par_1_21' title="bbox 2200 911 3765 982">
     <span class='ocr_line' id='line_1_21' title="bbox 2200 911 3765 982; baseline 0.003 -17"><span class='ocrx_word' id='word_1_140' title='bbox 2200 912 2330 982; x_wconf 90' lang='lat' dir='ltr'><strong>quia</strong></span> <span class='ocrx_word' id='word_1_141' title='bbox 2355 927 2549 966; x_wconf 88' lang='lat' dir='ltr'><strong>veram</strong></span> <span class='ocrx_word' id='word_1_142' title='bbox 2585 911 2927 981; x_wconf 82' lang='lat' dir='ltr'><strong>sapientiam</strong></span> <span class='ocrx_word' id='word_1_143' title='bbox 2980 926 3089 967; x_wconf 92' lang='lat' dir='ltr'><strong>non</strong></span> <span class='ocrx_word' id='word_1_144' title='bbox 3132 911 3478 981; x_wconf 86' lang='lat' dir='ltr'><strong>intelligunt,</strong></span> <span class='ocrx_word' id='word_1_145' title='bbox 3543 913 3765 982; x_wconf 63' lang='lat' dir='ltr'><strong>ignobiles</strong></span> 
     </span>
    </p>
   </div>
   <div class='ocr_carea' id='block_1_22' title="bbox 2203 998 3760 1070">
    <p class='ocr_par' dir='ltr' id='par_1_22' title="bbox 2203 998 3760 1070">
     <span class='ocr_line' id='line_1_22' title="bbox 2203 998 3760 1070; baseline 0.002 -16"><span class='ocrx_word' id='word_1_146' title='bbox 2203 1001 2334 1056; x_wconf 87' lang='lat' dir='ltr'><strong>facti</strong></span> <span class='ocrx_word' id='word_1_147' title='bbox 2361 1006 2493 1055; x_wconf 87' lang='lat' dir='ltr'><strong>sunt</strong></span> <span class='ocrx_word' id='word_1_148' title='bbox 2522 999 2652 1069; x_wconf 87' lang='lat' dir='ltr'><strong>quia</strong></span> <span class='ocrx_word' id='word_1_149' title='bbox 2687 998 2842 1054; x_wconf 89' lang='lat' dir='ltr'><strong>nulla</strong></span> <span class='ocrx_word' id='word_1_150' title='bbox 2878 999 3126 1070; x_wconf 88' lang='lat' dir='ltr'><strong>spiritus</strong></span> <span class='ocrx_word' id='word_1_151' title='bbox 3159 1000 3426 1056; x_wconf 88' lang='lat' dir='ltr'><strong>libertate</strong></span> <span class='ocrx_word' id='word_1_152' title='bbox 3457 1007 3760 1057; x_wconf 86' lang='lat' dir='ltr'><strong>renovantur.</strong></span> 
     </span>
    </p>
   </div>
   <div class='ocr_carea' id='block_1_23' title="bbox 2203 1087 3760 1160">
    <p class='ocr_par' dir='ltr' id='par_1_23' title="bbox 2203 1087 3760 1160">
     <span class='ocr_line' id='line_1_23' title="bbox 2203 1087 3760 1160; baseline 0.001 -17"><span class='ocrx_word' id='word_1_153' title='bbox 2203 1090 2286 1143; x_wconf 93' lang='lat' dir='ltr'><strong>Ilii</strong></span> <span class='ocrx_word' id='word_1_154' title='bbox 2324 1088 2491 1160; x_wconf 68' lang='lat' dir='ltr'><strong>positi</strong></span> <span class='ocrx_word' id='word_1_155' title='bbox 2516 1087 2586 1142; x_wconf 92' lang='lat' dir='ltr'><strong>ad</strong></span> <span class='ocrx_word' id='word_1_156' title='bbox 2621 1088 3502 1158; x_wconf 81' lang='lat' dir='ltr'><strong>superintendendumfidelibus</strong></span> <span class='ocrx_word' id='word_1_157' title='bbox 3557 1101 3760 1160; x_wconf 85' lang='lat' dir='ltr'><strong>premunt</strong></span> 
     </span>
    </p>
   </div>
   <div class='ocr_carea' id='block_1_24' title="bbox 2200 1177 3762 1250">
    <p class='ocr_par' dir='ltr' id='par_1_24' title="bbox 2200 1177 3762 1250">
     <span class='ocr_line' id='line_1_24' title="bbox 2200 1177 3762 1250; baseline 0.001 -19"><span class='ocrx_word' id='word_1_158' title='bbox 2200 1195 2300 1231; x_wconf 73' lang='lat' dir='ltr'><strong>eos</strong></span> <span class='ocrx_word' id='word_1_159' title='bbox 2339 1177 2531 1248; x_wconf 90' lang='lat' dir='ltr'><strong>potius</strong></span> <span class='ocrx_word' id='word_1_160' title='bbox 2559 1191 2726 1246; x_wconf 88' lang='lat' dir='ltr'><strong>quam</strong></span> <span class='ocrx_word' id='word_1_161' title='bbox 2761 1177 3140 1246; x_wconf 85' lang='lat' dir='ltr'><strong>regant.quia</strong></span> <span class='ocrx_word' id='word_1_162' title='bbox 3163 1178 3271 1232; x_wconf 87' lang='lat' dir='ltr'><strong>sub</strong></span> <span class='ocrx_word' id='word_1_163' title='bbox 3293 1178 3514 1233; x_wconf 89' lang='lat' dir='ltr'><strong>nomine</strong></span> <span class='ocrx_word' id='word_1_164' title='bbox 3533 1184 3762 1250; x_wconf 84' lang='lat' dir='ltr'><strong>pastorum</strong></span> 
     </span>
    </p>
   </div>
   <div class='ocr_carea' id='block_1_25' title="bbox 2202 1264 3761 1334">
    <p class='ocr_par' dir='ltr' id='par_1_25' title="bbox 2202 1264 3761 1334">
     <span class='ocr_line' id='line_1_25' title="bbox 2202 1264 3761 1334; baseline 0.001 -13"><span class='ocrx_word' id='word_1_165' title='bbox 2202 1268 2357 1321; x_wconf 90' lang='lat' dir='ltr'><strong>lucra</strong></span> <span class='ocrx_word' id='word_1_166' title='bbox 2391 1266 2460 1319; x_wconf 88' lang='lat' dir='ltr'><strong>dc</strong></span> <span class='ocrx_word' id='word_1_167' title='bbox 2494 1264 2772 1332; x_wconf 80' lang='lat' dir='ltr'><strong>religione</strong></span> <span class='ocrx_word' id='word_1_168' title='bbox 2804 1269 3125 1320; x_wconf 80' lang='lat' dir='ltr'><strong>sectantur.</strong></span> <span class='ocrx_word' id='word_1_169' title='bbox 3186 1265 3302 1334; x_wconf 77' lang='lat' dir='ltr'><strong>Sub</strong></span> <span class='ocrx_word' id='word_1_170' title='bbox 3367 1281 3556 1322; x_wconf 79' lang='lat' dir='ltr'><strong>eorum</strong></span> <span class='ocrx_word' id='word_1_171' title='bbox 3604 1267 3761 1324; x_wconf 86' lang='lat' dir='ltr'><strong>ducatu</strong></span> 
     </span>
    </p>
   </div>
   <div class='ocr_carea' id='block_1_26' title="bbox 2203 1353 3765 1424">
    <p class='ocr_par' dir='ltr' id='par_1_26' title="bbox 2203 1353 3765 1424">
     <span class='ocr_line' id='line_1_26' title="bbox 2203 1353 3765 1424; baseline 0.001 -15"><span class='ocrx_word' id='word_1_172' title='bbox 2203 1357 2351 1410; x_wconf 84' lang='lat' dir='ltr'><strong>Deus</strong></span> <span class='ocrx_word' id='word_1_173' title='bbox 2368 1353 2667 1419; x_wconf 86' lang='lat' dir='ltr'><strong>irridetur,</strong></span> <span class='ocrx_word' id='word_1_174' title='bbox 2703 1353 2844 1406; x_wconf 85' lang='lat' dir='ltr'><strong>fides</strong></span> <span class='ocrx_word' id='word_1_175' title='bbox 2875 1360 2968 1407; x_wconf 81' lang='lat' dir='ltr'><strong>est</strong></span> <span class='ocrx_word' id='word_1_176' title='bbox 2988 1354 3325 1424; x_wconf 86' lang='lat' dir='ltr'><strong>obprobrio,</strong></span> <span class='ocrx_word' id='word_1_177' title='bbox 3343 1355 3610 1411; x_wconf 87' lang='lat' dir='ltr'><strong>veritasin</strong></span> <span class='ocrx_word' id='word_1_178' title='bbox 3626 1359 3765 1412; x_wconf 88' lang='lat' dir='ltr'><strong>crimi-</strong></span> 
     </span>
    </p>
   </div>
   <div class='ocr_carea' id='block_1_27' title="bbox 2203 1441 3764 1514">
    <p class='ocr_par' dir='ltr' id='par_1_27' title="bbox 2203 1441 3764 1514">
     <span class='ocr_line' id='line_1_27' title="bbox 2203 1441 3764 1514; baseline 0.001 -17"><span class='ocrx_word' id='word_1_179' title='bbox 2203 1459 2293 1514; x_wconf 92' lang='lat' dir='ltr'><strong>ne,</strong></span> <span class='ocrx_word' id='word_1_180' title='bbox 2327 1447 2386 1498; x_wconf 91' lang='lat' dir='ltr'><strong>et</strong></span> <span class='ocrx_word' id='word_1_181' title='bbox 2420 1446 2584 1496; x_wconf 91' lang='lat' dir='ltr'><strong>tanto</strong></span> <span class='ocrx_word' id='word_1_182' title='bbox 2617 1446 2703 1495; x_wconf 77' lang='lat' dir='ltr'><strong>est</strong></span> <span class='ocrx_word' id='word_1_183' title='bbox 2731 1441 2979 1510; x_wconf 90' lang='lat' dir='ltr'><strong>quisque</strong></span> <span class='ocrx_word' id='word_1_184' title='bbox 3011 1441 3345 1513; x_wconf 87' lang='lat' dir='ltr'><strong>despectior</strong></span> <span class='ocrx_word' id='word_1_185' title='bbox 3367 1444 3764 1514; x_wconf 83' lang='lat' dir='ltr'><strong>quantojustior.</strong></span> 
     </span>
    </p>
   </div>
   <div class='ocr_carea' id='block_1_28' title="bbox 2204 1529 3764 1599">
    <p class='ocr_par' dir='ltr' id='par_1_28' title="bbox 2204 1529 3764 1599">
     <span class='ocr_line' id='line_1_28' title="bbox 2204 1529 3764 1599; baseline -0.001 -13"><span class='ocrx_word' id='word_1_186' title='bbox 2204 1537 2368 1587; x_wconf 91' lang='lat' dir='ltr'><strong>tanto</strong></span> <span class='ocrx_word' id='word_1_187' title='bbox 2391 1529 2838 1585; x_wconf 89' lang='lat' dir='ltr'><strong>abhominabilis</strong></span> <span class='ocrx_word' id='word_1_188' title='bbox 2859 1531 3091 1598; x_wconf 86' lang='lat' dir='ltr'><strong>quando</strong></span> <span class='ocrx_word' id='word_1_189' title='bbox 3129 1532 3466 1588; x_wconf 87' lang='lat' dir='ltr'><strong>laudandus.</strong></span> <span class='ocrx_word' id='word_1_190' title='bbox 3493 1532 3590 1599; x_wconf 87' lang='lat' dir='ltr'><strong>Qui</strong></span> <span class='ocrx_word' id='word_1_191' title='bbox 3611 1549 3712 1588; x_wconf 87' lang='lat' dir='ltr'><strong>cum</strong></span> <span class='ocrx_word' id='word_1_192' title='bbox 3731 1534 3764 1586; x_wconf 89' lang='lat' dir='ltr'><strong>in</strong></span> 
     </span>
    </p>
   </div>
   <div class='ocr_carea' id='block_1_29' title="bbox 2203 1619 3766 1691">
    <p class='ocr_par' dir='ltr' id='par_1_29' title="bbox 2203 1619 3766 1691">
     <span class='ocr_line' id='line_1_29' title="bbox 2203 1619 3766 1691; baseline -0.001 -14"><span class='ocrx_word' id='word_1_193' title='bbox 2203 1621 2466 1677; x_wconf 59' lang='lat' dir='ltr'><strong>aécclesia</strong></span> <span class='ocrx_word' id='word_1_194' title='bbox 2496 1636 2623 1674; x_wconf 84' lang='lat' dir='ltr'><strong>esse</strong></span> <span class='ocrx_word' id='word_1_195' title='bbox 2648 1619 2972 1688; x_wconf 89' lang='lat' dir='ltr'><strong>videantur,</strong></span> <span class='ocrx_word' id='word_1_196' title='bbox 3011 1619 3179 1688; x_wconf 82' lang='lat' dir='ltr'><strong>longe</strong></span> <span class='ocrx_word' id='word_1_197' title='bbox 3203 1621 3275 1675; x_wconf 88' lang='lat' dir='ltr'><strong>ab</strong></span> <span class='ocrx_word' id='word_1_198' title='bbox 3333 1637 3395 1676; x_wconf 89' lang='lat' dir='ltr'><strong>ea</strong></span> <span class='ocrx_word' id='word_1_199' title='bbox 3432 1620 3651 1691; x_wconf 78' lang='lat' dir='ltr'><strong>fugiunt,</strong></span> <span class='ocrx_word' id='word_1_200' title='bbox 3693 1637 3766 1676; x_wconf 84' lang='lat' dir='ltr'><strong>non</strong></span> 
     </span>
    </p>
   </div>
   <div class='ocr_carea' id='block_1_30' title="bbox 2207 1707 3767 1781">
    <p class='ocr_par' dir='ltr' id='par_1_30' title="bbox 2207 1707 3767 1781">
     <span class='ocr_line' id='line_1_30' title="bbox 2207 1707 3767 1781; baseline -0.001 -16"><span class='ocrx_word' id='word_1_201' title='bbox 2207 1709 2470 1781; x_wconf 89' lang='lat' dir='ltr'><strong>passibus</strong></span> <span class='ocrx_word' id='word_1_202' title='bbox 2500 1707 3767 1778; x_wconf 75' lang='lat' dir='ltr'><strong>gressuum,sedqualitatibusmorum.Quiau-</strong></span> 
     </span>
    </p>
   </div>
   <div class='ocr_carea' id='block_1_31' title="bbox 2203 1793 3766 1867">
    <p class='ocr_par' dir='ltr' id='par_1_31' title="bbox 2203 1793 3766 1867">
     <span class='ocr_line' id='line_1_31' title="bbox 2203 1793 3766 1867; baseline 0 -17"><span class='ocrx_word' id='word_1_203' title='bbox 2203 1802 2319 1852; x_wconf 89' lang='lat' dir='ltr'><strong>tem</strong></span> <span class='ocrx_word' id='word_1_204' title='bbox 2354 1796 2472 1851; x_wconf 90' lang='lat' dir='ltr'><strong>sint</strong></span> <span class='ocrx_word' id='word_1_205' title='bbox 2505 1795 2580 1848; x_wconf 92' lang='lat' dir='ltr'><strong>hii</strong></span> <span class='ocrx_word' id='word_1_206' title='bbox 2617 1793 2894 1850; x_wconf 90' lang='lat' dir='ltr'><strong>malorum</strong></span> <span class='ocrx_word' id='word_1_207' title='bbox 2929 1795 3285 1864; x_wconf 88' lang='lat' dir='ltr'><strong>incentores,</strong></span> <span class='ocrx_word' id='word_1_208' title='bbox 3313 1797 3409 1866; x_wconf 93' lang='lat' dir='ltr'><strong>qui</strong></span> <span class='ocrx_word' id='word_1_209' title='bbox 3437 1797 3597 1866; x_wconf 69' lang='lat' dir='ltr'><strong>regite</strong></span> <span class='ocrx_word' id='word_1_210' title='bbox 3619 1797 3766 1867; x_wconf 87' lang='lat' dir='ltr'><strong>iniqui-</strong></span> 
     </span>
    </p>
   </div>
   <div class='ocr_carea' id='block_1_32' title="bbox 451 1883 3765 1972">
    <p class='ocr_par' dir='ltr' id='par_1_32' title="bbox 451 1883 3765 1972">
     <span class='ocr_line' id='line_1_32' title="bbox 451 1883 3765 1972; baseline -0.002 -26"><span class='ocrx_word' id='word_1_211' title='bbox 451 1891 664 1961; x_wconf 84' lang='lat' dir='ltr'><strong>gulam,</strong></span> <span class='ocrx_word' id='word_1_212' title='bbox 701 1906 812 1946; x_wconf 89' lang='lat' dir='ltr'><strong>non</strong></span> <span class='ocrx_word' id='word_1_213' title='bbox 843 1890 1110 1960; x_wconf 89' lang='lat' dir='ltr'><strong>accipere</strong></span> <span class='ocrx_word' id='word_1_214' title='bbox 1143 1904 1445 1960; x_wconf 80' lang='lat' dir='ltr'><strong>personam</strong></span> <span class='ocrx_word' id='word_1_215' title='bbox 1481 1888 1736 1959; x_wconf 89' lang='lat' dir='ltr'><strong>potentis</strong></span> <span class='ocrx_word' id='word_1_216' title='bbox 1777 1887 2086 1957; x_wconf 87' lang='lat' dir='ltr'><strong>injudieio,</strong></span> <span class='ocrx_word' id='word_1_217' title='bbox 2117 1909 2175 1972; x_wconf 78' lang='grc' dir='ltr'>Β</span> <span class='ocrx_word' id='word_1_218' title='bbox 2207 1885 2347 1940; x_wconf 83' lang='lat' dir='ltr'><strong>tatis</strong></span> <span class='ocrx_word' id='word_1_219' title='bbox 2381 1886 2638 1940; x_wconf 82' lang='lat' dir='ltr'><strong>fautores</strong></span> <span class='ocrx_word' id='word_1_220' title='bbox 2669 1883 3192 1954; x_wconf 88' lang='lat' dir='ltr'><strong>etcomplices,qui</strong></span> <span class='ocrx_word' id='word_1_221' title='bbox 3227 1885 3519 1940; x_wconf 89' lang='lat' dir='ltr'><strong>castitatis</strong></span> <span class='ocrx_word' id='word_1_222' title='bbox 3548 1885 3765 1941; x_wconf 70' lang='lat' dir='ltr'><strong>aecclesia-</strong></span> 
     </span>
    </p>
   </div>
   <div class='ocr_carea' id='block_1_33' title="bbox 451 1976 2088 2050">
    <p class='ocr_par' dir='ltr' id='par_1_33' title="bbox 451 1976 2088 2050">
     <span class='ocr_line' id='line_1_33' title="bbox 451 1976 2088 2050; baseline -0.003 -15"><span class='ocrx_word' id='word_1_223' title='bbox 451 1981 698 2050; x_wconf 90' lang='lat' dir='ltr'><strong>ideoque</strong></span> <span class='ocrx_word' id='word_1_224' title='bbox 725 1993 969 2050; x_wconf 89' lang='lat' dir='ltr'><strong>quorum</strong></span> <span class='ocrx_word' id='word_1_225' title='bbox 985 1977 1228 2033; x_wconf 90' lang='lat' dir='ltr'><strong>crimina</strong></span> <span class='ocrx_word' id='word_1_226' title='bbox 1253 1981 1591 2045; x_wconf 74' lang='lat' dir='ltr'><strong>agnoverat,</strong></span> <span class='ocrx_word' id='word_1_227' title='bbox 1610 1976 1791 2031; x_wconf 88' lang='lat' dir='ltr'><strong>libera</strong></span> <span class='ocrx_word' id='word_1_228' title='bbox 1812 1977 1865 2030; x_wconf 93' lang='lat' dir='ltr'><strong>in</strong></span> <span class='ocrx_word' id='word_1_229' title='bbox 1889 1991 2088 2032; x_wconf 91' lang='lat' dir='ltr'><strong>eorum</strong></span> 
     </span>
    </p>
   </div>
   <div class='ocr_carea' id='block_1_34' title="bbox 449 2063 2088 2138">
    <p class='ocr_par' dir='ltr' id='par_1_34' title="bbox 449 2063 2088 2138">
     <span class='ocr_line' id='line_1_34' title="bbox 449 2063 2088 2138; baseline -0.002 -16"><span class='ocrx_word' id='word_1_230' title='bbox 449 2067 848 2138; x_wconf 87' lang='lat' dir='ltr'><strong>increpatione</strong></span> <span class='ocrx_word' id='word_1_231' title='bbox 883 2066 1183 2120; x_wconf 83' lang='lat' dir='ltr'><strong>ferebatur</strong></span> <span class='ocrx_word' id='word_1_232' title='bbox 1213 2080 1372 2120; x_wconf 86' lang='lat' dir='ltr'><strong>voce.</strong></span> <span class='ocrx_word' id='word_1_233' title='bbox 1405 2067 1470 2118; x_wconf 83' lang='lat' dir='ltr'><strong>At</strong></span> <span class='ocrx_word' id='word_1_234' title='bbox 1509 2063 1602 2119; x_wconf 92' lang='lat' dir='ltr'><strong>ille</strong></span> <span class='ocrx_word' id='word_1_235' title='bbox 1655 2063 2001 2134; x_wconf 86' lang='lat' dir='ltr'><strong>reprehendi</strong></span> <span class='ocrx_word' id='word_1_236' title='bbox 2059 2080 2088 2119; x_wconf 87' lang='lat' dir='ltr'><strong>a</strong></span> 
     </span>
    </p>
   </div>
   <div class='ocr_carea' id='block_1_35' title="bbox 449 2152 2091 2226">
    <p class='ocr_par' dir='ltr' id='par_1_35' title="bbox 449 2152 2091 2226">
     <span class='ocr_line' id='line_1_35' title="bbox 449 2152 2091 2226; baseline -0.003 -14"><span class='ocrx_word' id='word_1_237' title='bbox 449 2170 740 2226; x_wconf 90' lang='lat' dir='ltr'><strong>quoquam</strong></span> <span class='ocrx_word' id='word_1_238' title='bbox 770 2159 868 2210; x_wconf 90' lang='lat' dir='ltr'><strong>aut</strong></span> <span class='ocrx_word' id='word_1_239' title='bbox 901 2154 1116 2221; x_wconf 79' lang='lat' dir='ltr'><strong>corrigi</strong></span> <span class='ocrx_word' id='word_1_240' title='bbox 1153 2153 1349 2223; x_wconf 87' lang='lat' dir='ltr'><strong>inique</strong></span> <span class='ocrx_word' id='word_1_241' title='bbox 1385 2156 1598 2217; x_wconf 76' lang='lat' dir='ltr'><strong>ferens,</strong></span> <span class='ocrx_word' id='word_1_242' title='bbox 1633 2152 2091 2222; x_wconf 85' lang='lat' dir='ltr'><strong>occasionesque</strong></span> 
     </span>
    </p>
   </div>
   <div class='ocr_carea' id='block_1_36' title="bbox 451 2241 2090 2311">
    <p class='ocr_par' dir='ltr' id='par_1_36' title="bbox 451 2241 2090 2311">
     <span class='ocr_line' id='line_1_36' title="bbox 451 2241 2090 2311; baseline -0.001 -12"><span class='ocrx_word' id='word_1_243' title='bbox 451 2247 521 2299; x_wconf 87' lang='lat' dir='ltr'><strong>ab</strong></span> <span class='ocrx_word' id='word_1_244' title='bbox 553 2244 736 2299; x_wconf 90' lang='lat' dir='ltr'><strong>amico</strong></span> <span class='ocrx_word' id='word_1_245' title='bbox 774 2241 1082 2298; x_wconf 82' lang='lat' dir='ltr'><strong>recedendi</strong></span> <span class='ocrx_word' id='word_1_246' title='bbox 1121 2257 1392 2311; x_wconf 80' lang='lat' dir='ltr'><strong>querens,</strong></span> <span class='ocrx_word' id='word_1_247' title='bbox 1419 2241 1548 2310; x_wconf 83' lang='lat' dir='ltr'><strong>quia</strong></span> <span class='ocrx_word' id='word_1_248' title='bbox 1605 2256 1712 2295; x_wconf 91' lang='lat' dir='ltr'><strong>non</strong></span> <span class='ocrx_word' id='word_1_249' title='bbox 1740 2245 1927 2311; x_wconf 86' lang='lat' dir='ltr'><strong>potest</strong></span> <span class='ocrx_word' id='word_1_250' title='bbox 1961 2256 2090 2297; x_wconf 89' lang='lat' dir='ltr'><strong>esse</strong></span> 
     </span>
    </p>
   </div>
   <div class='ocr_carea' id='block_1_37' title="bbox 455 2329 2094 2402">
    <p class='ocr_par' dir='ltr' id='par_1_37' title="bbox 455 2329 2094 2402">
     <span class='ocr_line' id='line_1_37' title="bbox 455 2329 2094 2402; baseline -0.001 -15"><span class='ocrx_word' id='word_1_251' title='bbox 455 2332 829 2402; x_wconf 90' lang='lat' dir='ltr'><strong>partieipatio</strong></span> <span class='ocrx_word' id='word_1_252' title='bbox 855 2329 1100 2399; x_wconf 70' lang='lat' dir='ltr'><strong>iustitiae</strong></span> <span class='ocrx_word' id='word_1_253' title='bbox 1121 2346 1249 2384; x_wconf 91' lang='lat' dir='ltr'><strong>cum</strong></span> <span class='ocrx_word' id='word_1_254' title='bbox 1269 2329 1596 2398; x_wconf 87' lang='lat' dir='ltr'><strong>iniquitate,</strong></span> <span class='ocrx_word' id='word_1_255' title='bbox 1624 2329 2094 2398; x_wconf 87' lang='lat' dir='ltr'><strong>introitumejus-</strong></span> 
     </span>
    </p>
   </div>
   <div class='ocr_carea' id='block_1_38' title="bbox 454 2417 2092 2488">
    <p class='ocr_par' dir='ltr' id='par_1_38' title="bbox 454 2417 2092 2488">
     <span class='ocr_line' id='line_1_38' title="bbox 454 2417 2092 2488; baseline -0.001 -14"><span class='ocrx_word' id='word_1_256' title='bbox 454 2421 584 2475; x_wconf 89' lang='lat' dir='ltr'><strong>dem</strong></span> <span class='ocrx_word' id='word_1_257' title='bbox 621 2417 942 2475; x_wconf 89' lang='lat' dir='ltr'><strong>beatissimi</strong></span> <span class='ocrx_word' id='word_1_258' title='bbox 971 2432 1132 2487; x_wconf 63' lang='lat' dir='ltr'><strong>papze</strong></span> <span class='ocrx_word' id='word_1_259' title='bbox 1153 2417 1413 2486; x_wconf 78' lang='lat' dir='ltr'><strong>Gregorii</strong></span> <span class='ocrx_word' id='word_1_260' title='bbox 1431 2417 1545 2480; x_wconf 78' lang='lat' dir='ltr'><strong>Vll,</strong></span> <span class='ocrx_word' id='word_1_261' title='bbox 1571 2420 1808 2488; x_wconf 89' lang='lat' dir='ltr'><strong>culpare</strong></span> <span class='ocrx_word' id='word_1_262' title='bbox 1829 2418 2006 2488; x_wconf 91' lang='lat' dir='ltr'><strong>cepit,</strong></span> <span class='ocrx_word' id='word_1_263' title='bbox 2028 2425 2092 2473; x_wconf 90' lang='lat' dir='ltr'><strong>ut</strong></span> 
     </span>
    </p>
   </div>
   <div class='ocr_carea' id='block_1_39' title="bbox 453 2505 2094 2580">
    <p class='ocr_par' dir='ltr' id='par_1_39' title="bbox 453 2505 2094 2580">
     <span class='ocr_line' id='line_1_39' title="bbox 453 2505 2094 2580; baseline -0.001 -17"><span class='ocrx_word' id='word_1_264' title='bbox 453 2508 656 2580; x_wconf 87' lang='lat' dir='ltr'><strong>culpas</strong></span> <span class='ocrx_word' id='word_1_265' title='bbox 686 2506 978 2578; x_wconf 73' lang='lat' dir='ltr'><strong>symouiae,</strong></span> <span class='ocrx_word' id='word_1_266' title='bbox 1015 2507 1236 2574; x_wconf 62' lang='lat' dir='ltr'><strong>quaiab</strong></span> <span class='ocrx_word' id='word_1_267' title='bbox 1267 2505 1466 2560; x_wconf 88' lang='lat' dir='ltr'><strong>eodem</strong></span> <span class='ocrx_word' id='word_1_268' title='bbox 1502 2505 1555 2560; x_wconf 92' lang='lat' dir='ltr'><strong>in</strong></span> <span class='ocrx_word' id='word_1_269' title='bbox 1589 2522 1650 2560; x_wconf 87' lang='lat' dir='ltr'><strong>se</strong></span> <span class='ocrx_word' id='word_1_270' title='bbox 1699 2506 1887 2576; x_wconf 90' lang='lat' dir='ltr'><strong>puniri</strong></span> <span class='ocrx_word' id='word_1_271' title='bbox 1928 2507 2094 2562; x_wconf 90' lang='lat' dir='ltr'><strong>time-</strong></span> 
     </span>
    </p>
   </div>
   <div class='ocr_carea' id='block_1_40' title="bbox 457 2590 2094 2664">
    <p class='ocr_par' dir='ltr' id='par_1_40' title="bbox 457 2590 2094 2664">
     <span class='ocr_line' id='line_1_40' title="bbox 457 2590 2094 2664; baseline -0.002 -15"><span class='ocrx_word' id='word_1_272' title='bbox 457 2596 575 2662; x_wconf 87' lang='lat' dir='ltr'><strong>bat,</strong></span> <span class='ocrx_word' id='word_1_273' title='bbox 614 2595 665 2649; x_wconf 90' lang='lat' dir='ltr'><strong>in</strong></span> <span class='ocrx_word' id='word_1_274' title='bbox 692 2593 851 2650; x_wconf 88' lang='lat' dir='ltr'><strong>illum</strong></span> <span class='ocrx_word' id='word_1_275' title='bbox 886 2590 1234 2646; x_wconf 83' lang='lat' dir='ltr'><strong>reﬂecteret.</strong></span> <span class='ocrx_word' id='word_1_276' title='bbox 1273 2595 1456 2647; x_wconf 79' lang='lat' dir='ltr'><strong>Ausus</strong></span> <span class='ocrx_word' id='word_1_277' title='bbox 1488 2597 1574 2646; x_wconf 83' lang='lat' dir='ltr'><strong>est</strong></span> <span class='ocrx_word' id='word_1_278' title='bbox 1611 2593 1781 2648; x_wconf 89' lang='lat' dir='ltr'><strong>etiam</strong></span> <span class='ocrx_word' id='word_1_279' title='bbox 1799 2593 1870 2648; x_wconf 91' lang='lat' dir='ltr'><strong>de</strong></span> <span class='ocrx_word' id='word_1_280' title='bbox 1893 2592 2094 2664; x_wconf 80' lang='lat' dir='ltr'><strong>expul-</strong></span> 
     </span>
    </p>
   </div>
   <div class='ocr_carea' id='block_1_41' title="bbox 457 2682 2094 2756">
    <p class='ocr_par' dir='ltr' id='par_1_41' title="bbox 457 2682 2094 2756">
     <span class='ocr_line' id='line_1_41' title="bbox 457 2682 2094 2756; baseline -0.001 -18"><span class='ocrx_word' id='word_1_281' title='bbox 457 2683 821 2754; x_wconf 89' lang='lat' dir='ltr'><strong>sioneipsius</strong></span> <span class='ocrx_word' id='word_1_282' title='bbox 836 2686 1072 2741; x_wconf 86' lang='lat' dir='ltr'><strong>Romani</strong></span> <span class='ocrx_word' id='word_1_283' title='bbox 1091 2684 1404 2756; x_wconf 82' lang='lat' dir='ltr'><strong>pontificis.</strong></span> <span class='ocrx_word' id='word_1_284' title='bbox 1424 2699 1616 2756; x_wconf 72' lang='lat' dir='ltr'><strong>quem,</strong></span> <span class='ocrx_word' id='word_1_285' title='bbox 1640 2687 1701 2738; x_wconf 91' lang='lat' dir='ltr'><strong>ut</strong></span> <span class='ocrx_word' id='word_1_286' title='bbox 1735 2682 1812 2736; x_wconf 92' lang='lat' dir='ltr'><strong>ait</strong></span> <span class='ocrx_word' id='word_1_287' title='bbox 1843 2683 2094 2751; x_wconf 79' lang='lat' dir='ltr'><strong>Symma-</strong></span> 
     </span>
    </p>
   </div>
   <div class='ocr_carea' id='block_1_42' title="bbox 451 2771 2095 2844">
    <p class='ocr_par' dir='ltr' id='par_1_42' title="bbox 451 2771 2095 2844">
     <span class='ocr_line' id='line_1_42' title="bbox 451 2771 2095 2844; baseline -0.001 -18"><span class='ocrx_word' id='word_1_288' title='bbox 451 2773 597 2828; x_wconf 89' lang='lat' dir='ltr'><strong>chus</strong></span> <span class='ocrx_word' id='word_1_289' title='bbox 617 2787 786 2844; x_wconf 88' lang='lat' dir='ltr'><strong>papa,</strong></span> <span class='ocrx_word' id='word_1_290' title='bbox 801 2787 906 2830; x_wconf 74' lang='lat' dir='ltr'><strong>suo</strong></span> <span class='ocrx_word' id='word_1_291' title='bbox 918 2775 1218 2831; x_wconf 75' lang='lat' dir='ltr'><strong>Deussine</strong></span> <span class='ocrx_word' id='word_1_292' title='bbox 1238 2774 1546 2844; x_wconf 62' lang='lat' dir='ltr'><strong>quastione</strong></span> <span class='ocrx_word' id='word_1_293' title='bbox 1582 2772 1918 2829; x_wconf 67' lang='lat' dir='ltr'><strong>resertaeit</strong></span> <span class='ocrx_word' id='word_1_294' title='bbox 1934 2771 2095 2828; x_wconf 79' lang='lat' dir='ltr'><strong>arbi-</strong></span> 
     </span>
    </p>
   </div>
   <div class='ocr_carea' id='block_1_43' title="bbox 453 2860 2095 2930">
    <p class='ocr_par' dir='ltr' id='par_1_43' title="bbox 453 2860 2095 2930">
     <span class='ocr_line' id='line_1_43' title="bbox 453 2860 2095 2930; baseline -0.001 -14"><span class='ocrx_word' id='word_1_295' title='bbox 453 2861 856 2930; x_wconf 77' lang='lat' dir='ltr'><strong>trio,stipatus</strong></span> <span class='ocrx_word' id='word_1_296' title='bbox 882 2861 1254 2917; x_wconf 86' lang='lat' dir='ltr'><strong>factiosorum</strong></span> <span class='ocrx_word' id='word_1_297' title='bbox 1271 2860 1457 2916; x_wconf 84' lang='lat' dir='ltr'><strong>otiicio</strong></span> <span class='ocrx_word' id='word_1_298' title='bbox 1482 2864 1756 2928; x_wconf 89' lang='lat' dir='ltr'><strong>tractare,</strong></span> <span class='ocrx_word' id='word_1_299' title='bbox 1775 2865 1830 2913; x_wconf 91' lang='lat' dir='ltr'><strong>ct</strong></span> <span class='ocrx_word' id='word_1_300' title='bbox 1852 2874 1943 2914; x_wconf 86' lang='lat' dir='ltr'><strong>cui</strong></span> <span class='ocrx_word' id='word_1_301' title='bbox 1961 2874 2095 2915; x_wconf 92' lang='lat' dir='ltr'><strong>con-</strong></span> 
     </span>
    </p>
   </div>
   <div class='ocr_carea' id='block_1_44' title="bbox 451 2947 2092 3020">
    <p class='ocr_par' dir='ltr' id='par_1_44' title="bbox 451 2947 2092 3020">
     <span class='ocr_line' id='line_1_44' title="bbox 451 2947 2092 3020; baseline -0.001 -16"><span class='ocrx_word' id='word_1_302' title='bbox 451 2954 780 3004; x_wconf 87' lang='lat' dir='ltr'><strong>cessumest</strong></span> <span class='ocrx_word' id='word_1_303' title='bbox 836 2956 1205 3020; x_wconf 84' lang='lat' dir='ltr'><strong>peccatorum</strong></span> <span class='ocrx_word' id='word_1_304' title='bbox 1244 2948 1472 3004; x_wconf 89' lang='lat' dir='ltr'><strong>vincula</strong></span> <span class='ocrx_word' id='word_1_305' title='bbox 1520 2948 1765 3016; x_wconf 89' lang='lat' dir='ltr'><strong>solvere,</strong></span> <span class='ocrx_word' id='word_1_306' title='bbox 1788 2947 2092 3003; x_wconf 89' lang='lat' dir='ltr'><strong>criminum</strong></span> 
     </span>
    </p>
   </div>
   <div class='ocr_carea' id='block_1_45' title="bbox 451 3035 2095 3108">
    <p class='ocr_par' dir='ltr' id='par_1_45' title="bbox 451 3035 2095 3108">
     <span class='ocr_line' id='line_1_45' title="bbox 451 3035 2095 3108; baseline -0.002 -15"><span class='ocrx_word' id='word_1_307' title='bbox 451 3036 762 3108; x_wconf 88' lang='lat' dir='ltr'><strong>compedes</strong></span> <span class='ocrx_word' id='word_1_308' title='bbox 778 3037 1224 3106; x_wconf 83' lang='lat' dir='ltr'><strong>frangere,hunc</strong></span> <span class='ocrx_word' id='word_1_309' title='bbox 1241 3041 1513 3107; x_wconf 79' lang='lat' dir='ltr'><strong>peccator</strong></span> <span class='ocrx_word' id='word_1_310' title='bbox 1527 3035 1874 3107; x_wconf 84' lang='lat' dir='ltr'><strong>superbiens</strong></span> <span class='ocrx_word' id='word_1_311' title='bbox 1927 3051 2095 3091; x_wconf 89' lang='lat' dir='ltr'><strong>cona-</strong></span> 
     </span>
    </p>
   </div>
   <div class='ocr_carea' id='block_1_46' title="bbox 455 3123 2090 3196">
    <p class='ocr_par' dir='ltr' id='par_1_46' title="bbox 455 3123 2090 3196">
     <span class='ocr_line' id='line_1_46' title="bbox 455 3123 2090 3196; baseline -0.001 -15"><span class='ocrx_word' id='word_1_312' title='bbox 455 3125 837 3196; x_wconf 86' lang='lat' dir='ltr'><strong>tusest,proh</strong></span> <span class='ocrx_word' id='word_1_313' title='bbox 859 3125 1045 3195; x_wconf 90' lang='lat' dir='ltr'><strong>pudor</strong></span> <span class='ocrx_word' id='word_1_314' title='bbox 1071 3124 1598 3192; x_wconf 79' lang='lat' dir='ltr'><strong>tasedcjudiciaria</strong></span> <span class='ocrx_word' id='word_1_315' title='bbox 1633 3123 1984 3194; x_wconf 88' lang='lat' dir='ltr'><strong>prepellere,</strong></span> <span class='ocrx_word' id='word_1_316' title='bbox 2031 3131 2090 3181; x_wconf 89' lang='lat' dir='ltr'><strong>ut</strong></span> 
     </span>
    </p>
   </div>
   <div class='ocr_carea' id='block_1_47' title="bbox 459 3213 2094 3285">
    <p class='ocr_par' dir='ltr' id='par_1_47' title="bbox 459 3213 2094 3285">
     <span class='ocr_line' id='line_1_47' title="bbox 459 3213 2094 3285; baseline 0 -17"><span class='ocrx_word' id='word_1_317' title='bbox 459 3218 649 3285; x_wconf 86' lang='lat' dir='ltr'><strong>posset</strong></span> <span class='ocrx_word' id='word_1_318' title='bbox 666 3213 1150 3268; x_wconf 90' lang='lat' dir='ltr'><strong>sibiconsimilem</strong></span> <span class='ocrx_word' id='word_1_319' title='bbox 1168 3215 1238 3268; x_wconf 90' lang='lat' dir='ltr'><strong>de</strong></span> <span class='ocrx_word' id='word_1_320' title='bbox 1251 3213 1373 3271; x_wconf 87' lang='lat' dir='ltr'><strong>suis</strong></span> <span class='ocrx_word' id='word_1_321' title='bbox 1387 3213 1801 3268; x_wconf 88' lang='lat' dir='ltr'><strong>consentaneis</strong></span> <span class='ocrx_word' id='word_1_322' title='bbox 1817 3213 1870 3268; x_wconf 93' lang='lat' dir='ltr'><strong>in</strong></span> <span class='ocrx_word' id='word_1_323' title='bbox 1882 3213 2094 3283; x_wconf 89' lang='lat' dir='ltr'><strong>ejuslo-</strong></span> 
     </span>
    </p>
   </div>
   <div class='ocr_carea' id='block_1_48' title="bbox 453 3300 2090 3370">
    <p class='ocr_par' dir='ltr' id='par_1_48' title="bbox 453 3300 2090 3370">
     <span class='ocr_line' id='line_1_48' title="bbox 453 3300 2090 3370; baseline 0 -14"><span class='ocrx_word' id='word_1_324' title='bbox 453 3301 876 3370; x_wconf 88' lang='lat' dir='ltr'><strong>cosubrogare.</strong></span> <span class='ocrx_word' id='word_1_325' title='bbox 913 3301 1022 3355; x_wconf 90' lang='lat' dir='ltr'><strong>Sed</strong></span> <span class='ocrx_word' id='word_1_326' title='bbox 1047 3306 1262 3356; x_wconf 84' lang='lat' dir='ltr'><strong>nonest</strong></span> <span class='ocrx_word' id='word_1_327' title='bbox 1311 3300 1617 3356; x_wconf 90' lang='lat' dir='ltr'><strong>consilium</strong></span> <span class='ocrx_word' id='word_1_328' title='bbox 1663 3306 1868 3358; x_wconf 88' lang='lat' dir='ltr'><strong>contra</strong></span> <span class='ocrx_word' id='word_1_329' title='bbox 1915 3303 2090 3358; x_wconf 88' lang='lat' dir='ltr'><strong>Deum</strong></span> 
     </span>
    </p>
   </div>
   <div class='ocr_carea' id='block_1_49' title="bbox 456 3389 2088 3461">
    <p class='ocr_par' dir='ltr' id='par_1_49' title="bbox 456 3389 2088 3461">
     <span class='ocr_line' id='line_1_49' title="bbox 456 3389 2088 3461; baseline 0.001 -17"><span class='ocrx_word' id='word_1_330' title='bbox 456 3390 654 3459; x_wconf 73' lang='lat' dir='ltr'><strong>(Prov.</strong></span> <span class='ocrx_word' id='word_1_331' title='bbox 689 3405 807 3458; x_wconf 74' lang='lat' dir='ltr'><strong>xxx,</strong></span> <span class='ocrx_word' id='word_1_332' title='bbox 833 3389 941 3459; x_wconf 90' lang='lat'><strong>30).</strong></span> <span class='ocrx_word' id='word_1_333' title='bbox 969 3389 1148 3455; x_wconf 88' lang='lat' dir='ltr'><strong>Quem</strong></span> <span class='ocrx_word' id='word_1_334' title='bbox 1182 3390 1426 3444; x_wconf 90' lang='lat' dir='ltr'><strong>humana</strong></span> <span class='ocrx_word' id='word_1_335' title='bbox 1488 3390 1813 3460; x_wconf 88' lang='lat' dir='ltr'><strong>improbant</strong></span> <span class='ocrx_word' id='word_1_336' title='bbox 1851 3391 2088 3461; x_wconf 87' lang='lat' dir='ltr'><strong>judicia,</strong></span> 
     </span>
    </p>
   </div>
   <div class='ocr_carea' id='block_1_50' title="bbox 457 3477 2089 3550">
    <p class='ocr_par' dir='ltr' id='par_1_50' title="bbox 457 3477 2089 3550">
     <span class='ocr_line' id='line_1_50' title="bbox 457 3477 2089 3550; baseline 0.001 -18"><span class='ocrx_word' id='word_1_337' title='bbox 457 3479 605 3533; x_wconf 87' lang='lat' dir='ltr'><strong>Deus</strong></span> <span class='ocrx_word' id='word_1_338' title='bbox 635 3477 944 3547; x_wconf 89' lang='lat' dir='ltr'><strong>approbat;</strong></span> <span class='ocrx_word' id='word_1_339' title='bbox 975 3483 1033 3532; x_wconf 90' lang='lat' dir='ltr'><strong>et</strong></span> <span class='ocrx_word' id='word_1_340' title='bbox 1067 3493 1234 3547; x_wconf 90' lang='lat' dir='ltr'><strong>quem</strong></span> <span class='ocrx_word' id='word_1_341' title='bbox 1270 3479 1421 3534; x_wconf 85' lang='lat' dir='ltr'><strong>Deus</strong></span> <span class='ocrx_word' id='word_1_342' title='bbox 1471 3483 1671 3534; x_wconf 89' lang='lat' dir='ltr'><strong>tuetur</strong></span> <span class='ocrx_word' id='word_1_343' title='bbox 1692 3483 1749 3533; x_wconf 92' lang='lat' dir='ltr'><strong>et</strong></span> <span class='ocrx_word' id='word_1_344' title='bbox 1807 3480 2089 3550; x_wconf 89' lang='lat' dir='ltr'><strong>approbat</strong></span> 
     </span>
    </p>
   </div>
   <div class='ocr_carea' id='block_1_51' title="bbox 457 3565 2090 3636">
    <p class='ocr_par' dir='ltr' id='par_1_51' title="bbox 457 3565 2090 3636">
     <span class='ocr_line' id='line_1_51' title="bbox 457 3565 2090 3636; baseline 0.002 -18"><span class='ocrx_word' id='word_1_345' title='bbox 457 3566 672 3620; x_wconf 91' lang='lat' dir='ltr'><strong>frustra</strong></span> <span class='ocrx_word' id='word_1_346' title='bbox 709 3565 993 3635; x_wconf 88' lang='lat' dir='ltr'><strong>impetunt</strong></span> <span class='ocrx_word' id='word_1_347' title='bbox 1029 3565 1270 3620; x_wconf 89' lang='lat' dir='ltr'><strong>humana</strong></span> <span class='ocrx_word' id='word_1_348' title='bbox 1307 3565 1618 3620; x_wconf 91' lang='lat' dir='ltr'><strong>molimina.</strong></span> <span class='ocrx_word' id='word_1_349' title='bbox 1656 3567 1749 3622; x_wconf 90' lang='lat' dir='ltr'><strong>Sic</strong></span> <span class='ocrx_word' id='word_1_350' title='bbox 1773 3567 2090 3636; x_wconf 80' lang='lat' dir='ltr'><strong>igiturrex,</strong></span> 
     </span>
    </p>
   </div>
   <div class='ocr_carea' id='block_1_52' title="bbox 457 3651 2090 3723">
    <p class='ocr_par' dir='ltr' id='par_1_52' title="bbox 457 3651 2090 3723">
     <span class='ocr_line' id='line_1_52' title="bbox 457 3651 2090 3723; baseline 0.001 -16"><span class='ocrx_word' id='word_1_351' title='bbox 457 3667 688 3707; x_wconf 75' lang='lat' dir='ltr'><strong>nonrex</strong></span> <span class='ocrx_word' id='word_1_352' title='bbox 708 3651 1500 3723; x_wconf 75' lang='lat' dir='ltr'><strong>dicendusquiatyrannus,a</strong></span> <span class='ocrx_word' id='word_1_353' title='bbox 1542 3655 1794 3710; x_wconf 84' lang='lat' dir='ltr'><strong>Romana</strong></span> <span class='ocrx_word' id='word_1_354' title='bbox 1845 3655 2090 3710; x_wconf 89' lang='lat' dir='ltr'><strong>recessit</strong></span> 
     </span>
    </p>
   </div>
   <div class='ocr_carea' id='block_1_53' title="bbox 456 3739 2095 3812">
    <p class='ocr_par' dir='ltr' id='par_1_53' title="bbox 456 3739 2095 3812">
     <span class='ocr_line' id='line_1_53' title="bbox 456 3739 2095 3812; baseline 0.002 -17"><span class='ocrx_word' id='word_1_355' title='bbox 456 3739 741 3809; x_wconf 71' lang='lat' dir='ltr'><strong>aecclesia,</strong></span> <span class='ocrx_word' id='word_1_356' title='bbox 778 3741 1182 3796; x_wconf 84' lang='lat' dir='ltr'><strong>factusinfelix</strong></span> <span class='ocrx_word' id='word_1_357' title='bbox 1205 3743 1506 3797; x_wconf 88' lang='lat' dir='ltr'><strong>menbrum</strong></span> <span class='ocrx_word' id='word_1_358' title='bbox 1539 3740 1696 3798; x_wconf 90' lang='lat' dir='ltr'><strong>illius</strong></span> <span class='ocrx_word' id='word_1_359' title='bbox 1728 3742 1824 3812; x_wconf 92' lang='lat' dir='ltr'><strong>qui</strong></span> <span class='ocrx_word' id='word_1_360' title='bbox 1875 3747 1965 3798; x_wconf 92' lang='lat' dir='ltr'><strong>est</strong></span> <span class='ocrx_word' id='word_1_361' title='bbox 1993 3757 2095 3798; x_wconf 83' lang='lat' dir='ltr'><strong>rex</strong></span> 
     </span>
    </p>
   </div>
   <div class='ocr_carea' id='block_1_54' title="bbox 455 3826 2094 3900">
    <p class='ocr_par' dir='ltr' id='par_1_54' title="bbox 455 3826 2094 3900">
     <span class='ocr_line' id='line_1_54' title="bbox 455 3826 2094 3900; baseline 0.001 -18"><span class='ocrx_word' id='word_1_362' title='bbox 455 3840 637 3898; x_wconf 90' lang='lat' dir='ltr'><strong>super</strong></span> <span class='ocrx_word' id='word_1_363' title='bbox 667 3841 864 3882; x_wconf 89' lang='lat' dir='ltr'><strong>omnes</strong></span> <span class='ocrx_word' id='word_1_364' title='bbox 889 3826 1039 3883; x_wconf 84' lang='lat' dir='ltr'><strong>filios</strong></span> <span class='ocrx_word' id='word_1_365' title='bbox 1063 3827 1370 3898; x_wconf 69' lang='lat' dir='ltr'><strong>superbim.</strong></span> <span class='ocrx_word' id='word_1_366' title='bbox 1395 3827 1697 3900; x_wconf 88' lang='lat' dir='ltr'><strong>lmpletum</strong></span> <span class='ocrx_word' id='word_1_367' title='bbox 1731 3834 1816 3884; x_wconf 88' lang='lat' dir='ltr'><strong>est</strong></span> <span class='ocrx_word' id='word_1_368' title='bbox 1867 3843 2006 3886; x_wconf 89' lang='lat' dir='ltr'><strong>sane</strong></span> <span class='ocrx_word' id='word_1_369' title='bbox 2039 3830 2094 3884; x_wconf 91' lang='lat' dir='ltr'><strong>in</strong></span> 
     </span>
    </p>
   </div>
   <div class='ocr_carea' id='block_1_55' title="bbox 453 3911 2095 3987">
    <p class='ocr_par' dir='ltr' id='par_1_55' title="bbox 453 3911 2095 3987">
     <span class='ocr_line' id='line_1_55' title="bbox 453 3911 2095 3987; baseline 0.003 -19"><span class='ocrx_word' id='word_1_370' title='bbox 453 3929 522 3968; x_wconf 90' lang='lat' dir='ltr'><strong>eo</strong></span> <span class='ocrx_word' id='word_1_371' title='bbox 547 3911 688 3969; x_wconf 89' lang='lat' dir='ltr'><strong>illud</strong></span> <span class='ocrx_word' id='word_1_372' title='bbox 718 3913 1022 3969; x_wconf 61' lang='lat' dir='ltr'><strong>Jberemiae</strong></span> <span class='ocrx_word' id='word_1_373' title='bbox 1043 3915 1400 3985; x_wconf 89' lang='lat' dir='ltr'><strong>vaticinium,</strong></span> <span class='ocrx_word' id='word_1_374' title='bbox 1453 3930 1567 3985; x_wconf 91' lang='lat' dir='ltr'><strong>quo</strong></span> <span class='ocrx_word' id='word_1_375' title='bbox 1591 3921 1864 3987; x_wconf 80' lang='lat' dir='ltr'><strong>suscepta</strong></span> <span class='ocrx_word' id='word_1_376' title='bbox 1915 3917 1970 3972; x_wconf 92' lang='lat' dir='ltr'><strong>in</strong></span> <span class='ocrx_word' id='word_1_377' title='bbox 2033 3931 2095 3973; x_wconf 90' lang='lat' dir='ltr'><strong>se</strong></span> 
     </span>
    </p>
   </div>
   <div class='ocr_carea' id='block_1_56' title="bbox 455 4001 2095 4076">
    <p class='ocr_par' dir='ltr' id='par_1_56' title="bbox 455 4001 2095 4076">
     <span class='ocr_line' id='line_1_56' title="bbox 455 4001 2095 4076; baseline 0.003 -21"><span class='ocrx_word' id='word_1_378' title='bbox 455 4001 919 4058; x_wconf 61' lang='lat' dir='ltr'><strong>totiushumauie</strong></span> <span class='ocrx_word' id='word_1_379' title='bbox 947 4003 1412 4058; x_wconf 89' lang='lat' dir='ltr'><strong>conversationis</strong></span> <span class='ocrx_word' id='word_1_380' title='bbox 1443 4005 1638 4074; x_wconf 89' lang='lat' dir='ltr'><strong>specie</strong></span> <span class='ocrx_word' id='word_1_381' title='bbox 1664 4005 2095 4076; x_wconf 88' lang='lat' dir='ltr'><strong>perlamentum</strong></span> 
     </span>
    </p>
   </div>
   <div class='ocr_carea' id='block_1_57' title="bbox 455 4089 2092 4163">
    <p class='ocr_par' dir='ltr' id='par_1_57' title="bbox 455 4089 2092 4163">
     <span class='ocr_line' id='line_1_57' title="bbox 455 4089 2092 4163; baseline 0.004 -20"><span class='ocrx_word' id='word_1_382' title='bbox 455 4089 723 4158; x_wconf 88' lang='lat' dir='ltr'><strong>queritur</strong></span> <span class='ocrx_word' id='word_1_383' title='bbox 738 4089 966 4145; x_wconf 89' lang='lat' dir='ltr'><strong>dicens:</strong></span> <span class='ocrx_word' id='word_1_384' title='bbox 985 4089 1422 4146; x_wconf 68' lang='lat' dir='ltr'><strong>Inebriaeitme</strong></span> <span class='ocrx_word' id='word_1_385' title='bbox 1434 4091 1737 4150; x_wconf 75' lang='lat' dir='ltr'><strong>absinthio</strong></span> <span class='ocrx_word' id='word_1_386' title='bbox 1752 4093 1992 4159; x_wconf 63' lang='lat' dir='ltr'><strong>(Three.</strong></span> <span class='ocrx_word' id='word_1_387' title='bbox 2011 4109 2092 4163; x_wconf 81' lang='grc' dir='ltr'><strong>ιιι,</strong></span> 
     </span>
    </p>
   </div>
   <div class='ocr_carea' id='block_1_58' title="bbox 455 4176 2095 4250">
    <p class='ocr_par' dir='ltr' id='par_1_58' title="bbox 455 4176 2095 4250">
     <span class='ocr_line' id='line_1_58' title="bbox 455 4176 2095 4250; baseline 0.004 -18"><span class='ocrx_word' id='word_1_388' title='bbox 455 4176 568 4246; x_wconf 74' lang='lat'><strong>15.)</strong></span> <span class='ocrx_word' id='word_1_389' title='bbox 591 4177 802 4232; x_wconf 86' lang='lat' dir='ltr'><strong>Ebrius</strong></span> <span class='ocrx_word' id='word_1_390' title='bbox 822 4177 974 4231; x_wconf 89' lang='lat' dir='ltr'><strong>enim</strong></span> <span class='ocrx_word' id='word_1_391' title='bbox 1005 4178 1155 4247; x_wconf 90' lang='lat' dir='ltr'><strong>quod</strong></span> <span class='ocrx_word' id='word_1_392' title='bbox 1184 4180 1406 4250; x_wconf 89' lang='lat' dir='ltr'><strong>patitur</strong></span> <span class='ocrx_word' id='word_1_393' title='bbox 1453 4181 1660 4236; x_wconf 90' lang='lat' dir='ltr'><strong>nescit.</strong></span> <span class='ocrx_word' id='word_1_394' title='bbox 1689 4181 1795 4246; x_wconf 90' lang='lat' dir='ltr'><strong>Qui</strong></span> <span class='ocrx_word' id='word_1_395' title='bbox 1819 4198 1958 4238; x_wconf 89' lang='lat' dir='ltr'><strong>vero</strong></span> <span class='ocrx_word' id='word_1_396' title='bbox 2000 4184 2095 4238; x_wconf 88' lang='lat' dir='ltr'><strong>ab-</strong></span> 
     </span>
    </p>
   </div>
   <div class='ocr_carea' id='block_1_59' title="bbox 455 4263 2091 4340">
    <p class='ocr_par' dir='ltr' id='par_1_59' title="bbox 455 4263 2091 4340">
     <span class='ocr_line' id='line_1_59' title="bbox 455 4263 2091 4340; baseline 0.006 -23"><span class='ocrx_word' id='word_1_397' title='bbox 455 4263 674 4318; x_wconf 89' lang='lat' dir='ltr'><strong>sinthio</strong></span> <span class='ocrx_word' id='word_1_398' title='bbox 691 4263 1030 4332; x_wconf 89' lang='lat' dir='ltr'><strong>inebriatur,</strong></span> <span class='ocrx_word' id='word_1_399' title='bbox 1057 4265 1239 4320; x_wconf 88' lang='lat' dir='ltr'><strong>ethoc</strong></span> <span class='ocrx_word' id='word_1_400' title='bbox 1273 4267 1425 4336; x_wconf 90' lang='lat' dir='ltr'><strong>quod</strong></span> <span class='ocrx_word' id='word_1_401' title='bbox 1444 4269 1690 4339; x_wconf 90' lang='lat' dir='ltr'><strong>sumpsit</strong></span> <span class='ocrx_word' id='word_1_402' title='bbox 1707 4284 1961 4326; x_wconf 88' lang='lat' dir='ltr'><strong>amarum</strong></span> <span class='ocrx_word' id='word_1_403' title='bbox 1979 4276 2091 4340; x_wconf 88' lang='lat' dir='ltr'><strong>est,</strong></span> 
     </span>
    </p>
   </div>
   <div class='ocr_carea' id='block_1_60' title="bbox 453 4350 2089 4429">
    <p class='ocr_par' dir='ltr' id='par_1_60' title="bbox 453 4350 2089 4429">
     <span class='ocr_line' id='line_1_60' title="bbox 453 4350 2089 4429; baseline 0.006 -24"><span class='ocrx_word' id='word_1_404' title='bbox 453 4353 516 4405; x_wconf 90' lang='lat' dir='ltr'><strong>et</strong></span> <span class='ocrx_word' id='word_1_405' title='bbox 542 4351 735 4404; x_wconf 88' lang='lat' dir='ltr'><strong>tamen</strong></span> <span class='ocrx_word' id='word_1_406' title='bbox 760 4350 1160 4421; x_wconf 81' lang='lat' dir='ltr'><strong>nonintelligit</strong></span> <span class='ocrx_word' id='word_1_407' title='bbox 1185 4353 1628 4410; x_wconf 88' lang='lat' dir='ltr'><strong>amaritudinem</strong></span> <span class='ocrx_word' id='word_1_408' title='bbox 1659 4371 1767 4426; x_wconf 88' lang='lat' dir='ltr'><strong>qua</strong></span> <span class='ocrx_word' id='word_1_409' title='bbox 1804 4358 2089 4429; x_wconf 88' lang='lat' dir='ltr'><strong>repletur.</strong></span> 
     </span>
    </p>
   </div>
   <div class='ocr_carea' id='block_1_61' title="bbox 455 4435 2097 4515">
    <p class='ocr_par' dir='ltr' id='par_1_61' title="bbox 455 4435 2097 4515">
     <span class='ocr_line' id='line_1_61' title="bbox 455 4435 2097 4515; baseline 0.006 -23"><span class='ocrx_word' id='word_1_410' title='bbox 455 4435 598 4508; x_wconf 82' lang='lat' dir='ltr'><strong>(F01.</strong></span> <span class='ocrx_word' id='word_1_411' title='bbox 635 4436 802 4508; x_wconf 75' lang='lat'><strong>107’.)</strong></span> <span class='ocrx_word' id='word_1_412' title='bbox 831 4437 924 4493; x_wconf 91' lang='lat' dir='ltr'><strong>Sic</strong></span> <span class='ocrx_word' id='word_1_413' title='bbox 955 4445 1014 4494; x_wconf 89' lang='lat' dir='ltr'><strong>et</strong></span> <span class='ocrx_word' id='word_1_414' title='bbox 1047 4439 1138 4494; x_wconf 93' lang='lat' dir='ltr'><strong>hic</strong></span> <span class='ocrx_word' id='word_1_415' title='bbox 1171 4440 1442 4498; x_wconf 88' lang='lat' dir='ltr'><strong>dimissus</strong></span> <span class='ocrx_word' id='word_1_416' title='bbox 1481 4442 1886 4515; x_wconf 89' lang='lat' dir='ltr'><strong>voluptatibus</strong></span> <span class='ocrx_word' id='word_1_417' title='bbox 1903 4447 2097 4503; x_wconf 87' lang='lat' dir='ltr'><strong>suiset</strong></span> 
     </span>
    </p>
   </div>
   <div class='ocr_carea' id='block_1_62' title="bbox 456 4526 2092 4600">
    <p class='ocr_par' dir='ltr' id='par_1_62' title="bbox 456 4526 2092 4600">
     <span class='ocr_line' id='line_1_62' title="bbox 456 4526 2092 4600; baseline 0.005 -18"><span class='ocrx_word' id='word_1_418' title='bbox 456 4541 560 4597; x_wconf 90' lang='lat' dir='ltr'><strong>per</strong></span> <span class='ocrx_word' id='word_1_419' title='bbox 589 4540 689 4582; x_wconf 88' lang='lat' dir='ltr'><strong>eas</strong></span> <span class='ocrx_word' id='word_1_420' title='bbox 714 4526 1056 4597; x_wconf 89' lang='lat' dir='ltr'><strong>spontaneis</strong></span> <span class='ocrx_word' id='word_1_421' title='bbox 1079 4527 1855 4600; x_wconf 88' lang='lat' dir='ltr'><strong>tribulationibustraditus,</strong></span> <span class='ocrx_word' id='word_1_422' title='bbox 1899 4536 2092 4590; x_wconf 78' lang='lat' dir='ltr'><strong>absin-</strong></span> 
     </span>
    </p>
   </div>
   <div class='ocr_carea' id='block_1_63' title="bbox 2207 1971 3763 2045">
    <p class='ocr_par' dir='ltr' id='par_1_63' title="bbox 2207 1971 3763 2045">
     <span class='ocr_line' id='line_1_63' title="bbox 2207 1971 3763 2045; baseline -0.002 -16"><span class='ocrx_word' id='word_1_423' title='bbox 2207 1975 2367 2029; x_wconf 70' lang='lat' dir='ltr'><strong>sticze</strong></span> <span class='ocrx_word' id='word_1_424' title='bbox 2400 1971 2768 2044; x_wconf 85' lang='lat' dir='ltr'><strong>spurcissimi</strong></span> <span class='ocrx_word' id='word_1_425' title='bbox 2787 1973 3560 2045; x_wconf 89' lang='lat' dir='ltr'><strong>ettemerariicorruptores,</strong></span> <span class='ocrx_word' id='word_1_426' title='bbox 3584 1973 3763 2043; x_wconf 82' lang='lat' dir='ltr'><strong>suisjam</strong></span> 
     </span>
    </p>
   </div>
   <div class='ocr_carea' id='block_1_64' title="bbox 2205 2060 3768 2131">
    <p class='ocr_par' dir='ltr' id='par_1_64' title="bbox 2205 2060 3768 2131">
     <span class='ocr_line' id='line_1_64' title="bbox 2205 2060 3768 2131; baseline 0.002 -16"><span class='ocrx_word' id='word_1_427' title='bbox 2205 2062 2526 2131; x_wconf 90' lang='lat' dir='ltr'><strong>laboribus,</strong></span> <span class='ocrx_word' id='word_1_428' title='bbox 2545 2060 3049 2131; x_wconf 89' lang='lat' dir='ltr'><strong>tribulationibus,</strong></span> <span class='ocrx_word' id='word_1_429' title='bbox 3065 2061 3425 2119; x_wconf 88' lang='lat' dir='ltr'><strong>tortionibus</strong></span> <span class='ocrx_word' id='word_1_430' title='bbox 3437 2068 3489 2116; x_wconf 91' lang='lat' dir='ltr'><strong>et</strong></span> <span class='ocrx_word' id='word_1_431' title='bbox 3505 2061 3768 2118; x_wconf 86' lang='lat' dir='ltr'><strong>calamitati.</strong></span> 
     </span>
    </p>
   </div>
   <div class='ocr_carea' id='block_1_65' title="bbox 2205 2149 3764 2220">
    <p class='ocr_par' dir='ltr' id='par_1_65' title="bbox 2205 2149 3764 2220">
     <span class='ocr_line' id='line_1_65' title="bbox 2205 2149 3764 2220; baseline -0.003 -14"><span class='ocrx_word' id='word_1_432' title='bbox 2205 2153 2312 2206; x_wconf 91' lang='lat' dir='ltr'><strong>bus</strong></span> <span class='ocrx_word' id='word_1_433' title='bbox 2329 2150 2472 2206; x_wconf 87' lang='lat' dir='ltr'><strong>satis</strong></span> <span class='ocrx_word' id='word_1_434' title='bbox 2485 2163 2777 2220; x_wconf 88' lang='lat' dir='ltr'><strong>superque</strong></span> <span class='ocrx_word' id='word_1_435' title='bbox 2793 2155 3153 2220; x_wconf 88' lang='lat' dir='ltr'><strong>compertum</strong></span> <span class='ocrx_word' id='word_1_436' title='bbox 3169 2149 3236 2205; x_wconf 91' lang='lat' dir='ltr'><strong>ha</strong></span> <span class='ocrx_word' id='word_1_437' title='bbox 3247 2151 3342 2205; x_wconf 89' lang='lat' dir='ltr'><strong>bet</strong></span> <span class='ocrx_word' id='word_1_438' title='bbox 3361 2157 3541 2206; x_wconf 89' lang='lat' dir='ltr'><strong>mater</strong></span> <span class='ocrx_word' id='word_1_439' title='bbox 3552 2151 3764 2206; x_wconf 69' lang='lat' dir='ltr'><strong>aacclesia.</strong></span> 
     </span>
    </p>
   </div>
   <div class='ocr_carea' id='block_1_66' title="bbox 2204 2238 3766 2313">
    <p class='ocr_par' dir='ltr' id='par_1_66' title="bbox 2204 2238 3766 2313">
     <span class='ocr_line' id='line_1_66' title="bbox 2204 2238 3766 2313; baseline -0.003 -18"><span class='ocrx_word' id='word_1_440' title='bbox 2204 2238 2496 2313; x_wconf 83' lang='lat' dir='ltr'><strong>Episcopi,</strong></span> <span class='ocrx_word' id='word_1_441' title='bbox 2517 2238 2766 2307; x_wconf 89' lang='lat' dir='ltr'><strong>inquam,</strong></span> <span class='ocrx_word' id='word_1_442' title='bbox 2786 2238 2832 2292; x_wconf 92' lang='lat' dir='ltr'><strong>si</strong></span> <span class='ocrx_word' id='word_1_443' title='bbox 2855 2243 3043 2293; x_wconf 89' lang='lat' dir='ltr'><strong>tamen</strong></span> <span class='ocrx_word' id='word_1_444' title='bbox 3059 2239 3323 2310; x_wconf 90' lang='lat' dir='ltr'><strong>episcopi</strong></span> <span class='ocrx_word' id='word_1_445' title='bbox 3339 2239 3561 2295; x_wconf 88' lang='lat' dir='ltr'><strong>dicendi</strong></span> <span class='ocrx_word' id='word_1_446' title='bbox 3585 2240 3766 2308; x_wconf 85' lang='lat' dir='ltr'><strong>suntqui</strong></span> 
     </span>
    </p>
   </div>
   <div class='ocr_carea' id='block_1_67' title="bbox 2205 2326 3766 2400">
    <p class='ocr_par' dir='ltr' id='par_1_67' title="bbox 2205 2326 3766 2400">
     <span class='ocr_line' id='line_1_67' title="bbox 2205 2326 3766 2400; baseline -0.002 -18"><span class='ocrx_word' id='word_1_447' title='bbox 2205 2326 2811 2398; x_wconf 86' lang='lat' dir='ltr'><strong>inreprehensibiliter</strong></span> <span class='ocrx_word' id='word_1_448' title='bbox 2841 2327 3036 2382; x_wconf 85' lang='lat' dir='ltr'><strong>vive-re</strong></span> <span class='ocrx_word' id='word_1_449' title='bbox 3067 2327 3338 2383; x_wconf 89' lang='lat' dir='ltr'><strong>nolentes</strong></span> <span class='ocrx_word' id='word_1_450' title='bbox 3391 2335 3450 2384; x_wconf 88' lang='lat' dir='ltr'><strong>et</strong></span> <span class='ocrx_word' id='word_1_451' title='bbox 3482 2328 3711 2400; x_wconf 90' lang='lat' dir='ltr'><strong>reprendi</strong></span> <span class='ocrx_word' id='word_1_452' title='bbox 3751 2343 3766 2380; x_wconf 65' lang='grc' dir='ltr'>θ</span> 
     </span>
    </p>
   </div>
   <div class='ocr_carea' id='block_1_68' title="bbox 2204 2415 3769 2486">
    <p class='ocr_par' dir='ltr' id='par_1_68' title="bbox 2204 2415 3769 2486">
     <span class='ocr_line' id='line_1_68' title="bbox 2204 2415 3769 2486; baseline -0.002 -15"><span class='ocrx_word' id='word_1_453' title='bbox 2204 2416 2326 2473; x_wconf 89' lang='lat' dir='ltr'><strong>suis</strong></span> <span class='ocrx_word' id='word_1_454' title='bbox 2360 2415 2713 2486; x_wconf 90' lang='lat' dir='ltr'><strong>primoribus</strong></span> <span class='ocrx_word' id='word_1_455' title='bbox 2760 2416 3118 2484; x_wconf 83' lang='lat' dir='ltr'><strong>refugientes</strong></span> <span class='ocrx_word' id='word_1_456' title='bbox 3150 2416 3422 2472; x_wconf 91' lang='lat' dir='ltr'><strong>instituta</strong></span> <span class='ocrx_word' id='word_1_457' title='bbox 3453 2418 3698 2474; x_wconf 89' lang='lat' dir='ltr'><strong>canonica</strong></span> <span class='ocrx_word' id='word_1_458' title='bbox 3719 2422 3769 2469; x_wconf 73' lang='lat' dir='ltr'><strong>te</strong></span> 
     </span>
    </p>
   </div>
   <div class='ocr_carea' id='block_1_69' title="bbox 2205 2503 3767 2573">
    <p class='ocr_par' dir='ltr' id='par_1_69' title="bbox 2205 2503 3767 2573">
     <span class='ocr_line' id='line_1_69' title="bbox 2205 2503 3767 2573; baseline 0.001 -13"><span class='ocrx_word' id='word_1_459' title='bbox 2205 2511 2522 2573; x_wconf 89' lang='lat' dir='ltr'><strong>merantes,</strong></span> <span class='ocrx_word' id='word_1_460' title='bbox 2556 2509 2612 2558; x_wconf 90' lang='lat' dir='ltr'><strong>et</strong></span> <span class='ocrx_word' id='word_1_461' title='bbox 2638 2503 2912 2560; x_wconf 89' lang='lat' dir='ltr'><strong>canonica</strong></span> <span class='ocrx_word' id='word_1_462' title='bbox 2951 2504 3277 2560; x_wconf 90' lang='lat' dir='ltr'><strong>invectione</strong></span> <span class='ocrx_word' id='word_1_463' title='bbox 3309 2507 3495 2561; x_wconf 90' lang='lat' dir='ltr'><strong>notari</strong></span> <span class='ocrx_word' id='word_1_464' title='bbox 3552 2505 3767 2561; x_wconf 82' lang='lat' dir='ltr'><strong>nolentes.</strong></span> 
     </span>
    </p>
   </div>
   <div class='ocr_carea' id='block_1_70' title="bbox 2205 2592 3770 2666">
    <p class='ocr_par' dir='ltr' id='par_1_70' title="bbox 2205 2592 3770 2666">
     <span class='ocr_line' id='line_1_70' title="bbox 2205 2592 3770 2666; baseline -0.001 -18"><span class='ocrx_word' id='word_1_465' title='bbox 2205 2593 2312 2664; x_wconf 89' lang='lat' dir='ltr'><strong>ipsi</strong></span> <span class='ocrx_word' id='word_1_466' title='bbox 2346 2593 2519 2647; x_wconf 89' lang='lat' dir='ltr'><strong>etiam</strong></span> <span class='ocrx_word' id='word_1_467' title='bbox 2536 2592 2940 2647; x_wconf 89' lang='lat' dir='ltr'><strong>universorqu</strong></span> <span class='ocrx_word' id='word_1_468' title='bbox 2959 2593 3125 2647; x_wconf 91' lang='lat' dir='ltr'><strong>matri</strong></span> <span class='ocrx_word' id='word_1_469' title='bbox 3139 2593 3411 2650; x_wconf 73' lang='lat' dir='ltr'><strong>ecclesize</strong></span> <span class='ocrx_word' id='word_1_470' title='bbox 3424 2599 3481 2650; x_wconf 88' lang='lat' dir='ltr'><strong>et</strong></span> <span class='ocrx_word' id='word_1_471' title='bbox 3511 2592 3770 2666; x_wconf 65' lang='lat' dir='ltr'><strong>apostolica</strong></span> 
     </span>
    </p>
   </div>
   <div class='ocr_carea' id='block_1_71' title="bbox 2205 2680 3766 2754">
    <p class='ocr_par' dir='ltr' id='par_1_71' title="bbox 2205 2680 3766 2754">
     <span class='ocr_line' id='line_1_71' title="bbox 2205 2680 3766 2754; baseline -0.003 -17"><span class='ocrx_word' id='word_1_472' title='bbox 2205 2682 2330 2738; x_wconf 89' lang='lat' dir='ltr'><strong>sedi</strong></span> <span class='ocrx_word' id='word_1_473' title='bbox 2365 2681 2762 2754; x_wconf 63' lang='lat' dir='ltr'><strong>praejudicium</strong></span> <span class='ocrx_word' id='word_1_474' title='bbox 2801 2682 3082 2751; x_wconf 88' lang='lat' dir='ltr'><strong>fecerunt,</strong></span> <span class='ocrx_word' id='word_1_475' title='bbox 3128 2684 3332 2753; x_wconf 87' lang='lat' dir='ltr'><strong>procul</strong></span> <span class='ocrx_word' id='word_1_476' title='bbox 3367 2684 3540 2739; x_wconf 93' lang='lat' dir='ltr'><strong>dubio</strong></span> <span class='ocrx_word' id='word_1_477' title='bbox 3567 2680 3766 2752; x_wconf 79' lang='lat' dir='ltr'><strong>usquead</strong></span> 
     </span>
    </p>
   </div>
   <div class='ocr_carea' id='block_1_72' title="bbox 2202 2769 3767 2843">
    <p class='ocr_par' dir='ltr' id='par_1_72' title="bbox 2202 2769 3767 2843">
     <span class='ocr_line' id='line_1_72' title="bbox 2202 2769 3767 2843; baseline -0.003 -17"><span class='ocrx_word' id='word_1_478' title='bbox 2202 2773 2601 2840; x_wconf 90' lang='lat' dir='ltr'><strong>contemptum</strong></span> <span class='ocrx_word' id='word_1_479' title='bbox 2636 2769 2795 2824; x_wconf 92' lang='lat' dir='ltr'><strong>illius</strong></span> <span class='ocrx_word' id='word_1_480' title='bbox 2827 2771 3609 2843; x_wconf 88' lang='lat' dir='ltr'><strong>grassantes,quidiscipulis</strong></span> <span class='ocrx_word' id='word_1_481' title='bbox 3634 2771 3767 2828; x_wconf 84' lang='lat' dir='ltr'><strong>suiset</strong></span> 
     </span>
    </p>
   </div>
   <div class='ocr_carea' id='block_1_73' title="bbox 2205 2858 3766 2932">
    <p class='ocr_par' dir='ltr' id='par_1_73' title="bbox 2205 2858 3766 2932">
     <span class='ocr_line' id='line_1_73' title="bbox 2205 2858 3766 2932; baseline -0.001 -18"><span class='ocrx_word' id='word_1_482' title='bbox 2205 2874 2309 2931; x_wconf 91' lang='lat' dir='ltr'><strong>per</strong></span> <span class='ocrx_word' id='word_1_483' title='bbox 2321 2874 2420 2914; x_wconf 90' lang='lat' dir='ltr'><strong>eos</strong></span> <span class='ocrx_word' id='word_1_484' title='bbox 2442 2863 2660 2913; x_wconf 67' lang='lat' dir='ltr'><strong>sanctae</strong></span> <span class='ocrx_word' id='word_1_485' title='bbox 2675 2858 2958 2914; x_wconf 65' lang='lat' dir='ltr'><strong>{ecclesiae</strong></span> <span class='ocrx_word' id='word_1_486' title='bbox 2976 2859 3308 2916; x_wconf 89' lang='lat' dir='ltr'><strong>rectoribus</strong></span> <span class='ocrx_word' id='word_1_487' title='bbox 3326 2861 3593 2932; x_wconf 88' lang='lat' dir='ltr'><strong>loquitur,</strong></span> <span class='ocrx_word' id='word_1_488' title='bbox 3607 2861 3766 2916; x_wconf 85' lang='lat' dir='ltr'><strong>dicens:</strong></span> 
     </span>
    </p>
   </div>
   <div class='ocr_carea' id='block_1_74' title="bbox 2209 2946 3769 3019">
    <p class='ocr_par' dir='ltr' id='par_1_74' title="bbox 2209 2946 3769 3019">
     <span class='ocr_line' id='line_1_74' title="bbox 2209 2946 3769 3019; baseline -0.001 -18"><span class='ocrx_word' id='word_1_489' title='bbox 2209 2947 2322 3012; x_wconf 76' lang='lat' dir='ltr'><strong>Qui</strong></span> <span class='ocrx_word' id='word_1_490' title='bbox 2351 2961 2450 3001; x_wconf 77' lang='lat' dir='ltr'><strong>vos</strong></span> <span class='ocrx_word' id='word_1_491' title='bbox 2469 2946 2716 3019; x_wconf 72' lang='lat' dir='ltr'><strong>spernit,</strong></span> <span class='ocrx_word' id='word_1_492' title='bbox 2741 2961 2832 3000; x_wconf 82' lang='lat' dir='ltr'><strong>me</strong></span> <span class='ocrx_word' id='word_1_493' title='bbox 2859 2947 3260 3016; x_wconf 65' lang='lat' dir='ltr'><strong>sperniﬂlue.</strong></span> <span class='ocrx_word' id='word_1_494' title='bbox 3290 2963 3347 3018; x_wconf 85' lang='lat' dir='ltr'><strong>x,</strong></span> <span class='ocrx_word' id='word_1_495' title='bbox 3385 2951 3449 3005; x_wconf 78' lang='lat'><strong>16</strong></span> <span class='ocrx_word' id='word_1_496' title='bbox 3479 2966 3492 3014; x_wconf 88' lang='lat'><strong>;</strong></span> <span class='ocrx_word' id='word_1_497' title='bbox 3523 2963 3623 3004; x_wconf 90' lang='lat' dir='ltr'><strong>non</strong></span> <span class='ocrx_word' id='word_1_498' title='bbox 3637 2960 3769 3002; x_wconf 83' lang='lat' dir='ltr'><strong>recor-</strong></span> 
     </span>
    </p>
   </div>
   <div class='ocr_carea' id='block_1_75' title="bbox 2205 3033 3768 3106">
    <p class='ocr_par' dir='ltr' id='par_1_75' title="bbox 2205 3033 3768 3106">
     <span class='ocr_line' id='line_1_75' title="bbox 2205 3033 3768 3106; baseline 0 -16"><span class='ocrx_word' id='word_1_499' title='bbox 2205 3037 2414 3090; x_wconf 86' lang='lat' dir='ltr'><strong>dantes</strong></span> <span class='ocrx_word' id='word_1_500' title='bbox 2447 3034 2814 3089; x_wconf 75' lang='lat' dir='ltr'><strong>decretorum</strong></span> <span class='ocrx_word' id='word_1_501' title='bbox 2847 3033 2980 3089; x_wconf 83' lang='lat' dir='ltr'><strong>Julii</strong></span> <span class='ocrx_word' id='word_1_502' title='bbox 3008 3037 3402 3106; x_wconf 77' lang='lat' dir='ltr'><strong>papzequibus</strong></span> <span class='ocrx_word' id='word_1_503' title='bbox 3417 3042 3672 3094; x_wconf 76' lang='lat' dir='ltr'><strong>statutum</strong></span> <span class='ocrx_word' id='word_1_504' title='bbox 3697 3041 3768 3090; x_wconf 87' lang='lat' dir='ltr'><strong>est.</strong></span> 
     </span>
    </p>
   </div>
   <div class='ocr_carea' id='block_1_76' title="bbox 2205 3123 3773 3196">
    <p class='ocr_par' dir='ltr' id='par_1_76' title="bbox 2205 3123 3773 3196">
     <span class='ocr_line' id='line_1_76' title="bbox 2205 3123 3773 3196; baseline -0.001 -18"><span class='ocrx_word' id='word_1_505' title='bbox 2205 3129 2269 3179; x_wconf 91' lang='lat' dir='ltr'><strong>ut</strong></span> <span class='ocrx_word' id='word_1_506' title='bbox 2293 3123 2444 3178; x_wconf 86' lang='lat' dir='ltr'><strong>vires</strong></span> <span class='ocrx_word' id='word_1_507' title='bbox 2463 3138 2571 3177; x_wconf 92' lang='lat' dir='ltr'><strong>non</strong></span> <span class='ocrx_word' id='word_1_508' title='bbox 2590 3123 2796 3178; x_wconf 89' lang='lat' dir='ltr'><strong>habeat</strong></span> <span class='ocrx_word' id='word_1_509' title='bbox 2823 3123 3100 3194; x_wconf 89' lang='lat' dir='ltr'><strong>quidquid</strong></span> <span class='ocrx_word' id='word_1_510' title='bbox 3119 3125 3467 3196; x_wconf 63' lang='lat' dir='ltr'><strong>apostolicae</strong></span> <span class='ocrx_word' id='word_1_511' title='bbox 3482 3125 3773 3182; x_wconf 81' lang='lat' dir='ltr'><strong>sedisaucto—</strong></span> 
     </span>
    </p>
   </div>
   <div class='ocr_carea' id='block_1_77' title="bbox 2207 3211 3775 3280">
    <p class='ocr_par' dir='ltr' id='par_1_77' title="bbox 2207 3211 3775 3280">
     <span class='ocr_line' id='line_1_77' title="bbox 2207 3211 3775 3280; baseline -0.001 -14"><span class='ocrx_word' id='word_1_512' title='bbox 2207 3213 2382 3267; x_wconf 88' lang='lat' dir='ltr'><strong>ritate</strong></span> <span class='ocrx_word' id='word_1_513' title='bbox 2412 3211 2695 3279; x_wconf 88' lang='lat' dir='ltr'><strong>obviaret,</strong></span> <span class='ocrx_word' id='word_1_514' title='bbox 2732 3212 3000 3280; x_wconf 88' lang='lat' dir='ltr'><strong>quoniam</strong></span> <span class='ocrx_word' id='word_1_515' title='bbox 3033 3212 3234 3268; x_wconf 89' lang='lat' dir='ltr'><strong>eadem</strong></span> <span class='ocrx_word' id='word_1_516' title='bbox 3266 3215 3445 3271; x_wconf 80' lang='lat' dir='ltr'><strong>sedes</strong></span> <span class='ocrx_word' id='word_1_517' title='bbox 3483 3218 3775 3270; x_wconf 73' lang='lat' dir='ltr'><strong>testanteve</strong></span> 
     </span>
    </p>
   </div>
   <div class='ocr_carea' id='block_1_78' title="bbox 2126 3286 3770 3374">
    <p class='ocr_par' dir='ltr' id='par_1_78' title="bbox 2126 3286 3770 3374">
     <span class='ocr_line' id='line_1_78' title="bbox 2126 3286 3770 3374; baseline -0.002 -19"><span class='ocrx_word' id='word_1_518' title='bbox 2126 3286 2174 3348; x_wconf 84' lang='lat' dir='ltr'>C</span> <span class='ocrx_word' id='word_1_519' title='bbox 2207 3300 2402 3356; x_wconf 87' lang='lat' dir='ltr'><strong>ritatis</strong></span> <span class='ocrx_word' id='word_1_520' title='bbox 2421 3314 2560 3355; x_wconf 89' lang='lat' dir='ltr'><strong>voce</strong></span> <span class='ocrx_word' id='word_1_521' title='bbox 2589 3299 3157 3370; x_wconf 90' lang='lat' dir='ltr'><strong>primumprimatum</strong></span> <span class='ocrx_word' id='word_1_522' title='bbox 3182 3302 3466 3372; x_wconf 89' lang='lat' dir='ltr'><strong>optinuit,</strong></span> <span class='ocrx_word' id='word_1_523' title='bbox 3499 3317 3614 3374; x_wconf 64' lang='lat' dir='ltr'><strong>qum</strong></span> <span class='ocrx_word' id='word_1_524' title='bbox 3643 3300 3770 3374; x_wconf 83' lang='lat' dir='ltr'><strong>prima</strong></span> 
     </span>
    </p>
   </div>
   <div class='ocr_carea' id='block_1_79' title="bbox 2205 3387 3774 3463">
    <p class='ocr_par' dir='ltr' id='par_1_79' title="bbox 2205 3387 3774 3463">
     <span class='ocr_line' id='line_1_79' title="bbox 2205 3387 3774 3463; baseline -0.003 -19"><span class='ocrx_word' id='word_1_525' title='bbox 2205 3405 2314 3445; x_wconf 93' lang='lat' dir='ltr'><strong>non</strong></span> <span class='ocrx_word' id='word_1_526' title='bbox 2339 3389 2654 3457; x_wconf 87' lang='lat' dir='ltr'><strong>diceretur,</strong></span> <span class='ocrx_word' id='word_1_527' title='bbox 2690 3387 2919 3443; x_wconf 88' lang='lat' dir='ltr'><strong>sialiain</strong></span> <span class='ocrx_word' id='word_1_528' title='bbox 2951 3403 3128 3460; x_wconf 89' lang='lat' dir='ltr'><strong>super</strong></span> <span class='ocrx_word' id='word_1_529' title='bbox 3144 3391 3464 3448; x_wconf 85' lang='lat' dir='ltr'><strong>schabcret</strong></span> <span class='ocrx_word' id='word_1_530' title='bbox 3484 3407 3630 3463; x_wconf 81' lang='lat' dir='ltr'><strong>;qu:e</strong></span> <span class='ocrx_word' id='word_1_531' title='bbox 3651 3389 3774 3446; x_wconf 84' lang='lat' dir='ltr'><strong>etiam</strong></span> 
     </span>
    </p>
   </div>
   <div class='ocr_carea' id='block_1_80' title="bbox 2203 3477 3778 3551">
    <p class='ocr_par' dir='ltr' id='par_1_80' title="bbox 2203 3477 3778 3551">
     <span class='ocr_line' id='line_1_80' title="bbox 2203 3477 3778 3551; baseline -0.001 -19"><span class='ocrx_word' id='word_1_532' title='bbox 2203 3483 2380 3548; x_wconf 88' lang='lat' dir='ltr'><strong>caput</strong></span> <span class='ocrx_word' id='word_1_533' title='bbox 2421 3483 2508 3532; x_wconf 89' lang='lat' dir='ltr'><strong>est</strong></span> <span class='ocrx_word' id='word_1_534' title='bbox 2537 3477 2788 3532; x_wconf 89' lang='lat' dir='ltr'><strong>omnium</strong></span> <span class='ocrx_word' id='word_1_535' title='bbox 2821 3477 3238 3549; x_wconf 74' lang='lat' dir='ltr'><strong>:ecclesiarum,</strong></span> <span class='ocrx_word' id='word_1_536' title='bbox 3263 3495 3295 3534; x_wconf 89' lang='lat' dir='ltr'><strong>a</strong></span> <span class='ocrx_word' id='word_1_537' title='bbox 3323 3496 3434 3551; x_wconf 88' lang='lat' dir='ltr'><strong>qua</strong></span> <span class='ocrx_word' id='word_1_538' title='bbox 3465 3494 3646 3537; x_wconf 90' lang='lat' dir='ltr'><strong>omnes</strong></span> <span class='ocrx_word' id='word_1_539' title='bbox 3672 3491 3778 3534; x_wconf 87' lang='lat' dir='ltr'><strong>sum-</strong></span> 
     </span>
    </p>
   </div>
   <div class='ocr_carea' id='block_1_81' title="bbox 2207 3564 3777 3640">
    <p class='ocr_par' dir='ltr' id='par_1_81' title="bbox 2207 3564 3777 3640">
     <span class='ocr_line' id='line_1_81' title="bbox 2207 3564 3777 3640; baseline -0.002 -19"><span class='ocrx_word' id='word_1_540' title='bbox 2207 3579 2374 3638; x_wconf 90' lang='lat' dir='ltr'><strong>psere</strong></span> <span class='ocrx_word' id='word_1_541' title='bbox 2396 3565 2700 3633; x_wconf 83' lang='lat' dir='ltr'><strong>originem.</strong></span> <span class='ocrx_word' id='word_1_542' title='bbox 2720 3564 3035 3620; x_wconf 82' lang='lat' dir='ltr'><strong>Primatum</strong></span> <span class='ocrx_word' id='word_1_543' title='bbox 3051 3566 3201 3622; x_wconf 90' lang='lat' dir='ltr'><strong>enim</strong></span> <span class='ocrx_word' id='word_1_544' title='bbox 3218 3583 3333 3623; x_wconf 90' lang='lat' dir='ltr'><strong>non</strong></span> <span class='ocrx_word' id='word_1_545' title='bbox 3361 3567 3777 3640; x_wconf 77' lang='lat' dir='ltr'><strong>synodalibusaul</strong></span> 
     </span>
    </p>
   </div>
   <div class='ocr_carea' id='block_1_82' title="bbox 2207 3653 3780 3727">
    <p class='ocr_par' dir='ltr' id='par_1_82' title="bbox 2207 3653 3780 3727">
     <span class='ocr_line' id='line_1_82' title="bbox 2207 3653 3780 3727; baseline -0.002 -18"><span class='ocrx_word' id='word_1_546' title='bbox 2207 3653 2503 3724; x_wconf 88' lang='lat' dir='ltr'><strong>aliquibus</strong></span> <span class='ocrx_word' id='word_1_547' title='bbox 2524 3653 2937 3708; x_wconf 82' lang='lat' dir='ltr'><strong>commentatis</strong></span> <span class='ocrx_word' id='word_1_548' title='bbox 2971 3655 3180 3710; x_wconf 87' lang='lat' dir='ltr'><strong>meruit</strong></span> <span class='ocrx_word' id='word_1_549' title='bbox 3216 3655 3528 3727; x_wconf 90' lang='lat' dir='ltr'><strong>institutis,</strong></span> <span class='ocrx_word' id='word_1_550' title='bbox 3545 3653 3780 3712; x_wconf 88' lang='lat' dir='ltr'><strong>sedDomi-</strong></span> 
     </span>
    </p>
   </div>
   <div class='ocr_carea' id='block_1_83' title="bbox 2207 3741 3782 3818">
    <p class='ocr_par' dir='ltr' id='par_1_83' title="bbox 2207 3741 3782 3818">
     <span class='ocr_line' id='line_1_83' title="bbox 2207 3741 3782 3818; baseline 0.001 -21"><span class='ocrx_word' id='word_1_551' title='bbox 2207 3757 2279 3797; x_wconf 93' lang='lat' dir='ltr'><strong>no</strong></span> <span class='ocrx_word' id='word_1_552' title='bbox 2312 3742 2616 3810; x_wconf 82' lang='lat' dir='ltr'><strong>largiente,</strong></span> <span class='ocrx_word' id='word_1_553' title='bbox 2653 3741 2750 3810; x_wconf 90' lang='lat' dir='ltr'><strong>qui</strong></span> <span class='ocrx_word' id='word_1_554' title='bbox 2782 3742 2864 3796; x_wconf 89' lang='lat' dir='ltr'><strong>ait</strong></span> <span class='ocrx_word' id='word_1_555' title='bbox 2899 3762 2910 3796; x_wconf 90' lang='lat'>:</span> <span class='ocrx_word' id='word_1_556' title='bbox 2953 3743 3038 3798; x_wconf 77' lang='lat' dir='ltr'><strong>Tu</strong></span> <span class='ocrx_word' id='word_1_557' title='bbox 3067 3757 3128 3800; x_wconf 79' lang='lat' dir='ltr'><strong>es</strong></span> <span class='ocrx_word' id='word_1_558' title='bbox 3154 3743 3400 3815; x_wconf 71' lang='lat' dir='ltr'><strong>Petrus,</strong></span> <span class='ocrx_word' id='word_1_559' title='bbox 3425 3746 3482 3803; x_wconf 74' lang='lat' dir='ltr'><strong>et</strong></span> <span class='ocrx_word' id='word_1_560' title='bbox 3507 3742 3782 3818; x_wconf 57' lang='lat' dir='ltr'><strong>supernam</strong></span> 
     </span>
    </p>
   </div>
   <div class='ocr_carea' id='block_1_84' title="bbox 2196 3828 3328 3902">
    <p class='ocr_par' dir='ltr' id='par_1_84' title="bbox 2196 3828 3328 3902">
     <span class='ocr_line' id='line_1_84' title="bbox 2196 3828 3328 3902; baseline 0.003 -16"><span class='ocrx_word' id='word_1_561' title='bbox 2196 3832 2435 3902; x_wconf 77' lang='lat' dir='ltr'><strong>petram</strong></span> <span class='ocrx_word' id='word_1_562' title='bbox 2465 3828 2769 3900; x_wconf 63' lang='lat' dir='ltr'><strong>aediﬁcabo</strong></span> <span class='ocrx_word' id='word_1_563' title='bbox 2798 3831 3328 3889; x_wconf 79' lang='lat' dir='ltr'><strong>eeclesiammeam.</strong></span> 
     </span>
    </p>
   </div>
   <div class='ocr_carea' id='block_1_85' title="bbox 2279 3916 3779 3992">
    <p class='ocr_par' dir='ltr' id='par_1_85' title="bbox 2279 3916 3779 3992">
     <span class='ocr_line' id='line_1_85' title="bbox 2279 3916 3779 3992; baseline -0.001 -20"><span class='ocrx_word' id='word_1_564' title='bbox 2279 3919 2391 3972; x_wconf 86' lang='lat' dir='ltr'><strong>llec</strong></span> <span class='ocrx_word' id='word_1_565' title='bbox 2419 3916 2606 3972; x_wconf 88' lang='lat' dir='ltr'><strong>Julius</strong></span> <span class='ocrx_word' id='word_1_566' title='bbox 2639 3917 2709 3972; x_wconf 89' lang='lat' dir='ltr'><strong>de</strong></span> <span class='ocrx_word' id='word_1_567' title='bbox 2738 3917 2991 3987; x_wconf 89' lang='lat' dir='ltr'><strong>primatu</strong></span> <span class='ocrx_word' id='word_1_568' title='bbox 3013 3919 3176 3974; x_wconf 69' lang='lat' dir='ltr'><strong>redis</strong></span> <span class='ocrx_word' id='word_1_569' title='bbox 3207 3923 3549 3992; x_wconf 61' lang='lat' dir='ltr'><strong>apostolica:</strong></span> <span class='ocrx_word' id='word_1_570' title='bbox 3565 3918 3779 3992; x_wconf 87' lang='lat' dir='ltr'><strong>loquitur.</strong></span> 
     </span>
    </p>
   </div>
   <div class='ocr_carea' id='block_1_86' title="bbox 2167 4005 3783 4078">
    <p class='ocr_par' dir='ltr' id='par_1_86' title="bbox 2167 4005 3783 4078">
     <span class='ocr_line' id='line_1_86' title="bbox 2167 4005 3783 4078; baseline 0.001 -16"><span class='ocrx_word' id='word_1_571' title='bbox 2167 4061 2174 4067; x_wconf 85' lang='grc'><em>,</em></span> <span class='ocrx_word' id='word_1_572' title='bbox 2208 4006 2300 4062; x_wconf 91' lang='lat' dir='ltr'><strong>cui</strong></span> <span class='ocrx_word' id='word_1_573' title='bbox 2320 4005 2571 4061; x_wconf 92' lang='lat' dir='ltr'><strong>omnium</strong></span> <span class='ocrx_word' id='word_1_574' title='bbox 2587 4005 2993 4077; x_wconf 89' lang='lat' dir='ltr'><strong>episcoporum</strong></span> <span class='ocrx_word' id='word_1_575' title='bbox 3020 4007 3480 4078; x_wconf 84' lang='lat' dir='ltr'><strong>ﬁnitivajudicia</strong></span> <span class='ocrx_word' id='word_1_576' title='bbox 3519 4015 3576 4065; x_wconf 87' lang='lat' dir='ltr'><strong>et</strong></span> <span class='ocrx_word' id='word_1_577' title='bbox 3605 4019 3783 4074; x_wconf 67' lang='lat' dir='ltr'><strong>congre-</strong></span> 
     </span>
    </p>
   </div>
   <div class='ocr_carea' id='block_1_87' title="bbox 2206 4093 3784 4168">
    <p class='ocr_par' dir='ltr' id='par_1_87' title="bbox 2206 4093 3784 4168">
     <span class='ocr_line' id='line_1_87' title="bbox 2206 4093 3784 4168; baseline -0.003 -18"><span class='ocrx_word' id='word_1_578' title='bbox 2206 4094 2526 4164; x_wconf 89' lang='lat' dir='ltr'><strong>gandarum</strong></span> <span class='ocrx_word' id='word_1_579' title='bbox 2557 4095 2904 4164; x_wconf 82' lang='lat' dir='ltr'><strong>synodorum</strong></span> <span class='ocrx_word' id='word_1_580' title='bbox 2923 4095 3395 4168; x_wconf 83' lang='lat' dir='ltr'><strong>dixitprivilegia</strong></span> <span class='ocrx_word' id='word_1_581' title='bbox 3420 4093 3784 4156; x_wconf 80' lang='lat' dir='ltr'><strong>reservata.Ve-</strong></span> 
     </span>
    </p>
   </div>
   <div class='ocr_carea' id='block_1_88' title="bbox 2209 4181 3782 4258">
    <p class='ocr_par' dir='ltr' id='par_1_88' title="bbox 2209 4181 3782 4258">
     <span class='ocr_line' id='line_1_88' title="bbox 2209 4181 3782 4258; baseline -0.002 -20"><span class='ocrx_word' id='word_1_582' title='bbox 2209 4197 2334 4238; x_wconf 89' lang='lat' dir='ltr'><strong>rum</strong></span> <span class='ocrx_word' id='word_1_583' title='bbox 2369 4181 2500 4238; x_wconf 90' lang='lat' dir='ltr'><strong>novi</strong></span> <span class='ocrx_word' id='word_1_584' title='bbox 2531 4181 2896 4251; x_wconf 75' lang='lat' dir='ltr'><strong>dogmatistze</strong></span> <span class='ocrx_word' id='word_1_585' title='bbox 2921 4183 3142 4251; x_wconf 88' lang='lat' dir='ltr'><strong>judicia</strong></span> <span class='ocrx_word' id='word_1_586' title='bbox 3164 4187 3485 4256; x_wconf 90' lang='lat' dir='ltr'><strong>apostolica</strong></span> <span class='ocrx_word' id='word_1_587' title='bbox 3545 4186 3782 4258; x_wconf 75' lang='lat' dir='ltr'><strong>spernunt,</strong></span> 
     </span>
    </p>
   </div>
   <div class='ocr_carea' id='block_1_89' title="bbox 2209 4270 3783 4348">
    <p class='ocr_par' dir='ltr' id='par_1_89' title="bbox 2209 4270 3783 4348">
     <span class='ocr_line' id='line_1_89' title="bbox 2209 4270 3783 4348; baseline -0.003 -21"><span class='ocrx_word' id='word_1_588' title='bbox 2209 4271 2535 4342; x_wconf 89' lang='lat' dir='ltr'><strong>scripturas</strong></span> <span class='ocrx_word' id='word_1_589' title='bbox 2549 4277 2780 4326; x_wconf 89' lang='lat' dir='ltr'><strong>sanctas</strong></span> <span class='ocrx_word' id='word_1_590' title='bbox 2794 4270 3092 4341; x_wconf 78' lang='lat' dir='ltr'><strong>abjieiuut,</strong></span> <span class='ocrx_word' id='word_1_591' title='bbox 3113 4273 3182 4328; x_wconf 85' lang='lat' dir='ltr'><strong>de</strong></span> <span class='ocrx_word' id='word_1_592' title='bbox 3193 4274 3375 4331; x_wconf 90' lang='lat' dir='ltr'><strong>corde</strong></span> <span class='ocrx_word' id='word_1_593' title='bbox 3392 4291 3495 4332; x_wconf 90' lang='lat' dir='ltr'><strong>suo</strong></span> <span class='ocrx_word' id='word_1_594' title='bbox 3510 4273 3783 4348; x_wconf 79' lang='lat' dir='ltr'><strong>proﬁtentes</strong></span> 
     </span>
    </p>
   </div>
   <div class='ocr_carea' id='block_1_90' title="bbox 2207 4358 3782 4420">
    <p class='ocr_par' dir='ltr' id='par_1_90' title="bbox 2207 4358 3782 4420">
     <span class='ocr_line' id='line_1_90' title="bbox 2207 4358 3782 4420; baseline -0.004 -5"><span class='ocrx_word' id='word_1_595' title='bbox 2207 4358 2609 4415; x_wconf 89' lang='lat' dir='ltr'><strong>etmercedem</strong></span> <span class='ocrx_word' id='word_1_596' title='bbox 2649 4359 2934 4415; x_wconf 90' lang='lat' dir='ltr'><strong>scelerum</strong></span> <span class='ocrx_word' id='word_1_597' title='bbox 2979 4359 3180 4416; x_wconf 88' lang='lat' dir='ltr'><strong>traditi</strong></span> <span class='ocrx_word' id='word_1_598' title='bbox 3218 4361 3534 4420; x_wconf 89' lang='lat' dir='ltr'><strong>desideriis</strong></span> <span class='ocrx_word' id='word_1_599' title='bbox 3583 4358 3782 4417; x_wconf 87' lang='lat' dir='ltr'><strong>cordium</strong></span> 
     </span>
    </p>
   </div>
   <div class='ocr_carea' id='block_1_91' title="bbox 2210 4440 3782 4524">
    <p class='ocr_par' dir='ltr' id='par_1_91' title="bbox 2210 4440 3782 4524">
     <span class='ocr_line' id='line_1_91' title="bbox 2210 4440 3782 4524; baseline -0.002 -24"><span class='ocrx_word' id='word_1_600' title='bbox 2210 4460 2448 4502; x_wconf 79' lang='lat' dir='ltr'><strong>suorum</strong></span> <span class='ocrx_word' id='word_1_601' title='bbox 2465 4446 2519 4500; x_wconf 93' lang='lat' dir='ltr'><strong>in</strong></span> <span class='ocrx_word' id='word_1_602' title='bbox 2538 4446 2744 4502; x_wconf 89' lang='lat' dir='ltr'><strong>suimet</strong></span> <span class='ocrx_word' id='word_1_603' title='bbox 2762 4461 2790 4502; x_wconf 93' lang='lat' dir='ltr'><strong>a</strong></span> <span class='ocrx_word' id='word_1_604' title='bbox 2807 4447 3041 4504; x_wconf 90' lang='lat' dir='ltr'><strong>Christo</strong></span> <span class='ocrx_word' id='word_1_605' title='bbox 3054 4449 3392 4518; x_wconf 89' lang='lat' dir='ltr'><strong>abjeccione</strong></span> <span class='ocrx_word' id='word_1_606' title='bbox 3411 4440 3782 4524; x_wconf 66' lang='lat' dir='ltr'><strong>recipientes!“</strong></span> 
     </span>
    </p>
   </div>
   <div class='ocr_carea' id='block_1_92' title="bbox 2211 4533 3781 4610">
    <p class='ocr_par' dir='ltr' id='par_1_92' title="bbox 2211 4533 3781 4610">
     <span class='ocr_line' id='line_1_92' title="bbox 2211 4533 3781 4610; baseline 0.007 -22"><span class='ocrx_word' id='word_1_607' title='bbox 2211 4535 2409 4604; x_wconf 86' lang='lat' dir='ltr'><strong>igitur,</strong></span> <span class='ocrx_word' id='word_1_608' title='bbox 2445 4533 2694 4590; x_wconf 91' lang='lat' dir='ltr'><strong>concilio</strong></span> <span class='ocrx_word' id='word_1_609' title='bbox 2725 4536 3057 4593; x_wconf 70' lang='lat' dir='ltr'><strong>Warmatiaa</strong></span> <span class='ocrx_word' id='word_1_610' title='bbox 3086 4537 3288 4594; x_wconf 89' lang='lat' dir='ltr'><strong>habito</strong></span> <span class='ocrx_word' id='word_1_611' title='bbox 3323 4539 3506 4610; x_wconf 76' lang='lat'><strong>(1076.</strong></span> <span class='ocrx_word' id='word_1_612' title='bbox 3544 4539 3666 4597; x_wconf 69' lang='lat' dir='ltr'><strong>Jan.</strong></span> <span class='ocrx_word' id='word_1_613' title='bbox 3700 4534 3781 4599; x_wconf 67' lang='lat'><strong>95)-</strong></span> 
     </span>
    </p>
   </div>
   <div class='ocr_carea' id='block_1_93' title="bbox 455 4613 3786 4704">
    <p class='ocr_par' dir='ltr' id='par_1_93' title="bbox 455 4613 3786 4704">
     <span class='ocr_line' id='line_1_93' title="bbox 455 4613 3786 4704; baseline 0.003 -36"><span class='ocrx_word' id='word_1_614' title='bbox 455 4613 1053 4704; x_wconf 82' lang='lat' dir='ltr'><strong>thioestebrius,quia</strong></span> <span class='ocrx_word' id='word_1_615' title='bbox 1069 4622 1336 4672; x_wconf 90' lang='lat' dir='ltr'><strong>etamara</strong></span> <span class='ocrx_word' id='word_1_616' title='bbox 1355 4634 1460 4689; x_wconf 91' lang='lat' dir='ltr'><strong>pro</strong></span> <span class='ocrx_word' id='word_1_617' title='bbox 1477 4620 1859 4691; x_wconf 83' lang='lat' dir='ltr'><strong>mundibujus</strong></span> <span class='ocrx_word' id='word_1_618' title='bbox 1903 4637 2096 4678; x_wconf 90' lang='lat' dir='ltr'><strong>amore</strong></span> <span class='ocrx_word' id='word_1_619' title='bbox 2125 4645 2178 4704; x_wconf 83' lang='lat' dir='ltr'><strong>D</strong></span> <span class='ocrx_word' id='word_1_620' title='bbox 2213 4623 2306 4679; x_wconf 89' lang='lat' dir='ltr'><strong>ubi</strong></span> <span class='ocrx_word' id='word_1_621' title='bbox 2332 4623 2520 4678; x_wconf 89' lang='lat' dir='ltr'><strong>omnis</strong></span> <span class='ocrx_word' id='word_1_622' title='bbox 2548 4638 2716 4692; x_wconf 88' lang='lat' dir='ltr'><strong>quam</strong></span> <span class='ocrx_word' id='word_1_623' title='bbox 2751 4622 3004 4693; x_wconf 89' lang='lat' dir='ltr'><strong>patimur</strong></span> <span class='ocrx_word' id='word_1_624' title='bbox 3026 4625 3333 4684; x_wconf 89' lang='lat' dir='ltr'><strong>calamitas</strong></span> <span class='ocrx_word' id='word_1_625' title='bbox 3348 4633 3548 4684; x_wconf 82' lang='lat' dir='ltr'><strong>exorta</strong></span> <span class='ocrx_word' id='word_1_626' title='bbox 3563 4627 3658 4692; x_wconf 83' lang='lat' dir='ltr'><strong>est,</strong></span> <span class='ocrx_word' id='word_1_627' title='bbox 3675 4620 3786 4688; x_wconf 75' lang='lat' dir='ltr'><strong>abie-</strong></span> 
     </span>
    </p>
   </div>
   <div class='ocr_carea' id='block_1_94' title="bbox 454 4701 2094 4781">
    <p class='ocr_par' dir='ltr' id='par_1_94' title="bbox 454 4701 2094 4781">
     <span class='ocr_line' id='line_1_94' title="bbox 454 4701 2094 4781; baseline 0.006 -25"><span class='ocrx_word' id='word_1_628' title='bbox 454 4701 687 4771; x_wconf 89' lang='lat' dir='ltr'><strong>tolerat,</strong></span> <span class='ocrx_word' id='word_1_629' title='bbox 713 4707 770 4758; x_wconf 91' lang='lat' dir='ltr'><strong>et</strong></span> <span class='ocrx_word' id='word_1_630' title='bbox 785 4703 1026 4759; x_wconf 89' lang='lat' dir='ltr'><strong>eandem</strong></span> <span class='ocrx_word' id='word_1_631' title='bbox 1041 4705 1485 4762; x_wconf 86' lang='lat' dir='ltr'><strong>amaritudinem</strong></span> <span class='ocrx_word' id='word_1_632' title='bbox 1500 4708 1767 4764; x_wconf 62' lang='lat' dir='ltr'><strong>eiecitate</strong></span> <span class='ocrx_word' id='word_1_633' title='bbox 1801 4710 2094 4781; x_wconf 91' lang='lat' dir='ltr'><strong>cupidita-</strong></span> 
     </span>
    </p>
   </div>
   <div class='ocr_carea' id='block_1_95' title="bbox 453 4791 2096 4868">
    <p class='ocr_par' dir='ltr' id='par_1_95' title="bbox 453 4791 2096 4868">
     <span class='ocr_line' id='line_1_95' title="bbox 453 4791 2096 4868; baseline 0.007 -24"><span class='ocrx_word' id='word_1_634' title='bbox 453 4791 530 4846; x_wconf 89' lang='lat' dir='ltr'><strong>tis</strong></span> <span class='ocrx_word' id='word_1_635' title='bbox 557 4797 616 4846; x_wconf 91' lang='lat' dir='ltr'><strong>et</strong></span> <span class='ocrx_word' id='word_1_636' title='bbox 640 4791 932 4862; x_wconf 67' lang='lat' dir='ltr'><strong>superbiae</strong></span> <span class='ocrx_word' id='word_1_637' title='bbox 951 4793 1438 4863; x_wconf 88' lang='lat' dir='ltr'><strong>quasiebrietatis</strong></span> <span class='ocrx_word' id='word_1_638' title='bbox 1455 4796 1914 4854; x_wconf 76' lang='lat' dir='ltr'><strong>insensibilitate</strong></span> <span class='ocrx_word' id='word_1_639' title='bbox 1940 4799 2096 4868; x_wconf 86' lang='lat' dir='ltr'><strong>igno-</strong></span> 
     </span>
    </p>
   </div>
   <div class='ocr_carea' id='block_1_96' title="bbox 454 4879 2092 4957">
    <p class='ocr_par' dir='ltr' id='par_1_96' title="bbox 454 4879 2092 4957">
     <span class='ocr_line' id='line_1_96' title="bbox 454 4879 2092 4957; baseline 0.006 -23"><span class='ocrx_word' id='word_1_640' title='bbox 454 4884 562 4934; x_wconf 91' lang='lat' dir='ltr'><strong>rat.</strong></span> <span class='ocrx_word' id='word_1_641' title='bbox 600 4879 776 4934; x_wconf 84' lang='lat' dir='ltr'><strong>Stulti</strong></span> <span class='ocrx_word' id='word_1_642' title='bbox 805 4879 941 4936; x_wconf 88' lang='lat' dir='ltr'><strong>facti</strong></span> <span class='ocrx_word' id='word_1_643' title='bbox 975 4884 1109 4936; x_wconf 92' lang='lat' dir='ltr'><strong>sunt</strong></span> <span class='ocrx_word' id='word_1_644' title='bbox 1144 4882 1464 4937; x_wconf 91' lang='lat' dir='ltr'><strong>consiliarii</strong></span> <span class='ocrx_word' id='word_1_645' title='bbox 1515 4885 1640 4953; x_wconf 89' lang='lat' dir='ltr'><strong>ejus</strong></span> <span class='ocrx_word' id='word_1_646' title='bbox 1672 4891 1730 4940; x_wconf 87' lang='lat' dir='ltr'><strong>et.</strong></span> <span class='ocrx_word' id='word_1_647' title='bbox 1788 4886 2092 4957; x_wconf 89' lang='lat' dir='ltr'><strong>ignobiles,</strong></span> 
     </span>
    </p>
   </div>
   <div class='ocr_carea' id='block_1_97' title="bbox 453 4967 2097 5044">
    <p class='ocr_par' dir='ltr' id='par_1_97' title="bbox 453 4967 2097 5044">
     <span class='ocr_line' id='line_1_97' title="bbox 453 4967 2097 5044; baseline 0.004 -22"><span class='ocrx_word' id='word_1_648' title='bbox 453 4967 915 5036; x_wconf 73' lang='lat' dir='ltr'><strong>quosabeternte</strong></span> <span class='ocrx_word' id='word_1_649' title='bbox 935 4968 1600 5028; x_wconf 87' lang='lat' dir='ltr'><strong>hereditatisconsortio</strong></span> <span class='ocrx_word' id='word_1_650' title='bbox 1645 4973 1878 5044; x_wconf 86' lang='lat' dir='ltr'><strong>repellit</strong></span> <span class='ocrx_word' id='word_1_651' title='bbox 1920 4975 2097 5030; x_wconf 83' lang='lat' dir='ltr'><strong>servi-</strong></span> 
     </span>
    </p>
   </div>
   <div class='ocr_carea' id='block_1_98' title="bbox 452 5057 2096 5128">
    <p class='ocr_par' dir='ltr' id='par_1_98' title="bbox 452 5057 2096 5128">
     <span class='ocr_line' id='line_1_98' title="bbox 452 5057 2096 5128; baseline 0.007 -21"><span class='ocrx_word' id='word_1_652' title='bbox 452 5059 551 5110; x_wconf 86' lang='lat' dir='ltr'><strong>tus</strong></span> <span class='ocrx_word' id='word_1_653' title='bbox 574 5057 802 5113; x_wconf 87' lang='lat' dir='ltr'><strong>mentis.</strong></span> <span class='ocrx_word' id='word_1_654' title='bbox 831 5057 968 5112; x_wconf 84' lang='lat' dir='ltr'><strong>Nam</strong></span> <span class='ocrx_word' id='word_1_655' title='bbox 987 5057 1276 5128; x_wconf 89' lang='lat' dir='ltr'><strong>sapientia</strong></span> <span class='ocrx_word' id='word_1_656' title='bbox 1303 5057 1687 5128; x_wconf 90' lang='lat' dir='ltr'><strong>hujusmundi</strong></span> <span class='ocrx_word' id='word_1_657' title='bbox 1711 5060 1963 5117; x_wconf 88' lang='lat' dir='ltr'><strong>stultitia</strong></span> <span class='ocrx_word' id='word_1_658' title='bbox 2005 5069 2096 5118; x_wconf 92' lang='lat' dir='ltr'><strong>est</strong></span> 
     </span>
    </p>
   </div>
   <div class='ocr_carea' id='block_1_99' title="bbox 455 5138 2097 5222">
    <p class='ocr_par' dir='ltr' id='par_1_99' title="bbox 455 5138 2097 5222">
     <span class='ocr_line' id='line_1_99' title="bbox 455 5138 2097 5222; baseline 0.009 -28"><span class='ocrx_word' id='word_1_659' title='bbox 455 5138 608 5209; x_wconf 87' lang='lat' dir='ltr'><strong>apud</strong></span> <span class='ocrx_word' id='word_1_660' title='bbox 620 5143 814 5199; x_wconf 91' lang='lat' dir='ltr'><strong>Deum.</strong></span> <span class='ocrx_word' id='word_1_661' title='bbox 837 5143 1126 5214; x_wconf 88' lang='lat' dir='ltr'><strong>Ignobiles</strong></span> <span class='ocrx_word' id='word_1_662' title='bbox 1145 5145 1279 5202; x_wconf 86' lang='lat' dir='ltr'><strong>facti</strong></span> <span class='ocrx_word' id='word_1_663' title='bbox 1305 5148 1739 5218; x_wconf 48' lang='lat' dir='ltr'><strong>suntquiaqui</strong></span> <span class='ocrx_word' id='word_1_664' title='bbox 1766 5148 1944 5220; x_wconf 76' lang='lat' dir='ltr'><strong>facit</strong></span> <span class='ocrx_word' id='word_1_665' title='bbox 1970 5165 2097 5222; x_wconf 80' lang='lat' dir='ltr'><strong>pec-</strong></span> 
     </span>
    </p>
   </div>
   <div class='ocr_carea' id='block_1_100' title="bbox 453 5227 2096 5309">
    <p class='ocr_par' dir='ltr' id='par_1_100' title="bbox 453 5227 2096 5309">
     <span class='ocr_line' id='line_1_100' title="bbox 453 5227 2096 5309; baseline 0.007 -26"><span class='ocrx_word' id='word_1_666' title='bbox 453 5227 890 5299; x_wconf 77' lang='lat' dir='ltr'><strong>eatum,eervus</strong></span> <span class='ocrx_word' id='word_1_667' title='bbox 901 5234 1224 5304; x_wconf 66' lang='grc' dir='ltr'><strong>ἀείρεσθατί</strong></span> <span class='ocrx_word' id='word_1_668' title='bbox 1239 5236 1440 5304; x_wconf 79' lang='lat' dir='ltr'><strong>(Joan.</strong></span> <span class='ocrx_word' id='word_1_669' title='bbox 1460 5249 1580 5304; x_wconf 88' lang='lat' dir='ltr'><strong>vm,</strong></span> <span class='ocrx_word' id='word_1_670' title='bbox 1621 5237 1728 5307; x_wconf 71' lang='grc'><strong>54),</strong></span> <span class='ocrx_word' id='word_1_671' title='bbox 1784 5253 2013 5309; x_wconf 86' lang='lat' dir='ltr'><strong>semper</strong></span> <span class='ocrx_word' id='word_1_672' title='bbox 2041 5240 2096 5294; x_wconf 87' lang='lat' dir='ltr'><strong>in</strong></span> 
     </span>
    </p>
   </div>
   <div class='ocr_carea' id='block_1_101' title="bbox 457 5315 2098 5394">
    <p class='ocr_par' dir='ltr' id='par_1_101' title="bbox 457 5315 2098 5394">
     <span class='ocr_line' id='line_1_101' title="bbox 457 5315 2098 5394; baseline 0.01 -26"><span class='ocrx_word' id='word_1_673' title='bbox 457 5315 700 5387; x_wconf 87' lang='lat' dir='ltr'><strong>laqueis,</strong></span> <span class='ocrx_word' id='word_1_674' title='bbox 735 5331 965 5390; x_wconf 90' lang='lat' dir='ltr'><strong>semper</strong></span> <span class='ocrx_word' id='word_1_675' title='bbox 987 5321 1041 5374; x_wconf 94' lang='lat' dir='ltr'><strong>in</strong></span> <span class='ocrx_word' id='word_1_676' title='bbox 1063 5321 1336 5391; x_wconf 88' lang='lat' dir='ltr'><strong>vinculis,</strong></span> <span class='ocrx_word' id='word_1_677' title='bbox 1361 5337 1674 5394; x_wconf 90' lang='lat' dir='ltr'><strong>numquam</strong></span> <span class='ocrx_word' id='word_1_678' title='bbox 1701 5325 1847 5381; x_wconf 87' lang='lat' dir='ltr'><strong>liber</strong></span> <span class='ocrx_word' id='word_1_679' title='bbox 1873 5341 1902 5382; x_wconf 88' lang='lat' dir='ltr'><strong>a</strong></span> <span class='ocrx_word' id='word_1_680' title='bbox 1944 5341 2098 5384; x_wconf 89' lang='lat' dir='ltr'><strong>com-</strong></span> 
     </span>
    </p>
   </div>
   <div class='ocr_carea' id='block_1_102' title="bbox 458 5403 2100 5484">
    <p class='ocr_par' dir='ltr' id='par_1_102' title="bbox 458 5403 2100 5484">
     <span class='ocr_line' id='line_1_102' title="bbox 458 5403 2100 5484; baseline 0.009 -27"><span class='ocrx_word' id='word_1_681' title='bbox 458 5403 722 5474; x_wconf 87' lang='lat' dir='ltr'><strong>pedibus,</strong></span> <span class='ocrx_word' id='word_1_682' title='bbox 754 5405 888 5475; x_wconf 92' lang='lat' dir='ltr'><strong>quia</strong></span> <span class='ocrx_word' id='word_1_683' title='bbox 929 5421 1160 5479; x_wconf 89' lang='lat' dir='ltr'><strong>semper</strong></span> <span class='ocrx_word' id='word_1_684' title='bbox 1183 5409 1238 5464; x_wconf 88' lang='lat' dir='ltr'><strong>in</strong></span> <span class='ocrx_word' id='word_1_685' title='bbox 1271 5409 1638 5467; x_wconf 87' lang='lat' dir='ltr'><strong>criminibus.</strong></span> <span class='ocrx_word' id='word_1_686' title='bbox 1665 5411 1770 5477; x_wconf 88' lang='lat' dir='ltr'><strong>Qui</strong></span> <span class='ocrx_word' id='word_1_687' title='bbox 1835 5416 2100 5484; x_wconf 90' lang='lat' dir='ltr'><strong>quamvis</strong></span> 
     </span>
    </p>
   </div>
   <div class='ocr_carea' id='block_1_103' title="bbox 457 5490 2094 5568">
    <p class='ocr_par' dir='ltr' id='par_1_103' title="bbox 457 5490 2094 5568">
     <span class='ocr_line' id='line_1_103' title="bbox 457 5490 2094 5568; baseline 0.009 -23"><span class='ocrx_word' id='word_1_688' title='bbox 457 5490 806 5562; x_wconf 89' lang='lat' dir='ltr'><strong>iniquiorum</strong></span> <span class='ocrx_word' id='word_1_689' title='bbox 838 5507 1013 5564; x_wconf 88' lang='lat' dir='ltr'><strong>opera</strong></span> <span class='ocrx_word' id='word_1_690' title='bbox 1045 5503 1375 5564; x_wconf 82' lang='lat' dir='ltr'><strong>exerceant,</strong></span> <span class='ocrx_word' id='word_1_691' title='bbox 1412 5505 1705 5568; x_wconf 86' lang='lat' dir='ltr'><strong>occupant</strong></span> <span class='ocrx_word' id='word_1_692' title='bbox 1741 5504 1934 5558; x_wconf 90' lang='lat' dir='ltr'><strong>tamen</strong></span> <span class='ocrx_word' id='word_1_693' title='bbox 1968 5503 2094 5561; x_wconf 89' lang='lat' dir='ltr'><strong>loca</strong></span> 
     </span>
    </p>
   </div>
   <div class='ocr_carea' id='block_1_104' title="bbox 523 5682 1072 5756">
    <p class='ocr_par' dir='ltr' id='par_1_104' title="bbox 523 5682 1072 5756">
     <span class='ocr_line' id='line_1_104' title="bbox 523 5682 1072 5756; baseline -0.005 -13"><span class='ocrx_word' id='word_1_694' title='bbox 523 5683 591 5718; x_wconf 72' lang='lat'><strong>&#39;7‘</strong></span> <span class='ocrx_word' id='word_1_695' title='bbox 610 5682 820 5756; x_wconf 74' lang='lat' dir='ltr'><strong>supple</strong></span> <span class='ocrx_word' id='word_1_696' title='bbox 850 5683 1072 5742; x_wconf 90' lang='lat' dir='ltr'><strong>fecerit.</strong></span> 
     </span>
    </p>
   </div>
   <div class='ocr_carea' id='block_1_105' title="bbox 2208 4711 3784 4790">
    <p class='ocr_par' dir='ltr' id='par_1_105' title="bbox 2208 4711 3784 4790">
     <span class='ocr_line' id='line_1_105' title="bbox 2208 4711 3784 4790; baseline -0.001 -24"><span class='ocrx_word' id='word_1_697' title='bbox 2208 4715 2417 4767; x_wconf 90' lang='lat' dir='ltr'><strong>cerunt</strong></span> <span class='ocrx_word' id='word_1_698' title='bbox 2447 4725 2476 4766; x_wconf 91' lang='lat' dir='ltr'><strong>a</strong></span> <span class='ocrx_word' id='word_1_699' title='bbox 2511 4725 2574 4767; x_wconf 91' lang='lat' dir='ltr'><strong>se</strong></span> <span class='ocrx_word' id='word_1_700' title='bbox 2599 4711 2799 4781; x_wconf 88' lang='lat' dir='ltr'><strong>jugum</strong></span> <span class='ocrx_word' id='word_1_701' title='bbox 2824 4712 3296 4788; x_wconf 70' lang='lat' dir='ltr'><strong>disciplinze(leg</strong></span> <span class='ocrx_word' id='word_1_702' title='bbox 3329 4731 3392 4786; x_wconf 82' lang='grc' dir='ltr'><strong>ιι,</strong></span> <span class='ocrx_word' id='word_1_703' title='bbox 3437 4734 3490 4790; x_wconf 91' lang='lat' dir='ltr'><strong>p.</strong></span> <span class='ocrx_word' id='word_1_704' title='bbox 3525 4715 3626 4786; x_wconf 65' lang='lat' dir='ltr'><strong>L4,)</strong></span> <span class='ocrx_word' id='word_1_705' title='bbox 3660 4721 3784 4781; x_wconf 85' lang='lat' dir='ltr'><strong>quum</strong></span> 
     </span>
    </p>
   </div>
   <div class='ocr_carea' id='block_1_106' title="bbox 2210 4795 3786 4875">
    <p class='ocr_par' dir='ltr' id='par_1_106' title="bbox 2210 4795 3786 4875">
     <span class='ocr_line' id='line_1_106' title="bbox 2210 4795 3786 4875; baseline -0.004 -22"><span class='ocrx_word' id='word_1_706' title='bbox 2210 4798 2423 4854; x_wconf 90' lang='lat' dir='ltr'><strong>nullam</strong></span> <span class='ocrx_word' id='word_1_707' title='bbox 2459 4798 2644 4856; x_wconf 90' lang='lat' dir='ltr'><strong>adhuc</strong></span> <span class='ocrx_word' id='word_1_708' title='bbox 2675 4799 2730 4854; x_wconf 91' lang='lat' dir='ltr'><strong>in</strong></span> <span class='ocrx_word' id='word_1_709' title='bbox 2764 4799 2899 4856; x_wconf 92' lang='lat' dir='ltr'><strong>illos</strong></span> <span class='ocrx_word' id='word_1_710' title='bbox 2914 4801 3162 4859; x_wconf 90' lang='lat' dir='ltr'><strong>domnus</strong></span> <span class='ocrx_word' id='word_1_711' title='bbox 3188 4818 3336 4875; x_wconf 90' lang='lat' dir='ltr'><strong>papa</strong></span> <span class='ocrx_word' id='word_1_712' title='bbox 3352 4795 3786 4860; x_wconf 79' lang='lat' dir='ltr'><strong>anathematisde-</strong></span> 
     </span>
    </p>
   </div>
   <div class='ocr_carea' id='block_1_107' title="bbox 2208 4883 3784 4956">
    <p class='ocr_par' dir='ltr' id='par_1_107' title="bbox 2208 4883 3784 4956">
     <span class='ocr_line' id='line_1_107' title="bbox 2208 4883 3784 4956; baseline -0.001 -14"><span class='ocrx_word' id='word_1_713' title='bbox 2208 4886 2485 4942; x_wconf 83' lang='lat' dir='ltr'><strong>stinasset</strong></span> <span class='ocrx_word' id='word_1_714' title='bbox 2520 4888 2890 4956; x_wconf 89' lang='lat' dir='ltr'><strong>sententiam,</strong></span> <span class='ocrx_word' id='word_1_715' title='bbox 2908 4893 3200 4948; x_wconf 63' lang='lat' dir='ltr'><strong>etsanctre</strong></span> <span class='ocrx_word' id='word_1_716' title='bbox 3223 4883 3784 4949; x_wconf 62' lang='lat' dir='ltr'><strong>obedientiaalibellum</strong></span> 
     </span>
    </p>
   </div>
   <div class='ocr_carea' id='block_1_108' title="bbox 2210 4971 3784 5052">
    <p class='ocr_par' dir='ltr' id='par_1_108' title="bbox 2210 4971 3784 5052">
     <span class='ocr_line' id='line_1_108' title="bbox 2210 4971 3784 5052; baseline -0.003 -23"><span class='ocrx_word' id='word_1_717' title='bbox 2210 4975 2435 5045; x_wconf 90' lang='lat' dir='ltr'><strong>repudii</strong></span> <span class='ocrx_word' id='word_1_718' title='bbox 2459 4976 2958 5048; x_wconf 89' lang='lat' dir='ltr'><strong>conscripserunt,</strong></span> <span class='ocrx_word' id='word_1_719' title='bbox 2997 4977 3320 5050; x_wconf 67' lang='lat' dir='ltr'><strong>prtelationi</strong></span> <span class='ocrx_word' id='word_1_720' title='bbox 3338 4981 3496 5038; x_wconf 87' lang='lat' dir='ltr'><strong>sedis</strong></span> <span class='ocrx_word' id='word_1_721' title='bbox 3508 4971 3784 5052; x_wconf 69' lang='lat' dir='ltr'><strong>apostolica</strong></span> 
     </span>
    </p>
   </div>
   <div class='ocr_carea' id='block_1_109' title="bbox 2209 5063 3780 5134">
    <p class='ocr_par' dir='ltr' id='par_1_109' title="bbox 2209 5063 3780 5134">
     <span class='ocr_line' id='line_1_109' title="bbox 2209 5063 3780 5134; baseline 0 -17"><span class='ocrx_word' id='word_1_722' title='bbox 2209 5063 2462 5132; x_wconf 88' lang='lat' dir='ltr'><strong>superba</strong></span> <span class='ocrx_word' id='word_1_723' title='bbox 2483 5070 2541 5118; x_wconf 93' lang='lat' dir='ltr'><strong>et</strong></span> <span class='ocrx_word' id='word_1_724' title='bbox 2589 5066 2893 5134; x_wconf 88' lang='lat' dir='ltr'><strong>repentina</strong></span> <span class='ocrx_word' id='word_1_725' title='bbox 2945 5067 3278 5124; x_wconf 89' lang='lat' dir='ltr'><strong>temeritate</strong></span> <span class='ocrx_word' id='word_1_726' title='bbox 3339 5063 3780 5126; x_wconf 68' lang='lat' dir='ltr'><strong>abrenuneiantes</strong></span> 
     </span>
    </p>
   </div>
   <div class='ocr_carea' id='block_1_110' title="bbox 2209 5144 3784 5223">
    <p class='ocr_par' dir='ltr' id='par_1_110' title="bbox 2209 5144 3784 5223">
     <span class='ocr_line' id='line_1_110' title="bbox 2209 5144 3784 5223; baseline -0.006 -16"><span class='ocrx_word' id='word_1_727' title='bbox 2209 5150 2348 5221; x_wconf 84' lang='lat' dir='ltr'><strong>(Fol.</strong></span> <span class='ocrx_word' id='word_1_728' title='bbox 2385 5153 2808 5223; x_wconf 72' lang='lat' dir='ltr'><strong>108.)l‘rimum</strong></span> <span class='ocrx_word' id='word_1_729' title='bbox 2845 5155 2949 5211; x_wconf 91' lang='lat' dir='ltr'><strong>hoc</strong></span> <span class='ocrx_word' id='word_1_730' title='bbox 2975 5155 3323 5214; x_wconf 87' lang='lat' dir='ltr'><strong>fermentum</strong></span> <span class='ocrx_word' id='word_1_731' title='bbox 3357 5163 3538 5214; x_wconf 88' lang='lat' dir='ltr'><strong>totam</strong></span> <span class='ocrx_word' id='word_1_732' title='bbox 3579 5144 3784 5212; x_wconf 69' lang='lat' dir='ltr'><strong>ecclesia</strong></span> 
     </span>
    </p>
   </div>
   <div class='ocr_carea' id='block_1_111' title="bbox 2211 5240 3784 5313">
    <p class='ocr_par' dir='ltr' id='par_1_111' title="bbox 2211 5240 3784 5313">
     <span class='ocr_line' id='line_1_111' title="bbox 2211 5240 3784 5313; baseline -0.001 -19"><span class='ocrx_word' id='word_1_733' title='bbox 2211 5253 2456 5296; x_wconf 88' lang='lat' dir='ltr'><strong>massam</strong></span> <span class='ocrx_word' id='word_1_734' title='bbox 2480 5242 2766 5313; x_wconf 86' lang='lat' dir='ltr'><strong>corrupit.</strong></span> <span class='ocrx_word' id='word_1_735' title='bbox 2804 5244 3134 5301; x_wconf 88' lang='lat' dir='ltr'><strong>Conventus</strong></span> <span class='ocrx_word' id='word_1_736' title='bbox 3161 5245 3254 5301; x_wconf 88' lang='lat' dir='ltr'><strong>hic</strong></span> <span class='ocrx_word' id='word_1_737' title='bbox 3285 5245 3446 5303; x_wconf 83' lang='lat' dir='ltr'><strong>inter</strong></span> <span class='ocrx_word' id='word_1_738' title='bbox 3487 5240 3784 5302; x_wconf 77' lang='lat' dir='ltr'><strong>nativitatem</strong></span> 
     </span>
    </p>
   </div>
   <div class='ocr_carea' id='block_1_112' title="bbox 2210 5324 3786 5404">
    <p class='ocr_par' dir='ltr' id='par_1_112' title="bbox 2210 5324 3786 5404">
     <span class='ocr_line' id='line_1_112' title="bbox 2210 5324 3786 5404; baseline -0.003 -23"><span class='ocrx_word' id='word_1_739' title='bbox 2210 5325 2553 5384; x_wconf 91' lang='lat' dir='ltr'><strong>dominicam</strong></span> <span class='ocrx_word' id='word_1_740' title='bbox 2584 5333 2642 5384; x_wconf 89' lang='lat' dir='ltr'><strong>et</strong></span> <span class='ocrx_word' id='word_1_741' title='bbox 2667 5335 3007 5400; x_wconf 90' lang='lat' dir='ltr'><strong>sequentem</strong></span> <span class='ocrx_word' id='word_1_742' title='bbox 3057 5331 3556 5404; x_wconf 74' lang='lat' dir='ltr'><strong>quadragesimum</strong></span> <span class='ocrx_word' id='word_1_743' title='bbox 3607 5324 3786 5386; x_wconf 80' lang='lat' dir='ltr'><strong>habitus</strong></span> 
     </span>
    </p>
   </div>
   <div class='ocr_carea' id='block_1_113' title="bbox 2209 5416 3785 5494">
    <p class='ocr_par' dir='ltr' id='par_1_113' title="bbox 2209 5416 3785 5494">
     <span class='ocr_line' id='line_1_113' title="bbox 2209 5416 3785 5494; baseline 0.01 -24"><span class='ocrx_word' id='word_1_744' title='bbox 2209 5420 2323 5484; x_wconf 89' lang='lat' dir='ltr'><strong>est,</strong></span> <span class='ocrx_word' id='word_1_745' title='bbox 2350 5416 2429 5472; x_wconf 88' lang='lat' dir='ltr'><strong>ita</strong></span> <span class='ocrx_word' id='word_1_746' title='bbox 2453 5416 2812 5476; x_wconf 87' lang='lat' dir='ltr'><strong>distantibus</strong></span> <span class='ocrx_word' id='word_1_747' title='bbox 2843 5419 3063 5491; x_wconf 88' lang='lat' dir='ltr'><strong>spaeiis</strong></span> <span class='ocrx_word' id='word_1_748' title='bbox 3095 5425 3158 5477; x_wconf 90' lang='lat' dir='ltr'><strong>ut</strong></span> <span class='ocrx_word' id='word_1_749' title='bbox 3189 5417 3785 5494; x_wconf 53' lang='lat' dir='ltr'><strong>quaecumqueibieer‘“</strong></span> 
     </span>
    </p>
   </div>
   <div class='ocr_carea' id='block_1_114' title="bbox 2211 5497 3785 5582">
    <p class='ocr_par' dir='ltr' id='par_1_114' title="bbox 2211 5497 3785 5582">
     <span class='ocr_line' id='line_1_114' title="bbox 2211 5497 3785 5582; baseline -0.003 -24"><span class='ocrx_word' id='word_1_750' title='bbox 2211 5509 2408 5560; x_wconf 87' lang='lat' dir='ltr'><strong>rentur</strong></span> <span class='ocrx_word' id='word_1_751' title='bbox 2438 5505 2675 5561; x_wconf 81' lang='lat' dir='ltr'><strong>Romam</strong></span> <span class='ocrx_word' id='word_1_752' title='bbox 2708 5509 2970 5580; x_wconf 89' lang='lat' dir='ltr'><strong>tempore</strong></span> <span class='ocrx_word' id='word_1_753' title='bbox 3001 5509 3207 5579; x_wconf 85' lang='lat' dir='ltr'><strong>synodi</strong></span> <span class='ocrx_word' id='word_1_754' title='bbox 3231 5509 3440 5566; x_wconf 88' lang='lat' dir='ltr'><strong>referri</strong></span> <span class='ocrx_word' id='word_1_755' title='bbox 3471 5507 3700 5582; x_wconf 79' lang='lat' dir='ltr'><strong>possent.</strong></span> <span class='ocrx_word' id='word_1_756' title='bbox 3715 5497 3785 5554; x_wconf 82' lang='lat' dir='ltr'><strong>Die</strong></span> 
     </span>
    </p>
   </div>
   <div class='ocr_carea' id='block_1_115' title="bbox 1828 5607 2498 5666">
    <p class='ocr_par' dir='ltr' id='par_1_115' title="bbox 1828 5607 2498 5666">
     <span class='ocr_line' id='line_1_115' title="bbox 1828 5607 2498 5666; baseline 0.009 -6"><span class='ocrx_word' id='word_1_757' title='bbox 1828 5607 2060 5662; x_wconf 78' lang='lat' dir='ltr'><strong>VARUE</strong></span> <span class='ocrx_word' id='word_1_758' title='bbox 2100 5609 2498 5666; x_wconf 86' lang='lat' dir='ltr'><strong>LECTIONES.</strong></span> 
     </span>
    </p>
   </div>
  </div>
