3894 6322
103 345 200 409 301

1365 345 1843 413 CHRONICOA
1877 386 1980 412 .—
2009 347 2163 416 LIB.
2197 351 2272 415 II.

3406 364 3524 428 302

105 496 230 538 vero
247 481 528 541 natalitio
549 485 800 544 Andreae
820 483 1070 558 apostoli
1096 484 1256 555 (Nov.
1281 486 1393 554 30),
1419 482 1757 556 anteipsam
1789 485 1842 546 A
1875 499 2222 543 concessum
2254 492 2364 557 est,
2404 493 2463 546 ut
2495 487 2626 545 aliis
2668 488 3040 560 praemineret
3069 496 3129 547 et
3159 509 3359 552 eorum
3393 514 3522 568 qua:

105 569 306 627 natalis
335 573 439 628 Dei
474 573 866 632 festivitatem
897 575 1048 647 apud
1096 575 1457 643 Bavemberg
1488 573 1757 630 Heinrico

104 659 314 731 posito,
345 665 514 718 tanta
558 663 751 721 adhuc
792 665 943 720 inter
989 678 1232 733 regnum
1263 667 1322 718 et
1352 677 1636 719 summum
1669 677 1758 719 sa-

108 749 426 806 cerdotium
444 751 687 821 vigebat
703 753 1034 822 concordia,
1052 761 1114 809 ut
1137 751 1449 808 destitutio
1464 751 1756 823 pontiﬁcis

110 839 270 894 urbis
319 839 528 911 ipsius,
582 845 643 897 et
697 842 1042 898 substitutio
1101 840 1348 897 alterius
1407 840 1755 897 obedientim

107 925 294 982 domui
326 943 493 1000 papae
525 929 936 1001 deputaretur.
965 929 1064 986 Ille
1097 930 1292 1000 igitur,
1323 929 1419 1000 qui
1444 935 1578 984 ante
1611 929 1756 984 nati-

109 1015 346 1072 vitatem
378 1017 734 1074 dominicam
759 1024 934 1076 tantm
959 1019 1013 1074 in
1036 1019 1281 1074 ecclesia
1311 1018 1754 1087 magniﬁcentia;

109 1109 250 1174 erat,
272 1110 333 1160 ut
353 1105 426 1161 ad
450 1112 657 1164 nutum
683 1107 840 1164 illius
862 1108 1214 1163 mutationes
1234 1107 1498 1163 ordinum
1527 1107 1752 1175 flerent,

112 1193 312 1263 paucis
339 1200 474 1265 post
499 1196 869 1253 nativitatem
891 1196 1096 1252 diebus
1118 1197 1502 1251 inconvcntus
1520 1200 1576 1250 et
1600 1197 1756 1252 inau-

110 1281 270 1339 ditus
296 1285 668 1356 proscriptus
689 1293 797 1355 est,
815 1291 1164 1356 etquantum
1180 1285 1250 1341 ad
1268 1283 1402 1340 illos
1425 1284 1751 1354 depositus.

109 1368 195 1424 Ex
233 1370 327 1426 die
365 1373 542 1444 enim,
585 1389 697 1444 qua
748 1374 894 1428 tanti
933 1375 1004 1429 ab
1044 1374 1312 1430 omnibus
1362 1373 1598 1428 habitus
1641 1376 1754 1442 est,

111 1457 331 1514 nullam
363 1475 570 1517 eorum
612 1462 959 1532 legationem
993 1462 1240 1534 accepit,
1278 1475 1458 1532 usque
1491 1461 1625 1518 dum
1661 1460 1758 1516 illa

107 1547 340 1604 veniret
371 1565 486 1620 qua
519 1551 740 1607 dictum
773 1558 862 1608 est
889 1571 902 1607 :
926 1552 1240 1621 Descende,
1271 1551 1552 1608 descende
1580 1551 1762 1608 inter-

103 1635 371 1696 dicimus
401 1639 513 1695 tibi
531 1642 646 1711 jus
674 1655 840 1698 omne
855 1642 1125 1713 papatus
1157 1642 1354 1711 (Legg.
1385 1655 1442 1710 η,
1470 1655 1524 1711 ρ.
1552 1642 1658 1711 47).

181 1725 399 1781 Audiat
431 1727 644 1784 cmlum
667 1733 728 1783 et
751 1730 1148 1800 Obstupescat,
1185 1728 1474 1798 intelligat
1515 1731 1672 1783 terra
1705 1733 1760 1782 et

1873 573 1943 630 ad
1997 574 2294 645 querelam
2352 577 2614 632 venirent
2666 592 2876 634 causas
2918 584 2976 633 et
3032 579 3522 651 interrogationes

1875 663 2198 734 prudenter
2227 664 2586 737 disponeret.
2617 666 2780 732 Quod
2805 667 2904 722 Dei
2927 668 3296 726 ordinatione
3329 678 3520 730 actum

1871 756 1982 822 est,
2017 767 2086 807 ne
2121 754 2340 824 posteri
2373 757 2814 811 eorum'cuncta
2847 756 2954 812 Sibi
2989 759 3388 831 vendicarent,
3419 764 3521 819 sed

1871 840 1942 896 ad
1979 855 2148 897 unam
2185 842 2336 897 beati
2381 843 2538 898 Petri
2580 843 2976 915 apostolorum
3011 846 3294 918 principis
3325 849 3521 906 sedem

1868 929 2254 999 conﬂuerent,
2289 935 2349 986 ut
2375 931 2508 987 inde
2540 931 2863 1004 suscipiant
2897 933 3063 989 ﬁnem
3099 936 3250 992 unde
3284 952 3523 1009 accepe-

1871 1022 2005 1072 runt
2038 1018 2274 1074 inicium
2323 1020 2780 1090 institutionum,
2831 1037 2900 1077 ne
2954 1025 3300 1096 quandoque
3344 1042 3374 1081 a
3415 1045 3522 1082 suo

1869 1104 2272 1177 discreparent
2296 1109 2506 1179 capite.
2541 1131 2565 1161 ι)
2597 1109 2887 1167 Adrianus
2919 1127 3146 1182 qumque
3179 1131 3402 1186 papam
3429 1119 3528 1184 de,

1867 1194 2048 1264 eruis
2073 1196 2230 1251 suis:
2261 1217 2286 1247 «
2311 1198 2515 1254 l’rcsnl
2543 1213 2806 1256 summus
2830 1215 2857 1255 a
2885 1201 3111 1256 nemine
3129 1201 3519 1271 iudicabitur.

1871 1283 2164 1354 Scriptum
2187 1291 2278 1340 est
2301 1287 2451 1342 enim
2479 1307 2491 1341 :
2521 1289 2653 1345 Non
2675 1289 2765 1345 est
2785 1289 3119 1360 discipulus
3139 1306 3316 1363 super
3337 1298 3529 1367 magi-

1871 1372 2080 1428 strum.
2108 1392 2134 1423 υ
2163 1374 2301 1439 (Fol.
2332 1375 2494 1445 108'.)
2519 1377 2768 1432 Audiant
2795 1378 2968 1433 etiam
2996 1394 3159 1436 novae
3183 1381 3355 1452 hujus
3380 1401 3525 1455 prm-

1875 1462 2226 1532 sumptionis
2255 1469 2315 1518 et
2350 1470 2828 1536 prmsumptuosze
2869 1467 3148 1524 novitatis
3187 1471 3523 1531 inventores

1875 1554 1933 1606 et
1968 1551 2395 1608 machinatores
2417 1568 2488 1610 ex
2510 1555 2708 1610 verbis
2727 1556 2982 1625 ejusdem
3016 1559 3324 1616 Simmachi
3359 1578 3522 1635 papae

1880 1638 2016 1708 quid
2061 1646 2414 1710 mercantur,
2460 1647 2521 1698 ut
2563 1644 3014 1716 confundantur,
3046 1653 3105 1702 et
3139 1657 3523 1708 revereantur

1882 1727 2096 1783 utinam
2130 1728 2200 1784 ad
2237 1729 2614 1799 penitentiam
2647 1747 2773 1802 cap.
2803 1737 2836 1788 2
2867 1752 2878 1786 :
2922 1755 2939 1784 α
2976 1734 3028 1788 Si
3063 1737 3195 1806 quis
3227 1740 3526 1808 presbiter

101 1815 823 1886 contremiscat.Legatur
845 1833 916 1874 ex
939 1833 1052 1888 quo
1074 1822 1166 1874 est
1191 1817 1394 1888 religic
1416 1816 1759 1885 christiana,
1797 1844 1847 1904 Β
1881 1815 2164 1873 diaconus
2205 1821 2301 1874 aut
2344 1817 2598 1875 clericus
2643 1835 2783 1891 papa
2818 1821 3105 1880 incolume
3137 1830 3191 1879 et
3227 1841 3296 1882 eo
3329 1828 3526 1886 incon-

101 1902 166 1958 id
197 1903 274 1959 ab
306 1903 506 1974 aliquo
539 1911 990 1977 prmsumptum;
1021 1907 1252 1962 dicatur
1285 1905 1499 1976 quibus
1531 1904 1765 1961 canoni-

105 1991 247 2062 bus,
266 1993 486 2062 quibus
509 1993 751 2063 regulis,
771 2009 881 2065 qua
906 1994 1175 2064 lectione,
1196 2009 1310 2066 quo
1332 1994 1684 2050 documento
1708 1993 1762 2049 id

105 2080 188 2136 sit
231 2081 684 2153 adtemptatum.
731 2084 1003 2139 Auditum
1043 2085 1154 2140 sub
1193 2082 1342 2139 caelo
1381 2097 1493 2138 non
1526 2081 1766 2151 legitur,

107 2169 354 2226 omnino
375 2184 482 2226 nec
495 2171 734 2241 dicitur,
753 2172 906 2242 quod
928 2172 1110 2244 possit
1136 2171 1348 2243 aliquis
1366 2185 1572 2244 papam
1593 2171 1766 2242 depo-

109 2273 277 2330 nere,
313 2263 374 2315 et
404 2273 684 2317 concessa
719 2261 829 2317 sibi
863 2261 1091 2333 privare
1135 2264 1444 2333 potestate.
1478 2262 1769 2316 Romanus

108 2348 269 2404 enim
301 2349 570 2420 pontifex
591 2365 704 2406 non
731 2350 900 2408 modo
931 2351 1164 2422 deponi,
1198 2350 1300 2406 sed
1327 2363 1431 2406 nec
1455 2349 1650 2422 aliquo
1672 2365 1770 2422 po-

113 2441 236 2493 test
259 2437 590 2508 dijudicari.
609 2439 1054 2495 Audianttantaa
1080 2439 1552 2511 prmsumptiouis
1569 2442 1756 2494 aucto-

112 2541 216 2582 res
237 2526 562 2597 complices
578 2531 637 2583 et
663 2528 942 2597 fautores,
969 2527 1105 2598 quid
1131 2529 1503 2598 Symmachus
1526 2542 1670 2599 papa
1696 2527 1767 2582 de

117 2614 433 2686 privilegio
473 2616 718 2672 Romani
760 2616 1051 2687 pontiﬁcis
1093 2616 1367 2672 senserit.
1404 2615 1496 2670 Ait
1526 2616 1677 2671 enim
1711 2615 1767 2670 in

115 2702 380 2759 decretis
407 2703 534 2759 suis
561 2703 756 2775 capite
784 2709 853 2760 2:
885 2725 912 2754 α
945 2703 1203 2761 Aliorum
1232 2703 1524 2760 hominum
1557 2717 1768 2759 causas

113 2793 276 2849 Deus
312 2789 496 2848 voluit
540 2807 645 2863 per
684 2792 950 2848 homines
985 2792 1320 2861 terminare,
1351 2791 1510 2848 sedis
1537 2795 1770 2863 aposto-

117 2879 251 2936 lica:
283 2880 621 2945 pontiﬁcem
654 2896 760 2938 suo
781 2881 904 2936 sine
933 2881 1238 2951 quastione
1266 2881 1588 2938 reservavit
1619 2881 1771 2937 arbi-

119 2971 258 3024 trio.
303 2969 497 3025 Voluit
543 2971 699 3026 beati
738 2970 896 3026 Petri
937 2985 1317 3027 successores
1355 2969 1503 3026 coelo
1544 2974 1768 3025 tantum

118 3057 342 3114 debere
389 3059 804 3129 innocentiam,
847 3065 904 3115 et
947 3059 1345 3117 subtilissima;
1385 3059 1772 3116 discussionis

119 3148 385 3219 indagini
407 3148 750 3204 inviolatam
775 3149 1012 3205 exibere
1034 3149 1516 3205 conscientiam.»
1540 3149 1608 3205 Et
1623 3162 1767 3220 papa

118 3237 395 3294 Gelasius
431 3256 445 3294 :
480 3257 508 3289 α
541 3239 830 3307 Canones,
871 3238 1077 3308 inquit,
1121 3237 1307 3293 sancti
1350 3235 1772 3308 appellationes
1802 3235 1851 3263 υ

119 3327 315 3383 totius
336 3324 607 3382 ecclesiae
621 3326 692 3382 ad
709 3326 878 3396 hujus
899 3331 1116 3382 sancta:
1139 3325 1296 3382 sedis
1315 3340 1555 3382 examen
1569 3339 1772 3382 sanxe-

115 3430 180 3472 re
207 3412 452 3485 deferri,
475 3416 660 3486 ipsam
683 3430 825 3471 vero
847 3429 878 3470 a
901 3413 1062 3471 nullo
1095 3430 1334 3487 prorsus
1367 3414 1648 3486 appellari
1675 3414 1771 3470 de-

114 3505 281 3575 bere,
321 3519 389 3562 ac
431 3519 534 3576 per
575 3505 685 3560 hoc
723 3503 880 3559 illam
912 3505 983 3560 de
1015 3508 1136 3562 tota
1177 3503 1442 3560 mcclesia
1479 3503 1766 3573 judicare,

109 3595 306 3666 ipsam
341 3608 482 3649 vero
513 3592 586 3649 ad
617 3593 838 3650 nullius
869 3607 1192 3650 commeare
1219 3592 1526 3664 judicium,
1559 3605 1664 3648 nec
1698 3592 1768 3648 de

110 3683 250 3754 ejus
271 3697 541 3751 umquam
567 3687 974 3754 praeceperunt
1000 3681 1221 3752 judicio
1237 3681 1510 3750 judicari,
1538 3684 1770 3738 senten-

110 3773 380 3843 tiamque
395 3772 525 3841 ejus
540 3771 981 3827 constituerunt
999 3785 1107 3826 non
1123 3772 1338 3826 debere
1360 3769 1622 3839 dissolvi,
1639 3771 1767 3840 ejus

113 3861 317 3932 potius
339 3860 637 3930 sequenda
661 3859 1007 3916 mandarunt
1033 3860 1291 3916 decreta.
1318 3879 1343 3910 ι)
1367 3861 1432 3915 Et
1457 3859 1767 3916 Anastasio

117 3951 468 4024 imperatori
491 3950 762 4007 scribens
785 3950 870 4006 ait
885 3965 948 4007 ca
960 3949 1145 4021 pitulo
1161 3954 1221 4004 3:
1245 3969 1272 3998 (ι
1292 3950 1367 4004 Im
1378 3947 1495 4020 peti
1520 3954 1766 4020 possunt

114 4041 389 4098 humanis
419 4039 977 4111 praesumptionibus
1007 4053 1136 4110 quae
1165 4038 1362 4095 divino
1385 4041 1519 4094 sunt
1544 4036 1768 4107 judicio

113 4129 464 4199 constituta,
497 4128 650 4184 vinci
673 4131 867 4184 autem
890 4141 1003 4184 non
1037 4129 1301 4198 possunt.
1339 4127 1527 4196 Atque
1548 4125 1765 4184 utinam

116 4219 199 4276 sic
239 4217 790 4276 contranitentibus
842 4215 1168 4288 perniciosa
1216 4230 1328 4272 non
1377 4215 1451 4271 sit
1502 4214 1764 4285 audacia,

116 4305 606 4377 quemadmodum
649 4303 802 4376 quod
843 4306 915 4361 ab
957 4304 1084 4376 ipso
1125 4317 1307 4360 sacrm
1341 4302 1640 4373 religionis
1671 4318 1766 4362 au-

116 4398 282 4452 ctore
317 4394 603 4466 preﬁxum
635 4397 861 4450 estnon
886 4397 1082 4464 potest
1105 4391 1218 4448 ulla
1243 4392 1464 4448 virtute
1493 4391 1763 4449 convelli.

115 4481 398 4541 Desinant
421 4497 564 4552 ergo
587 4495 768 4552 queso
791 4486 848 4538 te
871 4479 1237 4552 temporibus
1263 4479 1380 4536 tuis
1400 4478 1632 4550 quidam
1665 4494 1769 4551 per

1879 1905 2034 1961 sulto
2065 1907 2557 1978 subscriptionem
2585 1925 2688 1979 pro
2713 1909 2964 1966 Romano
2995 1913 3340 1983 pontiﬁcatu
3371 1932 3524 1974 com-

1881 1995 2118 2050 modare
2151 2001 2250 2051 aut
2283 1996 2515 2066 pittatia
2551 1998 2911 2068 promittere,
2948 2006 3046 2056 aut
3095 2013 3520 2062 sacramentum

1879 2084 2143 2154 prmbere
2174 2086 2571 2156 temptaverit,
2599 2093 2696 2142 aut
2725 2087 2957 2158 aliquod
2991 2097 3152 2146 certe
3183 2092 3521 2163 suffragium

1879 2170 2164 2243 polliceri,
2196 2173 2283 2228 vel
2307 2173 2378 2228 de
2404 2175 2505 2231 hac
2527 2190 2701 2231 causa
2728 2176 2974 2246 privatis
2997 2181 3422 2238 conventiculis
3447 2184 3525 2240 fa-

1878 2260 1994 2317 ctis
2015 2260 2344 2318 deliberare
2371 2267 2547 2333 atque
2581 2264 2901 2320 decernere
2927 2271 3384 2340 praesumpserit,
3415 2269 3524 2327 loci

1881 2351 1972 2406 sui
1991 2351 2274 2421 dignitate
2289 2353 2760 2409 etcommnnione
2779 2353 3062 2424 privetur,
3092 2357 3213 2427 pari
3234 2361 3523 2417 sententia

1880 2438 2246 2510 dampnando
2270 2455 2422 2511 eum,
2451 2441 2547 2511 qui
2571 2442 2679 2498 hoc
2705 2443 2834 2497 vivo
2859 2443 3014 2499 sicut
3035 2445 3252 2502 dictum
3277 2454 3366 2504 est
3389 2465 3528 2521 pon-

1879 2528 2057 2596 tiﬁce,
2087 2528 2346 2599 quolibet
2384 2531 2555 2586 modo
2581 2531 2754 2586 fuerit
2787 2533 3040 2588 ambisse
3062 2535 3389 2607 convictus,
3424 2547 3526 2596 aut

1881 2622 2040 2673 certe
2071 2622 2412 2689 temptasse.
2441 2638 2467 2670 »
2495 2619 2655 2685 Quod
2687 2634 2823 2676 vero
2854 2621 3132 2692 aequitate
3166 2625 3322 2680 Petri
3358 2629 3527 2685 robo-

1881 2711 2087 2762 rentur
2133 2707 2455 2777 apostoliea
2501 2706 2740 2778 judicia,
2785 2709 2868 2763 ait
2907 2711 3281 2769 Innocentius
3331 2729 3522 2786 papa:

1884 2814 1911 2848 ‹‹
1935 2795 2122 2850 Manet
2143 2794 2300 2849 Petri
2325 2794 2712 2866 privilegium,
2736 2796 3170 2868 ubicumqueex
3185 2802 3313 2871 ejus
3341 2803 3527 2861 fertur

1880 2883 2158 2954 mquitate
2175 2882 2476 2952 judicium.
2505 2903 2533 2935 »
2567 2885 2881 2953 Gregorius
2905 2901 3136 2957 quoque
3160 2889 3242 2944 sic
3267 2891 3347 2946 ait
3372 2891 3526 2950 inter

1883 2975 2078 3027 cetera
2115 2971 2168 3026 in
2202 2971 2438 3027 decreto
2478 2987 2584 3029 suo
2623 2988 2748 3045 cap.
2794 2976 2862 3030 10
2895 2994 2906 3028 :
2945 2995 2972 3026 α
3007 2975 3156 3032 Nulli
3188 2978 3273 3034 fas
3310 2985 3402 3036 est
3434 2983 3522 3037 vel

1887 3074 2055 3132 posse
2078 3060 2167 3115 vel
2193 3060 2342 3116 velle
2378 3063 2705 3130 transgredi
2742 3069 3033 3136 praecepta
3067 3067 3405 3137 apostolicae
3440 3086 3527 3127 se-

1884 3147 1992 3217 dis,
2031 3163 2135 3205 nee
2164 3149 2292 3219 ejus
2330 3149 2736 3221 dispositionis
2779 3152 3186 3224 ministerium,
3222 3158 3375 3227 quod
3407 3175 3526 3216 om-

1883 3236 2038 3292 nium
2072 3237 2233 3307 sequi
2271 3242 2507 3308 oportet
2539 3239 2865 3296 caritatem.
2903 3241 2985 3297 Sit
3015 3258 3154 3313 ergo
3187 3245 3369 3302 ruinae.
3403 3262 3523 3304 sum

1883 3323 2082 3382 dolore
2105 3329 2463 3398 prostratus,
2506 3342 2610 3384 nec
2646 3328 2837 3385 locum
2859 3329 3132 3404 deinceps
3155 3333 3308 3389 inter
3330 3350 3524 3392 sacer-

1881 3413 2050 3470 dotes
2070 3414 2300 3484 habeat,
2319 3415 2588 3486 quisquis
2606 3417 2945 3488 apostolicis
2962 3421 3210 3478 voluerit
3229 3425 3524 3482 contraire

1882 3503 2160 3572 decretis,
2187 3503 2290 3559 sed
2321 3505 2580 3561 extorris
2603 3521 2633 3561 a
2660 3511 2865 3564 sancto
2894 3509 3218 3567 ministerio
3252 3511 3369 3570 ﬁat.
3405 3515 3524 3571 Non

1881 3591 1952 3648 de
1966 3591 2093 3662 ejus
2109 3591 2330 3662 judicio
2348 3594 2656 3666 quisquam
2671 3609 2870 3652 curam
2885 3597 3094 3655 habeat
3121 3601 3387 3670 quoniam
3405 3603 3523 3673 jam

1882 3679 2228 3752 dampnatus
2249 3697 2278 3737 a
2301 3686 2498 3738 sancta
2521 3688 2578 3738 et
2603 3684 2926 3754 apostolica
2959 3686 3219 3744 mcclesia
3243 3694 3301 3744 et
3329 3696 3528 3747 aucto-

1880 3768 2057 3825 ritate
2097 3784 2320 3840 suaque
2361 3770 2754 3827 inohedientia
2797 3777 2974 3842 atque
3008 3778 3462 3848 praesumptione
3493 3793 3524 3836 a

1879 3871 2172 3928 quoquam
2203 3872 2332 3913 esse
2365 3873 2476 3914 non
2506 3857 2831 3928 dubitatur,
2867 3862 3000 3932 quia
3031 3862 3267 3932 majoris
3295 3879 3527 3922 excom-

1879 3944 2290 4002 municationis
2329 3944 2650 4016 dejectione
2695 3952 2786 4002 est
2824 3948 3146 4018 exigendus
3179 3952 3271 4008 cui
3304 3958 3525 4012 sanctae

1878 4028 2143 4090 ecclesiae
2173 4033 2476 4090 commissa
2502 4035 2692 4091 fuerat
2720 4034 3050 4108 disciplina,
3077 4039 3172 4110 qui
3200 4055 3310 4096 non
3335 4041 3522 4099 solum

1879 4121 2108 4195 prmlati
2131 4125 2347 4180 sanctae
2369 4121 2633 4180 ecclesia;
2661 4123 3025 4194 jussionibus
3056 4143 3262 4200 parere
3295 4129 3520 4202 debuit,

1879 4209 1984 4268 sed
2013 4210 2189 4267 etiam
2229 4210 2376 4267 alios
2406 4226 2476 4267 ne
2510 4213 2880 4283 praeterirent
2916 4215 3231 4274 insinuare.
3269 4219 3352 4275 Sit
3383 4235 3526 4290 ergo

1880 4297 2108 4356 alienus
2131 4314 2162 4354 a
2186 4297 2399 4356 divinis
2421 4305 2481 4356 et
2503 4301 2936 4372 pontiﬁcalibus
2965 4305 3189 4377 oﬁlciis,
3215 4308 3310 4379 qui
3337 4309 3522 4365 noluit

1879 4387 2286 4460 obtemperare
2321 4390 2636 4461 prmeeptis
2674 4392 3030 4462 apostolicis.
3065 4413 3092 4446 »

1951 4475 2246 4548 Sylvester
2264 4477 2438 4535 etiam
2459 4493 2606 4550 papa
2626 4479 2696 4535 de
2717 4495 2826 4537 non
2845 4481 3156 4551 iudicanda
3183 4485 3362 4556 prima
3384 4485 3526 4540 sede

114 4571 488 4630 occasionem
538 4569 1001 4643 perturbationis
1043 4567 1457 4626 ecclesiasticas
1506 4567 1768 4640 prmcipi-
1798 4555 1852 4616 D
1881 4564 1964 4622 sic
1988 4563 2214 4637 aitcap.
2237 4569 2301 4623 6:
2327 4567 3099 4642 Nemojudz’cabitprimam
3114 4555 3528 4642 sedem,justi-

119 4665 320 4718 tanter
343 4660 586 4730 ambire,
603 4674 732 4730 quae
755 4673 868 4714 non
893 4657 1050 4728 licet,
1067 4672 1138 4713 ne
1157 4657 1253 4712 illa
1277 4670 1406 4727 quae
1429 4654 1576 4713 male
1599 4671 1772 4730 appe-

115 4753 271 4821 tunt,
327 4747 668 4805 nullatenus
716 4745 1177 4818 apprehendant,
1221 4748 1280 4801 et
1322 4743 1552 4801 modum
1601 4759 1768 4803 suum

119 4838 278 4910 apud
310 4837 489 4894 Deum
521 4835 900 4906 hominesque
932 4849 1044 4891 non
1072 4838 1330 4890 teneant.
1361 4854 1389 4884 ιι
1426 4832 1772 4890 Melchiades

115 4940 352 4998 quoque
375 4940 523 4998 papa
549 4926 608 4981 in
631 4923 882 4997 epistola
912 4923 1202 4995 Hispaniae
1229 4921 1522 4995 episcOpis
1545 4921 1768 4980 directa

115 5014 186 5072 de
214 5013 533 5088 privilegio
555 5014 730 5070 beato
749 5013 929 5068 Petro
951 5016 1011 5068 et
1033 5010 1477 5068 successoribus
1495 5009 1624 5080 ejus
1645 5011 1771 5068 vice

115 5103 346 5160 Domini
375 5117 654 5160 concesso
687 5101 772 5158 sic
804 5101 882 5158 ait
916 5105 1048 5172 post
1079 5099 1272 5171 aliqua
1298 5119 1310 5154 :
1340 5117 1368 5152 α
1392 5099 1508 5156 Hoc
1536 5098 1772 5170 privile-

111 5192 274 5261 gium
310 5191 587 5250 Dominus
620 5190 797 5248 beato
818 5190 992 5246 Petro
1011 5187 1308 5260 elavigero
1339 5202 1447 5244 suo
1477 5188 1771 5246 concessit

120 5285 176 5336 et
199 5294 310 5339 sua
335 5281 460 5337 vice
479 5277 850 5338 solummodo
883 5277 1196 5350 commisit,
1231 5277 1384 5348 quod
1407 5275 1535 5347 ejus
1557 5291 1772 5350 praero-

119 5370 380 5438 gativam
422 5369 655 5426 cunctis
695 5366 1138 5425 successoribus
1169 5366 1294 5422 suis
1325 5365 1769 5422 hereditandum

123 5462 210 5514 est
235 5464 412 5530 atque
435 5457 752 5516 tenendum
774 5454 989 5512 futuris
1013 5453 1395 5528 temporibus,
1417 5454 1688 5526 quoniam
1711 5459 1767 5511 et

128 5546 278 5605 inter
309 5547 605 5620 apostolos
625 5545 738 5603 fuit
761 5543 1007 5616 quedam
1031 5543 1318 5602 discretio
1339 5542 1673 5616 potestatis.
1700 5543 1766 5598 Et

126 5633 261 5695 licet
279 5641 624 5698 cunctorum
647 5647 759 5714 par
773 5633 923 5694 foret
935 5633 1169 5708 electio,
1189 5632 1362 5692 beato
1382 5635 1576 5694 tamen
1594 5633 1770 5691 Petro

1882 4653 2033 4712 tiam
2063 4653 2381 4728 temperari
2407 4656 2860 4714 desiderantem.
2893 4659 3098 4729 Neque
3127 4659 3284 4715 enim
3313 4657 3388 4716 ab
3419 4673 3528 4716 au-

1873 4743 2050 4816 gusto
2084 4757 2274 4815 neque
2303 4743 2378 4800 ab
2406 4743 2566 4801 omni
2606 4745 2760 4802 clero
2785 4759 2974 4816 negue
3002 4760 3040 4803 α
3067 4745 3311 4818 regibus
3335 4761 3528 4818 neque

1879 4845 1918 4889 α
1935 4833 2159 4906 populo
2176 4833 2376 4905 ,ᾔκασας
2391 4831 2792 4904 judicabitur.
3276 4905 3288 4914 .

1952 4920 2296 4979 Bonefacius
2311 4935 2459 4992 papa
2479 4921 2550 4977 de
2570 4925 2864 4993 potestate
2889 4923 3155 4979 Romana:
3175 4922 3445 4981 ecclesiae
3463 4931 3526 4982 et

1881 5006 1951 5064 de
1973 5007 2062 5064 his
2086 5009 2183 5078 qui
2205 5022 2343 5079 erga
2365 5022 2490 5064 eam
2523 5022 2586 5065 su
2595 5009 2892 5080 perbiunt,
2917 5010 2998 5067 sic
3022 5009 3100 5066 ait
3127 5011 3394 5069 scribens
3415 5013 3526 5070 Eu-

1881 5095 2018 5154 lalio
2051 5095 2416 5154 Alexandriae
2445 5096 2726 5170 episcopo
2752 5117 2763 5152 :
2793 5121 2818 5147 α
2843 5097 2990 5155 Olim
3021 5112 3077 5155 et
3101 5099 3176 5156 ab
3200 5099 3368 5158 initio
3397 5106 3527 5160 tan-

1881 5190 1996 5242 tam
2020 5185 2431 5258 percepimusa
2449 5186 2619 5243 beato
2641 5187 2815 5244 Petro
2837 5186 3236 5259 apostolorum
3260 5189 3524 5264 principe

1879 5272 2174 5345 ﬁduciam,
2200 5279 2264 5330 ut
2286 5275 2603 5332 habeamus
2626 5276 3038 5334 auctoritatem
3068 5277 3382 5336 universali
3415 5294 3525 5337 mc-

1881 5361 2074 5421 clesiae
2097 5360 2415 5419 auxiliante
2435 5364 2675 5420 Domino
2700 5365 3034 5437 subvenire,
3051 5370 3108 5422 et
3125 5366 3408 5440 quidquid
3429 5384 3526 5426 no-

1879 5453 2071 5510 civum
2085 5454 2196 5524 est,
2211 5451 2568 5509 auctoritate
2591 5453 2915 5524 apostolica
2939 5455 3236 5525 corrigere
3253 5459 3310 5512 et
3334 5471 3526 5514 emen-

1881 5540 2042 5599 dare.
2075 5542 2144 5598 Et
2169 5539 2302 5614 quia
2325 5553 2437 5596 non
2463 5545 2658 5612 potest
2690 5542 2916 5598 Domini
2939 5543 3125 5600 nostri
3147 5545 3284 5602 Jesu
3309 5545 3523 5602 Christi

1881 5629 2253 5708 praetermitti
2276 5629 2568 5689 sententia
2592 5628 2843 5689 dicentis
2867 5649 2879 5687 :
2911 5632 2998 5693 Tu
3015 5646 3077 5693 es
3097 5631 3334 5706 Petrus,
3353 5635 3415 5694 et
3429 5647 3523 5698 su-
