3894 6316
433 365 549 426 303

1395 363 1762 428 I-lUGONIS
1806 358 2158 427 ABBATIS
2199 351 2878 424 FLAVINIACENSIS

3691 367 3775 429 304

421 519 535 576 per
557 503 712 560 hanc
726 500 967 574 petram
989 497 1275 573 ediﬂcabo
1296 501 1622 558 (ecclesiam
1639 516 1849 564 meum,
1875 505 1934 554 et
1953 499 2073 554 tunc
2105 495 2158 556 Α
2189 508 2325 551 rere
2344 494 2442 550 cel
2457 493 2786 567 dampnare
2816 497 3117 567 nituntur,
3142 497 3330 570 ipsum
3354 499 3645 557 Dominum
3659 502 3778 559 dam-

437 609 564 664 qm'e
586 591 739 647 dicta
767 606 830 648 su
845 597 900 646 ut
930 605 1118 646 rerum
1155 591 1476 660 probantur
1503 591 1829 655 eﬂ‘ectibus,
1863 588 1992 659 quia
2019 588 2072 642 in

438 681 576 736 sede
611 679 929 751 apostolica
963 685 1128 734 extra
1164 678 1443 733 maculam
1477 694 1706 750 semper
1730 682 1820 733 est
1845 680 2073 732 servata

438 769 642 839 religio
667 769 975 825 catholica.
1001 770 1078 822 De
1098 783 1207 838 qua
1225 782 1327 838 spe
1347 771 1403 822 et
1429 767 1539 822 fide
1567 767 1826 838 separari
1849 765 2076 820 minimc

437 859 760 929 cupientes,
794 862 848 912 ct
888 861 1115 928 patrum
1147 855 1439 912 constitua
1473 861 1808 926 sequentes,
1844 853 2078 910 anathe-

440 949 780 1003 matizamus
809 961 1010 1002 omnes
1035 945 1129 1015 qui
1154 950 1359 1000 contra
1389 949 1645 1000 sanctam
1677 945 1987 1000 Romanam
2019 945 2075 996 et

437 1035 816 1106 apostolicam
862 1035 1169 1090 ecclesiam
1221 1033 1613 1104 superbiendo
1661 1047 1800 1088 suas
1846 1031 2074 1099 erigunt

437 1124 718 1193 cervices,
755 1131 1070 1194 sequentes
1097 1123 1146 1178 in
1174 1122 1440 1178 omnibus
1470 1121 1850 1192 apostolicam
1883 1118 2076 1174 sedem

435 1219 494 1287 git
529 1212 922 1283 praedicantes
954 1211 1140 1267 omnia
1175 1211 1303 1279 ejus
1333 1210 1632 1275 instituta;
1665 1213 1720 1264 et
1755 1223 1856 1280 per
1889 1206 2076 1262 omnia

440 1317 614 1371 spero
638 1306 698 1357 ut
725 1301 780 1356 in
807 1317 915 1357 una
943 1299 1345 1355 communione
1370 1300 1692 1366 vobiscum,
1719 1311 1886 1367 quam
1911 1294 2078 1350 sedes

439 1389 757 1460 apostolica
784 1389 1083 1460 przedicat,
1109 1403 1240 1444 esse
1266 1403 1508 1457 merear,
1529 1387 1580 1441 in
1607 1401 1714 1456 qua
1739 1390 1830 1440 est
1854 1385 2076 1452 integra

438 1485 497 1534 et
531 1494 664 1534 vera
703 1478 1036 1533 christiana)
1070 1475 1370 1543 religionis
1400 1482 1458 1530 et
1493 1477 1746 1545 perfecta
1790 1471 2075 1528 soliditas.

444 1567 797 1622 l’romittcns
844 1569 1248 1635 sequestratos
1277 1581 1305 1620 a
1338 1561 1736 1620 coimnunione
1775 1559 2078 1616 catholicae

441 1655 709 1711 ecclesiae
746 1670 946 1710 omnes
979 1669 1089 1708 non
1122 1653 1556 1708 consentientes
1589 1649 1709 1706 sedi
1743 1648 2079 1720 apostolicae

440 1751 498 1798 ct
530 1758 731 1798 eorum
773 1743 996 1798 nomina
1040 1744 1193 1797 inter
1232 1757 1396 1796 sacra
1433 1739 1754 1794 ministeria
1795 1753 1906 1792 non
1949 1750 2079 1791 esse

445 1832 758 1886 recitauda.
811 1833 1137 1901 Dampnans
1165 1837 1223 1885 ct
1257 1834 1662 1883 antecessores
1693 1831 1749 1881 et
1784 1839 2082 1882 successo-

442 1936 537 1975 res
570 1935 746 1989 meos,
773 1925 832 1974 et
854 1934 1052 1974 omnes
1085 1919 1180 1988 qui
1215 1923 1431 1974 sanctm
1463 1919 1732 1972 Romanae
1763 1919 1820 1970 et
1853 1916 2082 1985 aposto-

441 2008 565 2063 lica;
593 2007 859 2062 ecclesia)
895 2007 1196 2077 privilegia
1223 2020 1460 2061 cassarc
1490 2004 1776 2058 nituntur.
1801 2025 1826 2051 »

511 2099 580 2151 Et
601 2095 756 2167 quod
781 2097 1030 2150 Romana
1053 2095 1318 2150 :ecelesia
1335 2110 1361 2147 a
1383 2093 1607 2147 nemine
1623 2089 2079 2161 sitappellauda,

441 2185 706 2239 Helusius
757 2183 1024 2238 scribens
1071 2183 1340 2237 omnibus
1391 2179 1686 2250 episcopis
1737 2194 1864 2248 cap.
1901 2176 2080 2247 4(ῐο1.

447 2272 584 2343 ιοεγ)
622 2292 632 2326 :
671 2273 942 2326 «Cuncta
977 2285 1078 2340 per
1113 2271 1384 2324 mundum
1421 2269 1574 2322 novit
1610 2267 1896 2335 :ecclcsia,
1930 2264 2084 2335 quod

444 2363 821 2417 sacrosancta
850 2360 1099 2412 Romana
1123 2356 1384 2412 zecclesia
1403 2357 1572 2411 fasdc
1587 2355 1854 2409 omnibus
1879 2354 2086 2408 habeat

441 2447 764 2516 judicandi,
793 2460 978 2515 neque
1000 2446 1268 2515 cuiquam
1295 2445 1467 2500 liceat
1487 2444 1556 2500 de
1574 2444 1700 2513 ejus
1719 2441 1982 2514 judicare
2000 2441 2088 2510 ju-

448 2539 620 2592 dicio.
650 2535 943 2606 Siquidem
971 2533 1036 2587 ad
1061 2532 1212 2588 illam
1242 2533 1490 2602 pertinet
1515 2533 1585 2587 de
1609 2531 1865 2602 qualibet
1892 2531 2084 2588 mundi

451 2631 614 2697 parte
631 2624 914 2694 judicare,
939 2623 1120 2693 ipsam
1141 2627 1332 2676 autem
1356 2636 1522 2676 nemo
1535 2629 1623 2675 est
1641 2620 1938 2692 appellare
1964 2634 2090 2691 pcr-

451 2715 678 2770 missus.
726 2711 830 2766 Sed
867 2725 970 2766 nec
1004 2710 1098 2765 illa
1143 2704 1529 2781 pra‘terimus,
1571 2709 1724 2779 quod
1764 2707 2086 2778 apostolica

447 2801 617 2857 sedes
648 2800 773 2855 sine
797 2799 908 2855 ulla
935 2799 1154 2869 synodo
1189 2797 1556 2869 przecedente
1579 2802 1638 2852 ct
1660 2795 1918 2852 solvendi
1945 2811 2090 2866 quos

447 2889 702 2961 synodus
734 2889 926 2958 iniqua
975 2887 1410 2958 dampnaverat,
1454 2892 1512 2941 et
1553 2884 1900 2956 dampnandi
1944 2899 2089 2954 quos

446 2978 776 3051 oportuerit
821 2977 992 3032 habet
1041 2980 1416 3046 potestatem.
1449 2980 1508 3029 et
1541 2974 1646 3029 hoc
1679 2973 1948 3028 nimirum
1985 2988 2088 3043 pro

447 3083 554 3124 suo
575 3066 902 3138 principatu
917 3079 1086 3134 quem
1105 3065 1312 3118 beatus
1327 3065 1538 3117 Petrus
1554 3060 1854 3132 apostolus
1867 3060 2086 3115 Domini

447 3171 587 3213 voce
610 3159 666 3209 et
695 3153 880 3208 tenuit
913 3167 1142 3223 semper
1163 3155 1220 3206 ct
1246 3150 1487 3205 tenebit.
1517 3172 1542 3197 ν
1575 3151 1644 3204 Et
1669 3149 1921 3205 Kalistus
1943 3163 2087 3219 papa

448 3245 501 3298 iu
519 3242 772 3298 decretis
783 3256 910 3311 cap.
931 3246 950 3294 1
977 3261 988 3293 :
1011 3239 1320 3308 Quidquid
1327 3241 1458 3295 sine
1469 3239 1824 3294 discretione
1827 3237 2092 3308 justitia

445 3330 653 3386 contra
678 3332 956 3386 Romam
975 3327 1232 3384 ecclesiae
1251 3326 1444 3397 discip
1453 3328 1638 3382 tinam
1658 3327 1857 3382 actum
1861 3325 2086 3397 fuerit,

444 3419 649 3475 rat-um
671 3417 888 3474 habere
902 3418 1062 3474 ratio
1085 3417 1260 3472 nulla
1271 3416 1592 3486 permittit.
1621 3415 1931 3471 Nicholaus
1955 3429 2092 3486 quo-

451 3523 564 3578 que
588 3509 658 3562 de
682 3510 1018 3576 contemptu
1046 3503 1204 3560 sedis
1229 3501 1564 3574 apostolica:
1589 3503 1902 3558 universali
1927 3518 2093 3573 syno-

451 3599 524 3651 do
552 3595 874 3667 pra'sideus
894 3595 1038 3649 dixit
1067 3614 1078 3648 :
1112 3616 1136 3641 α
1157 3593 1209 3648 Si
1236 3593 1365 3663 quis
1388 3592 1676 3662 dogmata,
1699 3591 1988 3662 mandata,
2011 3593 2089 3647 in-

450 3684 724 3751 terdicta,
759 3683 1092 3739 sanctiones
1115 3680 1202 3736 vel
1229 3680 1462 3736 decreta
1497 3694 1602 3750 pro
1634 3679 1922 3735 catholica
1956 3679 2087 3736 ﬁde.

453 3790 556 3845 pro
595 3771 996 3828 ecclesiastica
1039 3769 1376 3841 disciplina,
1412 3783 1516 3840 pro
1556 3768 1923 3824 correctione
1956 3768 2092 3824 tide-

453 3862 610 3926 lium,
639 3876 742 3932 pro
762 3859 1170 3916 emendatione
1192 3858 1610 3914 sceleratorum
1627 3855 1716 3912 vel
1733 3855 2094 3912 interdictio-

452 3965 519 4006 ne
563 3949 978 4004 imminentium
1024 3947 1116 4003 vel
1157 3949 1487 4002 futurorum
1531 3944 1830 4014 malorum,
1865 3959 1896 4000 a
1939 3945 2094 4000 sedis

450 4039 784 4109 apostolica:
815 4036 1064 4108 praesule
1095 4035 1414 4090 salubriter
1445 4033 1804 4105 promulgata
1837 4037 2092 4089 contem-

452 4127 654 4199 pserit,
691 4127 1014 4180 anathema.
1052 4125 1106 4178 Si
1141 4123 1444 4179 anathema
1485 4128 1597 4192 est,
1633 4122 1728 4193 qui
1754 4121 2091 4178 'contemnit

451 4216 688 4271 decreta
708 4212 1048 4284 apostolica,
1067 4212 1203 4282 quid
1231 4214 1510 4280 meretur,
1529 4211 1624 4281 qui
1642 4211 1697 4266 in
1712 4209 2089 4267 reverendam

453 4302 672 4361 sanctis
694 4301 962 4357 omnibus
995 4300 1300 4372 apostolici
1326 4300 1576 4356 nominis
1597 4299 1954 4370 majestatem
1981 4314 2094 4355 ma-

452 4408 584 4448 num
619 4390 842 4446 inlicite
865 4388 933 4421 37‘
957 4405 1064 4445 non
1101 4389 1266 4444 timet
1297 4388 1652 4444 extendere?
1681 4390 1750 4444 Et
1776 4395 1836 4444 ut
1859 4387 2090 4444 tandem

449 4477 771 4536 inviucibili
797 4477 894 4532 Dei
913 4477 1108 4546 gladio
1133 4477 1409 4532 feriamus
1425 4474 1512 4547 ³⁷⁸,
1534 4476 1771 4532 audiant
1796 4475 2092 4546 impugna-

2119 3197 2171 3260 C

2184 597 2373 654 pnare
2382 598 2496 655 per
2512 585 2858 656 prop/ictam
2879 587 3177 648 ridentur.
3205 588 3264 644 et
3281 589 3410 644 ideo
3436 603 3611 660 usque
3629 591 3696 646 ad
3711 605 3775 647 sa-

2190 675 2590 745 tisfactionem
2633 675 2951 746 dampnali
2975 677 3136 733 sunt.
3170 678 3239 731 Et
3275 683 3404 748 post
3439 693 3605 750 pauca
3636 698 3646 734 :
3681 681 3776 746 Qui,

2192 760 2400 830 inquit,
2425 761 2523 818 liis
2542 762 2796 831 resisitt,
2825 765 2938 819 Deo
2957 765 3210 830 resistit,
3237 767 3296 820 et
3313 765 3419 836 qui
3441 766 3522 823 eis
3543 765 3778 836 injuriam

2187 849 2282 904 rel
2297 851 2716 906 contumeliam
2724 853 2912 924 facit.
2933 853 3050 908 Deo
3069 855 3246 924 cujus
3270 855 3780 927 tegationefungan-

2191 938 2490 1010 Iurfacit.
2526 939 2824 996 Suﬂiciunt
2859 941 2991 1010 ista,
3024 956 3092 996 an
3127 941 3315 997 adhuc
3339 943 3406 998 ad
3434 943 3778 998 confutandam

2189 1025 2450 1081 adversa:
2493 1027 2678 1097 partis
2728 1028 3002 1099 ineptiam
3047 1028 3302 1100 pluriora
3336 1030 3406 1084 de
3437 1030 3781 1102 scripturis”

2191 1115 2488 1184 querimus
2509 1115 2884 1171 testimonia?
2915 1117 3164 1172 Accedat
3189 1122 3247 1172 ct
3269 1118 3624 1173 Jheronimus
3662 1119 3774 1174 dicat

2190 1207 2246 1257 ct
2269 1202 2390 1271 ipse
2417 1203 2554 1273 quid
2585 1209 2883 1259 mercatur
2906 1205 3002 1274 qui
3022 1204 3303 1274 judicium
3327 1206 3484 1263 sedis
3503 1207 3780 1278 apostolica

2193 1291 2654 1362 reprehenderit.
2695 1291 2945 1348 Audiant
2977 1293 3230 1348 malivoli
3257 1298 3314 1350 ut
3341 1293 3775 1364 instruantur,ju-

2193 1380 2264 1435 sti
2303 1387 2362 1436 et
2406 1381 2655 1436 benivoli
2697 1386 2756 1438 ut
2801 1384 3155 1438 roborentur
3195 1389 3252 1438 ct
3300 1383 3352 1439 in
3401 1383 3508 1439 fide
3546 1384 3776 1440 catholica

2190 1469 2622 1524 confirmentur.
2669 1471 2757 1526 Ait
2803 1470 2955 1525 inter
2993 1477 3189 1527 cetera
3235 1472 3500 1528 scribens
3531 1472 3597 1527 ad
3626 1473 3777 1526 Dama-

2191 1572 2317 1613 sum
2345 1577 2356 1611 :
2384 1559 2507 1614 Hec
2525 1559 2798 1630 estjtdes,
2820 1559 3162 1616 beatissime
3176 1574 3357 1631 papa,
3380 1574 3554 1633 etiam
3573 1562 3632 1618 in
3645 1560 3779 1616 eccle-

2186 1647 2282 1704 sia
2319 1647 2614 1704 catholica
2664 1648 3005 1717 didicimus,
3047 1664 3348 1720 quamyue
3385 1665 3600 1720 semper
3637 1651 3778 1706 tenui-

2191 1748 2341 1802 mus,
2364 1736 2432 1790 in
2452 1749 2574 1805 qua
2595 1735 2648 1791 si
2670 1738 2870 1794 minus
2883 1736 3084 1808 perite
3113 1737 3226 1794 aut
3241 1753 3461 1808 parum
3489 1739 3644 1794 caute
3652 1737 3779 1808 forte

2111 1847 2166 1908 Β
2193 1822 2436 1894 aliquid
2442 1824 2709 1892 positum
2731 1825 2835 1894 est,
2862 1826 3166 1881 emendari
3191 1826 3589 1896 cupimusate,
3607 1826 3778 1896 quit”:-

2195 1911 2277 1966 tri
2298 1910 2357 1965 et
2361 1911 2547 1980 ﬁdem
2565 1912 2824 1968 etsedem
2849 1913 3024 1968 tenes.
3050 1913 3126 1970 Si
3149 1914 3348 1970 autem
3373 1913 3475 1970 nec
3491 1913 3674 1969 nostra
3689 1926 3778 1968 con-

2177 2001 2315 2072 fess
2327 2002 2375 2056 io
2397 2000 2765 2070 apostolatus
2780 2002 2868 2058 tui
2879 2001 3118 2070 judicio
3130 2001 3556 2074 comprobatur,
3573 2003 3775 2074 quicum-

2193 2103 2308 2158 que
2324 2101 2415 2144 me
2445 2089 2688 2158 culpare
2716 2090 2994 2158 coluerit,
3026 2103 3088 2146 se
3119 2091 3463 2162 imperitum
3482 2090 3572 2146 vel
3592 2089 3777 2146 malivo—

2198 2177 2336 2244 lum,
2369 2178 2466 2232 cel
2510 2177 2693 2234 etiam
2740 2193 2856 2233 non
2905 2179 3192 2236 catholico
3239 2179 3476 2235 nomine
3523 2177 3775 2235 hereticna

2195 2263 2606 2336 comprobabit.
2645 2264 2969 2321 Secundum
2995 2266 3099 2322 hec
3123 2281 3264 2336 ergo
3293 2265 3603 2323 beatissimi
3629 2266 3778 2319 Jhero-

2198 2351 2532 2422 nimidicta,
2561 2368 2671 2423 que
2697 2353 2891 2409 nullus
2924 2353 3178 2410 ﬁdelium
3211 2354 3452 2423 ambigit
3479 2354 3694 2411 veritate
3713 2367 3777 2407 su-

2200 2439 2392 2508 bnixa,
2425 2441 2686 2511 quisquis
2713 2441 2932 2512 judicia
2969 2441 3347 2512 reprehendit
3381 2441 3692 2512 apostolica,
3716 2439 3779 2492 lie-

2200 2529 2379 2584 rctiea
2411 2534 2651 2584 notatur
2673 2529 2924 2584 infamia.
2950 2529 3313 2600 Augustinus
3339 2529 3780 2600 quoquedumtra-

2196 2622 2386 2672 ctaret
2411 2618 2480 2672 de
2505 2617 2614 2688 his,
2642 2618 2737 2688 qui
2770 2624 2901 2673 sunt
2937 2617 3088 2674 inter
3120 2619 3419 2674 hereticos
3451 2613 3776 2688 computandi.

2199 2705 2289 2761 vel
2314 2706 2408 2777 qui
2433 2721 2567 2776 non,
2597 2707 2676 2762 sic
2701 2707 2781 2762 ait
2811 2707 2963 2761 inter
2989 2711 3186 2762 cetera
3215 2725 3227 2760 :
3259 2729 3284 2754 α
3311 2706 3461 2762 Dicit
3495 2703 3776 2776 Apostolus:

2199 2795 2541 2852 Hereticum
2561 2795 2852 2852 hominem
2881 2795 3012 2866 post
3033 2796 3298 2866 primum
3322 2796 3384 2852 et
3395 2793 3683 2854 secundum
3698 2805 3778 2848 cor-

2196 2884 2518 2955 reptionem
2542 2884 2756 2940 devita.
2779 2885 2973 2942 sciens
2991 2885 3140 2953 quia
3159 2883 3483 2942 subversas
3498 2883 3582 2941 est
3593 2884 3776 2954 ejusme

2200 2973 2283 3041 di,
2317 2974 2376 3028 et
2395 2972 2597 3043 peccat
2621 2974 2688 3029 in
2717 2973 3026 3044 semetipso
3058 2972 3424 3044 dampnatus
3455 2972 3588 3040 (Tit.
3613 2973 3776 3037 111,10.»

2201 3060 2309 3116 Sed
2333 3061 2428 3131 qui
2449 3061 2796 3117 sententiam
2825 3075 2988 3116 suam
3015 3061 3277 3130 quamvis
3298 3061 3502 3116 falsam
3519 3067 3672 3128 atque
3692 3069 3774 3126 per-

2200 3164 2422 3204 versam
2449 3149 2604 3205 nulla
2632 3148 2915 3220 pertinaci
2948 3148 3322 3205 animositate
3353 3147 3650 3206 defendunt
3676 3157 3777 3216 pne

2201 3237 2399 3294 sertim
2423 3253 2595 3308 quam
2615 3253 2723 3296 non
2743 3239 2977 3294 audatia
2999 3253 3120 3295 suae
3140 3238 3610 3312 praesumptionis
3631 3246 3776 3307 pel-ce

2201 3327 2412 3397 perint,
2431 3327 2533 3382 sed
2547 3341 2575 3381 a
2593 3327 2854 3382 seductis
2876 3330 3052 3398 atque
3078 3326 3132 3382 in
3147 3341 3411 3384 errorem
3437 3326 3606 3398 lapsis
3629 3335 3778 3395 paren-

2201 3415 2360 3471 tibus
2383 3420 2754 3486 aceeperunt,
2773 3422 3028 3486 querunt
3045 3420 3238 3471 autem
3262 3422 3438 3473 cauta
3455 3411 3779 3472 sollicitudine

2202 3505 2530 3574 veritatem,
2547 3504 2760 3573 corrigi
2779 3505 2965 3574 parati
2980 3519 3109 3560 cum
3128 3505 3777 3574 invenerint,nequaquam

2201 3597 2333 3650 sunt
2360 3593 2513 3648 inter
2532 3593 2830 3649 hereticos
2857 3593 3252 3664 computandi.
3271 3615 3297 3642 »
3334 3595 3548 3661 Quibus
3567 3593 3614 3648 in
3637 3588 3779 3646 verbis

2203 3685 2405 3754 aperte
2435 3681 2790 3752 ostenditur,
2815 3696 2916 3737 eos
2941 3681 3148 3752 procul
3171 3680 3354 3738 dubio
3379 3683 3524 3738 inter
3552 3676 3778 3736 hereticos

2202 3769 2650 3841 computandos,
2669 3769 2765 3840 qui
2783 3769 3133 3827 sententiam
3148 3785 3309 3826 suam
3332 3771 3528 3827 falsam
3541 3774 3781 3839 etperver-

2204 3873 2323 3915 sam
2357 3864 2417 3914 et
2449 3873 2707 3914 errorem
2753 3857 2948 3913 infami
2988 3863 3179 3914 mente
3218 3864 3575 3924 concretum,
3605 3849 3780 3911 audatia

2205 3945 2680 4018 praesumptionis
2723 3945 3116 4016 adiuventum,
3154 3947 3442 4016 pertinaci
3480 3941 3781 4002 animositate

2203 4034 2514 4091 defendere
2528 4033 2866 4105 moliuntur,
2885 4034 3189 4090 veritatem
3207 4040 3600 4106 respuentes,a
3617 4024 3780 4101 gremia

2205 4123 2409 4179 matris
2423 4123 2688 4180 ecclesias
2711 4123 3076 4182 recedentes.
3097 4125 3381 4180 unitatem
3399 4123 3710 4185 scindentes,
3724 4126 3783 4169 sa-

2206 4228 2333 4269 nam
2358 4211 2681 4268 doctrinam
2713 4212 3082 4284 abjicientes,
3106 4228 3376 4268 errorum
3411 4211 3584 4285 spinis
3612 4209 3779 4262 viscera

2207 4305 2467 4358 materna
2499 4300 2854 4366 scindentes,
2881 4307 2941 4356 et
2963 4307 3180 4372 przetcr
3201 4302 3280 4372 id,
3309 4301 3466 4372 quod
3493 4292 3782 4366 evangeliu-

2204 4394 2327 4445 tum
2349 4394 2440 4445 est
2461 4388 2775 4446 universali
2799 4389 3087 4454 ecclesiae,
3104 4390 3254 4460 quod
3283 4394 3466 4460 tenet,
3483 4385 3622 4460 quod
3639 4382 3779 4440 docet,

2207 4479 2394 4534 aliena
2415 4477 2676 4534 docendo
2697 4478 3086 4535 anathematis
3105 4477 3414 4550 apostolici
3438 4465 3781 4534 interminatie

449 4577 613 4627 tores
641 4567 708 4602 ³τ⁷
741 4567 1026 4636 veritatis,
1071 4571 1538 4638 propugnatores
1569 4565 1972 4637 perversitatis
2001 4564 2090 4637 ³⁷³,
2121 4559 2175 4619 D
2206 4581 2332 4623 nem
2367 4582 2476 4624 non
2509 4572 2809 4636 verentur,
2845 4582 3090 4637 quorum
3123 4567 3228 4622 nisi
3265 4567 3601 4638 resipiscant
3629 4560 3782 4616 certus

447 4675 515 4716 ex
539 4659 737 4716 verbis
757 4656 910 4714 beati
937 4656 1090 4712 Petri
1111 4655 1180 4689 ³⁷³
1197 4655 1452 4728 apostoli
1473 4656 1566 4711 cui
1594 4653 1991 4726 przcjudicium
2015 4654 2094 4710 fe-

445 4753 653 4806 cerunt
690 4745 828 4818 quid
862 4750 1216 4801 mercantur.
1254 4744 1306 4798 Si
1341 4744 1490 4814 quis,
1523 4745 1623 4814 ait,
1658 4744 1832 4812 hunc,
1865 4742 1937 4798 ad
1970 4743 2092 4798 Cle-

447 4843 694 4893 mentem
721 4835 988 4906 loquens,
1013 4833 1346 4899 contristat,
1383 4830 1674 4886 Christum
1701 4829 1800 4899 qui
1821 4829 1874 4884 ei
1897 4830 2092 4886 cathe-

447 4925 608 4980 dram
643 4921 888 4979 docendi
917 4919 1165 4976 tradidit
1197 4935 1308 4976 non
1343 4918 1572 4990 recipit,
1607 4922 1664 4974 et
1698 4922 1990 4988 tamquam
2023 4917 2092 4950 ³⁸⁰

449 5011 546 5081 qui
571 5011 864 5066 Christum
887 5024 997 5066 non
1019 5007 1370 5080 susceperit,
1394 5021 1497 5062 nec
1521 5006 1740 5063 Domini
1765 5005 2000 5062 fratrem
2023 5005 2091 5040 “1

447 5099 784 5168 suscepisse
819 5098 1204 5168 judicabitur,
1238 5101 1300 5152 et
1332 5096 1462 5153 ideo
1503 5111 1609 5152 nec
1650 5095 1772 5167 ipse
1813 5095 2090 5168 suscipie-

449 5193 548 5242 tur
579 5186 634 5241 in
669 5200 844 5256 regno
871 5186 1178 5243 ccelorum.
1209 5208 1234 5236 ι)
1273 5185 1379 5252 Qui
1410 5199 1587 5256 supra
1609 5183 1677 5218 ³⁸³
1698 5185 1769 5240 de
1795 5185 2090 5258 episcopis

450 5275 693 5344 loquens
720 5293 731 5326 :
762 5275 895 5345 Qui,
928 5273 1139 5344 inquit,
1166 5275 1462 5346 episcopos
1480 5275 1722 5342 cedant,
1748 5274 1860 5331 aut
1876 5289 2090 5332 ammo-

2203 4661 2296 4712 est
2332 4656 2624 4711 interitus.
2661 4655 2766 4722 Qui
2796 4655 2843 4711 si
2868 4655 3126 4711 dixerint
3151 4655 3536 4712 obediendum
3566 4639 3778 4724 potestati

2204 4745 2473 4815 quoniam
2506 4758 2620 4798 non
2642 4748 2732 4799 est
2757 4747 3020 4815 potestas
3044 4743 3151 4800 nisi
3177 4759 3208 4800 a
3230 4746 3369 4810 Deo,
3405 4749 3464 4799 ct
3493 4741 3580 4813 qui
3607 4727 3777 4793 resistit

2204 4833 2479 4905 potestati
2503 4833 2602 4888 Dei
2627 4831 2979 4889 ordinationi
3005 4833 3248 4904 resistit,
3265 4832 3500 4889 audiant
3523 4826 3645 4900 quid
3663 4819 3771 4878 idem

2203 4922 2562 4994 Augustinus
2600 4921 2671 4978 ad
2709 4922 2816 4978 hec
2857 4921 3220 4993 respondens
3260 4921 3416 4978 dicat
3450 4941 3462 4976 :
3499 4943 3523 4969 ι
3563 4911 3686 4983 Quid
3719 4907 3775 4994 inf

2202 4990 2346 5081 quit,
2373 5010 2596 5068 resistit
2622 5011 2920 5081 potestati,
2948 4990 3044 5065 Dei
3067 5009 3417 5068 ordinationi
3442 5002 3672 5066 resistit;
3699 4990 3773 5052 Sed

2202 5099 2360 5171 αυίά,
2401 5100 2450 5156 Si
2493 5099 2638 5156 “111d
2671 5099 2896 5170 iubeat,
2937 5098 3088 5170 quod
3131 5113 3242 5156 non
3283 5099 3460 5156 debes
3500 5098 3686 5158 facere,
3713 5081 3778 5137 hic

2202 5202 2342 5243 sane
2381 5191 2730 5258 contempne
2775 5191 3145 5259 potestatem,
3182 5187 3438 5245 timendo
3466 5177 3775 5259 potestatem-

2203 5275 2344 5346 (FOI-
2365 5275 2529 5347 i09’.)
2553 5254 2719 5348 Ipsos
2737 5254 3490 5348 humanarumvdignitatum
3511 5266 3696 5341 gradus
3713 5254 3780 5314 ad-

1816 5445 2050 5501 VARIIE
2093 5447 2494 5504 LECTIONES.

519 5571 773 5651 ?75_-i_llici
785 5578 838 5629 te
871 5572 1140 5651 difgtum.
1218 5573 1286 5608 ³⁷³
1307 5577 1388 5651 De
1408 5575 1602 5651 gladio
1629 5579 1799 5651 (cfea:
1819 5580 1969 5650 conj.
2001 5581 2193 5651 suppl.
2271 5577 2586 5651 “Fatores
2617 5577 2890 5651 deletum.
2970 5575 3574 5651 m_p_erver:d_el_etum.
3639 5561 3780 5616 ’"PE'

451 5645 526 5702 tri
561 5642 832 5702 deletum.
913 5643 1259 5716 380-mquam
1287 5642 1560 5704 deletum.
1640 5647 1706 5684 ³⁸1
1740 5642 1946 5708 ira-ed
1973 5642 2129 5724 con)“:
2158 5649 2350 5722 suppl.-
2429 5648 2647 5724 m-pra
2682 5648 2955 5710 deletum.

3115 5649 3236 5710 -ris
3265 5649 3524 5709 deletum.
