3894 6320
102 334 206 397 305

1322 283 1822 395 CHHONICON.
1854 358 1933 373 -
1959 326 2113 389 LIB.
2148 326 2220 391 u.

3385 325 3505 391 306

101 476 268 527 verte.
295 469 348 525 Si
372 466 592 540 aliquid
626 467 867 539 jusserit
914 475 1285 541 procurator,
1314 481 1500 523 nonne
1525 463 1735 520 fecien-
1767 460 1821 520 Α
1852 462 2041 518 omnia
2094 461 2415 519 constituta
2476 469 2634 531 sunt,
2669 466 2727 518 et
2760 467 2961 519 contra
3025 463 3181 520 illius
3217 465 3494 522 beneﬁcia

102 560 227 616 dum
281 560 405 614 est?
460 560 667 614 Tamen
703 559 750 614 si
784 562 987 614 contra
1040 556 1450 629 proconsulem
1505 554 1730 622 jubcat,

98 664 201 703 non
232 648 419 718 utique.
467 648 837 717 contempuis
872 651 1245 719 potestatem,
1282 645 1383 700 sed
1416 643 1587 713 eligis
1622 656 1735 696 ma-

97 734 201 801 jori
226 736 457 789 servire.
498 734 617 788 Non
652 733 785 788 hinc
818 734 989 789 debet
1025 734 1209 789 minor
1242 731 1415 787 irasci
1452 732 1501 787 si
1551 728 1733 798 major

108 823 328 894 praelata
359 828 469 876 est.
498 825 749 878 Rursum
775 824 818 879 si
845 823 1063 892 aliquid
1093 820 1403 894 proconsul
1422 820 1648 890 jubeat,
1674 822 1729 871 et

105 910 245 967 aliud
276 912 613 981 imperator,
640 912 920 981 numquid
946 910 1367 967 dubitaturillo
1393 912 1732 977 contempto

107 999 178 1054 illi
207 1013 328 1056 esse
382 1000 799 1056 serviendum?
828 1001 978 1068 Ergo
1008 1000 1057 1055 si
1108 999 1264 1055 aliud
1302 999 1639 1069 imperator,
1675 1000 1731 1049 et

103 1089 240 1145 aliud
262 1091 427 1158 Deus,
454 1088 596 1160 quid
617 1088 934 1159 judicatis?
954 1089 1131 1158 Major
1158 1094 1422 1160 potestas
1447 1084 1733 1142 audienda

101 1182 196 1232 est.
221 1178 292 1233 Da
336 1177 587 1247 veniam,
637 1184 699 1233 tu
732 1193 1047 1243 carcerem,
1079 1178 1172 1232 ille
1204 1178 1527 1244 gehennam
1562 1174 1736 1228 mina-

109 1274 206 1321 tur.
242 1266 373 1321 Hinc
404 1266 526 1335 jam
557 1266 662 1320 tibi
691 1268 1034 1322 assumenda
1061 1270 1145 1321 est
1176 1266 1318 1320 ﬁdes
1341 1268 1436 1319 tua
1463 1269 1733 1332 tauquam

98 1355 360 1421 secutum,
394 1352 449 1406 in
485 1368 606 1423 quo
638 1353 833 1424 possis
857 1353 1042 1408 omnia
1072 1353 1264 1422 jacula
1308 1350 1520 1406 inimici
1546 1350 1723 1420 ignita

96 1440 433 1509 extinguere.
469 1461 498 1490 ι

167 1529 263 1583 “ed
303 1531 558 1584 fortasse
593 1529 808 1584 domini
840 1534 898 1584 et
934 1530 1148 1585 utinam
1183 1531 1393 1584 fratres
1426 1528 1607 1582 nostri
1640 1526 1733 1579 ile-

97 1623 239 1689 erela
272 1618 597 1689 apostolica
624 1623 685 1673 et
706 1619 1017 1674 canonicas
1041 1619 1373 1674 sanctiones
1397 1621 1495 1672 aut
1521 1630 1631 1671 non
1658 1614 1733 1669 le-

101 1688 319 1775 gerant,
344 1712 441 1761 aut
496 1706 656 1762 lecta
691 1707 781 1762 vel
834 1707 1029 1763 audita
1064 1708 1236 1762 szirda
1269 1722 1407 1761 aure
1442 1703 1733 1775 praeterie-

1851 568 2109 623 pugnarc
2136 552 2405 609 videatur
2443 570 2471 608 a
2504 569 2618 623 quo
2655 554 2942 624 propriam
2978 560 3380 623 consequutus
3409 560 3500 611 est

1850 645 2221 712 potestatem.
2250 644 2371 698 .\'on
2396 657 2426 698 a
2446 642 2674 711 legibus
2699 641 2970 712 publicis,
2997 656 3108 697 non
3132 655 3163 695 a
3190 642 3499 713 potestati-

1850 732 1957 787 bus
1990 729 2193 800 seculi,
2231 731 2331 787 sed
2355 746 2384 788 a
2410 730 2784 802 pontiﬁcibus
2813 735 2872 785 et
2892 728 3296 786 sacerdotibus
3317 731 3501 786 omni-

1850 821 2057 888 potens
2090 821 2242 874 Deus
2266 818 2599 875 christiana}
2625 817 2926 886 religionis
2950 818 3202 874 clericos
3220 822 3280 874 et
3306 832 3499 874 sacer-

1848 906 2016 961 dotes
2041 906 2221 961 voluit
2255 906 2533 975 ordinari,
2560 911 2614 961 et
2648 907 2859 963 discuti
2884 910 2942 962 et
2969 906 3148 977 recipi
3181 907 3253 963 de
3294 922 3496 963 errore

1849 1001 2197 1051 remeantes.
2239 999 2626 1066 imperatores
2660 996 2962 1051 christiani
2994 995 3247 1052 subdere
3278 996 3491 1051 debent

1848 1086 2275 1153 exequutioucs
2307 1099 2445 1140 suas
2493 1084 2917 1140 ecclesiasticis
2971 1084 3326 1155 praesulibus
3382 1099 3493 1140 non

1851 1174 2146 1242 prmferre.
2186 1174 2319 1241 llec,
2349 1173 2533 1242 inquit
2568 1173 2854 1235 Gelasius,
2898 1173 2967 1227 de
2993 1173 3495 1245 privilegioimpe-

1852 1266 2107 1315 ratorum
2139 1267 2195 1315 el
2233 1262 2484 1316 omnium
2519 1262 2596 1317 ait
2635 1266 2853 1317 sancta:
2888 1262 2983 1317 Dei
3014 1261 3278 1317 ecclesiae
3311 1276 3497 1317 sacer-

1847 1347 2068 1404 dotum.
2102 1373 2126 1398 ιι

1922 1439 2235 1494 Possumus
2268 1445 2325 1493 et
2358 1440 2427 1493 de
2462 1439 2844 1495 sacramentis
2874 1439 3106 1509 iujustis
3131 1439 3362 1497 minime
3394 1440 3496 1495 ob-

1850 1527 2153 1582 servandis
2187 1526 2425 1583 multum
2459 1527 2857 1598 exemplorum
2897 1527 3124 1599 cepiam
3158 1527 3228 1583 de
3259 1528 3497 1599 scriptis

1848 1622 2075 1685 patrum
2139 1617 2597 1672 ortbodoxorum
2666 1616 3009 1685 Augustini,
3063 1616 3378 1673 Jberonimi
3436 1622 3496 1670 et

1851 1705 2029 1776 ipsius
2052 1707 2319 1760 Romana:
2344 1705 2693 1775 eloquentiae
2721 1705 2896 1774 ﬂuvii,
2932 1706 3083 1759 beati
3111 1705 3331 1759 scilicet
3368 1707 3493 1759 Ain-

98 1800 234 1861 rant,
267 1800 363 1851 aut
390 1795 546 1866 quod
590 1810 757 1864 mage
786 1796 1139 1851 credendum
1167 1801 1277 1863 est,
1309 1802 1364 1849 et
1392 1793 1650 1861 legerant
1675 1795 1729 1847 et
1760 1813 1816 1875 Β
1851 1794 2051 1861 brosii,
2089 1794 2391 1861 dellorare,
2447 1794 2598 1862 quod
2637 1809 2743 1847 non
2774 1808 3003 1864 semper
3053 1793 3326 1848 solvenda
3359 1798 3489 1847 sunt

99 1883 402 1947 audierant,
434 1889 495 1939 et
530 1884 689 1939 lecta
716 1884 804 1939 vel
830 1884 1023 1940 audita
1050 1884 1238 1939 tenaci
1270 1882 1559 1938 memoria:
1580 1897 1734 1936 com-

100 1970 438 2041 mendarunt,
464 1972 572 2028 sed
599 1973 835 2028 domino
859 1990 964 2027 suo
991 1973 1328 2043 imperatori
1361 1970 1560 2025 ﬁdeles
1575 1970 1733 2038 adju-

102 2064 244 2115 tores
265 2066 319 2115 ct
345 2066 773 2131 cooperatores
796 2061 994 2116 haberi
1029 2060 1230 2117 volunt
1255 2060 1344 2116 cui
1364 2059 1731 2127 juravcrunt,

102 2147 183 2204 cui
214 2163 307 2220 per
338 2164 547 2205 manus
595 2153 652 2204 et
689 2156 1050 2204 sacramenta
1102 2149 1411 2204 bomiuium
1451 2149 1728 2203 fecerunt.

106 2236 397 2292 Attendant
432 2237 508 2292 bii
548 2236 650 2309 qui
704 2236 1032 2306 bujusmodi
1083 2243 1236 2305 sunt,
1273 2236 1409 2307 quid
1444 2236 1512 2290 de
1543 2250 1734 2291 sacra-

106 2325 289 2380 mentis
316 2325 740 2396 episcoporum
777 2324 927 2379 dicat
982 2326 1283 2381 Cornelius
1322 2341 1485 2395 papa.
1524 2326 1733 2379 Corne-

108 2412 202 2468 lius
229 2413 533 2485 Cpiscopns
558 2415 711 2467 Rufo
741 2414 1044 2484 episcopo:
1068 2415 1523 2470 .S'acrmnenlz/m
1541 2413 1732 2468 [iacte-

106 2514 203 2558 nus
216 2500 313 2558 “‘a
324 2503 582 2560 summis
593 2502 1001 2559 sacerdotibus
1014 2501 1733 2574 selreliquis/idclibusm

110 2591 251 2647 recte
268 2592 391 2663 ﬁde
420 2592 682 2649 minime
703 2593 1095 2661 cognorimus,
1128 2591 1309 2649 sed”
1328 2591 1732 2663 sponteeosju-

105 2684 676 2752 rassccomperimus.
691 2681 779 2737 Sa
787 2679 1227 2737 cramentmn387
1246 2682 1438 2751 igitur
1449 2680 1733 2751 episcopis

104 2770 367 2827 nescimus
378 2768 513 2826 obla
521 2770 790 2835 tum,nec
801 2783 837 2825 a
854 2783 1153 2839 quoquam
1165 2767 1233 2800 ³⁸³
1244 2770 1378 2836 fieri
1390 2768 1573 2825 debet.
1595 2769 1732 2824 Pius

109 2871 314 2927 quoque
336 2874 481 2930 papa
516 2852 1056 2913 dess’multimodis
1082 2856 1430 2926 juramentis
1452 2857 1693 2927 loquens
1718 2876 1729 2910 :

112 2944 509 3018 Wi3”,ait,per
519 2944 820 3017 capillum
832 2946 943 3002 Dei
957 2945 1051 3001 ret
1062 2945 1739 3016 caputjuracerit,““rel

107 3032 212 3090 alio
220 3035 375 3089 modo
390 3033 775 3106 blasphemia
790 3033 994 3091 contra
1014 3030 1199 3090 Deum
1212 3034 1517 3106 confessus
1530 3032 1734 3105 "’fue-

104 3122 252 3191 rit;si
265 3128 343 3180 est
357 3137 432 3181 ea:
444 3122 875 3181 (ecclesiastico
888 3122 1094 3179 ordine
1105 3120 1192 3192 ’93,
1202 3122 1548 3193 deponatur,
1561 3124 1616 3181 si
1631 3124 1737 3180 lai-

105 3224 207 3279 cus,
230 3213 543 3269 anathema
552 3210 797 3267 tiretur.
813 3212 960 3268 Etsi
972 3212 1111 3283 quis
1120 3225 1235 3282 per
1246 3212 1735 3283 creaturasj‘ura-

104 3298 324 3365 cerit'“,
341 3302 676 3357 accerrime
688 3299 1039 3370 castiqetur,
1056 3299 1302 3370 etjzwta
1316 3300 1382 3355 id
1392 3300 1551 3372 quod
1560 3315 1733 3373 syno-

105 3388 197 3444 dus
214 3386 1059 3460 dijudicaveritsustineatm.
1088 3390 1154 3444 Et
1171 3387 1474 3444 Cornelius
1509 3404 1652 3460 papa
1676 3390 1731 3445 in

103 3476 278 3532 eodem
293 3497 305 3531 :
320 3479 481 3549 Hac,
498 3477 591 3533 ait
603 3478 747 3533 sunt
758 3475 826 3509 ³⁹⁶
836 3477 1167 3533 sanctorum
1174 3477 1413 3547 patrum
1428 3478 1737 3547 instituta;

104 3579 215 3635 qua
230 3567 282 3623 si
301 3569 437 3639 quis
478 3568 551 3624 in
573 3580 800 3621 canum
821 3566 1070 3624 (traxerit
1108 3565 1201 3621 vel
1220 3567 1737 3637 ciolareprasum-

98 3655 267 3722 pserit
296 3654 382 3724 “7,
422 3655 625 3711 hostis
648 3654 740 3710 est
764 3655 981 3711 anime
1008 3668 1148 3725 sua,
1173 3656 1323 3724 quia
1344 3670 1507 3711 nemo
1530 3656 1736 3713 contra

94 3743 407 3814 propnetas,
430 3757 608 3801 nemo
627 3741 698 3773 ³⁸⁸
718 3742 927 3800 contra
964 3743 1313 3813 apostolum,
1340 3758 1502 3800 nemo
1529 3745 1738 3802 contra

104 3830 743 3905 esangeliumfacit’”a
753 3830 952 3903 liquid
962 3830 1184 3903 absque
1180 3831 1396 3903 pericu
1405 3833 1475 3888 lo.
1488 3835 1527 3888 A
1538 3832 1733 3888 udiant

108 3916 261 3987 igitur
302 3921 558 3977 ministri
598 3923 657 3975 et
709 3918 1035 3991 provisores
1066 3920 1467 3976 zecclesiarum
1498 3922 1594 3992 qui
1630 3924 1737 3977 llo-

108 4019 263 4063 manze
289 4009 566 4067 ecclesiae
622 4007 1022 4079 przejudicium
1084 4009 1369 4079 fecerunt,
1405 4009 1541 4080 quid
1576 4010 1737 4067 Gela-

106 4092 207 4150 sius
235 4111 371 4168 papa
415 4097 690 4155 decernit
741 4097 812 4152 de
873 4096 1176 4167 privilegio
1217 4097 1630 4169 imperatorum
1676 4104 1736 4154 et

109 4184 329 4241 omnium
362 4192 591 4243 sancta:
615 4185 714 4240 Dei
757 4184 1039 4243 mcclesia:
1073 4187 1462 4243 sacerdotum.
1494 4210 1518 4234 α
1545 4187 1620 4256 Si,
1656 4187 1738 4242 in-

107 4270 231 4342 quit,
277 4273 604 4345 imperator
653 4272 982 4330 catholicus
1044 4280 1156 4344 est,
1192 4274 1349 4331 salva
1380 4290 1522 4345 pace
1556 4275 1738 4347 ipsius

109 4355 343 4431 dixerim,
372 4361 532 4419 ﬁlius
566 4365 682 4430 est,
718 4376 828 4416 non
854 4362 1068 4433 praesul
1098 4361 1385 4418 ecclesizc.
1415 4364 1597 4419 llabet
1623 4363 1735 4434 pri-

110 4444 291 4517 vilegia
314 4449 638 4522 potestatis
670 4464 791 4505 sum
814 4464 940 4520 quze
972 4450 1453 4507 administrandis
1487 4451 1736 4523 publicis

112 4536 263 4593 rebus
287 4538 575 4595 divinitus
608 4542 1008 4609 consequutus
1035 4546 1148 4610 est,
1188 4546 1245 4596 et
1276 4540 1403 4610 ejus
1435 4522 1734 4597 beneﬁciis
1764 4522 1816 4582 D

111 4636 205 4679 non
226 4624 486 4697 ingratus
507 4631 721 4684 contra
753 4626 1196 4699 dispositionem
1218 4627 1477 4685 molestis
1510 4630 1735 4685 ordinis

114 4710 264 4768 nichil
283 4722 547 4787 usurpet.
579 4714 665 4771 Ad
691 4717 1032 4773 sacerdotes
1055 4717 1207 4772 enim
1232 4718 1384 4773 Deus
1402 4717 1581 4774 voluit
1608 4734 1735 4789 qua:

112 4799 347 4859 ecclesiae
378 4804 754 4877 diSponenda
788 4808 920 4860 sunt
954 4807 1271 4877 pertinere,
1300 4821 1407 4863 non
1452 4807 1522 4863 ad
1553 4808 1730 4864 seculi

112 4892 427 4963 potestates,
456 4908 630 4964 quas,
658 4892 704 4949 si
732 4892 933 4951 ﬁdeles
953 4894 1389 4965 suut,ceclesize
1414 4912 1535 4952 suae
1567 4900 1621 4951 et
1650 4913 1737 4952 sa-

110 4978 425 5039 cerdotibus
453 4996 590 5039 esse
621 4981 809 5037 voluit
844 4983 1152 5052 subjectas.
1190 4984 1310 5039 Non
1343 4984 1454 5040 sibi
1478 4984 1733 5043 vindicet

112 5062 405 5136 imperator
433 5070 828 5141 alienumjus,
862 5074 918 5125 et
951 5072 1339 5128 ministerium
1365 5074 1518 5143 quod
1567 5073 1735 5130 alteri

112 5151 429 5225 deputatum
451 5163 569 5229 est,
596 5173 670 5214 ne
692 5162 893 5215 contra
914 5175 1043 5218 eum
1067 5161 1316 5233 abrupte
1343 5162 1544 5218 tendat
1566 5178 1595 5236 ξι
1622 5178 1736 5234 quo

1849 1883 2128 1953 promissa
2182 1882 2393 1949 omnia,
2430 1885 2633 1937 contra
2694 1898 2793 1937 eos
2842 1882 2936 1951 qui
2991 1882 3191 1937 dicunt
3222 1881 3493 1936 obedien-

1846 1971 1977 2026 dum
1996 1971 2254 2039 regibus,
2275 1971 2488 2041 impera
2500 1970 2725 2025 toribus
2744 1975 2802 2025 ct
2817 1969 3065 2025 dominis
3081 1970 3351 2024 omnibus
3368 1968 3491 2037 qni-

1849 2061 1954 2115 bus
1972 2059 2231 2127 juratum
2256 2066 2363 2117 est,
2401 2058 2683 2128 quidlibet
2708 2058 2900 2127 faciat,
2945 2057 3230 2127 quidlibet
3255 2057 3489 2125 jubeat;

1845 2153 1903 2204 et
1939 2150 2044 2204 hoc
2078 2148 2146 2203 ad
2185 2147 2569 2219 patrocinium
2605 2147 2690 2203 sui
2727 2147 2946 2202 erroris
2976 2149 3298 2211 assumunt,
3335 2145 3488 2214 quod

1848 2238 1897 2293 iu
1922 2238 2076 2292 Petri
2111 2236 2359 2307 epistola
2395 2235 2647 2307 positum
2674 2240 2765 2291 est
2798 2254 2808 2288 :
2841 2236 3039 2293 Ser-ri.
3062 2233 3290 2290 subditi
3313 2232 3492 2290 estote

1846 2329 1909 2384 in
1932 2327 2089 2382 enini
2141 2327 2344 2380 timore
2375 2324 2652 2387 dorninis,
2687 2339 2799 2380 non
2848 2324 3081 2379 tantum
3108 2322 3272 2378 bonis
3294 2322 3354 2377 et
3380 2337 3492 2376 nio-

1844 2417 2029 2473 destis
2050 2416 2154 2471 sed
2172 2415 2348 2470 etiam
2369 2414 2616 2470 discolis
2642 2416 2657 2471 (
2664 2416 2704 2470 Ι
2714 2414 2877 2469 Petr.
2907 2429 2965 2482 u,
3001 2416 3102 2481 I8).
3125 2412 3346 2477 Quil'ms
3369 2411 3491 2463 bre-

1846 2506 1984 2561 viter
2029 2504 2467 2575 respenilemus,
2505 2502 2654 2571 quod
2689 2508 2744 2555 cl
2780 2518 2885 2558 nos
2913 2501 3330 2570 subjectimwm
3360 2516 3495 2553 con-

1847 2597 2140 2665 petentem
2174 2591 2415 2647 discolis
2449 2605 2559 2646 non
2586 2606 2884 2660 negamus,
2912 2591 3014 2645 sed
3041 2588 3259 2645 diseola
3288 2587 3491 2657 juben-

1845 2684 2003 2739 tibus
2035 2698 2142 2738 non
2178 2680 2497 2736 obcdimus.
2528 2679 2670 2749 (Fol.
2708 2680 2854 2748 110.)
2889 2679 3051 2744 Quod
3106 2693 3243 2733 vero
3276 2677 3492 2733 dicitur

1843 2772 2078 2829 ineunti
2102 2770 2328 2837 timore,
2352 2767 2513 2824 illum
2536 2767 2915 2836 intelligimus
2934 2766 3200 2821 timorem
3228 2765 3297 2821 de
3319 2765 3489 2833 cujus

1848 2873 2181 2930 possessore
2211 2856 2426 2912 dicitur
2465 2875 2484 2910 .·
2537 2856 2649 2920 Qui
2681 2854 2851 2911 timet
2893 2856 3100 2921 Deum,
3111 2854 3315 2926 faciet
3343 2852 3492 2910 bona

1847 2946 2056 3019 (Eccli.
2094 2962 2182 3016 xv,
2220 2944 2311 3015 t);
2338 2949 2430 3000 et:
2476 2943 2702 3000 Beatus
2728 2943 2836 3014 qui
2868 2942 3039 2999 timet
3056 2943 3391 3010 Dominum,
3428 2943 3493 2998 in

1842 3034 2149 3103 mandatis
2163 3036 2293 3107 ejus
2304 3032 2471 3104 cupit
2488 3033 2670 3089 nimis
2692 3032 2877 3103 (Psal.
2896 3045 3007 3101 cxr,
3030 3033 3076 3099 ι)
3096 3049 3109 3097 ;
3129 3034 3184 3086 et
3206 3050 3217 3083 :
3236 3030 3491 3086 Initium

1843 3124 2155 3197 sapientia
2177 3123 2353 3181 timor
2390 3121 2629 3177 Domini
2650 3121 2838 3185 (Psal.
2874 3135 2925 3190 x,
2960 3120 3067 3190 10).
3095 3121 3163 3174 Et
3190 3117 3402 3175 Paulus
3436 3118 3487 3174 in

1845 3213 2094 3285 cpistola
2127 3212 2199 3267 ad
2232 3212 2418 3267 Titum
2447 3229 2458 3263 :
2501 3210 2763 3267 Admone
2795 3208 3004 3279 inquit,
3037 3207 3175 3265 illos
3199 3208 3492 3280 principi-

1847 3302 1951 3360 bus
1974 3303 2031 3358 et
2036 3300 2434 3374 potestatibus
2455 3298 2717 3356 subditos
2738 3312 2862 3356 esse
2889 3298 2946 3355 et
2962 3297 3198 3355 obedire
3218 3297 3300 3355 ad
3327 3312 3493 3354 omne

1844 3405 1987 3462 opus
2044 3390 2249 3447 bonum
2303 3389 2445 3457 (Tit.
2476 3404 2560 3458 iu,
2600 3390 2668 3459 l).
2732 3388 2911 3454 Quem
2944 3386 3134 3443 locum
3194 3386 3493 3442 disserens

1849 3481 2054 3535 beatus
2072 3478 2442 3535 Jberonimus
2468 3476 2855 3533 itaeonclnsit
2882 3478 2982 3534 :Si
2997 3476 3207 3532 bonum
3228 3475 3317 3533 est
3335 3476 3497 3546 quod

1834 3568 2117 3639 pracipit
2134 3567 2456 3639 imperator
2468 3566 2766 3638 etprases,
2782 3565 3055 3637 jubentis
3077 3563 3247 3635 obseq
3256 3579 3392 3621 uere
3402 3579 3494 3621 το-

1847 3657 2093 3715 laniati.
2129 3658 2206 3714 Si
2243 3670 2377 3712 vero
2398 3656 2740 3724 malumcst
2765 3655 2825 3711 et
2852 3654 3055 3710 contra
3090 3654 3277 3709 Deum
3306 3654 3490 3724 sapit,

1842 3746 2128 3818 responde
2157 3745 2317 3802 illud
2338 3745 2408 3801 de
2436 3742 2680 3800 Actibus
2708 3743 3105 3813 apostolorum
3140 3761 3151 3795 :
3188 3764 3213 3793 ‹‹
3242 3742 3494 3799 Obedire

1846 3836 2071 3907 oportet
2086 3836 2205 3890 Deo
2232 3835 2431 3904 magis
2460 3846 2644 3902 quam
2670 3829 3009 3887 hominibus
3039 3829 3185 3900 (Act.
3224 3846 3275 3897 v,
3310 3835 3440 3899 29);
3466 3854 3491 3882 »

1846 3932 1904 3980 et
1933 3938 2108 3993 super
2130 3919 2435 3992 epistolam
2461 3919 2531 3974 ad
2545 3918 2731 3974 Titum
2759 3936 2771 3973 :
2802 3919 2982 3974 Servi
3001 3916 3231 3974 subditi
3252 3916 3380 3974 sint
3397 3917 3494 3972 do-

1844 4013 2028 4069 minis
2046 4012 2174 4068 suis
2195 4008 2261 4065 in
2280 4007 2547 4064 omnibus
2568 4019 2701 4077 qua
2718 4020 2834 4063 non
2853 4007 2997 4064 sunt
3013 4005 3324 4062 contraria
3352 4007 3491 4075 Deo,

1846 4100 1977 4157 utsi
1997 4099 2129 4155 dom
2141 4101 2269 4154 inus
2291 4110 2359 4153 ea
2362 4094 2537 4170 jubet
2547 4109 2679 4166 qua
2690 4109 2803 4152 non
2816 4094 3225 4151 suntadeersa
3239 4094 3492 4164 scriptu-

1846 4191 1933 4247 ris
1945 4188 2191 4256 sanctis,
2206 4185 2570 4257 subjiciatur
2591 4184 2824 4241 domino
2835 4183 3349 4251 semus;siautem
3366 4198 3470 4239 con
3489 4214 3497 4222 -

1849 4277 2047 4335 traria
2054 4277 2238 4347 preci
2239 4276 2305 4347 pi
2312 4275 2352 4343 t,
2374 4289 2512 4345 mag
2520 4275 2573 4331 is
2586 4273 2792 4331 obedia
2801 4273 3086 4344 tspiritus
3099 4288 3134 4343 q
3143 4287 3279 4328 uam
3291 4272 3496 4329 carnis

1848 4366 2101 4423 domino.
2133 4364 2351 4420 ltemin
2374 4362 2572 4419 eadem
2606 4360 2849 4434 pulchre
2874 4362 3167 4433 imperans
3198 4361 3385 4417 servis
3411 4364 3495 4417 uti

1850 4453 2123 4511 obediant
2155 4452 2420 4522 dominis,
2456 4451 2683 4507 addidit
2733 4470 2744 4504 :
2791 4452 3098 4522 tamquam
3141 4450 3400 4515 Clu-isto,
3435 4456 3498 4505 ut

1850 4542 2076 4600 scilicet
2106 4557 2214 4597 non
2250 4540 2448 4596 audiat
2478 4554 2685 4595 servus
2722 4540 2794 4595 ad
2819 4538 3143 4595 naturalem
3177 4538 3494 4603 dominum,

1849 4634 1894 4689 si
1926 4631 2221 4689 contraria
2257 4630 2565 4703 praeceptis
2589 4629 2811 4684 Domini
2834 4627 3086 4683 voluerit
3114 4626 3420 4695 imperare.

1921 4724 2035 4777 I‘Iec
2068 4720 2245 4789 igitur
2271 4717 2623 4775 contraillos
2651 4717 2747 4787 qui
2774 4716 3247 4772 adversusDeum
3276 4713 3493 4768 tumide

1849 4809 2035 4866 insani
2066 4808 2380 4879 desipiunt,
2408 4806 2504 4877 qui
2535 4804 2814 4871 clavigeri
2846 4802 3084 4858 :etberei
3110 4800 3387 4857 vicarium
3414 4801 3496 4855 di-

1848 4899 2067 4955 vinitus
2097 4897 2368 4965 electum,
2404 4895 2475 4950 ab
2508 4892 2659 4949 omni
2682 4891 3115 4948 cbristianitate
3135 4893 3493 4961 susceptum,

1849 4986 2162 5043 sanctitate
2193 4980 2657 5041 conversationis
2684 4980 3078 5058 pprspicuum,
3107 4977 3499 5034 diuturnitate

1846 5074 2130 5146 temporis
2158 5073 2586 5141 conﬁrmatum,
2632 5070 2763 5141 quia
2790 5068 2959 5126 viciis
2987 5068 3111 5125 suis
3149 5067 3501 5124 concinnare

1852 5181 1961 5221 non
1987 5164 2206 5233 vident,
2233 5162 2506 5233 dejicere,
2533 5176 2638 5233 pro
2664 5158 3089 5232 pudoriconati
3116 5163 3271 5228 sunt,
3301 5158 3502 5229 paucis

1456 5297 1689 5352 VARI/13
1732 5296 2131 5353 LECTIONES.

167 5399 226 5434 ³⁸³
255 5403 534 5461 hactenus
582 5403 860 5462 deletum.
936 5407 1003 5440 ³⁸³
1037 5408 1309 5465 ﬁdelibus
1362 5410 1636 5467 delelum.

111 5471 349 5547 deletas,
377 5476 447 5547 "3’
479 5477 552 5531 de
582 5474 860 5547 deletum.
936 5477 1004 5513 δυο
1042 5481 1151 5547 Qui
1196 5481 1469 5538 deletum.

117 5610 173 5644 ²⁹⁰
202 5614 335 5671 facit
370 5610 653 5676 deletum.

1718 5411 1786 5444 ³⁸⁸
1819 5411 1923 5468 sed
1976 5409 2247 5466 deletum.

411 5481 447 5557 ξ’
479 5481 860 5557 deuinctum.
901 5481 1004 5557 “1:90
1042 5481 1151 5557 Qui
1196 5481 1469 5557 deletum.
1550 5481 1814 5557 "fi-verit
1847 5483 2118 5557 deletum,

116 5541 243 5616 tum.
294 5544 379 5616 7'”
403 5545 503 5616 jur
543 5546 822 5604 deletum.
900 5548 967 5584 ³⁸⁸
998 5541 1494 5610 aestui-deletum.
1575 5552 1644 5587 3”
1672 5555 1807 5611 Haec
1850 5554 1931 5609 ait
1962 5553 2174 5610 deleta.

2328 5408 2395 5440 ³⁸⁷
2441 5411 2694 5463 mentum
2742 5406 3014 5463 delet-um.
3096 5405 3164 5477 ³⁸¹ξ
3210 5421 3239 5461 a
3284 5420 3504 5477 quoqu-

2199 5479 2267 5513 ³⁹⁵
2300 5480 2476 5535 Deum
2528 5479 2787 5533 confess-
2808 5478 3020 5535 deleta.
3101 5475 3170 5511 ³⁸³
3213 5475 3504 5532 oril-dele-

2255 5549 2322 5583 δθτ
2359 5549 2911 5621 praesum-deletum.
2992 5548 3062 5583 ³⁹⁸
3094 5564 3220 5605 nem
3252 5548 3505 5605 deletum
