3894 6310
416 316 536 381 807

1365 324 1738 394 HUGONIS
1781 328 2138 394 ABBATIS
2182 325 2863 396 FLAVINIACENSIS
3673 338 3761 404 908

417 459 571 519 dicta
597 459 734 520 sint.
774 459 1029 531 Quorum
1079 467 1327 522 conatus
1371 463 1626 523 nefarios
1657 468 1714 522 et
1742 463 1913 538 impia
1946 480 2062 523 mo-
2091 465 2145 527 Α
2178 461 2341 521 riret.
2369 463 2568 523 Nescit
2595 464 2744 523 enim
2773 464 3042 539 impietas
3065 465 3212 526 mala
3236 483 3361 540 qua
3381 467 3758 540 fecit,nisicum

420 550 616 608 limina
647 551 775 624 ipsa
807 552 1061 610 destruit
1085 553 1382 625 divinitas,
1409 570 1536 626 quae
1569 555 1726 626 regis
1749 556 1956 628 Egypti
1988 555 2063 612 si-

418 640 614 710 gniﬁci
641 641 775 698 dum
801 643 1020 700 virtute
1045 643 1139 698 Dei
1169 649 1393 714 patrata
1417 645 1538 702 suis
1561 644 1798 702 fallatiis
1821 645 2061 702 moliun-

423 734 520 785 tur
549 731 890 801 obscurare,
941 731 1074 787 dum
1110 733 1164 786 in
1197 732 1432 801 angelos
1464 733 1612 790 lucis
1640 748 1702 790 se
1754 735 2064 804 transﬁgu-

423 824 572 889 rant,
599 818 732 877 dum
765 820 1014 893 speciem
1049 821 1286 893 pietatis
1322 823 1691 894 praetendunt
1717 829 1773 879 et
1799 824 1924 894 ejus
1953 823 2066 880 vir-

422 913 608 965 tutem
635 911 942 981 abnegant,
978 911 1240 982 corrupti
1272 916 1330 968 et
1363 913 1821 984 aphominabiles
1851 913 1982 970 facti
2009 913 2062 968 in

421 999 780 1056 vanitatibus
803 1001 942 1069 suis,
965 1001 1302 1070 sepulcrum
1302 1003 1520 1073 patens
1545 1003 1634 1060 est
1643 1005 1858 1073 guttur
1870 1016 2067 1060 eorum

420 1101 705 1144 venenum
726 1089 1006 1160 aspidum
1043 1089 1152 1148 sub
1187 1090 1368 1149 labiis
1390 1106 1590 1149 eorum
1620 1094 1806 1163 (Rom.
1845 1107 1924 1148 iu.
1953 1092 2061 1162 13).

426 1177 506 1234 Ad
541 1175 814 1234 nichilum
866 1178 1173 1234 devenient
1226 1183 1514 1251 tamquam
1549 1196 1694 1252 aqua
1729 1181 2062 1248 decurrens,

423 1282 456 1336 q
465 1266 555 1322 uia
569 1281 677 1323 ova
689 1269 824 1338 αδρὶ
830 1267 967 1324 dum
977 1269 1336 1338 ruperuntet
1347 1269 1496 1326 telas
1507 1284 1616 1326 ara
1625 1285 1743 1327 nece
1755 1268 2074 1327 texuerunt

425 1356 572 1428 (Isa.
601 1372 710 1423 le,
749 1359 826 1426 5),
861 1358 1071 1428 quibus
1096 1357 1298 1414 melius
1324 1359 1510 1415 fuerat
1537 1360 1918 1428 malignorum
1953 1359 2067 1430 spi-

426 1445 644 1502 rituum
675 1445 917 1502 consilia
953 1461 1060 1502 non
1090 1447 1350 1518 recipere
1383 1454 1482 1504 aut
1506 1448 1653 1504 intra
1685 1448 1949 1504 cordium
1975 1463 2068 1518 pe-

425 1534 670 1591 netralia
719 1540 997 1606 concepta
1050 1536 1429 1606 abscondere,
1465 1551 1575 1607 que
1612 1539 1934 1606 figurantur
1967 1552 2069 1608 per

425 1625 692 1694 aspidum
723 1639 852 1694 ova,
880 1640 1045 1695 quam
1101 1641 1204 1696 pro
1230 1626 1398 1695 hujus
1439 1627 1632 1682 mundi
1655 1627 2070 1697 concupiscen-

428 1715 504 1770 tia
541 1714 881 1786 temporalia
918 1714 1176 1785 quelibet
1219 1717 1470 1786 operari,
1527 1731 1629 1771 nec
1660 1716 1768 1772 sibi
1803 1731 1907 1772 nec
1938 1715 2068 1771 aliis

2178 569 2284 626 pro
2315 554 2532 612 eisdem
2568 555 2734 611 malis
2765 557 2990 628 ceperit
3010 557 3126 628 jam
3150 559 3356 630 puniri.
3386 559 3586 616 Omnes
3603 563 3755 630 etiam,

2174 643 2270 714 qui
2297 644 2347 699 ei
2365 644 2703 714 iuraverant
2729 646 2820 701 vel
2839 645 3091 714 juraturi
3124 652 3308 715 erant,
3337 663 3365 703 a
3395 648 3614 706 vinculo
3635 653 3754 722 jura-

2175 733 2349 788 menti
2384 738 2520 789 sunt
2549 733 2806 790 absoluti
2832 734 3068 790 licentia
3101 741 3160 791 et
3189 736 3535 793 auctoritate
3573 747 3762 810 aposto-

2176 819 2302 878 licae
2354 821 2666 878 libertatis.
2720 825 2836 878 lloe
2866 839 2972 879 cur
3018 829 3076 879 et
3112 824 3362 894 qualiter
3408 830 3590 882 actum
3617 828 3683 884 sit
3707 832 3759 884 ab

2178 912 2523 982 apostolico,
2545 913 3108 984 Agnesimperatrix,
3145 915 3758 986 materipsiusHeinrici.

2177 999 2536 1070 interrogata
2588 1003 2957 1074 respondeat.
3018 1005 3100 1058 Ita
3161 1003 3308 1058 enim
3361 1003 3498 1060 dicit
3547 1005 3761 1064 scribens

2179 1088 2488 1146 Altmanno
2520 1090 2849 1146 Pataviensi
2878 1091 3156 1163 episcopo
3191 1111 3202 1146 :

2251 1198 2279 1228 «
2313 1181 2502 1248 Agnes
2520 1179 2618 1235 Dei
2655 1180 2843 1248 gratia
2870 1181 3152 1252 quidquid
3175 1185 3284 1250 est,
3320 1181 3615 1239 Altmanno
3639 1184 3766 1240 Pata-

2181 1267 2359 1322 viensi
2383 1267 2660 1340 episcopo
2694 1269 2938 1324 salutem
2968 1273 3024 1324 et
3058 1269 3419 1326 carissimam
3450 1271 3762 1329 dilectionem

2181 1356 2263 1410 Me
2296 1356 2574 1427 sospitem
2611 1359 2724 1412 Deo
2757 1357 3068 1426 adjuvante
3101 1359 3442 1430 paternitati
3467 1360 3767 1418 tuaainnote-

2181 1450 2329 1514 seat,
2371 1445 2471 1500 sed
2505 1447 2756 1501 maxime
2798 1447 3017 1502 atilcior
3049 1462 3299 1517 merere,
3330 1450 3482 1519 quod
3515 1451 3764 1507 maximum

2181 1533 2350 1588 video
2393 1533 2674 1590 mcclcsiae
2716 1535 3012 1591 imminere
3048 1536 3388 1607 periculum,
3418 1537 3532 1594 filio
3570 1553 3677 1594 meo
3710 1540 3767 1594 ni-

2184 1621 2356 1678 mium
2382 1623 2580 1677 verbis
2596 1622 2910 1679 stultorum
2953 1623 3213 1680 credulo.
3233 1626 3307 1680 Ea
3330 1639 3459 1694 quae
3476 1625 3628 1681 modo
3641 1633 3762 1696 gesta

2185 1716 2318 1767 sunt
2344 1711 2396 1765 in
2427 1713 2675 1767 Romana
2723 1712 2966 1782 synodo,
3011 1713 3281 1783 quoniam
3317 1718 3379 1770 ut
3414 1714 3514 1770 tibi
3545 1715 3764 1769 referrem

424 1804 756 1874 profutura,
783 1803 915 1873 quia
943 1802 1099 1859 nulla
1146 1803 1469 1859 stabilitate
1504 1805 1760 1876 fundata,
1797 1805 1948 1874 quod
1973 1821 2070 1860 ex-
2097 1815 2156 1880 Β
2187 1800 2494 1870 mandasti,
2532 1802 2797 1856 referam.
2819 1800 3128 1869 Legatiﬂlii
3151 1801 3259 1857 mei
3295 1803 3453 1872 regis
3469 1804 3762 1858 venerunlin

427 1891 698 1964 primitur
730 1907 840 1962 per
861 1907 1201 1952 aranearum
1251 1893 1420 1949 telas.
1451 1896 1658 1950 Verum
1686 1895 1817 1964 quia
1852 1895 1962 1949 sibi
1989 1894 2071 1948 ni-

433 1980 608 2037 mium
656 1980 902 2052 creduli,
937 1987 992 2037 et
1027 1982 1452 2053 scripturarum
1485 1983 1936 2040 auctoritatibus
1995 1984 2075 2039 in-

420 2070 666 2134 creduli,
721 2071 986 2127 fecerunt
1017 2073 1168 2142 quod
1204 2088 1316 2127 non
1368 2075 1700 2143 oportebat,
1761 2075 1954 2130 evenit
1984 2077 2070 2132 eis

424 2160 574 2228 quod
599 2159 866 2215 docebat.
897 2161 1034 2214 Nam
1061 2161 1358 2231 sequitur:
1391 2161 1504 2226 Qui
1527 2162 1925 2220 comederitab
1946 2165 2072 2221 oris

423 2261 624 2302 eorum
651 2249 959 2316 merietur,
987 2248 1118 2318 quia
1145 2249 1241 2318 qui
1265 2264 1465 2303 eorum
1490 2250 1732 2305 consilia
1757 2254 2066 2322 receperit,

425 2336 599 2390 vitam
627 2336 680 2391 in
729 2352 788 2389 se
838 2336 1042 2392 anima:
1065 2337 1335 2406 extingit.
1373 2338 1454 2394 Et
1479 2339 1639 2410 quod
1657 2341 1954 2396 conditum
1987 2343 2076 2400 est

425 2423 690 2492 erumpet
717 2424 781 2478 in
800 2425 1092 2493 regulum,
1129 2424 1260 2494 quia
1296 2441 1397 2496 per
1420 2433 1688 2497 suscepta
1721 2433 1780 2483 et
1812 2430 2066 2486 enutrita

428 2510 756 2581 iniquitatis
787 2511 1024 2568 consilia
1061 2513 1112 2567 in
1146 2528 1362 2583 corpus
1391 2515 1720 2571 antichristi
1755 2517 2066 2589 adcrescit,

427 2600 524 2669 qui
552 2615 654 2672 per
676 2600 984 2657 consilium
1010 2600 1389 2671 malignitatis
1411 2618 1607 2659 eorum
1639 2606 1816 2661 corde
1851 2612 2067 2662 tectum

426 2688 495 2743 ad
531 2689 754 2760 plenam
813 2688 1174 2759 iniquitatem
1209 2692 1526 2762 enutritur,
1571 2693 1632 2748 ie
1666 2695 1878 2763 quibus
1908 2703 2068 2752 recte

428 2776 734 2846 subjicitur
767 2797 778 2831 :
809 2778 1005 2848 Caput
1025 2779 1304 2849 (lapidum
1331 2782 1626 2838 surm'unt
1664 2783 1796 2846 (Job
1826 2799 1915 2852 xx,
1957 2791 2062 2854 16),

427 2865 557 2936 quia
609 2865 878 2921 videlicet
915 2865 1166 2923 latentes
1213 2869 1616 2938 suggestiones
1663 2871 2066 2929 iumundorum

427 2954 738 3025 spirituum
768 2971 938 3026 prava
967 2955 1128 3026 prius
1147 2958 1522 3025 persuasione
1539 2966 1942 3031 susceperunt,
1965 2963 2066 3017 sed

425 3043 640 3100 occidit
673 3060 774 3099 eos
817 3043 932 3113 jam
959 3043 1150 3114 lingua
1187 3046 1420 3116 viperze,
1449 3047 1578 3117 quia
1607 3049 1761 3118 capti
1789 3050 1901 3104 leni
1935 3053 2068 3106 sub-

2185 1889 2561 1958 synodum,et
2595 1904 2788 1944 coram
2812 1890 3078 1946 omnibus
3101 1890 3376 1946 dixerunt
3409 1891 3702 1962 apostolico
3718 1906 3764 1944 ex

2186 1982 2349 2048 parte
2368 1978 2467 2033 filii
2491 1978 2621 2048 mei,
2639 1983 2703 2034 ut
2730 1983 2992 2046 surgeret
3018 1984 3075 2034 et
3097 1978 3422 2035 dimitteret
3440 1979 3620 2036 sedem
3639 1995 3763 2050 apos-

2182 2065 2615 2138 tolicam,quam
2634 2082 2739 2122 non
2757 2067 3034 2123 cononice
3051 2067 3152 2122 sed
3169 2067 3368 2138 rapina
3387 2068 3761 2138 adeptuscssd.

2183 2155 2288 2222 Qui
2312 2156 2508 2212 statim
2535 2155 2857 2211 allonianis
2873 2156 3028 2226 capti
3046 2161 3200 2212 sunt.
3219 2156 3763 2226 Similiterarebiepis-

2180 2244 2329 2315 copi,
2363 2245 2732 2313 Moguntinus
2764 2259 3082 2314 omnesque
3131 2243 3390 2316 elliSL'Opl
3438 2243 3585 2300 illius
3605 2245 3764 2314 partis.

2183 2333 2468 2389 miserunt
2509 2348 2610 2404 per
2647 2333 2880 2389 eosdem
2923 2333 3145 2402 legatos
3181 2333 3436 2400 litteras,
3458 2348 3518 2388 se
3553 2333 3766 2401 deinceps

2183 2424 2395 2480 nullam
2416 2423 2805 2480 obedientiam
2827 2423 3153 2480 exibituros
3168 2422 3520 2494 apostolico;
3551 2421 3763 2478 hoc-idem

2182 2514 2688 2584 Langobardorum
2708 2513 2963 2583 episcopi
2985 2511 3390 2581 jurejurando
3411 2512 3760 2568 decreverunt.

2182 2607 2373 2672 Quare
2389 2603 2659 2657 dominus
2676 2617 2819 2673 papa
2836 2616 3034 2657 omnes
3047 2601 3142 2672 qui
3159 2605 3370 2672 sponte
3385 2603 3763 2657 consenserunt.

2182 2693 2368 2749 oﬂicio
2413 2695 2470 2746 ct
2512 2690 2917 2746 communione
2964 2690 3232 2760 privavit,
3271 2691 3477 2761 eisque
3500 2689 3586 2760 qui
3625 2684 3764 2742 coacti

2181 2796 2481 2837 assensum
2512 2780 2912 2851 praebuerunt,
2941 2793 3127 2849 usque
3147 2778 3215 2833 ad
3235 2779 3602 2835 festivitatem
3625 2773 3763 2830 sancti

2183 2871 2336 2926 Petri
2363 2868 2626 2924 inducias
2647 2867 2827 2930 dedit;
2846 2867 3022 2923 tilium
3039 2882 3178 2922 vero
3192 2882 3386 2923 meum
3403 2881 3584 2936 regem
3601 2865 3663 2920 ob
3677 2862 3764 2917 haec

2179 2965 2232 3013 et
2261 2958 2390 3030 quia
2407 2956 2926 3013 excommunicatis
2951 2956 3367 3021 communicat,
3390 2963 3448 3011 et
3470 2954 3592 3026 quia
3609 2952 3764 3008 desce-

2183 3049 2404 3104 leribus
2425 3047 2547 3102 suis
2571 3044 2947 3116 penitentiam
2973 3060 3146 3113 agere
3170 3052 3428 3115 recusat,
3457 3044 3600 3112 regia
3629 3037 3767 3108 digni-

429 3133 690 3202 reptione
723 3131 1066 3202 daemonum,
1100 3147 1320 3188 veneno
1368 3134 1636 3191 violentae
1669 3138 2069 3209 temptationis
2101 3172 2150 3236 Ο
2185 3142 2302 3193 tate
2335 3135 2581 3208 privavit
2615 3137 2670 3188 et
2723 3133 3109 3230 anathematis
3159 3133 3361 3203 gladio
3397 3129 3768 3236 percussit??-

425 3221 651 3277 caecati
681 3225 840 3290 sunt,
863 3223 920 3274 et
945 3220 1083 3289 quid
1115 3221 1302 3276 dicam
1348 3223 1570 3277 enecati
1617 3227 1784 3278 sunt?
1827 3227 1946 3280 1am
1981 3243 2068 3282 se-

428 3309 595 3380 pulti,
623 3308 740 3378 jam
773 3308 923 3363 mole
946 3308 1372 3379 desperationis
1408 3316 1769 3382 premuntur,
1799 3313 1914 3382 jam
1942 3332 2068 3386 pes-

427 3396 587 3454 simae
609 3396 1056 3453 consuetudinis
1073 3401 1131 3453 et
1156 3403 1453 3454 consueta:
1468 3401 1742 3470 nequitiae
1766 3417 1965 3458 eorum
1995 3406 2068 3460 fe-

431 3492 554 3540 tore
579 3485 782 3540 iideles
801 3489 1140 3554 gravantur,
1169 3487 1520 3556 quatriiliani
1555 3489 1704 3546 enim
1729 3493 2064 3562 sunt(.loau.

427 3589 502 3644 xr,
537 3575 646 3643 39).
671 3575 912 3630 Jamnon
935 3577 1155 3629 tantum
1181 3590 1435 3642 sorores,
1462 3579 1660 3633 attines
1682 3585 1737 3633 ct
1775 3587 2066 3650 parentes,

427 3662 526 3718 sed
568 3666 628 3718 et
659 3669 844 3718 mater
872 3662 1116 3718 ecclesia
1173 3679 1300 3733 qum
1331 3679 1433 3718 eos
1486 3667 1793 3735 parturivit
1827 3674 1884 3724 et
1923 3669 2071 3726 laete

431 3750 558 3806 fidei
594 3751 858 3807 imbuens
911 3751 1212 3820 enutrivit,
1277 3753 1494 3808 utinam
1551 3769 1658 3809 non
1695 3756 1764 3811 ad
1797 3758 2072 3827 pabulum

429 3839 576 3908 ignis
603 3839 828 3909 aeterni,
873 3840 1114 3896 fetorem
1148 3855 1348 3896 eorum
1400 3842 1676 3898 sustinet.
1714 3846 1822 3902 Sed
1869 3853 2074 3918 potens

427 3933 514 3984 est
540 3928 756 3984 Christi
785 3929 1023 3985 dextera
1053 3932 1113 3983 et
1143 3929 1248 3985 hos
1279 3931 1588 4001 suscitare,
1616 3938 1669 3987 et
1700 3933 1867 3990 fidem
1904 3935 1956 3990 in
1989 3937 2075 3992 eis

431 4018 648 4072 ilrmam
675 4017 1096 4087 redintegrare,
1124 4033 1252 4087 qua:
1275 4024 1460 4090 potest
1492 4021 1562 4075 de
1589 4021 1880 4092 lapidibus
1898 4025 2078 4081 susci-

430 4112 553 4160 tare
579 4105 730 4160 lilios
753 4106 1017 4161 Abrahae.
1054 4108 1196 4171 (Fel.
1240 4106 1404 4179 110'.)
1430 4111 1682 4174 Quorum
1716 4111 2078 4182 dampuatio-

431 4209 557 4248 nem
581 4193 714 4263 quia
731 4197 916 4248 mater
938 4193 1201 4250 :ccclcsia
1219 4195 1506 4251 viscerum
1524 4214 1760 4254 suorum
1781 4201 2076 4257 torsiones

427 4285 483 4336 et
519 4279 901 4352 parricidales
927 4296 1128 4336 manus
1150 4283 1437 4351 quondam
1480 4285 1725 4341 filiorum
1767 4304 1875 4344 non
1902 4290 2078 4345 snsti-

430 4382 573 4426 nens
613 4367 816 4439 gemit,
841 4369 1139 4424 videamus
1166 4370 1281 4439 jam
1317 4372 1452 4440 quid
1477 4373 1697 4430 amicus
1719 4378 1914 4447 sponsi
1949 4393 2078 4446 ege-

433 4458 528 4527 rit,
565 4457 854 4528 quomodo
887 4458 960 4513 ab
990 4472 1190 4514 eorum
1250 4463 1652 4518 communione
1685 4470 1742 4519 et
1772 4466 2079 4523 societatis

2184 3239 2400 3295 aesque
2461 3223 2556 3294 qui
2605 3222 2715 3276 sibi
2771 3220 3112 3290 juravcrant
3161 3223 3496 3291 juramento
3550 3215 3765 3274 absolvit.

2183 3314 2400 3368 Valete.
2440 3332 2466 3362 ι)

2257 3401 2403 3457 (Fel.
2445 3403 2585 3464 111.)
2621 3401 2766 3454 Ecce
2813 3398 3202 3468 testimonium
3230 3398 3438 3454 matris
3468 3397 3535 3453 de
3557 3405 3771 3468 praesum-

2189 3491 2474 3561 ptione,rc
2486 3487 2733 3543 bellione
2749 3492 2804 3541 et
2825 3467 3134 3557 iniquita’te
3151 3467 3771 3556 iilii,metusdeperieiilo

2186 3577 2454 3633 ecclesiae
2497 3575 2838 3644 imminenti,
2865 3574 3188 3630 confutatio
3217 3577 3272 3629 et
3321 3567 3772 3646 exprobratioillo-

2188 3680 2572 3736 rumquorum
2606 3651 2866 3719 factiosis
2893 3664 3013 3719 haec
3048 3668 3181 3718 sunt
3222 3663 3774 3720 machinataetattem-

2191 3760 2349 3826 ptata
2365 3753 2656 3820 consiliis;
2683 3753 2819 3824 quid
2837 3752 2906 3807 ad
2941 3752 3258 3821 bzecdicta,
3293 3752 3437 3824 quid
3472 3741 3768 3822 responsuri,

2191 3843 2326 3914 quid
2341 3841 2627 3912 objeeturi
2645 3845 2778 3896 sunt
2794 3839 3097 3896 catholicm
3113 3840 3300 3911 partis
3317 3837 3651 3896 adversarii?
3664 3835 3772 3889 Ecce

2185 3932 2300 4002 jam
2319 3946 2508 4000 regem
2526 3945 2714 3998 suum,
2736 3945 2904 4000 quem
2920 3943 3096 4000 super
3112 3928 3484 3984 altitudinem
3499 3925 3774 3984 nubiumex-

2195 4020 2420 4089 tollere,
2454 4019 2626 4073 immo
2675 4034 2842 4088 quem
2893 4023 3094 4073 contra
3121 4017 3427 4074 Dominum
3458 4021 3513 4073 et
3544 4013 3771 4070 Christum

2193 4111 2492 4178 insurgere
2517 4107 2859 4176 docuerunt,
2888 4106 3001 4176 jam
3027 4122 3135 4161 non
3172 4121 3368 4175 regem
3396 4106 3494 4162 sed
3525 4110 3770 4174 tyrannm

2192 4199 2478 4254 affectata?
2509 4196 2785 4268 superbia
2813 4195 3128 4267 potestatis
3158 4199 3562 4267 susceperunt.
3585 4192 3642 4248 Ut
3663 4189 3771 4243 enim

2191 4286 2269 4340 ait
2287 4285 2566 4341 Ysidorus
2581 4284 2634 4338 in
2653 4283 2802 4340 libro
2819 4270 3773 4352 Sententiarum,rea:arecteageud0

2188 4373 2432 4430 vocatus
2453 4373 2556 4429 est.
2575 4371 2630 4426 Si
2657 4371 2766 4442 pie,
2784 4371 2941 4440 juste
2961 4375 3017 4425 et
3039 4371 3506 4426 misericorditer
3526 4365 3673 4436 regit,
3693 4372 3774 4416 me-

2194 4463 2304 4518 rito
2349 4476 2449 4516 rex
2481 4459 2814 4530 appellatur
2865 4458 2918 4512 Si
2948 4459 3037 4515 his
3061 4459 3324 4514 caruerit
3348 4473 3456 4514 non
3491 4471 3580 4512 rex
3609 4449 3693 4509 sed
3715 4451 3774 4514 ις’

433 4546 887 4619 participatione
919 4545 1071 4603 filios
1092 4547 1476 4618 prohibuerit,
1506 4557 1801 4622 postremo
1826 4555 2078 4622 qualiter
2111 4545 2159 4603 D
2193 4565 2408 4606 rannus
2439 4552 2550 4604 est.
2579 4549 2643 4603 Et
2669 4553 2732 4602 ut
2756 4547 2904 4603 idem
2933 4547 3137 4603 scribit
3161 4548 3216 4601 in
3255 4546 3407 4604 libro
3434 4534 3773 4622 Etliimologiaj

431 4637 540 4693 nisi
571 4635 927 4708 resipuerint
951 4635 1146 4706 gladio
1169 4637 1556 4694 anathematis
1581 4640 1862 4696 ultionem
1889 4644 2077 4699 noxiis

433 4725 830 4782 intentaverit.
857 4727 938 4780 Ac
964 4725 1148 4797 primo
1171 4725 1401 4796 quidem
1422 4729 1683 4796 signiferi
1705 4729 1891 4799 ipsius
1915 4733 1970 4785 et
1998 4731 2080 4787 in-

427 4814 688 4872 centoris
722 4813 1004 4871 malorum
1049 4814 1365 4871 feriendam
1391 4816 1672 4886 judicavit
1705 4817 1989 4874 maliciam
2022 4825 2080 4875 et

429 4904 514 4959 sic
551 4903 608 4958 in
639 4918 857 4976 corpus
893 4901 1176 4958 malorum
1223 4904 1542 4959 acuendam
1594 4903 1773 4973 gladii
1809 4905 1992 4960 limati
2024 4911 2082 4962 et

428 4992 724 5062 evaginati
758 5007 1034 5049 mucrone
1067 4992 1404 5049 vindictam.

501 5079 810 5136 Heinricus
833 5081 1033 5151 igitur,
1059 5081 1224 5152 cujus
1251 5086 1496 5136 mentem
1525 5085 1727 5152 torpor
1754 5082 2083 5156 iniquitatis

428 5166 884 5237 constrinxerat,
911 5183 1084 5225 causa
1107 5169 1497 5225 dissensionis
1512 5174 1567 5225 et
1585 5171 1954 5228 seminarium
1973 5189 2086 5229 nia-

423 5256 576 5325 1itize
599 5259 660 5311 et
680 5255 974 5325 nequitize,
993 5257 1049 5313 in
1072 5258 1325 5314 Romana
1350 5258 1573 5328 synodo
1599 5275 1703 5330 pro
1727 5260 1851 5317 suis
1877 5261 2084 5332 iniqui-

429 5342 658 5401 tatibus
672 5356 703 5396 a
721 5340 1060 5400 beatissimo
1075 5360 1217 5416 papa
1234 5347 1772 5405 excommunicatus
1787 5364 1916 5405 eum
1933 5365 2086 5405 con:-

431 5431 687 5505 plicibus
719 5428 843 5484 suis
865 5434 1040 5500 atque
1066 5432 1391 5490 fautoribus
1413 5438 1472 5489 et
1497 5451 1526 5490 a
1544 5449 1721 5505 regno
1735 5441 1828 5493 est
1852 5437 2082 5508 deposi-

429 5525 526 5577 tus
559 5514 753 5590 (Febr.
779 5520 888 5586 2:2),
914 5521 974 5572 ut
1001 5519 1122 5574 sola
1149 5521 1382 5577 vexatio
1406 5521 1766 5580 intellectum
1793 5526 1958 5581 daret
1985 5541 2083 5582 au-

431 5607 598 5676 ditui,
623 5607 684 5661 et
712 5617 955 5670 quorum
989 5607 1192 5662 oculos
1235 5608 1403 5678 culpa
1429 5609 1743 5682 clauserat,
1774 5628 1916 5684 peua
1950 5629 2083 5686 ape-

2192 4653 2317 4694 rum
2342 4657 2353 4691 :
2378 4635 2633 4706 Ant/qui
2661 4648 2860 4691 omnes
2888 4647 3056 4706 reges
3087 4633 3377 4705 tyrannos
3397 4626 3684 4694 uocabant;
3701 4616 3775 4706 8εᾷ

2179 4726 2391 4799 postea
2404 4726 2509 4796 pie
2519 4704 2687 4794 fuste
2703 4723 2763 4779 et
2779 4704 3155 4780 misericordi
3162 4723 3249 4778 ter
3260 4721 3511 4792 regendo
3525 4716 3664 4788 regis
3672 4704 3774 4807 sit!“

2191 4828 2397 4870 nomen
2415 4811 2635 4883 adepti.
2651 4811 3007 4883 Impieeero,
3024 4811 3252 4881 injuste
3271 4814 3330 4867 et
3349 4807 3774 4874 crudeliterpm-

2193 4906 2366 4975 cipan
2375 4901 2533 4959 tibus
2546 4915 2660 4958 non
2670 4902 2834 4972 regis
2852 4901 2958 4957 sed
2968 4900 3354 4972 tyrannicum
3366 4899 3618 4972 aptatum
3631 4889 3775 4948 estw

2192 5007 2340 5049 men.
2367 4992 2490 5046 Rex
2505 4989 2684 5060 igitur
2695 4988 2826 5058 jure
2845 4993 3087 5044 vocatur
3111 4988 3207 5058 qui
3232 4992 3350 5044 tam
3372 5003 3432 5045 se
3457 4987 3628 5058 ipsum
3649 4986 3773 5048 qua!"

2195 5087 2251 5137 et
2279 5079 2404 5149 subj
2421 5129 2428 5134 .
2445 5082 2574 5135 ctos
2589 5079 2735 5134 bene
2755 5091 2958 5146 regere
2979 5078 3136 5132 novit
3156 5082 3212 5133 et
3234 5077 3484 5148 regendo
3508 5069 3771 5155 pacifica“?

2198 5171 2291 5242 qui
2317 5169 2538 5226 cultum
2553 5166 2729 5236 regiae
2744 5166 3048 5236 dignitatis
3061 5173 3280 5224 sanctae
3302 5155 3771 5234 subjicitreligionli

2197 5261 2292 5332 qui
2320 5259 2500 5330 magis
2525 5258 2578 5312 in
2607 5257 2812 5312 timore
2837 5255 3060 5311 servire
3083 5255 3326 5311 Domino
3345 5268 3509 5326 quam
3532 5250 3582 5305 iu
3601 5247 3772 5302 tumore

2197 5349 2529 5406 delectatur
2556 5343 2843 5401 dominari
2871 5343 3104 5416 populo,
3140 5343 3197 5398 in
3231 5359 3344 5413 quo
3376 5340 3574 5398 lenitas
3601 5335 3773 5416 iracun-

2196 5438 2348 5495 diam
2372 5435 2620 5506 mitigat,
2649 5413 2997 5505 potesta—tem
3019 5431 3345 5502 benignitas
3368 5431 3546 5495 ornat,
3569 5419 3650 5494 qui
3667 5413 3750 5506 sub

2187 5525 2364 5595 jectis
2393 5503 2674 5580 salutaria
2707 5519 3000 5593 praecipit,
3035 5519 3131 5575 oui
3163 5534 3227 5576 se
3259 5517 3441 5588 magis
3479 5503 3766 5595 diligendum

2195 5586 2363 5685 quam
2397 5586 2764 5668 metuendam
2794 5586 3108 5680 cup-inqui
3143 5607 3226 5664 sic
3262 5586 3535 5678 justitiam
3573 5597 3704 5652 tenet
3727 5586 3766 5639 ut
