3894 6348
113 308 253 379 309

1426 303 1925 370 CHRONICON.
1961 292 2036 352 -'-
2066 305 2221 368 LIB.
2256 306 2327 369 ll.

3446 308 3565 370 810

110 438 618 498 misericordiam
655 455 768 497 non
803 440 1115 512 relinquat,
1151 440 1244 511 qui
1281 455 1342 497 se
1377 455 1494 513 prie
1531 440 1800 497 omnibus
1828 438 1887 503 A
1915 440 2688 512 comburipotcst,mandari
2717 442 3563 513 nonpotest;quiaaurolocus

109 529 202 584 ita
234 534 474 586 sanctae
497 528 1305 595 ecclesizecatholicaaﬁlium,
1324 528 1579 585 meminit
1599 529 1800 599 utejus

112 617 261 689 paci
301 623 485 688 atque
517 617 944 688 tranquillitati
990 632 1093 688 per
1140 618 1473 675 universum
1524 619 1799 674 mundum

109 721 314 762 suum
352 705 634 777 prodesse
668 707 841 762 faciat
877 707 1287 778 principatum.
1322 707 1620 773 Quomodo
1644 707 1797 763 enim

115 808 316 863 reges
348 794 611 849 serviunt
652 795 892 849 Domino
925 795 979 850 in
1012 795 1240 865 timore,
1274 795 1381 852 nisi
1411 810 1476 851 ea
1512 811 1639 866 quze
1670 811 1801 851 con-

113 890 219 939 tra
259 882 495 938 Domini
523 882 695 952 jussa
724 884 937 940 fuerint
961 884 1234 951 religiosa
1263 886 1580 940 severitate
1609 884 1802 956 prohi-

113 971 332 1027 bendo
364 977 549 1042 atque
581 972 896 1044 plectendo
917 974 940 1025 ?
964 972 1147 1028 Aliter
1177 972 1506 1042 enimjuxta
1532 973 1803 1041 Augusti-

117 1075 262 1116 num
299 1059 498 1116 servit
534 1061 674 1131 quia
704 1061 875 1117 homo
905 1067 1016 1130 est,
1049 1061 1222 1117 aliter
1240 1062 1372 1132 quia
1396 1077 1495 1116 rex
1520 1066 1626 1117 cst.
1657 1061 1799 1128 Quia

116 1149 305 1204 homo
328 1151 447 1219 est,
472 1150 662 1205 servit
688 1149 935 1206 vivendo
960 1150 1211 1206 fideliter
1236 1169 1248 1206 :
1276 1150 1406 1220 quia
1436 1167 1535 1205 rex
1555 1154 1667 1219 est,
1687 1166 1804 1206 ser-

114 1238 205 1292 vit
222 1237 403 1306 leges
420 1237 589 1307 justa
616 1238 1095 1309 praecipientesrt
1114 1239 1404 1294 contraria
1426 1239 1803 1309 prohibentes

116 1325 525 1382 convenienti
560 1327 748 1395 vigori
782 1328 1108 1383 sanciendo.
1150 1330 1356 1384 Θυρίδες
1388 1331 1540 1385 enim
1573 1342 1687 1397 res,
1723 1329 1801 1382 ait

117 1415 240 1467 Leo
267 1429 429 1486 papa
455 1415 729 1470 scribens
754 1414 1073 1471 Pulcherize
1100 1422 1359 1486 augusta:
1374 1432 1499 1488 cap.
1526 1421 1604 1486 lO,
1623 1417 1807 1472 aliter

114 1504 270 1560 tati:
281 1516 423 1561 esse
436 1517 559 1559 non
558 1505 832 1574 possunt,
840 1505 962 1563 nisi
975 1520 1009 1575 ᾳ
1021 1519 1107 1562 me
1119 1505 1201 1561 ad
1212 1506 1308 1561 (lit
1318 1506 1479 1561 inam
1491 1507 1804 1578 confessio-

112 1606 255 1648 nem
272 1591 624 1663 pertinent,
650 1594 708 1648 cl
731 1595 901 1664 regia
921 1593 1201 1663 potestas,
1224 1596 1280 1649 cl
1300 1595 1606 1651 sacerdota
1617 1596 1693 1651 lis
1712 1595 1805 1651 (le-

93 1680 352 1752 fendat
366 1681 735 1738 auctoritas.
760 1681 813 1736 Si
838 1681 1016 1751 igitur
1038 1682 1357 1754 imperator
1381 1688 1477 1739 aut
1504 1684 1800 1752 cognoscit

111 1783 179 1825 se
206 1783 393 1824 ovem
422 1783 566 1825 esse
588 1770 786 1839 gregis
808 1769 1082 1826 dominici
1112 1772 1194 1836 ;si
1223 1771 1371 1826 inter
1402 1786 1563 1827 sacra
1597 1772 1801 1827 altaris
1829 1802 1885 1863 Β

112 1874 257 1914 cum
284 1858 691 1914 veneratione
710 1873 771 1913 se
788 1858 912 1928 subj
925 1860 1021 1915 icit
1046 1860 1309 1916 manibus
1332 1860 1704 1916 sacerdotum
1724 1861 1797 1924 ;si

113 1948 320 2004 beata:
344 1947 657 2002 trinitatis
675 1946 896 2004 cultum
913 1949 1022 2004 ﬁde
1038 1949 1269 2019 quidem
1286 1964 1386 2005 sua
1410 1950 1508 2005 sed
1528 1949 1801 2005 sacerdos

116 2035 577 2108 praedicatione
593 2037 883 2103 servat;si
903 2052 1010 2093 non
1039 2043 1149 2091 tam
1174 2038 1455 2093 dominari
1481 2053 1542 2093 se
1568 2038 1799 2107 mundo,

114 2139 301 2194 quam
328 2123 640 2179 dominari
666 2125 774 2179 sibi
801 2125 1090 2181 Christum
1114 2126 1432 2191 gloriatur;
1460 2128 1505 2183 si
1533 2127 1803 2183 memine-

118 2212 197 2267 rit
232 2227 265 2266 a
304 2227 439 2282 quo
474 2212 667 2269 factus
697 2217 809 2281 est,
836 2218 889 2268 et
918 2229 1029 2283 quo
1062 2214 1362 2284 invitatur,
1391 2221 1667 2285 quantum
1694 2216 1803 2271 sibi

118 2301 488 2371 prastitum
514 2301 614 2369 sit,
641 2305 697 2355 et
724 2302 922 2372 quanti
953 2302 1214 2358 beneﬁcii
1234 2304 1698 2359 Deodebilcrest
1718 2322 1731 2367 ;
1755 2304 1802 2358 si

118 2389 499 2447 misericors
524 2389 738 2444 terrori
765 2392 1289 2455 mansuetlul'urm,
1316 2392 1360 2446 si
1393 2397 1675 2461 temperat
1704 2409 1804 2462 spe

121 2479 352 2543 minas;
383 2477 443 2533 si
467 2492 703 2534 sursum
729 2492 960 2549 semper
986 2479 1258 2550 respicit;
1282 2480 1327 2535 si
1350 2483 1464 2535 Deo
1486 2480 1807 2537 misericor-

120 2567 280 2623 diam
293 2564 724 2637 generat;dico
739 2582 869 2622 cum
881 2567 1135 2622 Iohanne
1152 2567 1369 2623 Crisost
1382 2569 1550 2624 homo
1575 2568 1804 2624 Christo

122 2657 499 2726 conregnat,
528 2654 701 2710 immo
724 2654 778 2710 in
815 2655 1025 2710 Christi
1049 2670 1228 2725 regno
1253 2672 1379 2726 quae
1404 2661 1536 2713 sunt
1559 2657 1803 2714 humana

122 2742 478 2815 dispensat.
497 2740 715 2812 Regale
730 2757 871 2811 ergo
890 2749 979 2798 est
997 2744 1380 2799 ministerium
1406 2745 1502 2801 Dei
1531 2743 1804 2816 populum

127 2832 490 2900 gubernare
514 2833 573 2885 et
596 2830 893 2900 injustitia
917 2837 972 2886 et
995 2831 1255 2901 equitate
1280 2846 1514 2901 regere;
1540 2833 1807 2888 defenso-

126 2934 251 2975 rem
277 2934 436 2977 esse
462 2919 873 2986 ecclesiarum,
891 2924 1141 2977 tutorem
1168 2921 1808 2992 pupillorumetvidua-

126 3008 583 3081 rum,liberare
603 3023 916 3080 pauperem
939 3024 967 3064 a
992 3014 1229 3081 potente
1248 3013 1303 3063 et
1331 3010 1665 3081 inOpemcui
1695 3025 1805 3066 non

126 3102 223 3152 est
239 3097 503 3169 adjutor
521 3114 535 3162 ;
553 3100 755 3152 etcum
773 3098 944 3153 beato
962 3099 1068 3153 Job
1094 3097 1278 3154 melas
1301 3097 1479 3168 iniqui
1498 3102 1805 3153 conterere

125 3190 186 3242 et
220 3157 608 3243 dedentibus
638 3185 797 3242 illius
832 3186 1084 3256 praedam
1117 3187 1347 3243 auferre
1375 3157 1644 3257 {patrem
1677 3201 1806 3242 esse
1838 3157 1886 3218 Ο

130 3290 502 3348 pauperum,
528 3274 761 3331 oculum
793 3290 1079 3331 caecorum
1111 3280 1166 3331 et
1202 3276 1407 3354 pedem
1438 3275 1803 3332 claudorum.

126 3364 246 3421 Hec
279 3363 391 3435 qui
433 3362 668 3431 fecerit,
703 3362 863 3418 auris
897 3361 1139 3418 audiens
1175 3363 1535 3418 beatificabit
1566 3377 1720 3432 eum,
1748 3367 1806 3417 et

130 3453 184 3508 in
216 3467 293 3508 eo
326 3450 758 3508 consolabitur
788 3466 888 3507 cor
920 3451 1127 3507 viduae.

201 3542 452 3600 Invenit
488 3541 688 3611 itaque
718 3542 1004 3611 tyrannus
1036 3539 1128 3595 hic
1181 3540 1400 3595 foveam
1437 3539 1803 3610 dejectionis,

132 3634 269 3691 dum
304 3647 380 3689 se
419 3628 560 3703 plus
592 3643 744 3699 equo
778 3628 842 3699 [i.
876 3642 921 3684 e.
959 3627 1146 3699 mque]
1192 3627 1433 3684 sustulit
1469 3628 1523 3683 in
1557 3627 1807 3683 culmine

136 3720 509 3796 pompatico:
543 3717 878 3790 potestatis.
915 3718 1052 3772 Nam
1104 3721 1166 3772 ut
1214 3717 1293 3771 ait
1336 3716 1677 3772 mitissimus
1710 3716 1809 3772 do-

133 3817 266 3868 ctor
298 3807 641 3878 Gregorius
679 3825 690 3860 :
724 3806 1022 3877 Apostatce
1043 3804 1248 3873 angelo
1278 3804 1502 3862 similis
1533 3806 1803 3876 eﬂcilm',

134 3901 277 3957 dum
289 3900 480 3957 homo
492 3896 724 3952 homini
735 3909 858 3951 esse
868 3894 1009 3952 simi
1018 3895 1093 3952 lis
1107 3894 1481 3964 dedignatur.
1492 3895 1609 3964 Neq
1619 3909 1687 3950 ue
1702 3894 1808 3950 hoc

140 3990 427 4046 dicentes
461 3986 870 4057 impugnamus
904 3983 1120 4053 regiam
1154 3982 1493 4054 potentiam,
1519 3998 1647 4053 qum
1687 3983 1810 4053 qui-

141 4078 270 4135 dem
292 4075 520 4134 ordine
539 4088 645 4129 suo
671 4075 819 4128 bona
837 4076 950 4142 est,
972 4072 1073 4128 sed
1106 4076 1277 4127 cauta
1303 4071 1563 4141 regentis
1588 4071 1807 4140 indiget

143 4166 280 4223 vita.
303 4168 475 4222 Bona
491 4167 608 4233 est,
627 4162 671 4218 si
700 4161 847 4218 sciat
873 4161 1004 4231 quis
1027 4175 1257 4216 sumere
1282 4175 1353 4215 ex
1378 4159 1473 4215 illa
1492 4160 1641 4230 quod
1659 4158 1813 4229 adju-

144 4260 259 4326 vat,
276 4265 637 4325 expugnare
653 4248 810 4320 quod
832 4252 1098 4321 temptat.
1117 4250 1557 4319 Semperautem
1573 4251 1660 4303 est
1677 4247 1812 4303 ami-

144 4358 208 4399 ca
224 4340 526 4415 potestati
542 4338 907 4410 impatientia
924 4338 1044 4394 etei
1062 4336 1208 4393 male
1224 4337 1506 4407 subjecta:
1521 4337 1695 4392 etiam
1714 4336 1813 4392 im-

149 4429 496 4503 perat,quia
525 4428 680 4499 quod
712 4427 835 4497 ipsa
866 4425 1066 4495 sentit,
1091 4429 1353 4498 potestas
1381 4426 1709 4497 exequitur.
1743 4427 1810 4481 Et

1914 535 2002 585 cst
2017 530 2068 584 in
2087 546 2198 600 quo
2213 530 2557 598 conﬂatur,a
2576 544 2689 600 quo
2706 529 2972 600 quisquis
2988 532 3318 601 recesserit,
3337 534 3446 588 etsi
3478 534 3562 590 lu-

1913 624 2273 688 ceat,aurum
2305 622 2497 674 tamen
2536 633 2662 676 esse
2697 619 2888 689 desiit,
2906 634 3011 675 nec
3030 620 3303 677 clarescit
3338 621 3563 692 fulgore

1914 706 2509 779 pulchritudinismisi
2528 708 3034 778 redintegratuset
3052 708 3564 782 incorporatusec-

1912 797 2230 865 clesim,hic
2247 797 2409 868 prius
2424 797 2635 853 arserit
2658 798 2708 852 in
2726 798 2950 853 olllcina
2968 797 3362 867 caritatis,sed
3379 800 3565 859 noluit

1914 886 2377 956 Dominusopera
2396 886 2723 957 impiorum,
2749 891 2805 941 et
2832 886 3051 943 idcirco
3079 886 3300 943 inducit
3334 892 3562 945 noctem

1913 977 1966 1028 et
1984 978 2367 1031 conterentur
2402 974 2956 1046 (Jobxxx1v,'25).ln
2992 978 3161 1031 nocte
3193 976 3345 1031 enim
3380 976 3559 1048 iniqui

1911 1066 2317 1132 conteruntur,
2336 1078 2463 1118 cum
2490 1068 2860 1134 peccatorum
2888 1064 3342 1134 prmcedentium
3365 1068 3563 1123 confu-

1915 1152 2076 1207 sione
2093 1151 2673 1223 dampnantmeuod
2691 1167 2986 1223 exponens
2999 1154 3204 1209 beatus
3224 1155 3557 1225 Gregorius:

1920 1264 1944 1289 α
1978 1242 2176 1307 (mine,
2196 1242 2293 1307 ait,
2316 1246 2617 1313 precatum
2646 1242 2798 1311 quod
2824 1245 3014 1297 tamen
3040 1242 3223 1299 cicius
3244 1244 3559 1316 penitendo

1916 1346 2023 1384 non
2048 1330 2317 1399 tergitur,
2347 1336 2442 1386 aut
2471 1335 2773 1401 peceatum
2793 1335 2883 1385 est
2905 1334 2963 1386 et
2986 1345 3159 1388 causa
3184 1334 3432 1404 peccati,
3461 1340 3562 1389 aut

1916 1424 2215 1490 peccatum
2243 1423 2299 1473 et
2331 1434 2470 1490 pena
2508 1419 2747 1489 peccati.
2778 1421 3085 1477 Peccatum
3110 1421 3260 1476 enim
3286 1422 3439 1493 quod
3468 1438 3561 1493 pe-

1916 1506 2155 1561 nitentia
2209 1522 2316 1561 non
2353 1506 2543 1569 diluit,
2583 1507 2707 1577 ipso
2738 1523 2839 1563 suo
2875 1508 3130 1577 pondere
3155 1525 3284 1565 mox
3310 1510 3379 1565 ad
3402 1509 3556 1567 aliud

1916 1600 2214 1663 peccatum
2253 1594 2448 1649 trahit.
2487 1596 2645 1651 [fnde
2681 1596 2744 1650 lit
2774 1600 2833 1651 ut
2872 1611 2980 1650 non
3028 1597 3213 1653 solum
3256 1602 3555 1669 peccatum

1915 1682 2014 1752 sit,
2038 1683 2137 1737 sed
2171 1688 2230 1736 cl.
2269 1700 2313 1754 μί
2339 1690 2570 1739 ccatum
2594 1689 2652 1738 et
2686 1699 2860 1739 causa
2897 1686 3140 1755 peccati.
3174 1688 3252 1741 Ex
3280 1686 3377 1741 illo
3406 1686 3555 1742 enim

1914 1772 2065 1827 vicio
2095 1771 2263 1842 culpa
2298 1773 2664 1842 subsequens
2691 1772 2897 1841 oritur,
2930 1790 3001 1828 ex
3035 1789 3149 1844 quo
3202 1790 3363 1829 mens
3406 1792 3560 1832 caeca

1915 1860 2169 1929 ducitur,
2191 1865 2252 1916 ut
2278 1862 2443 1931 pejus
2463 1875 2532 1915 ex
2557 1860 2665 1915 alia
2692 1860 2922 1929 ligetur.
2945 1862 3049 1916 Sed
3078 1868 3377 1933 peccatum
3403 1865 3554 1934 quod

1914 1964 1985 2003 ex
2017 1955 2254 2020 peccato
2288 1950 2498 2018 oritur,
2526 1964 2637 2003 non
2659 1948 2774 2017 jam
2802 1954 3103 2019 peccatum
3132 1952 3553 2013 tantumnodo,

1916 2037 2015 2093 sed
2052 2043 2350 2108 peccatum
2378 2041 2467 2092 est
2490 2042 2546 2092 et
2570 2052 2712 2108 peua
2742 2039 2988 2108 peccati,
3013 2039 3142 2108 quia
3163 2039 3556 2110 justojudicio

1915 2126 2282 2197 omnipotens
2316 2129 2466 2180 Deus
2495 2141 2597 2179 cor
2630 2126 2927 2196 peccantis
2959 2127 3283 2196 obnubilat,
3316 2132 3379 2183 ut
3415 2144 3557 2197 pra!-

1913 2214 2176 2270 cedentis
2200 2214 2421 2285 peccati
2451 2214 2656 2269 merito
2674 2214 2848 2269 etiam
2870 2214 2925 2271 in
2939 2214 3070 2270 aliis
3085 2215 3274 2271 cadat.
3297 2215 3461 2281 Quod
3478 2215 3556 2269 vi-

1915 2301 2130 2357 delicet
2159 2302 2353 2371 agitur
2386 2302 2658 2373 superius
2694 2302 3078 2373 diSpositione
3102 2303 3387 2371 ordinata,
3417 2303 3556 2358 inl‘e-

1916 2390 2037 2445 rius
2064 2390 2371 2460 iniquitate
2395 2392 2653 2456 confusa,
2674 2395 2734 2445 ut
2750 2390 2917 2461 culpa
2936 2391 3277 2461 praecedens
3292 2392 3365 2446 sit
3383 2407 3554 2448 causa

1915 2480 2348 2548 subsequentis,
2374 2484 2433 2535 ct
2458 2495 2687 2534 rursum
2722 2480 2892 2550 culpa
2923 2480 3288 2551 subsequens
3315 2480 3389 2534 sit
3413 2496 3555 2551 peua

1916 2569 2321 2640 przecedentis.
2358 2590 2383 2616 ››
2422 2568 2584 2635 Quod
2617 2572 2805 2623 totum
2842 2568 2895 2622 in
2930 2567 3038 2624 hoc
3081 2567 3412 2638 iniquorum
3442 2583 3560 2624 om-

1916 2656 2071 2712 nium
2096 2657 2307 2727 capitis
2333 2658 2592 2712 membro
2611 2661 2667 2712 et
2693 2656 3078 2727 complicibus
3101 2657 3228 2727 ejus
3252 2658 3559 2715 advertere

1914 2758 2246 2815 possumus,
2282 2744 2377 2815 qui
2413 2744 2545 2815 quia
2579 2750 3000 2813 cognoscentes
3031 2747 3227 2814 Deum,
3256 2751 3559 2817 peccatum

1917 2831 2208 2902 superbiae
2234 2831 2617 2900 intelligendo
2641 2832 3080 2902 commiserunt,
3107 2833 3309 2889 caecati
3335 2840 3559 2890 suntne

1917 2921 2243 2991 intelligant
2293 2922 2443 2992 quod
2478 2921 2891 2987 committunt;
2925 2920 3126 2977 traditi
3159 2922 3213 2976 in
3248 2923 3557 2994 reprobum

1916 3024 2170 3079 sensum,
2193 3012 2255 3065 ut
2281 3014 2487 3081 putent
2520 3024 2579 3066 se
2612 3023 2781 3081 posse
2807 3008 3019 3065 divinae
3041 3009 3556 3080 auctoritatisjura

1916 3096 2269 3166 convellere,
2299 3097 2546 3153 traditas
2567 3099 2639 3153 ab
2672 3097 2798 3168 ipso
2830 3097 3070 3153 Domino
3100 3097 3430 3155 sanctiones
3464 3100 3561 3156 de-

1918 3190 2172 3255 struere,
2201 3185 2459 3241 inaudita
2496 3200 2523 3240 a
2558 3185 2791 3242 sacculis
2812 3184 2896 3241 uti
2920 3185 3394 3257 praesumptione,
3420 3186 3561 3244 divi-

1917 3290 2051 3331 num
2084 3273 2225 3332 illud
2258 3273 2537 3346 quidquid
2586 3278 2674 3330 est
2727 3278 3154 3331 sacramentum
3189 3275 3559 3347 prophanare

1916 3365 2261 3421 subvertere
2273 3368 2329 3419 et
2346 3362 2615 3433 dejicere.
2637 3365 2694 3419 In
2715 3362 2928 3435 quibus
2942 3362 3207 3434 profecto
3221 3364 3330 3421 hoc
3354 3363 3556 3434 igitur,

1919 3456 1976 3508 ut
2001 3451 2191 3523 culpis
2210 3451 2379 3525 culpa
2400 3451 2664 3521 feriatur,
2682 3450 3256 3523 quatinussupplicia
3274 3452 3412 3509 flant
3429 3468 3561 3524 pec-

1916 3540 2331 3612 cantium,ipsa
2357 3541 2710 3597 incrementa
2743 3540 3045 3597 viciorum.
3066 3540 3204 3597 Hine
3228 3541 3299 3597 de
3320 3542 3560 3599 Domino

1917 3644 2018 3700 per
2065 3629 2421 3701 psalmistam
2463 3628 2712 3685 dicitur:
2737 3628 3145 3686 Immissiones
3162 3642 3277 3701 per
3317 3630 3562 3701 angelos

1915 3718 2117 3787 malos,
2144 3718 2303 3775 viam
2311 3716 2475 3789 fecit
2490 3716 2713 3774 semitm
2731 3719 2841 3775 im
2858 3730 2980 3774 sua
3004 3716 3188 3787 (Psal.
3220 3733 3424 3788 LXXVII,
3447 3720 3560 3790 49))

1920 3806 2102 3862 Corda
2134 3806 2283 3862 enim
2316 3820 2512 3861 eorum
2541 3804 2836 3876 prioribus
2860 3804 3085 3860 meritis
3114 3804 3452 3875 adgravata,
3473 3806 3563 3877 ju-

1920 3900 2010 3950 ste
2045 3894 2325 3966 permissa
2361 3897 2499 3949 sunt
2523 3891 3019 3963 subsequentibus
3041 3891 3423 3962 malignorum
3450 3895 3565 3965 spi-

1919 3984 2134 4040 rituum
2185 3980 2665 4053 persuasionibus
2715 3979 2855 4049 falli,
2893 3994 3018 4050 quae
3080 3980 3213 4036 dum
3271 3980 3443 4050 digne
3505 3982 3560 4037 in

1921 4071 2148 4143 culpam
2196 4070 2528 4139 trahuntur,
2564 4073 2763 4125 reatus
2809 4082 3008 4124 earum
3062 4069 3114 4122 in
3169 4083 3313 4140 pena
3362 4084 3561 4126 cumu-

1920 4161 2091 4216 latur.

1991 4247 2133 4319 (Fel.
2174 4248 2316 4317 112.)
2346 4247 2625 4318 Separato
2647 4260 2787 4316 ergo
2811 4245 3079 4301 Heinrico
3103 4260 3129 4300 a
3155 4245 3561 4303 communione

1922 4336 2185 4408 corporis
2216 4334 2481 4392 ecclesiae
2511 4339 2568 4389 et
2603 4335 2761 4405 regia
2795 4334 3080 4404 dignitate
3127 4333 3371 4405 privato,
3406 4336 3561 4405 quod

1924 4441 2153 4497 semper
2176 4425 2463 4481 catholica
2486 4422 2749 4481 aacclesia
2773 4423 2979 4480 tenuit.
3000 4424 3153 4495 quod
3177 4425 3247 4479 ab
3273 4423 3447 4481 inicio
3471 4439 3565 4480 ce-

149 4522 379 4578 utinam
398 4515 891 4591 potestasistaita
911 4529 1182 4585 perversa
1198 4515 1438 4585 egisset,
1464 4518 1523 4571 ut
1544 4513 1674 4570 aliis
1698 4529 1809 4570 non
1840 4512 1894 4574 D
1928 4522 2040 4586 plac
2073 4512 2524 4571 christianitatis
2557 4527 2738 4583 usque
2770 4511 2840 4568 ad
2871 4517 3240 4569 monstruosa
3266 4513 3389 4570 haec
3422 4518 3565 4570 tem-

148 4610 544 4682 propinasset
561 4624 575 4673 ;
594 4605 816 4661 utinam
849 4618 1006 4660 mors
1030 4602 1112 4657 illi
1135 4618 1235 4659 sua
1259 4602 1603 4672 suffecisset,
1622 4606 1678 4658 et
1700 4618 1809 4659 non

152 4695 480 4756 virulentis
511 4691 994 4767 persuasionibus
1029 4693 1202 4749 etiam
1232 4690 1474 4747 aliorum
1510 4691 1685 4747 vitam
1720 4706 1815 4747 ne-

151 4787 789 4857 casset.lpsamtamen
803 4780 930 4850 ejus
942 4782 1391 4852 perversitatem
1408 4780 1653 4835 domnus
1668 4793 1814 4851 papa

155 4876 361 4934 studio
380 4877 566 4931 rectae
584 4870 1101 4941 cmulationis,non
1119 4869 1244 4926 zelo
1260 4870 1475 4926 furoris
1491 4870 1816 4925 insectatus

154 4970 265 5022 est.
286 4962 410 5022 Sed
418 4961 439 5033 j
448 4966 586 5019 uxta
601 4958 1199 5039 Iheremiamfrustra
1212 4957 1820 5030 comitialem/lator;

152 5053 428 5112 malicice
439 5052 602 5109 enim
612 5047 1572 5121 impiorumnonsmitconsumptw
1584 5047 1814 5117 Νέωνι,

157 5146 269 5214 29).
289 5143 446 5199 Ecce
464 5140 618 5196 enim
644 5137 799 5209 ignis
830 5136 1447 5193 exeommunicationis
1481 5135 1817 5207 apostolicae

158 5230 435 5289 exterius
448 5228 712 5286 conﬂans
728 5223 1217 5283 durzeinustionis
1241 5223 1498 5281 admovit
1521 5238 1742 5295 penam,
1760 5227 1817 5278 et

161 5325 362 5378 tamen
390 5317 617 5376 erroris
636 5330 748 5373 non
774 5313 1012 5371 excoxit
1028 5313 1276 5385 culpam.
1297 5311 1437 5385 (Fel.
1458 5313 1623 5384 ΗΓ.)
1641 5312 1821 5370 Adus-

163 5414 265 5467 tus
279 5413 374 5466 est
398 5407 533 5478 igne
556 5402 972 5474 anathematis,
988 5406 1331 5473 segregatus
1354 5409 1446 5459 est
1467 5417 1494 5458 a
1526 5401 1819 5458 consortio

166 5496 509 5553 christiana:
522 5491 975 5563 communionis,
993 5491 1093 5548 sed
1109 5490 1218 5547 nisi
1233 5490 1436 5549 redeat
1449 5490 1519 5546 ad
1538 5491 1818 5547 unitatem

170 5583 678 5656 matrisecclesiae,
700 5598 729 5639 a
755 5596 874 5654 quo
906 5594 1107 5638 errore
1138 5580 1431 5637 scismatis
1461 5579 1816 5650 deviaverat,

1928 4620 2066 4676 pora
2100 4602 2310 4659 stabile
2341 4606 2397 4657 ct
2433 4600 2829 4658 inconvulsum
2874 4601 3154 4671 perstitit,
3192 4598 3416 4656 scilicet
3448 4615 3562 4657 non

1925 4708 2054 4749 esse
2067 4690 2610 4748 communicandum
2630 4688 3163 4757 excommunicatis,
3181 4702 3210 4743 a
3236 4688 3565 4748 fautoribus

1925 4786 1983 4837 et
2016 4779 2396 4852 complicibus
2431 4779 2552 4835 suis
2576 4778 2809 4833 sibimet
2832 4776 3122 4833 similibus
3146 4775 3422 4832 violatum
3447 4779 3561 4847 est,

1926 4874 1985 4925 et
2016 4868 2317 4940 impletum
2348 4872 2441 4923 est
2474 4865 2627 4936 quod
2662 4866 2716 4919 in
2751 4863 3044 4919 Danihelis
3089 4862 3381 4918 volumine
3422 4865 3567 4920 scri-
3663 4873 3667 4876 '

1928 4960 2088 5029 ptum
2103 4956 2370 5027 est,quia
2382 4966 2619 5026 egresso
2632 4951 2933 5024 iniquitas
2947 4964 2985 5007 ιι
2996 4948 3332 5008 senioribus
3345 4950 3567 5021 etjudi-

1926 5045 2111 5116 cibus,
2136 5046 2243 5116 qui
2264 5042 2612 5100 ridebantur
2626 5053 2830 5112 regere
2832 5040 3125 5110 populum
3147 5040 3325 5106 (Dan.
3347 5054 3467 5109 xm,
3484 5043 3561 5109 5).

1928 5134 2014 5189 Ilii
2045 5133 2193 5190 enim
2228 5132 2324 5204 qui
2358 5130 2627 5189 veritatis
2675 5129 2952 5186 dicuntur
2999 5142 3320 5200 praecones,
3356 5128 3571 5200 quibus

1928 5223 2151 5279 credita
2172 5224 2307 5278 sunt
2331 5219 2559 5291 eloquia
2586 5219 2684 5276 Dei
2712 5219 2782 5275 ad
2796 5216 3314 5287 evangelizandum
3328 5217 3566 5290 populo,

1929 5311 2244 5367 inauditam
2304 5308 2716 5364 contritioncm
2781 5304 3063 5364 aecclesize
3119 5304 3568 5377 adinvenerunt,

1928 5396 2406 5455 communicando
2437 5396 2558 5465 regi
2589 5397 2878 5453 scelerato
2911 5397 2967 5451 et
3003 5408 3107 5466 pro
3129 5393 3457 5451 sceleribus
3476 5407 3571 5450 ex-

1926 5486 2373 5553 communicato,
2408 5488 2613 5541 contra
2646 5485 2879 5542 decreta
2914 5487 3247 5541 sanctorum
3280 5495 3568 5541 canonum

1928 5583 1985 5633 et
2022 5577 2289 5633 instituta
2311 5577 2539 5644 patrum
2565 5571 3041 5645 praecedentium,
3063 5579 3120 5629 et
3140 5586 3253 5627 non
3279 5569 3575 5628 abstinen-
