3894 6314
249 5132 278 5152 ο

418 267 536 336 315

1377 285 1748 356 HUGONIS
1787 289 2144 356 ABBATIS
2187 292 2868 368 FLAVINIACENSIS

3673 312 3770 378 316

417 406 689 516 οηιηίὺξιξ
790 411 1032 516 Christo.
1053 417 1356 516 fratribus,
1381 423 1695 516 episcopis,
1723 426 2054 497 abbatibus,
2087 427 2145 490 A
2183 445 2250 488 na
2284 437 2376 490 est
2427 438 2647 507 synodo
2705 437 3031 512 depositus,
3095 441 3477 514 responderit,
3519 448 3768 516 quomodo

422 498 1126 571 sacerdotibus,ducibus
1143 512 1200 563 et
1241 509 1604 583 principibus
1643 520 1820 585 atque
1867 516 2063 572 militi-

426 585 556 654 bus,
593 588 976 662 omnibusque
1002 595 1403 656 christianiam
1435 601 1602 657 fideu'i
1637 608 1695 658 et
1729 603 1882 660 beati
1907 604 2064 660 Petri

423 671 701 764 honorem
737 692 938 737 revera
971 682 1352 758 diligentibus
1398 689 1450 744 in
1515 691 1768 748 Romano
1821 692 2065 764 imperio

434 759 852 836 habitantibus,
884 771 1129 828 salutem
1163 779 1220 830 et
1270 777 1652 847 apostolicam
1715 759 2066 836 benedictio-

425 855 824 940 uem.Gratias
846 859 1466 937 agimusomnipotenti
1523 869 1661 938 Deo,
1713 873 1870 925 netu.
1929 871 2069 940 (Εευ-

419 937 546 996 stat
571 942 840 1015 Registri
863 945 962 1003 lib.
990 965 1065 1022 Iv,
1100 966 1154 1006 n.
1208 954 1284 1026 1.)

496 1027 610 1086 llec
633 1031 811 1102 igitur
845 1052 950 1108 pro
974 1040 1451 1100 reconciliatione
1476 1045 1630 1114 regis
1645 1050 1704 1102 et
1729 1045 1972 1104 aliorum
1995 1048 2064 1104 ab

425 1119 670 1176 ecclesia
695 1121 1081 1184 alienatorum
1117 1129 1247 1200 pius
1261 1131 1612 1202 paterdabat
1639 1135 1910 1191 mandata
1937 1135 2066 1192 lide-

405 1206 580 1265 'libus
616 1227 630 1275 ;
665 1212 756 1268 cui
792 1217 1011 1272 tamtus
1041 1215 1108 1250 ⁴⁰¹
1136 1218 1319 1275 inerat
1349 1221 1597 1292 justitize
1653 1223 1947 1296 Splendor,
2000 1229 2058 1280 ut

425 1312 585 1353 suam
620 1306 1000 1374 postponeret
1026 1305 1290 1380 salutem,
1319 1311 2058 1381 quomatrieeclesimauti-

427 1401 596 1456 quam
631 1389 1268 1472 redderetlibertatem.
1290 1399 1407 1454 Non
1433 1400 1726 1457 euimeum
1752 1403 2063 1458 movebant

425 1473 635 1566 salutis
657 1479 914 1550 pericula
959 1499 1062 1554 pro
1105 1486 1333 1556 justitia
1401 1495 1675 1561 suscepta
1737 1490 1828 1546 vel
1881 1492 2062 1566 susci-

426 1560 652 1633 pienda.
690 1567 832 1637 (l’ol.
869 1573 1010 1642 H6).
1046 1574 1125 1629 Ita
1143 1575 1292 1630 enim
1325 1560 1763 1635 animumsuum
1794 1560 2063 1636 informa-

425 1658 609 1724 verat,
647 1660 708 1710 ut
740 1671 926 1730 neque
959 1661 1214 1733 divitias,
1250 1680 1436 1735 neque
1494 1667 1846 1739 voluptates,
1874 1684 2060 1739 neque

426 1740 676 1800 honores
709 1745 765 1801 in
790 1750 1054 1807 maximis
1085 1753 1491 1825 constitueret,
1539 1771 1726 1826 neque
1751 1757 1807 1811 in
1831 1757 1919 1813 his
1943 1763 2062 1814 stu-
2092 1778 2144 1839 Β

425 1829 582 1885 dium
617 1848 782 1890 suum
815 1852 982 1894 omne
1012 1846 1365 1912 contereret,
1394 1844 1531 1914 quin
1565 1845 1764 1915 potius
1789 1845 1930 1902 illud
1963 1845 2062 1901 de-

423 1931 622 1974 corum
655 1925 712 1976 et
747 1923 1047 1983 honestum
1079 1929 1154 1985 ita
1191 1931 1299 1986 sibi
1327 1937 1734 2002 proposuerat,
1783 1939 1846 1990 ut
1899 1934 2062 2004 quid-

425 2005 562 2074 quid
585 2009 635 2062 ei
668 2013 982 2070 accidisset
1014 2033 1128 2087 quo
1154 2019 1336 2089 frangi
1357 2021 1617 2077 homines
1647 2021 1860 2092 solent,
1899 2022 2061 2094 quasi

424 2099 696 2169 superior
718 2117 828 2158 non
860 2104 1128 2162 sentiret.
1157 2107 1454 2165 Sollicitus
1485 2110 1659 2166 etiam
1719 2117 1868 2180 erat,
1895 2111 2062 2180 juxta

425 2187 658 2244 beatum
694 2192 1080 2262 Ambrosium,
1117 2210 1186 2250 ne
1219 2196 1356 2266 quid
1385 2201 1608 2254 temere
1632 2203 1726 2254 aut
1769 2199 2063 2256 incuriose

426 2283 649 2348 ageret,
683 2294 754 2335 ex
777 2295 892 2351 quo
939 2282 1299 2352 probabilem
1357 2300 1466 2341 non
1527 2292 1725 2357 posset
1785 2288 2064 2344 rationem

430 2364 694 2422 reddere.
730 2368 1124 2426 Pretendebat
1153 2372 1342 2430 animo
1368 2377 1430 2430 ut
1470 2375 1654 2431 bonus
1705 2375 2064 2447 speculator,

431 2458 490 2508 ut
525 2455 824 2526 appetitus
846 2457 1054 2515 rationi
1080 2460 1204 2531 lege
1260 2466 1481 2520 naturm
1533 2463 1828 2534 subditus,
1882 2479 2068 2536 neque

432 2547 1124 2614 praecurreretralioncm
1140 2563 1326 2620 neque
1341 2551 1645 2608 desereret
1679 2566 1781 2617 ;ne
1815 2567 2072 2624 prmcur-

433 2631 614 2688 rendo
645 2634 984 2704 pertnbaret
1015 2651 1139 2693 eam
1171 2642 1348 2710 atque
1379 2639 1740 2710 excluderet,
1793 2647 1852 2697 et
1907 2643 2070 2698 dese-

433 2718 614 2776 rendo
646 2720 1011 2779 destitueret.
1047 2723 1255 2783 Verum
1285 2728 1540 2785 Heinrici
1584 2729 1892 2800 pertubata
1909 2744 2070 2788 mens

431 2808 620 2865 effuso
653 2810 939 2883 appetitu,
967 2817 1259 2886 tamquam
1305 2817 1548 2874 efl‘erato
1609 2817 1827 2889 impetu
1876 2819 2070 2876 frenos

433 2897 679 2955 rationis
692 2913 802 2956 non
825 2902 1208 2976 suscipiebat,
1227 2921 1333 2962 nec
1347 2907 1638 2964 sentiebat
1656 2907 1870 2977 aurigae
1887 2907 2072 2964 mode

430 2986 670 3058 ramina,
706 2986 955 3060 ideoque
989 2991 1269 3050 ﬂeetinon
1297 2999 1548 3066 poterat.
1575 2997 1692 3052 Nec
1709 2995 1950 3052 deerant
1972 2996 2070 3066 qui

431 3075 638 3132 missas
669 3092 832 3150 papa:
855 3080 1138 3150 epistolas
1165 3081 1216 3138 ei
1234 3083 1592 3153 referebant,
1609 3083 1712 3140 sed
1727 3098 1856 3154 quas
1880 3085 2069 3141 facere

430 3164 818 3236 despiciebat,
835 3167 1008 3224 etiam
1033 3169 1183 3224 scire
1197 3170 1668 3242 contempnebat,
1686 3186 1759 3228 ex
1791 3172 1860 3205 ⁴⁰²
1876 3173 2070 3230 verbis

429 3259 621 3309 tamen
656 3253 896 3324 pietatis
919 3256 1316 3314 meditabatur
1343 3273 1563 3314 venena
1583 3259 1935 3331 iniquitatis,
1970 3264 2072 3319 Ar-

431 3341 694 3410 rogantis
725 3341 875 3398 enim
909 3347 1002 3399 est
1053 3346 1351 3418 proprium
1407 3346 1478 3402 de
1529 3347 1652 3404 suis
1709 3348 1874 3408 malis
1922 3351 2069 3406 bona

432 3428 729 3500 estimare,
747 3430 818 3486 de
845 3431 1049 3489 alienis
1065 3433 1232 3491 bonis
1255 3436 1400 3492 bona
1417 3437 1660 3508 sentire,
1675 3444 1735 3495 et
1753 3438 1918 3496 bona;
1935 3454 2072 3511 pon-

433 3519 544 3575 dus
561 3518 806 3577 actionis
838 3525 1070 3578 vertere
1103 3523 1154 3578 in
1181 3523 1464 3581 maculam
1486 3525 1764 3584 criminis.
1810 3528 1951 3584 Dum
1984 3543 2074 3584 er-

431 3622 506 3678 go
535 3622 606 3662 ex
634 3609 1128 3668 condescensione
1157 3615 1214 3668 et
1243 3615 1646 3686 compassione
1663 3616 1934 3674 caritatis
1961 3632 2074 3674 me-

435 3695 726 3753 ditaretur
757 3711 914 3755 arma
949 3700 1178 3770 furoris,
1214 3700 1515 3758 audiamus
1546 3703 1835 3774 quomodo
1885 3705 2073 3777 patris

436 3784 617 3842 nostri
651 3785 836 3844 virilis
865 3787 1112 3861 animus,
1147 3789 1364 3848 astutia
1415 3792 1708 3862 serpentis
1757 3798 1816 3849 et
1855 3793 2075 3850 colum-

436 3873 565 3930 bina
599 3873 974 3948 simplicitate
1006 3878 1306 3951 prmditus,
1343 3878 1501 3936 velut
1536 3879 1606 3936 de
1651 3881 1888 3952 specula
1915 3897 2070 3939 men-

437 3962 514 4018 tis
544 3963 900 4034 cogitatione
933 3966 1172 4038 provida
1203 3968 1534 4025 obviaverit
1581 3971 1893 4028 conatibus
1945 3971 2074 4042 ejus

435 4051 668 4122 iniquis.
705 4053 802 4109 Ait
829 4053 1025 4125 itaque
1075 4055 1340 4112 scribens
1373 4055 1641 4114 fidelibus
1699 4057 1918 4116 eisdem
1953 4061 2078 4132 qui-

439 4140 546 4196 bus
571 4146 629 4195 et
662 4156 838 4210 supra
875 4161 887 4196 :

511 4247 538 4278 α
597 4228 913 4298 Gregorius
967 4230 1301 4302 episcOpus,
1342 4246 1548 4289 servus
1599 4249 1902 4293 servorum
1953 4237 2074 4308 Dei,

435 4313 656 4371 eisdem
689 4316 957 4374 omnibus
983 4318 1231 4374 salutem
1255 4323 1310 4374 et
1375 4321 1759 4391 apostolicam
1807 4323 2080 4383 benedic-

441 4402 678 4460 tionem.
713 4406 1029 4477 Postquam
1092 4407 1445 4464 fratcrnitati
1501 4415 1713 4468 vestras
1768 4413 2079 4485 epistolam

441 4490 784 4565 direximus,
800 4500 916 4550 etc.
950 4494 1128 4563 (Vide
1154 4495 1312 4554 inter
1341 4498 1620 4568 epistolas
1651 4498 1966 4572 Gregorii).

515 4582 634 4638 Non
658 4583 892 4639 mireris
907 4597 1036 4641 eum
1055 4599 1246 4656 regem
1262 4587 1545 4644 nominari
1566 4587 1702 4644 licet
1719 4588 2075 4662 depositum,

437 4683 568 4728 cum
599 4675 658 4727 et
691 4672 902 4729 mortui
930 4672 1180 4745 pristino
1214 4675 1586 4731 nominentur
1625 4677 1937 4734 vocabulo.
1991 4679 2082 4736 Sic

442 4765 927 4830 quoquesanctus
957 4761 1268 4832 Gregorius
1297 4763 1638 4834 episcopum
1681 4763 2085 4823 inrevocabili-

439 4847 875 4922 terdepositum
892 4856 1176 4923 usurpato
1190 4852 1420 4908 nomine
1433 4851 1694 4926 episcopi
1707 4854 2088 4912 eensebatno-

443 4937 671 5010 minari,
687 4940 780 4996 cui
799 4946 988 4998 tamen
1003 4940 1180 4997 nichil
1195 4940 1475 5012 depositae
1489 4940 1792 5010 dignitatis
1809 4943 2087 5001 restitue-

445 5037 506 5079 re
522 5024 772 5084 volebat.
792 5028 939 5095 Quid
953 5029 1130 5086 etiam
1147 5029 1354 5086 beatus
1367 5043 1514 5102 papa
1530 5029 1601 5086 ad
1625 5029 1973 5100 legationem
2022 5032 2088 5088 il-

444 5108 554 5165 lam
573 5115 796 5183 regisse
818 5115 1048 5173 minime
1063 5117 1457 5190 regentis,pro
1471 5133 1580 5189 qua
1597 5123 1652 5174 et
1665 5117 1772 5174 iam
1817 5121 1873 5175 in
1889 5121 2090 5179 Roma-

2102 3127 2152 3192 C

2179 525 2300 579 tota
2333 525 2609 596 Spiritum
2642 534 2905 585 sanctum
2941 534 3130 585 mente
3187 533 3516 602 concipiens
3545 533 3767 594 intonue-

2180 611 2255 667 rit
2287 612 2686 672 subinferatur
2707 617 2826 688 (fol.
2866 617 3001 689 l|6’(
3033 637 3044 672 ε

2251 703 2627 772 «Gregorius
2679 706 3012 777 episeOpus,
3072 722 3281 764 servus
3328 723 3617 768 servorum
3672 715 3764 775 Dei,

2179 791 2449 846 omnibus
2477 793 2570 862 qui
2595 793 2835 864 cupiunt
2854 795 3220 852 annumerari
3249 797 3400 854 inter
3419 813 3554 854 oves
3573 800 3766 871 Christi,

2179 893 2322 949 quas
2355 881 2527 938 beato
2557 883 2732 937 Petro
2759 883 3329 953 commisit,salutem
3346 893 3404 942 et
3433 887 3767 960 apostolicam

2178 966 2662 1026 benedictionem.
2713 971 2999 1042 Audistis,
3047 973 3264 1030 fratres
3320 975 3450 1045 mei,
3500 991 3682 1035 novam
3721 983 3765 1034 et

2177 1054 2494 1200 inbauditam
2527 1061 3042 1132 pra-sumptionem
3066 1081 3092 1114 ››
3117 1069 3232 1119 etc.
3271 1064 3521 1128 (Ewstat
3543 1066 3768 1138 Regiam

2177 1145 2223 1200 li
2265 1187 2277 1200 .
2310 1159 2391 1200 In.
2422 1161 2481 1200 ii.
2509 1149 2584 1200 6).

2177 1145 2277 1202 lib.
2310 1159 2391 1216 In,
2422 1161 2481 1202 7i.
2509 1149 2584 1217 6).

2247 1271 2581 1344 (Fol.116’.)
2617 1275 2776 1331 Anno
2800 1275 2872 1329 ab
2897 1273 3007 1330 inc.
3040 1277 3198 1349 Dom.
3236 1280 3372 1333 1078
3427 1277 3764 1338 indictionel.

2174 1361 2550 1432 pontificatus
2582 1361 2708 1432 ejus
2741 1377 2889 1419 anno
2921 1368 2973 1431 5,
3006 1377 3203 1420 mense
3232 1365 3458 1437 Martio,
3505 1368 3766 1438 Gregorius

2176 1465 2320 1522 papa
2341 1451 2454 1520 VII,
2491 1451 2762 1508 Romanae
2809 1448 3030 1522 synodo
3079 1451 3490 1524 episcoporum
3547 1459 3766 1512 cenctum

2177 1538 2516 1612 praesidens,
2542 1538 2689 1594 dixit
2713 1545 2845 1611 post
2871 1539 3100 1610 aliqua:
3133 1541 3552 1602 Ordinationes
3572 1543 3768 1602 illorum

2174 1629 2283 1700 qui
2311 1627 2384 1683 ab
2415 1629 2942 1686 excommimicatis
2962 1629 3106 1686 sunt
3141 1629 3432 1702 ordinati,
3481 1632 3767 1689 coactorum

2177 1717 2749 1788 Patrumseqamtcs
2783 1717 3064 1789 vestigia,
3108 1721 3222 1773 etc.
3261 1718 3444 1787 (Vide
3502 1721 3565 1778 in
3599 1719 3768 1792 Grego-

2172 1807 2266 1878 rio
2310 1806 2440 1874 VII,
2475 1807 2622 1863 Acta
2651 1806 2866 1877 synodi
2897 1807 3178 1864 Romam:
3205 1813 3272 1879 ι.)

2247 1929 2388 1998 (F01.
2425 1928 2566 1999 116’)
2602 1929 2765 2000 (Acta
2795 1929 3003 1987 concil.
3039 1932 3220 2002 1079.)
3283 1933 3449 1988 Anno
3507 1933 3575 1987 ab
3625 1932 3766 1987 incar-

2176 2018 2411 2073 natione
2444 2018 2664 2074 Domiui
2704 2023 2856 2086 1078,
2887 2033 3082 2074 mense
3133 2019 3452 2076 Februario
3506 2019 3766 2077 indictione

2176 2112 2229 2176 ‘2,
2256 2106 2632 2177 pontificatus
2662 2105 2855 2162 domui
2889 2122 3048 2178 papae
3081 2107 3344 2176 Gregorii
3385 2107 3501 2178 νη,
3552 2123 3682 2164 anno
3729 2111 3766 2174 6,

2177 2199 2560 2252 convocatum
2576 2199 2666 2250 est
2683 2193 2993 2250 concilium
3009 2210 3080 2251 ex
3102 2195 3358 2252 diversis
3379 2196 3634 2268 partibus
3648 2195 3771 2252 orbis

2179 2289 2236 2340 et
2270 2283 2615 2339 omnibusin
2641 2281 2892 2339 ecclesia
2926 2283 3251 2339 Salvatoris
3285 2285 3482 2342 Romae
3515 2299 3772 2355 congrega-

2185 2373 2275 2443 tis,
2307 2372 2544 2429 liabitus
2576 2377 2663 2429 est
2695 2387 2886 2428 sermo
2917 2371 2988 2427 de
3017 2386 3264 2444 corpore
3291 2377 3349 2429 et
3393 2375 3656 2446 sanguine
3693 2375 3772 2429 Do-

2182 2461 2319 2518 mini
2355 2459 2521 2532 (167).
2555 2460 2795 2518 Maxima
2827 2459 3116 2532 siquidem
3149 2475 3288 2533 pars
3312 2476 3517 2534 panem
3545 2466 3596 2520 et
3622 2461 3772 2518 vinum

2183 2565 2287 2622 per
2321 2563 2504 2606 sacrae
2528 2548 2813 2606 orationis
2843 2550 3021 2606 verba
3051 2552 3108 2605 et
3140 2548 3472 2607 sacerdotis
3525 2563 3773 2608 consecra-

2185 2639 2398 2696 tionem
2414 2637 2632 2710 Spiritu
2649 2643 2854 2694 sancto
2869 2637 3038 2693 invisi
3049 2638 3101 2694 bi
3112 2637 3247 2694 liter
3261 2645 3544 2711 operante
3559 2637 3772 2696 converti

2182 2727 2655 2786 substantialiter
2687 2727 2742 2783 in
2774 2743 2992 2799 corpus
3007 2726 3362 2784 dominicum
3393 2727 3546 2800 quod
3575 2727 3773 2784 incruce

2185 2814 2480 2890 pependit,
2508 2819 2566 2870 et
2601 2814 2655 2870 in
2690 2814 3029 2884 sanguinem
3047 2814 3232 2885 quide
3253 2814 3386 2885 ejus
3416 2815 3596 2872 latere
3628 2812 3771 2873 ﬂuxit.

2185 2906 2486 2963 asserebat
2520 2923 2532 2958 :
2569 2903 2802 2975 quidam
2828 2918 2966 2959 vero
2997 2903 3263 2961 caecitate
3314 2903 3490 2960 nimia
3544 2900 3771 2977 perculsi,

2184 2995 2427 3065 ﬁguram
2459 2997 2684 3050 tantum
2719 2993 3084 3050 astruebant.
3118 2992 3330 3049 Verum
3375 2993 3476 3050 ubi
3524 3008 3612 3050 res
3656 2989 3774 3062 cepit

2185 3084 2296 3154 agi,
2333 3081 2670 3154 priusquam
2697 3080 2870 3137 tertia
2885 3079 2979 3136 die
2997 3084 3234 3137 ventum
3269 3081 3422 3139 foret
3453 3079 3768 3154 insynodum.

2185 3172 2382 3229 deﬁcit
2411 3175 2617 3228 contra
2650 3169 2959 3228 veritatem
2992 3169 3099 3225 niti
3134 3183 3270 3242 pars
3305 3170 3512 3228 altera.
3569 3167 3774 3237 Denique

2183 3261 2586 3332 Berengarius,
2619 3259 2790 3330 hujus
2835 3257 3056 3314 erroris
3107 3257 3412 3330 magister,
3467 3261 3596 3331 post
3639 3255 3772 3324 longo

2183 3355 2446 3421 tempore
2479 3347 2927 3418 dogmatizatam
2963 3345 3326 3418 impietatem
3359 3360 3590 3405 errasse
3629 3358 3681 3402 se
3707 3355 3776 3399 co-

2183 3453 2303 3496 ram
2363 3435 2609 3495 concilio
2667 3437 2996 3505 confessus,
3057 3435 3282 3492 veniam
3349 3435 3680 3508 postulatam
3725 3446 3779 3487 ex

2183 3526 2506 3600 apostolica
2521 3523 2832 3582 clementia
2856 3523 3088 3594 meruit,
3114 3523 3460 3596 jnravitque
3512 3523 3590 3581 sic
3617 3542 3629 3578 :
3655 3545 3677 3571 ι
3691 3520 3779 3588 Ego

2183 3614 2570 3684 Berengarius
2600 3613 2777 3670 corde
2806 3612 2983 3670 credo
3005 3615 3064 3668 et
3095 3625 3200 3670 ore
3253 3613 3564 3682 confiteor,
3619 3621 3780 3682 panem

2182 3707 2239 3762 et
2271 3704 2468 3761 vinum
2501 3717 2628 3774 qua:
2663 3701 2718 3757 in
2743 3700 2916 3757 altari
2956 3703 3278 3772 ponuntur,
3335 3715 3440 3774 per
3492 3695 3779 3771 mysterium

2183 3809 2368 3852 sacra:
2397 3790 2680 3848 orationis
2710 3793 2768 3846 et
2799 3789 2980 3845 verba
3012 3787 3198 3846 nostri
3259 3786 3656 3860 Redemptoris
3680 3781 3783 3840 sub-

2185 3880 2543 3941 stantialiter
2573 3876 2835 3936 converti
2870 3876 2924 3941 iu
2957 3891 3152 3932 veram
3175 3878 3233 3932 et
3271 3877 3564 3950 propriam
3579 3889 3636 3931 ac
3676 3868 3782 3926 vivi-

2187 3969 2505 4028 flcatricem
2537 3980 2770 4024 carnem
2802 3969 2862 4021 et
2893 3964 3232 4034 sanguinem
3257 3961 3778 4022 domininostritesu

2189 4057 2501 4127 Christi,et
2524 4058 2656 4127 post
2685 4052 3186 4112 consecrationem
3218 4065 3356 4109 esse
3390 4067 3585 4110 verum
3613 4058 3780 4118 corpus

2189 4145 2426 4216 Christi,
2462 4142 2615 4216 quod
2646 4146 2843 4199 natum
2876 4140 3029 4197 etde
3069 4139 3326 4212 Virgine:
3394 4146 3452 4198 et
3511 4154 3608 4213 pro
3636 4135 3779 4194 salute

2192 4232 2388 4292 mundi
2420 4233 2679 4290 oblatum
2712 4230 2767 4286 in
2783 4245 2958 4287 cruce
2981 4227 3285 4302 pependit,
3319 4234 3379 4286 et
3413 4227 3563 4301 quod
3579 4225 3715 4314 sedet
3730 4217 3778 4314 ad

2191 4324 2490 4381 dexteram
2520 4319 2740 4386 Patris;
2775 4323 2836 4376 et
2866 4333 3065 4376 verum
3099 4317 3445 4388 sanguinem
3501 4311 3778 4380 Cbristiqui

2193 4413 2264 4470 de
2302 4411 2429 4482 ejus
2457 4410 2642 4467 latere
2675 4409 2837 4466 fusus
2863 4409 2978 4477 est,
3009 4420 3123 4463 non
3149 4409 3378 4462 tantum
3403 4421 3505 4480 per
3531 4403 3722 4474 signum
3738 4401 3776 4452 et

2110 4479 2163 4540 D
2196 4479 2471 4559 virtutem
2505 4495 2874 4566 sacramenti,
2905 4495 3007 4552 sed
3043 4495 3096 4550 in
3123 4479 3494 4567 preprietate
3526 4496 3716 4549 naturae
3738 4489 3778 4540 ei

2194 4590 2420 4648 unitate
2445 4585 2813 4654 substantiae,
2848 4584 3004 4642 sicut
3033 4583 3090 4639 in
3123 4583 3235 4640 hoc
3268 4583 3435 4639 brevi
3481 4578 3776 4638 continetul.

2195 4684 2250 4736 et
2299 4691 2406 4748 ego
2429 4675 2539 4746 legi
2572 4679 2630 4730 et
2663 4671 3142 4744 vosintelligitis,
3159 4670 3244 4728 sic
3265 4671 3488 4728 credo:
3517 4667 3778 4726 neccontra

2196 4768 2344 4824 hanc
2375 4763 2544 4820 fidem
2570 4760 2818 4818 ulterius
2850 4760 3095 4817 docebo.
3131 4758 3224 4816 Sic
3254 4773 3345 4815 me
3378 4760 3530 4816 Deus
3579 4749 3778 4822 adjuvet.

2197 4861 2254 4914 et
2285 4856 2408 4912 haec
2430 4852 2805 4909 sacrosancta
2837 4846 3156 4918 evangelia.
3192 4849 3348 4905 Tunc
3387 4846 3622 4903 domnus
3672 4846 3780 4911 papa

2199 4939 2478 5017 praecepit
2511 4937 2862 5008 Berengario
2895 4935 3252 4993 auctoritate
3291 4932 3626 5006 apostolica,
3658 4929 3705 4983 ut
3731 4921 3779 4976 de

2199 5044 2446 5104 corpore
2467 5033 2524 5085 et
2549 5025 2828 5098 sanguine
2848 5023 3073 5082 Domini
3099 5037 3412 5095 numquam
3439 5019 3668 5080 ulterius
3685 5022 3778 5070 cum

2202 5121 2397 5191 aliquo
2425 5117 2733 5190 disputare
2751 5112 2842 5170 vel
2875 5112 3084 5170 docere
3120 5113 3527 5182 praesumeret,
3591 5104 3779 5172 excepta

1801 5259 2036 5318 VARI/E
2077 5260 2476 5321 LECTIONES.

517 5385 582 5418 ⁸⁰¹
614 5385 703 5444 ita
732 5401 779 5445 ο.
815 5386 883 5420 ⁴⁰²
916 5387 972 5444 in
999 5401 1186 5464 supra
1207 5391 1398 5462 posito
1428 5390 1520 5448 vel
1547 5405 1620 5448 ex
1651 5393 1773 5450 cod.

2035 5497 2254 5555 ΝΟΤίΕ.

519 5601 668 5672 (id?)
703 5601 843 5658 Acta
863 5599 1092 5656 concilii
1119 5601 1270 5674 apud
1292 5603 1491 5672 Mansi,
1521 5603 1633 5675 XX,
1665 5607 1788 5660 523.
