  <div class='ocr_page' id='page_1' title='image "/cluster/home/n/w/nwhite01/storage/ocr_20150623/154/uva.x000829797/166.png"; bbox 0 0 3894 6324; ppageno 0'>
   <div class='ocr_carea' id='block_1_1' title="bbox 118 331 1656 403">
    <p class='ocr_par' dir='ltr' id='par_1_1' title="bbox 118 332 1656 403">
     <span class='ocr_line' id='line_1_1' title="bbox 118 332 1656 403; baseline -0.003 -1"><span class='ocrx_word' id='word_1_1' title='bbox 118 338 219 403; x_wconf 74' lang='grc'>817</span> <span class='ocrx_word' id='word_1_2' title='bbox 1340 332 1656 399; x_wconf 64' lang='grc' dir='ltr'>ΟΗΒΟΝΙε</span> 
     </span>
    </p>
   </div>
   <div class='ocr_carea' id='block_1_2' title="bbox 1958 331 3496 403">
    <p class='ocr_par' dir='ltr' id='par_1_2' title="bbox 1975 331 3496 402">
     <span class='ocr_line' id='line_1_2' title="bbox 1975 331 3496 402; baseline -0.003 -1"><span class='ocrx_word' id='word_1_3' title='bbox 1975 337 2134 401; x_wconf 88' lang='lat' dir='ltr'>LIB.</span> <span class='ocrx_word' id='word_1_4' title='bbox 2182 338 2254 402; x_wconf 90' lang='grc' dir='ltr'>ΙΙ.</span> <span class='ocrx_word' id='word_1_5' title='bbox 3378 331 3496 398; x_wconf 78' lang='grc'>318</span> 
     </span>
    </p>
   </div>
   <div class='ocr_carea' id='block_1_3' title="bbox 118 471 3480 546">
    <p class='ocr_par' dir='ltr' id='par_1_3' title="bbox 118 471 3480 546">
     <span class='ocr_line' id='line_1_3' title="bbox 118 471 3480 546; baseline -0.001 -13"><span class='ocrx_word' id='word_1_6' title='bbox 118 490 275 533; x_wconf 82' lang='lat' dir='ltr'>causa</span> <span class='ocrx_word' id='word_1_7' title='bbox 307 472 613 532; x_wconf 80' lang='lat' dir='ltr'>reducendi</span> <span class='ocrx_word' id='word_1_8' title='bbox 640 473 709 531; x_wconf 87' lang='lat' dir='ltr'>ad</span> <span class='ocrx_word' id='word_1_9' title='bbox 744 472 913 531; x_wconf 84' lang='lat' dir='ltr'>fidem</span> <span class='ocrx_word' id='word_1_10' title='bbox 942 489 1067 542; x_wconf 86' lang='lat' dir='ltr'>eos,</span> <span class='ocrx_word' id='word_1_11' title='bbox 1099 472 1193 544; x_wconf 85' lang='lat' dir='ltr'>qui</span> <span class='ocrx_word' id='word_1_12' title='bbox 1229 487 1330 544; x_wconf 89' lang='lat' dir='ltr'>per</span> <span class='ocrx_word' id='word_1_13' title='bbox 1361 472 1487 542; x_wconf 86' lang='lat' dir='ltr'>ejus</span> <span class='ocrx_word' id='word_1_14' title='bbox 1517 471 1730 527; x_wconf 89' lang='lat' dir='ltr'>doctri-</span> <span class='ocrx_word' id='word_1_15' title='bbox 1759 473 1813 532; x_wconf 86' lang='lat' dir='ltr'><strong>A</strong></span> <span class='ocrx_word' id='word_1_16' title='bbox 1844 472 1929 528; x_wconf 90' lang='lat' dir='ltr'>sui</span> <span class='ocrx_word' id='word_1_17' title='bbox 1965 474 2249 546; x_wconf 73' lang='lat' dir='ltr'>propositi</span> <span class='ocrx_word' id='word_1_18' title='bbox 2284 474 2513 532; x_wconf 89' lang='lat' dir='ltr'>tramite</span> <span class='ocrx_word' id='word_1_19' title='bbox 2549 473 2772 530; x_wconf 88' lang='lat' dir='ltr'>animus</span> <span class='ocrx_word' id='word_1_20' title='bbox 2804 479 2938 531; x_wconf 90' lang='lat' dir='ltr'>tuus</span> <span class='ocrx_word' id='word_1_21' title='bbox 2971 471 3229 529; x_wconf 88' lang='lat' dir='ltr'>revocari</span> <span class='ocrx_word' id='word_1_22' title='bbox 3266 475 3480 544; x_wconf 85' lang='lat' dir='ltr'>potest.</span> 
     </span>
    </p>
   </div>
   <div class='ocr_carea' id='block_1_4' title="bbox 120 560 3486 635">
    <p class='ocr_par' dir='ltr' id='par_1_4' title="bbox 120 560 3486 635">
     <span class='ocr_line' id='line_1_4' title="bbox 120 560 3486 635; baseline -0.001 -16"><span class='ocrx_word' id='word_1_23' title='bbox 120 580 231 620; x_wconf 88' lang='lat' dir='ltr'>nam</span> <span class='ocrx_word' id='word_1_24' title='bbox 259 565 326 619; x_wconf 88' lang='lat' dir='ltr'>ab</span> <span class='ocrx_word' id='word_1_25' title='bbox 354 579 415 619; x_wconf 90' lang='lat' dir='ltr'>ea</span> <span class='ocrx_word' id='word_1_26' title='bbox 459 569 840 619; x_wconf 71' lang='lat' dir='ltr'>recesserant.</span> <span class='ocrx_word' id='word_1_27' title='bbox 1787 622 1795 632; x_wconf 69' lang='grc'>,</span> <span class='ocrx_word' id='word_1_28' title='bbox 1845 566 2159 635; x_wconf 83' lang='lat' dir='ltr'>PrOpterea</span> <span class='ocrx_word' id='word_1_29' title='bbox 2190 569 2452 622; x_wconf 90' lang='lat' dir='ltr'>metuens</span> <span class='ocrx_word' id='word_1_30' title='bbox 2486 580 2554 619; x_wconf 90' lang='lat' dir='ltr'>ne</span> <span class='ocrx_word' id='word_1_31' title='bbox 2588 564 2641 618; x_wconf 93' lang='lat' dir='ltr'>in</span> <span class='ocrx_word' id='word_1_32' title='bbox 2678 563 2841 634; x_wconf 90' lang='lat' dir='ltr'>pejus</span> <span class='ocrx_word' id='word_1_33' title='bbox 2876 561 3180 632; x_wconf 87' lang='lat' dir='ltr'>proﬁciant</span> <span class='ocrx_word' id='word_1_34' title='bbox 3215 575 3279 616; x_wconf 90' lang='lat' dir='ltr'>ea</span> <span class='ocrx_word' id='word_1_35' title='bbox 3311 560 3486 616; x_wconf 89' lang='lat' dir='ltr'>etiam</span> 
     </span>
    </p>
   </div>
   <div class='ocr_carea' id='block_1_5' title="bbox 178 650 3493 723">
    <p class='ocr_par' dir='ltr' id='par_1_5' title="bbox 178 650 3493 723">
     <span class='ocr_line' id='line_1_5' title="bbox 178 650 3493 723; baseline -0.001 -16"><span class='ocrx_word' id='word_1_36' title='bbox 178 651 286 711; x_wconf 77' lang='lat' dir='ltr'>iI-‘ol</span> <span class='ocrx_word' id='word_1_37' title='bbox 347 654 483 721; x_wconf 79' lang='lat' dir='ltr'>I17.)</span> <span class='ocrx_word' id='word_1_38' title='bbox 519 654 632 707; x_wconf 87' lang='lat' dir='ltr'>lloc</span> <span class='ocrx_word' id='word_1_39' title='bbox 661 667 810 707; x_wconf 81' lang='lat' dir='ltr'>anno</span> <span class='ocrx_word' id='word_1_40' title='bbox 849 651 993 707; x_wconf 79' lang='lat' dir='ltr'>obiit</span> <span class='ocrx_word' id='word_1_41' title='bbox 1027 650 1355 707; x_wconf 85' lang='lat' dir='ltr'>Grimoldus</span> <span class='ocrx_word' id='word_1_42' title='bbox 1387 651 1567 706; x_wconf 87' lang='lat' dir='ltr'>abbas</span> <span class='ocrx_word' id='word_1_43' title='bbox 1602 665 1728 706; x_wconf 85' lang='lat' dir='ltr'>san-</span> <span class='ocrx_word' id='word_1_44' title='bbox 1843 669 1970 723; x_wconf 82' lang='lat' dir='ltr'>qu:c</span> <span class='ocrx_word' id='word_1_45' title='bbox 2006 656 2149 710; x_wconf 92' lang='lat' dir='ltr'>bona</span> <span class='ocrx_word' id='word_1_46' title='bbox 2186 653 2476 722; x_wconf 74' lang='lat' dir='ltr'>videntur,</span> <span class='ocrx_word' id='word_1_47' title='bbox 2511 653 2714 708; x_wconf 86' lang='lat' dir='ltr'>melius</span> <span class='ocrx_word' id='word_1_48' title='bbox 2748 651 2914 706; x_wconf 87' lang='lat' dir='ltr'>nobis</span> <span class='ocrx_word' id='word_1_49' title='bbox 2944 652 3130 706; x_wconf 88' lang='lat' dir='ltr'>visum</span> <span class='ocrx_word' id='word_1_50' title='bbox 3162 653 3252 705; x_wconf 89' lang='lat' dir='ltr'>est</span> <span class='ocrx_word' id='word_1_51' title='bbox 3280 653 3341 705; x_wconf 92' lang='lat' dir='ltr'>ut</span> <span class='ocrx_word' id='word_1_52' title='bbox 3364 662 3493 703; x_wconf 85' lang='lat' dir='ltr'>cur-</span> 
     </span>
    </p>
   </div>
   <div class='ocr_carea' id='block_1_6' title="bbox 117 738 3485 814">
    <p class='ocr_par' dir='ltr' id='par_1_6' title="bbox 117 738 3485 814">
     <span class='ocr_line' id='line_1_6' title="bbox 117 738 3485 814; baseline -0.001 -18"><span class='ocrx_word' id='word_1_53' title='bbox 117 742 187 797; x_wconf 87' lang='lat' dir='ltr'>cti</span> <span class='ocrx_word' id='word_1_54' title='bbox 218 741 412 808; x_wconf 85' lang='lat' dir='ltr'>Vitoui,</span> <span class='ocrx_word' id='word_1_55' title='bbox 454 740 589 796; x_wconf 89' lang='lat' dir='ltr'>dum</span> <span class='ocrx_word' id='word_1_56' title='bbox 629 756 657 796; x_wconf 88' lang='lat' dir='ltr'>a</span> <span class='ocrx_word' id='word_1_57' title='bbox 688 742 865 795; x_wconf 80' lang='lat' dir='ltr'>Roma</span> <span class='ocrx_word' id='word_1_58' title='bbox 906 740 1340 809; x_wconf 63' lang='lat' dir='ltr'>regredmetur,</span> <span class='ocrx_word' id='word_1_59' title='bbox 1375 745 1431 797; x_wconf 91' lang='lat' dir='ltr'>et</span> <span class='ocrx_word' id='word_1_60' title='bbox 1462 739 1731 810; x_wconf 73' lang='lat' dir='ltr'>sepultus</span> <span class='ocrx_word' id='word_1_61' title='bbox 1840 758 1964 798; x_wconf 89' lang='lat' dir='ltr'>sum</span> <span class='ocrx_word' id='word_1_62' title='bbox 2006 758 2172 799; x_wconf 87' lang='lat' dir='ltr'>suum</span> <span class='ocrx_word' id='word_1_63' title='bbox 2223 750 2463 814; x_wconf 75' lang='lat' dir='ltr'>peragat</span> <span class='ocrx_word' id='word_1_64' title='bbox 2508 745 2669 799; x_wconf 69' lang='lat' dir='ltr'>boum</span> <span class='ocrx_word' id='word_1_65' title='bbox 2710 742 3053 797; x_wconf 89' lang='lat' dir='ltr'>intentionis</span> <span class='ocrx_word' id='word_1_66' title='bbox 3096 745 3211 796; x_wconf 77' lang='lat' dir='ltr'>tuac</span> <span class='ocrx_word' id='word_1_67' title='bbox 3255 738 3485 806; x_wconf 84' lang='lat' dir='ltr'>fluvius,</span> 
     </span>
    </p>
   </div>
   <div class='ocr_carea' id='block_1_7' title="bbox 117 827 3481 903">
    <p class='ocr_par' dir='ltr' id='par_1_7' title="bbox 117 827 3481 903">
     <span class='ocr_line' id='line_1_7' title="bbox 117 827 3481 903; baseline -0 -20"><span class='ocrx_word' id='word_1_68' title='bbox 117 834 191 884; x_wconf 78' lang='lat' dir='ltr'>cst</span> <span class='ocrx_word' id='word_1_69' title='bbox 232 830 457 884; x_wconf 73' lang='lat' dir='ltr'>Mantuae</span> <span class='ocrx_word' id='word_1_70' title='bbox 489 828 542 884; x_wconf 87' lang='lat' dir='ltr'>in</span> <span class='ocrx_word' id='word_1_71' title='bbox 575 829 836 885; x_wconf 76' lang='lat' dir='ltr'>a~eclcsia</span> <span class='ocrx_word' id='word_1_72' title='bbox 879 829 1064 885; x_wconf 89' lang='lat' dir='ltr'>sancti</span> <span class='ocrx_word' id='word_1_73' title='bbox 1112 830 1352 885; x_wconf 64' lang='lat' dir='ltr'>Andrcie</span> <span class='ocrx_word' id='word_1_74' title='bbox 1384 829 1633 899; x_wconf 80' lang='lat' dir='ltr'>apostoli</span> <span class='ocrx_word' id='word_1_75' title='bbox 1671 832 1730 884; x_wconf 74' lang='grc'>14</span> <span class='ocrx_word' id='word_1_76' title='bbox 1842 847 2008 901; x_wconf 87' lang='lat' dir='ltr'>quam</span> <span class='ocrx_word' id='word_1_77' title='bbox 2040 839 2236 887; x_wconf 85' lang='lat' dir='ltr'>contra</span> <span class='ocrx_word' id='word_1_78' title='bbox 2282 833 2554 903; x_wconf 84' lang='lat' dir='ltr'>impetum</span> <span class='ocrx_word' id='word_1_79' title='bbox 2596 846 2840 887; x_wconf 85' lang='lat' dir='ltr'>currens</span> <span class='ocrx_word' id='word_1_80' title='bbox 2880 835 3159 900; x_wconf 84' lang='lat' dir='ltr'>perpetua</span> <span class='ocrx_word' id='word_1_81' title='bbox 3205 827 3481 883; x_wconf 89' lang='lat' dir='ltr'>ariditate</span> 
     </span>
    </p>
   </div>
   <div class='ocr_carea' id='block_1_8' title="bbox 120 916 3495 992">
    <p class='ocr_par' dir='ltr' id='par_1_8' title="bbox 120 916 3495 992">
     <span class='ocr_line' id='line_1_8' title="bbox 120 916 3495 992; baseline 0 -21"><span class='ocrx_word' id='word_1_82' title='bbox 120 918 369 973; x_wconf 51' lang='lat' dir='ltr'>Kalendas</span> <span class='ocrx_word' id='word_1_83' title='bbox 412 918 570 987; x_wconf 70' lang='lat' dir='ltr'>Julii,</span> <span class='ocrx_word' id='word_1_84' title='bbox 619 934 748 974; x_wconf 87' lang='lat' dir='ltr'>cum</span> <span class='ocrx_word' id='word_1_85' title='bbox 793 918 907 986; x_wconf 89' lang='lat' dir='ltr'>jam</span> <span class='ocrx_word' id='word_1_86' title='bbox 962 919 1143 989; x_wconf 88' lang='lat' dir='ltr'>ipsam</span> <span class='ocrx_word' id='word_1_87' title='bbox 1194 918 1503 974; x_wconf 76' lang='lat' dir='ltr'>ecclesiam</span> <span class='ocrx_word' id='word_1_88' title='bbox 1553 918 1730 974; x_wconf 90' lang='lat' dir='ltr'>tertio</span> <span class='ocrx_word' id='word_1_89' title='bbox 1841 921 2208 992; x_wconf 85' lang='lat' dir='ltr'>dampuetur.</span> <span class='ocrx_word' id='word_1_90' title='bbox 2255 922 2638 977; x_wconf 70' lang='lat' dir='ltr'>&#39;I‘olcrabilius</span> <span class='ocrx_word' id='word_1_91' title='bbox 2677 926 2766 975; x_wconf 87' lang='lat' dir='ltr'>cst</span> <span class='ocrx_word' id='word_1_92' title='bbox 2812 920 2963 975; x_wconf 86' lang='lat' dir='ltr'>enim</span> <span class='ocrx_word' id='word_1_93' title='bbox 2995 923 3056 975; x_wconf 91' lang='lat' dir='ltr'>ut</span> <span class='ocrx_word' id='word_1_94' title='bbox 3099 923 3157 974; x_wconf 91' lang='lat' dir='ltr'>tu</span> <span class='ocrx_word' id='word_1_95' title='bbox 3202 916 3366 974; x_wconf 91' lang='lat' dir='ltr'>solus</span> <span class='ocrx_word' id='word_1_96' title='bbox 3401 930 3495 988; x_wconf 90' lang='lat' dir='ltr'>pe-</span> 
     </span>
    </p>
   </div>
   <div class='ocr_carea' id='block_1_9' title="bbox 118 1004 3486 1081">
    <p class='ocr_par' dir='ltr' id='par_1_9' title="bbox 118 1004 3486 1081">
     <span class='ocr_line' id='line_1_9' title="bbox 118 1004 3486 1081; baseline -0 -21"><span class='ocrx_word' id='word_1_97' title='bbox 118 1020 245 1062; x_wconf 87' lang='lat' dir='ltr'>aano</span> <span class='ocrx_word' id='word_1_98' title='bbox 286 1012 505 1075; x_wconf 86' lang='lat' dir='ltr'>regeret</span> <span class='ocrx_word' id='word_1_99' title='bbox 561 1007 806 1062; x_wconf 89' lang='lat' dir='ltr'>domnus</span> <span class='ocrx_word' id='word_1_100' title='bbox 854 1006 1141 1063; x_wconf 84' lang='lat' dir='ltr'>Rodulfus</span> <span class='ocrx_word' id='word_1_101' title='bbox 1188 1007 1385 1073; x_wconf 82' lang='lat' dir='ltr'>abbas,</span> <span class='ocrx_word' id='word_1_102' title='bbox 1440 1008 1563 1077; x_wconf 87' lang='lat' dir='ltr'>ipso</span> <span class='ocrx_word' id='word_1_103' title='bbox 1609 1006 1730 1061; x_wconf 87' lang='lat' dir='ltr'>Gri-</span> <span class='ocrx_word' id='word_1_104' title='bbox 1842 1024 1986 1079; x_wconf 88' lang='lat' dir='ltr'>reas,</span> <span class='ocrx_word' id='word_1_105' title='bbox 2016 1026 2184 1080; x_wconf 90' lang='lat' dir='ltr'>quam</span> <span class='ocrx_word' id='word_1_106' title='bbox 2212 1016 2400 1067; x_wconf 92' lang='lat' dir='ltr'>tecum</span> <span class='ocrx_word' id='word_1_107' title='bbox 2426 1010 2647 1081; x_wconf 87' lang='lat' dir='ltr'>pariter</span> <span class='ocrx_word' id='word_1_108' title='bbox 2672 1009 2822 1064; x_wconf 91' lang='lat' dir='ltr'>sicut</span> <span class='ocrx_word' id='word_1_109' title='bbox 2846 1008 3129 1064; x_wconf 85' lang='lat' dir='ltr'>hactenus</span> <span class='ocrx_word' id='word_1_110' title='bbox 3153 1020 3354 1063; x_wconf 89' lang='lat' dir='ltr'>omnes</span> <span class='ocrx_word' id='word_1_111' title='bbox 3380 1004 3486 1061; x_wconf 86' lang='lat' dir='ltr'>tibi</span> 
     </span>
    </p>
   </div>
   <div class='ocr_carea' id='block_1_10' title="bbox 117 1093 3494 1165">
    <p class='ocr_par' dir='ltr' id='par_1_10' title="bbox 117 1093 3494 1165">
     <span class='ocr_line' id='line_1_10' title="bbox 117 1093 3494 1165; baseline -0.002 -11"><span class='ocrx_word' id='word_1_112' title='bbox 117 1093 280 1149; x_wconf 71' lang='lat' dir='ltr'>uioldo</span> <span class='ocrx_word' id='word_1_113' title='bbox 307 1093 374 1150; x_wconf 85' lang='lat' dir='ltr'>dc</span> <span class='ocrx_word' id='word_1_114' title='bbox 404 1094 749 1165; x_wconf 81' lang='lat' dir='ltr'>praelatioue</span> <span class='ocrx_word' id='word_1_115' title='bbox 780 1094 1032 1150; x_wconf 67' lang='lat' dir='ltr'>abbatis:</span> <span class='ocrx_word' id='word_1_116' title='bbox 1072 1099 1375 1150; x_wconf 77' lang='lat' dir='ltr'>excusato.</span> <span class='ocrx_word' id='word_1_117' title='bbox 1407 1096 1544 1150; x_wconf 83' lang='lat' dir='ltr'>Erat</span> <span class='ocrx_word' id='word_1_118' title='bbox 1577 1095 1729 1150; x_wconf 83' lang='lat' dir='ltr'>enim</span> <span class='ocrx_word' id='word_1_119' title='bbox 1841 1100 2184 1156; x_wconf 88' lang='lat' dir='ltr'>commissos</span> <span class='ocrx_word' id='word_1_120' title='bbox 2218 1099 2270 1154; x_wconf 92' lang='lat' dir='ltr'>in</span> <span class='ocrx_word' id='word_1_121' title='bbox 2298 1099 2608 1155; x_wconf 79' lang='lat' dir='ltr'>discrimen</span> <span class='ocrx_word' id='word_1_122' title='bbox 2644 1097 2918 1153; x_wconf 81' lang='lat' dir='ltr'>adducas.</span> <span class='ocrx_word' id='word_1_123' title='bbox 2957 1096 3063 1152; x_wconf 86' lang='lat' dir='ltr'>Sed</span> <span class='ocrx_word' id='word_1_124' title='bbox 3098 1100 3287 1151; x_wconf 90' lang='lat' dir='ltr'>tamen</span> <span class='ocrx_word' id='word_1_125' title='bbox 3318 1094 3494 1151; x_wconf 86' lang='lat' dir='ltr'>conli-</span> 
     </span>
    </p>
   </div>
   <div class='ocr_carea' id='block_1_11' title="bbox 116 1181 3497 1259">
    <p class='ocr_par' dir='ltr' id='par_1_11' title="bbox 116 1181 3497 1259">
     <span class='ocr_line' id='line_1_11' title="bbox 116 1181 3497 1259; baseline -0.006 -4"><span class='ocrx_word' id='word_1_126' title='bbox 116 1181 367 1254; x_wconf 70' lang='lat' dir='ltr'>Si&quot;‘Dlicis</span> <span class='ocrx_word' id='word_1_127' title='bbox 397 1189 642 1239; x_wconf 59' lang='lat' dir='ltr'>naturae.</span> <span class='ocrx_word' id='word_1_128' title='bbox 1842 1188 2051 1259; x_wconf 92' lang='lat' dir='ltr'>dimus,</span> <span class='ocrx_word' id='word_1_129' title='bbox 2107 1188 2238 1259; x_wconf 84' lang='lat' dir='ltr'>quia</span> <span class='ocrx_word' id='word_1_130' title='bbox 2291 1190 2505 1245; x_wconf 82' lang='lat' dir='ltr'>tribuet</span> <span class='ocrx_word' id='word_1_131' title='bbox 2549 1188 2656 1243; x_wconf 89' lang='lat' dir='ltr'>tibi</span> <span class='ocrx_word' id='word_1_132' title='bbox 2702 1187 2979 1243; x_wconf 83' lang='lat' dir='ltr'>Dominus</span> <span class='ocrx_word' id='word_1_133' title='bbox 3025 1185 3343 1243; x_wconf 88' lang='lat' dir='ltr'>secundum</span> <span class='ocrx_word' id='word_1_134' title='bbox 3392 1197 3497 1238; x_wconf 93' lang='lat' dir='ltr'>cor</span> 
     </span>
    </p>
   </div>
   <div class='ocr_carea' id='block_1_12' title="bbox 177 1271 3494 1348">
    <p class='ocr_par' dir='ltr' id='par_1_12' title="bbox 177 1271 3494 1348">
     <span class='ocr_line' id='line_1_12' title="bbox 177 1271 3494 1348; baseline 0.001 -24"><span class='ocrx_word' id='word_1_135' title='bbox 177 1273 276 1326; x_wconf 88' lang='lat' dir='ltr'>lloc</span> <span class='ocrx_word' id='word_1_136' title='bbox 303 1272 471 1327; x_wconf 87' lang='lat' dir='ltr'>etiam</span> <span class='ocrx_word' id='word_1_137' title='bbox 503 1286 678 1341; x_wconf 89' lang='lat' dir='ltr'>anno,</span> <span class='ocrx_word' id='word_1_138' title='bbox 703 1271 797 1342; x_wconf 88' lang='lat' dir='ltr'>qui</span> <span class='ocrx_word' id='word_1_139' title='bbox 829 1278 957 1327; x_wconf 91' lang='lat' dir='ltr'>erat</span> <span class='ocrx_word' id='word_1_140' title='bbox 982 1273 1052 1327; x_wconf 94' lang='lat' dir='ltr'>ab</span> <span class='ocrx_word' id='word_1_141' title='bbox 1079 1272 1473 1328; x_wconf 80' lang='lat' dir='ltr'>incarnatione</span> <span class='ocrx_word' id='word_1_142' title='bbox 1507 1271 1727 1327; x_wconf 87' lang='lat' dir='ltr'>Domini</span> <span class='ocrx_word' id='word_1_143' title='bbox 1844 1281 2025 1342; x_wconf 91' lang='lat' dir='ltr'>tuum,</span> <span class='ocrx_word' id='word_1_144' title='bbox 2063 1294 2230 1348; x_wconf 87' lang='lat' dir='ltr'>quem</span> <span class='ocrx_word' id='word_1_145' title='bbox 2266 1293 2375 1334; x_wconf 91' lang='lat' dir='ltr'>non</span> <span class='ocrx_word' id='word_1_146' title='bbox 2411 1277 2628 1333; x_wconf 83' lang='lat' dir='ltr'>invenit</span> <span class='ocrx_word' id='word_1_147' title='bbox 2662 1276 2929 1331; x_wconf 91' lang='lat' dir='ltr'>idoneum</span> <span class='ocrx_word' id='word_1_148' title='bbox 2960 1274 3029 1330; x_wconf 88' lang='lat' dir='ltr'>ad</span> <span class='ocrx_word' id='word_1_149' title='bbox 3061 1273 3315 1343; x_wconf 84' lang='lat' dir='ltr'>regimen</span> <span class='ocrx_word' id='word_1_150' title='bbox 3350 1272 3494 1327; x_wconf 87' lang='lat' dir='ltr'>alio-</span> 
     </span>
    </p>
   </div>
   <div class='ocr_carea' id='block_1_13' title="bbox 119 1360 3489 1434">
    <p class='ocr_par' dir='ltr' id='par_1_13' title="bbox 119 1360 3489 1434">
     <span class='ocr_line' id='line_1_13' title="bbox 119 1360 3489 1434; baseline 0.001 -21"><span class='ocrx_word' id='word_1_151' title='bbox 119 1361 253 1429; x_wconf 80' lang='lat'>1078,</span> <span class='ocrx_word' id='word_1_152' title='bbox 277 1360 523 1429; x_wconf 85' lang='lat' dir='ltr'>regimen</span> <span class='ocrx_word' id='word_1_153' title='bbox 553 1361 914 1431; x_wconf 65' lang='lat' dir='ltr'>praelationis</span> <span class='ocrx_word' id='word_1_154' title='bbox 937 1362 1085 1432; x_wconf 88' lang='lat' dir='ltr'>apud</span> <span class='ocrx_word' id='word_1_155' title='bbox 1113 1362 1311 1415; x_wconf 66' lang='lat' dir='ltr'>Casam</span> <span class='ocrx_word' id='word_1_156' title='bbox 1338 1361 1433 1416; x_wconf 86' lang='lat' dir='ltr'>Dei</span> <span class='ocrx_word' id='word_1_157' title='bbox 1462 1360 1732 1429; x_wconf 86' lang='lat' dir='ltr'>Siguiuus</span> <span class='ocrx_word' id='word_1_158' title='bbox 1840 1382 1967 1423; x_wconf 89' lang='lat' dir='ltr'>rum</span> <span class='ocrx_word' id='word_1_159' title='bbox 1993 1368 2311 1424; x_wconf 88' lang='lat' dir='ltr'>secundum</span> <span class='ocrx_word' id='word_1_160' title='bbox 2336 1382 2437 1422; x_wconf 90' lang='lat' dir='ltr'>cor</span> <span class='ocrx_word' id='word_1_161' title='bbox 2458 1382 2642 1423; x_wconf 88' lang='lat' dir='ltr'>suum.</span> <span class='ocrx_word' id='word_1_162' title='bbox 2678 1366 2732 1420; x_wconf 92' lang='lat' dir='ltr'>Si</span> <span class='ocrx_word' id='word_1_163' title='bbox 2759 1366 2953 1434; x_wconf 82' lang='lat' dir='ltr'>itaque</span> <span class='ocrx_word' id='word_1_164' title='bbox 2979 1363 3088 1419; x_wconf 89' lang='lat' dir='ltr'>alia</span> <span class='ocrx_word' id='word_1_165' title='bbox 3114 1362 3203 1418; x_wconf 85' lang='lat' dir='ltr'>via</span> <span class='ocrx_word' id='word_1_166' title='bbox 3229 1362 3360 1433; x_wconf 87' lang='lat' dir='ltr'>plus</span> <span class='ocrx_word' id='word_1_167' title='bbox 3385 1361 3489 1418; x_wconf 87' lang='lat' dir='ltr'>tibi</span> 
     </span>
    </p>
   </div>
   <div class='ocr_carea' id='block_1_14' title="bbox 114 1449 3493 1528">
    <p class='ocr_par' dir='ltr' id='par_1_14' title="bbox 114 1449 3493 1528">
     <span class='ocr_line' id='line_1_14' title="bbox 114 1449 3493 1528; baseline 0.001 -25"><span class='ocrx_word' id='word_1_168' title='bbox 114 1449 366 1517; x_wconf 88' lang='lat' dir='ltr'>quondam</span> <span class='ocrx_word' id='word_1_169' title='bbox 397 1450 800 1517; x_wconf 83' lang='lat' dir='ltr'>Lugdunensis</span> <span class='ocrx_word' id='word_1_170' title='bbox 823 1450 1161 1519; x_wconf 89' lang='lat' dir='ltr'>cauonicus,</span> <span class='ocrx_word' id='word_1_171' title='bbox 1190 1449 1479 1505; x_wconf 79' lang='lat' dir='ltr'>natalibus</span> <span class='ocrx_word' id='word_1_172' title='bbox 1511 1450 1726 1517; x_wconf 82' lang='lat' dir='ltr'>clarus,</span> <span class='ocrx_word' id='word_1_173' title='bbox 1844 1456 2052 1528; x_wconf 76' lang='lat' dir='ltr'>placet,</span> <span class='ocrx_word' id='word_1_174' title='bbox 2091 1462 2290 1511; x_wconf 89' lang='lat' dir='ltr'>nostra</span> <span class='ocrx_word' id='word_1_175' title='bbox 2326 1456 2555 1511; x_wconf 85' lang='lat' dir='ltr'>licentia</span> <span class='ocrx_word' id='word_1_176' title='bbox 2590 1456 2815 1524; x_wconf 85' lang='lat' dir='ltr'>depone</span> <span class='ocrx_word' id='word_1_177' title='bbox 2849 1453 3153 1521; x_wconf 85' lang='lat' dir='ltr'>sarcinam,</span> <span class='ocrx_word' id='word_1_178' title='bbox 3190 1465 3359 1522; x_wconf 88' lang='lat' dir='ltr'>quam</span> <span class='ocrx_word' id='word_1_179' title='bbox 3392 1449 3493 1505; x_wconf 86' lang='lat' dir='ltr'>im-</span> 
     </span>
    </p>
   </div>
   <div class='ocr_carea' id='block_1_15' title="bbox 113 1537 3494 1617">
    <p class='ocr_par' dir='ltr' id='par_1_15' title="bbox 113 1537 3494 1617">
     <span class='ocr_line' id='line_1_15' title="bbox 113 1537 3494 1617; baseline -0.003 -13"><span class='ocrx_word' id='word_1_180' title='bbox 113 1550 306 1593; x_wconf 80' lang='lat' dir='ltr'>morum</span> <span class='ocrx_word' id='word_1_181' title='bbox 347 1537 643 1607; x_wconf 69' lang='lat' dir='ltr'>probitate</span> <span class='ocrx_word' id='word_1_182' title='bbox 682 1553 984 1605; x_wconf 71' lang='lat' dir='ltr'>coruscus,</span> <span class='ocrx_word' id='word_1_183' title='bbox 1019 1553 1170 1594; x_wconf 74' lang='lat' dir='ltr'>nunc</span> <span class='ocrx_word' id='word_1_184' title='bbox 1215 1539 1365 1595; x_wconf 75' lang='lat' dir='ltr'>felici</span> <span class='ocrx_word' id='word_1_185' title='bbox 1403 1540 1608 1593; x_wconf 73' lang='lat' dir='ltr'>beatus</span> <span class='ocrx_word' id='word_1_186' title='bbox 1638 1553 1732 1592; x_wconf 59' lang='grc' dir='ltr'>οε·</span> <span class='ocrx_word' id='word_1_187' title='bbox 1844 1546 2038 1617; x_wconf 87' lang='lat' dir='ltr'>posuit</span> <span class='ocrx_word' id='word_1_188' title='bbox 2071 1547 2176 1600; x_wconf 89' lang='lat' dir='ltr'>tibi</span> <span class='ocrx_word' id='word_1_189' title='bbox 2215 1545 2335 1601; x_wconf 86' lang='lat' dir='ltr'>sola</span> <span class='ocrx_word' id='word_1_190' title='bbox 2368 1546 2493 1599; x_wconf 89' lang='lat' dir='ltr'>sine</span> <span class='ocrx_word' id='word_1_191' title='bbox 2525 1545 2773 1599; x_wconf 86' lang='lat' dir='ltr'>caritate</span> <span class='ocrx_word' id='word_1_192' title='bbox 2808 1542 3149 1609; x_wconf 73' lang='lat' dir='ltr'>necessitas,</span> <span class='ocrx_word' id='word_1_193' title='bbox 3184 1544 3243 1595; x_wconf 91' lang='lat' dir='ltr'>et</span> <span class='ocrx_word' id='word_1_194' title='bbox 3275 1539 3494 1595; x_wconf 89' lang='lat' dir='ltr'>sanctis</span> 
     </span>
    </p>
   </div>
   <div class='ocr_carea' id='block_1_16' title="bbox 109 1624 1647 1702">
    <p class='ocr_par' dir='ltr' id='par_1_16' title="bbox 109 1624 1638 1694">
     <span class='ocr_line' id='line_1_16' title="bbox 109 1624 1638 1694; baseline 0.001 -16"><span class='ocrx_word' id='word_1_195' title='bbox 109 1639 257 1679; x_wconf 88' lang='lat' dir='ltr'>cessu</span> <span class='ocrx_word' id='word_1_196' title='bbox 283 1624 363 1678; x_wconf 69' lang='lat'>‘0’.</span> <span class='ocrx_word' id='word_1_197' title='bbox 398 1626 513 1681; x_wconf 87' lang='lat' dir='ltr'>Sub</span> <span class='ocrx_word' id='word_1_198' title='bbox 547 1640 665 1694; x_wconf 85' lang='lat' dir='ltr'>quo</span> <span class='ocrx_word' id='word_1_199' title='bbox 693 1626 998 1682; x_wconf 87' lang='lat' dir='ltr'>ordinatus</span> <span class='ocrx_word' id='word_1_200' title='bbox 1023 1631 1114 1682; x_wconf 87' lang='lat' dir='ltr'>est</span> <span class='ocrx_word' id='word_1_201' title='bbox 1146 1628 1327 1682; x_wconf 86' lang='lat' dir='ltr'>abbas</span> <span class='ocrx_word' id='word_1_202' title='bbox 1356 1626 1638 1682; x_wconf 81' lang='lat' dir='ltr'>Fraxincu</span> 
     </span>
    </p>
   </div>
   <div class='ocr_carea' id='block_1_17' title="bbox 1948 1624 3486 1702">
    <p class='ocr_par' dir='ltr' id='par_1_17' title="bbox 1952 1630 3486 1702">
     <span class='ocr_line' id='line_1_17' title="bbox 1952 1630 3486 1702; baseline -0.007 -12"><span class='ocrx_word' id='word_1_203' title='bbox 1952 1636 2208 1691; x_wconf 86' lang='lat' dir='ltr'>tionibus</span> <span class='ocrx_word' id='word_1_204' title='bbox 2243 1635 2357 1690; x_wconf 90' lang='lat' dir='ltr'>tuis</span> <span class='ocrx_word' id='word_1_205' title='bbox 2390 1634 2595 1702; x_wconf 86' lang='lat' dir='ltr'>adjuva</span> <span class='ocrx_word' id='word_1_206' title='bbox 2621 1648 2708 1687; x_wconf 91' lang='lat' dir='ltr'>me</span> <span class='ocrx_word' id='word_1_207' title='bbox 2734 1634 2786 1686; x_wconf 91' lang='lat' dir='ltr'>in</span> <span class='ocrx_word' id='word_1_208' title='bbox 2814 1632 2922 1686; x_wconf 87' lang='lat' dir='ltr'>alia</span> <span class='ocrx_word' id='word_1_209' title='bbox 2949 1631 3075 1686; x_wconf 89' lang='lat' dir='ltr'>navi</span> <span class='ocrx_word' id='word_1_210' title='bbox 3101 1630 3486 1685; x_wconf 87' lang='lat' dir='ltr'>laborantem.</span> 
     </span>
    </p>
   </div>
   <div class='ocr_carea' id='block_1_18' title="bbox 110 1712 3492 1795">
    <p class='ocr_par' dir='ltr' id='par_1_18' title="bbox 110 1712 3492 1795">
     <span class='ocr_line' id='line_1_18' title="bbox 110 1712 3492 1795; baseline -0.002 -16"><span class='ocrx_word' id='word_1_211' title='bbox 110 1712 238 1783; x_wconf 75' lang='grc' dir='ltr'>(ίδὸ)</span> <span class='ocrx_word' id='word_1_212' title='bbox 266 1714 517 1770; x_wconf 60' lang='lat' dir='ltr'>ecclesia?</span> <span class='ocrx_word' id='word_1_213' title='bbox 546 1714 793 1771; x_wconf 76' lang='lat' dir='ltr'>Pontius</span> <span class='ocrx_word' id='word_1_214' title='bbox 815 1730 843 1770; x_wconf 87' lang='lat' dir='ltr'>a</span> <span class='ocrx_word' id='word_1_215' title='bbox 869 1715 1098 1771; x_wconf 86' lang='lat' dir='ltr'>domino</span> <span class='ocrx_word' id='word_1_216' title='bbox 1126 1731 1269 1787; x_wconf 87' lang='lat' dir='ltr'>papa</span> <span class='ocrx_word' id='word_1_217' title='bbox 1295 1717 1594 1783; x_wconf 60' lang='lat' dir='ltr'>Gregorii),</span> <span class='ocrx_word' id='word_1_218' title='bbox 1633 1715 1726 1786; x_wconf 80' lang='lat' dir='ltr'>qui</span> <span class='ocrx_word' id='word_1_219' title='bbox 1844 1725 2042 1780; x_wconf 85' lang='lat' dir='ltr'>Saluto</span> <span class='ocrx_word' id='word_1_220' title='bbox 2074 1740 2178 1795; x_wconf 91' lang='lat' dir='ltr'>per</span> <span class='ocrx_word' id='word_1_221' title='bbox 2214 1729 2268 1778; x_wconf 87' lang='lat' dir='ltr'>te</span> <span class='ocrx_word' id='word_1_222' title='bbox 2301 1724 2569 1779; x_wconf 90' lang='lat' dir='ltr'>domuum</span> <span class='ocrx_word' id='word_1_223' title='bbox 2616 1723 3056 1790; x_wconf 78' lang='lat' dir='ltr'>Lugdunensem</span> <span class='ocrx_word' id='word_1_224' title='bbox 3099 1717 3492 1788; x_wconf 84' lang='lat' dir='ltr'>archiepisco—</span> 
     </span>
    </p>
   </div>
   <div class='ocr_carea' id='block_1_19' title="bbox 111 1802 3492 1888">
    <p class='ocr_par' dir='ltr' id='par_1_19' title="bbox 111 1802 3492 1888">
     <span class='ocr_line' id='line_1_19' title="bbox 111 1802 3492 1888; baseline -0.001 -23"><span class='ocrx_word' id='word_1_225' title='bbox 111 1806 222 1871; x_wconf 69' lang='grc' dir='ltr'>Ροδῐ</span> <span class='ocrx_word' id='word_1_226' title='bbox 254 1802 462 1872; x_wconf 79' lang='lat' dir='ltr'>aliquot</span> <span class='ocrx_word' id='word_1_227' title='bbox 496 1818 683 1859; x_wconf 65' lang='lat' dir='ltr'>annos</span> <span class='ocrx_word' id='word_1_228' title='bbox 710 1803 1084 1859; x_wconf 68' lang='grc' dir='ltr'>ἱηΐθδιῖιιὶῡιιθ</span> <span class='ocrx_word' id='word_1_229' title='bbox 1120 1806 1367 1861; x_wconf 72' lang='grc' dir='ltr'>ἷῗυίηι·ἱ(;ἰ</span> <span class='ocrx_word' id='word_1_230' title='bbox 1402 1806 1542 1861; x_wconf 76' lang='lat' dir='ltr'>dicti</span> <span class='ocrx_word' id='word_1_231' title='bbox 1578 1807 1730 1873; x_wconf 63' lang='lat' dir='ltr'>regis</span> <span class='ocrx_word' id='word_1_232' title='bbox 1760 1828 1813 1888; x_wconf 82' lang='grc' dir='ltr'>Β</span> <span class='ocrx_word' id='word_1_233' title='bbox 1847 1829 1997 1884; x_wconf 89' lang='lat' dir='ltr'>pum,</span> <span class='ocrx_word' id='word_1_234' title='bbox 2025 1814 2068 1868; x_wconf 89' lang='lat' dir='ltr'>si</span> <span class='ocrx_word' id='word_1_235' title='bbox 2094 1804 2285 1868; x_wconf 75' lang='lat' dir='ltr'>tmnen</span> <span class='ocrx_word' id='word_1_236' title='bbox 2318 1810 2683 1867; x_wconf 81' lang='lat' dir='ltr'>rationabilis</span> <span class='ocrx_word' id='word_1_237' title='bbox 2718 1810 3036 1864; x_wconf 86' lang='lat' dir='ltr'>necessitas</span> <span class='ocrx_word' id='word_1_238' title='bbox 3061 1826 3088 1862; x_wconf 89' lang='lat' dir='ltr'>a</span> <span class='ocrx_word' id='word_1_239' title='bbox 3118 1806 3299 1861; x_wconf 88' lang='lat' dir='ltr'>totius</span> <span class='ocrx_word' id='word_1_240' title='bbox 3331 1804 3492 1861; x_wconf 88' lang='lat' dir='ltr'>orbis</span> 
     </span>
    </p>
   </div>
   <div class='ocr_carea' id='block_1_20' title="bbox 111 1891 3495 1963">
    <p class='ocr_par' dir='ltr' id='par_1_20' title="bbox 111 1891 3495 1963">
     <span class='ocr_line' id='line_1_20' title="bbox 111 1891 3495 1963; baseline 0.001 -21"><span class='ocrx_word' id='word_1_241' title='bbox 111 1891 374 1946; x_wconf 86' lang='lat' dir='ltr'>abbaciam</span> <span class='ocrx_word' id='word_1_242' title='bbox 417 1891 667 1961; x_wconf 87' lang='lat' dir='ltr'>dimisit,</span> <span class='ocrx_word' id='word_1_243' title='bbox 709 1892 937 1961; x_wconf 87' lang='lat' dir='ltr'>quesita</span> <span class='ocrx_word' id='word_1_244' title='bbox 981 1907 1011 1948; x_wconf 85' lang='lat' dir='ltr'>a</span> <span class='ocrx_word' id='word_1_245' title='bbox 1052 1894 1262 1949; x_wconf 82' lang='lat' dir='ltr'>domno</span> <span class='ocrx_word' id='word_1_246' title='bbox 1312 1895 1583 1949; x_wconf 79' lang='lat' dir='ltr'>Ansclmo</span> <span class='ocrx_word' id='word_1_247' title='bbox 1630 1896 1730 1949; x_wconf 85' lang='lat' dir='ltr'>Lu-</span> <span class='ocrx_word' id='word_1_248' title='bbox 1845 1902 2239 1957; x_wconf 77' lang='lat' dir='ltr'>internecione</span> <span class='ocrx_word' id='word_1_249' title='bbox 2278 1905 2535 1956; x_wconf 75' lang='lat' dir='ltr'>excusat.</span> <span class='ocrx_word' id='word_1_250' title='bbox 2574 1899 2628 1953; x_wconf 88' lang='lat' dir='ltr'>Si</span> <span class='ocrx_word' id='word_1_251' title='bbox 2661 1898 2809 1953; x_wconf 89' lang='lat' dir='ltr'>cnim</span> <span class='ocrx_word' id='word_1_252' title='bbox 2852 1901 2952 1951; x_wconf 91' lang='lat' dir='ltr'>aut</span> <span class='ocrx_word' id='word_1_253' title='bbox 2992 1896 3218 1963; x_wconf 86' lang='lat' dir='ltr'>timore,</span> <span class='ocrx_word' id='word_1_254' title='bbox 3259 1898 3359 1950; x_wconf 86' lang='lat' dir='ltr'>aut</span> <span class='ocrx_word' id='word_1_255' title='bbox 3399 1908 3495 1948; x_wconf 87' lang='lat' dir='ltr'>ne-</span> 
     </span>
    </p>
   </div>
   <div class='ocr_carea' id='block_1_21' title="bbox 110 1979 3490 2059">
    <p class='ocr_par' dir='ltr' id='par_1_21' title="bbox 110 1979 3490 2059">
     <span class='ocr_line' id='line_1_21' title="bbox 110 1979 3490 2059; baseline 0.001 -24"><span class='ocrx_word' id='word_1_256' title='bbox 110 1979 249 2035; x_wconf 85' lang='lat' dir='ltr'>eensi</span> <span class='ocrx_word' id='word_1_257' title='bbox 274 1980 545 2050; x_wconf 84' lang='lat' dir='ltr'>episeopo</span> <span class='ocrx_word' id='word_1_258' title='bbox 581 1980 838 2050; x_wconf 89' lang='lat' dir='ltr'>licentia,</span> <span class='ocrx_word' id='word_1_259' title='bbox 866 1986 1182 2052; x_wconf 86' lang='lat' dir='ltr'>etoptenta</span> <span class='ocrx_word' id='word_1_260' title='bbox 1220 1999 1320 2053; x_wconf 91' lang='lat' dir='ltr'>per</span> <span class='ocrx_word' id='word_1_261' title='bbox 1355 1984 1477 2039; x_wconf 41' lang='lat' dir='ltr'>bare</span> <span class='ocrx_word' id='word_1_262' title='bbox 1510 1985 1725 2039; x_wconf 90' lang='lat' dir='ltr'>verba:</span> <span class='ocrx_word' id='word_1_263' title='bbox 1840 1990 2145 2059; x_wconf 65' lang='lat' dir='ltr'>gligcntia,</span> <span class='ocrx_word' id='word_1_264' title='bbox 2183 1994 2279 2044; x_wconf 88' lang='lat' dir='ltr'>aut</span> <span class='ocrx_word' id='word_1_265' title='bbox 2323 1988 2538 2058; x_wconf 88' lang='lat' dir='ltr'>quietis</span> <span class='ocrx_word' id='word_1_266' title='bbox 2582 1987 2765 2041; x_wconf 69' lang='lat' dir='ltr'>noxizc</span> <span class='ocrx_word' id='word_1_267' title='bbox 2807 1999 3001 2039; x_wconf 88' lang='lat' dir='ltr'>amore</span> <span class='ocrx_word' id='word_1_268' title='bbox 3044 1988 3285 2037; x_wconf 87' lang='lat' dir='ltr'>matrem</span> <span class='ocrx_word' id='word_1_269' title='bbox 3329 1996 3490 2036; x_wconf 86' lang='lat' dir='ltr'>suam</span> 
     </span>
    </p>
   </div>
   <div class='ocr_carea' id='block_1_22' title="bbox 113 2069 3490 2140">
    <p class='ocr_par' dir='ltr' id='par_1_22' title="bbox 113 2069 3490 2140">
     <span class='ocr_line' id='line_1_22' title="bbox 113 2069 3490 2140; baseline 0 -18"><span class='ocrx_word' id='word_1_270' title='bbox 113 2092 131 2114; x_wconf 77' lang='grc' dir='ltr'>ι</span> <span class='ocrx_word' id='word_1_271' title='bbox 162 2070 214 2123; x_wconf 86' lang='grc' dir='ltr'>Ρ.</span> <span class='ocrx_word' id='word_1_272' title='bbox 246 2069 621 2125; x_wconf 85' lang='lat' dir='ltr'>dilectissimo</span> <span class='ocrx_word' id='word_1_273' title='bbox 667 2070 720 2125; x_wconf 90' lang='lat' dir='ltr'>in</span> <span class='ocrx_word' id='word_1_274' title='bbox 766 2070 993 2126; x_wconf 84' lang='lat' dir='ltr'>Christo</span> <span class='ocrx_word' id='word_1_275' title='bbox 1041 2073 1339 2139; x_wconf 77' lang='lat' dir='ltr'>contratri,</span> <span class='ocrx_word' id='word_1_276' title='bbox 1378 2076 1439 2128; x_wconf 79' lang='grc' dir='ltr'>Α.</span> <span class='ocrx_word' id='word_1_277' title='bbox 1476 2074 1727 2129; x_wconf 83' lang='lat' dir='ltr'>omnium</span> <span class='ocrx_word' id='word_1_278' title='bbox 1842 2079 2101 2140; x_wconf 76' lang='lat' dir='ltr'>visitare,</span> <span class='ocrx_word' id='word_1_279' title='bbox 2136 2084 2195 2133; x_wconf 91' lang='lat' dir='ltr'>ct</span> <span class='ocrx_word' id='word_1_280' title='bbox 2230 2079 2479 2133; x_wconf 87' lang='lat' dir='ltr'>liberare</span> <span class='ocrx_word' id='word_1_281' title='bbox 2514 2076 2583 2129; x_wconf 90' lang='lat' dir='ltr'>de</span> <span class='ocrx_word' id='word_1_282' title='bbox 2617 2091 2784 2130; x_wconf 89' lang='lat' dir='ltr'>manu</span> <span class='ocrx_word' id='word_1_283' title='bbox 2822 2072 3028 2127; x_wconf 89' lang='lat' dir='ltr'>mortis</span> <span class='ocrx_word' id='word_1_284' title='bbox 3067 2069 3318 2139; x_wconf 86' lang='lat' dir='ltr'>distulit,</span> <span class='ocrx_word' id='word_1_285' title='bbox 3355 2084 3490 2124; x_wconf 89' lang='lat' dir='ltr'>reus</span> 
     </span>
    </p>
   </div>
   <div class='ocr_carea' id='block_1_23' title="bbox 110 2156 3491 2235">
    <p class='ocr_par' dir='ltr' id='par_1_23' title="bbox 110 2156 3491 2235">
     <span class='ocr_line' id='line_1_23' title="bbox 110 2156 3491 2235; baseline 0.001 -26"><span class='ocrx_word' id='word_1_286' title='bbox 110 2157 474 2227; x_wconf 55' lang='lat' dir='ltr'>cpimaporum</span> <span class='ocrx_word' id='word_1_287' title='bbox 527 2158 824 2227; x_wconf 88' lang='lat' dir='ltr'>minimus,</span> <span class='ocrx_word' id='word_1_288' title='bbox 869 2158 1116 2215; x_wconf 80' lang='lat' dir='ltr'>salutem</span> <span class='ocrx_word' id='word_1_289' title='bbox 1159 2160 1211 2214; x_wconf 92' lang='lat' dir='ltr'>in</span> <span class='ocrx_word' id='word_1_290' title='bbox 1258 2162 1506 2217; x_wconf 82' lang='lat' dir='ltr'>Christo.</span> <span class='ocrx_word' id='word_1_291' title='bbox 1553 2165 1730 2217; x_wconf 79' lang='lat' dir='ltr'>Tanto</span> <span class='ocrx_word' id='word_1_292' title='bbox 1840 2168 1950 2220; x_wconf 86' lang='lat' dir='ltr'>crit</span> <span class='ocrx_word' id='word_1_293' title='bbox 1980 2167 2219 2235; x_wconf 78' lang='lat' dir='ltr'>judicio,</span> <span class='ocrx_word' id='word_1_294' title='bbox 2265 2166 2373 2221; x_wconf 90' lang='lat' dir='ltr'>nisi</span> <span class='ocrx_word' id='word_1_295' title='bbox 2419 2166 2542 2219; x_wconf 82' lang='lat' dir='ltr'>sine</span> <span class='ocrx_word' id='word_1_296' title='bbox 2583 2178 2737 2217; x_wconf 85' lang='lat' dir='ltr'>mora</span> <span class='ocrx_word' id='word_1_297' title='bbox 2784 2160 2979 2215; x_wconf 83' lang='lat' dir='ltr'>venire</span> <span class='ocrx_word' id='word_1_298' title='bbox 3022 2166 3080 2213; x_wconf 87' lang='lat' dir='ltr'>et</span> <span class='ocrx_word' id='word_1_299' title='bbox 3122 2159 3175 2213; x_wconf 91' lang='lat' dir='ltr'>in</span> <span class='ocrx_word' id='word_1_300' title='bbox 3220 2156 3491 2213; x_wconf 87' lang='lat' dir='ltr'>omnibus</span> 
     </span>
    </p>
   </div>
   <div class='ocr_carea' id='block_1_24' title="bbox 110 2244 2524 2318">
    <p class='ocr_par' dir='ltr' id='par_1_24' title="bbox 110 2244 2524 2318">
     <span class='ocr_line' id='line_1_24' title="bbox 110 2244 2524 2318; baseline 0.005 -21"><span class='ocrx_word' id='word_1_301' title='bbox 110 2244 476 2313; x_wconf 79' lang='lat' dir='ltr'>diligentiores</span> <span class='ocrx_word' id='word_1_302' title='bbox 518 2262 634 2301; x_wconf 90' lang='lat' dir='ltr'>nos</span> <span class='ocrx_word' id='word_1_303' title='bbox 664 2252 723 2301; x_wconf 88' lang='lat' dir='ltr'>et</span> <span class='ocrx_word' id='word_1_304' title='bbox 754 2247 1131 2304; x_wconf 85' lang='lat' dir='ltr'>sollicitiores</span> <span class='ocrx_word' id='word_1_305' title='bbox 1165 2265 1267 2303; x_wconf 80' lang='lat' dir='ltr'>vos</span> <span class='ocrx_word' id='word_1_306' title='bbox 1299 2266 1434 2318; x_wconf 75' lang='lat' dir='ltr'>erga</span> <span class='ocrx_word' id='word_1_307' title='bbox 1480 2253 1728 2306; x_wconf 69' lang='lat' dir='ltr'>salutem</span> <span class='ocrx_word' id='word_1_308' title='bbox 1841 2254 2107 2308; x_wconf 73' lang='lat' dir='ltr'>auxiliari</span> <span class='ocrx_word' id='word_1_309' title='bbox 2151 2253 2464 2308; x_wconf 81' lang='lat' dir='ltr'>studuerit.</span> <span class='ocrx_word' id='word_1_310' title='bbox 2499 2275 2524 2300; x_wconf 73' lang='grc' dir='ltr'><strong>η</strong></span> 
     </span>
    </p>
   </div>
   <div class='ocr_carea' id='block_1_25' title="bbox 110 2332 3486 2411">
    <p class='ocr_par' dir='ltr' id='par_1_25' title="bbox 110 2332 3486 2411">
     <span class='ocr_line' id='line_1_25' title="bbox 110 2332 3486 2411; baseline 0.001 -26"><span class='ocrx_word' id='word_1_311' title='bbox 110 2332 284 2388; x_wconf 78' lang='lat' dir='ltr'>auiuuc</span> <span class='ocrx_word' id='word_1_312' title='bbox 314 2338 425 2390; x_wconf 72' lang='lat' dir='ltr'>tuae</span> <span class='ocrx_word' id='word_1_313' title='bbox 456 2350 596 2391; x_wconf 85' lang='lat' dir='ltr'>csse</span> <span class='ocrx_word' id='word_1_314' title='bbox 629 2335 922 2406; x_wconf 87' lang='lat' dir='ltr'>convenit,</span> <span class='ocrx_word' id='word_1_315' title='bbox 966 2342 1182 2407; x_wconf 88' lang='lat' dir='ltr'>quanto</span> <span class='ocrx_word' id='word_1_316' title='bbox 1217 2339 1398 2408; x_wconf 86' lang='lat' dir='ltr'>magis</span> <span class='ocrx_word' id='word_1_317' title='bbox 1429 2340 1499 2395; x_wconf 89' lang='lat' dir='ltr'>de</span> <span class='ocrx_word' id='word_1_318' title='bbox 1523 2348 1727 2395; x_wconf 78' lang='lat' dir='ltr'>nostra</span> <span class='ocrx_word' id='word_1_319' title='bbox 1915 2342 2056 2411; x_wconf 76' lang='lat' dir='ltr'>(Fel.</span> <span class='ocrx_word' id='word_1_320' title='bbox 2100 2342 2259 2411; x_wconf 75' lang='grc'>117⁷.)</span> <span class='ocrx_word' id='word_1_321' title='bbox 2304 2342 2626 2397; x_wconf 90' lang='lat' dir='ltr'>Destinavit</span> <span class='ocrx_word' id='word_1_322' title='bbox 2668 2346 2860 2397; x_wconf 90' lang='lat' dir='ltr'>autem</span> <span class='ocrx_word' id='word_1_323' title='bbox 2902 2340 3181 2409; x_wconf 61' lang='lat' dir='ltr'>praefatus</span> <span class='ocrx_word' id='word_1_324' title='bbox 3224 2348 3370 2406; x_wconf 86' lang='lat' dir='ltr'>papa</span> <span class='ocrx_word' id='word_1_325' title='bbox 3416 2333 3486 2389; x_wconf 88' lang='lat' dir='ltr'>ad</span> 
     </span>
    </p>
   </div>
   <div class='ocr_carea' id='block_1_26' title="bbox 111 2421 3489 2499">
    <p class='ocr_par' dir='ltr' id='par_1_26' title="bbox 111 2421 3489 2499">
     <span class='ocr_line' id='line_1_26' title="bbox 111 2421 3489 2499; baseline 0.001 -24"><span class='ocrx_word' id='word_1_326' title='bbox 111 2421 323 2479; x_wconf 88' lang='lat' dir='ltr'>caritate</span> <span class='ocrx_word' id='word_1_327' title='bbox 369 2424 719 2479; x_wconf 82' lang='lat' dir='ltr'>fraternitas</span> <span class='ocrx_word' id='word_1_328' title='bbox 764 2428 859 2481; x_wconf 88' lang='lat' dir='ltr'>tua</span> <span class='ocrx_word' id='word_1_329' title='bbox 901 2425 1171 2492; x_wconf 85' lang='lat' dir='ltr'>conﬁdit;</span> <span class='ocrx_word' id='word_1_330' title='bbox 1222 2442 1312 2497; x_wconf 89' lang='lat' dir='ltr'>ne,</span> <span class='ocrx_word' id='word_1_331' title='bbox 1359 2427 1510 2497; x_wconf 93' lang='lat' dir='ltr'>quod</span> <span class='ocrx_word' id='word_1_332' title='bbox 1555 2430 1725 2499; x_wconf 86' lang='lat' dir='ltr'>absit,</span> <span class='ocrx_word' id='word_1_333' title='bbox 1840 2432 2167 2488; x_wconf 89' lang='lat' dir='ltr'>visitandos</span> <span class='ocrx_word' id='word_1_334' title='bbox 2202 2436 2256 2486; x_wconf 91' lang='lat' dir='ltr'>et</span> <span class='ocrx_word' id='word_1_335' title='bbox 2300 2431 2773 2487; x_wconf 88' lang='lat' dir='ltr'>corroboraudos</span> <span class='ocrx_word' id='word_1_336' title='bbox 2805 2427 3141 2485; x_wconf 60' lang='lat' dir='ltr'>christiana;</span> <span class='ocrx_word' id='word_1_337' title='bbox 3183 2423 3315 2480; x_wconf 82' lang='lat' dir='ltr'>fidei</span> <span class='ocrx_word' id='word_1_338' title='bbox 3358 2437 3489 2494; x_wconf 93' lang='lat' dir='ltr'>pro-</span> 
     </span>
    </p>
   </div>
   <div class='ocr_carea' id='block_1_27' title="bbox 114 2511 3488 2591">
    <p class='ocr_par' dir='ltr' id='par_1_27' title="bbox 114 2511 3488 2591">
     <span class='ocr_line' id='line_1_27' title="bbox 114 2511 3488 2591; baseline 0 -26"><span class='ocrx_word' id='word_1_339' title='bbox 114 2515 283 2568; x_wconf 87' lang='lat' dir='ltr'>uostra</span> <span class='ocrx_word' id='word_1_340' title='bbox 315 2513 675 2583; x_wconf 83' lang='lat' dir='ltr'>negligentia</span> <span class='ocrx_word' id='word_1_341' title='bbox 716 2518 979 2570; x_wconf 90' lang='lat' dir='ltr'>sanetum</span> <span class='ocrx_word' id='word_1_342' title='bbox 1015 2515 1289 2571; x_wconf 85' lang='lat' dir='ltr'>desiderii</span> <span class='ocrx_word' id='word_1_343' title='bbox 1324 2517 1406 2572; x_wconf 91' lang='lat' dir='ltr'>tui</span> <span class='ocrx_word' id='word_1_344' title='bbox 1444 2519 1729 2574; x_wconf 85' lang='lat' dir='ltr'>fervorem</span> <span class='ocrx_word' id='word_1_345' title='bbox 1843 2526 2199 2591; x_wconf 74' lang='lat' dir='ltr'>pugnator-es</span> <span class='ocrx_word' id='word_1_346' title='bbox 2223 2521 2289 2575; x_wconf 86' lang='lat' dir='ltr'>ad</span> <span class='ocrx_word' id='word_1_347' title='bbox 2317 2536 2556 2589; x_wconf 83' lang='lat' dir='ltr'>regnum</span> <span class='ocrx_word' id='word_1_348' title='bbox 2589 2519 3075 2575; x_wconf 87' lang='lat' dir='ltr'>Tcuthonicorum</span> <span class='ocrx_word' id='word_1_349' title='bbox 3107 2511 3488 2576; x_wconf 87' lang='lat' dir='ltr'>descendere,</span> 
     </span>
    </p>
   </div>
   <div class='ocr_carea' id='block_1_28' title="bbox 114 2600 3489 2680">
    <p class='ocr_par' dir='ltr' id='par_1_28' title="bbox 114 2600 3489 2680">
     <span class='ocr_line' id='line_1_28' title="bbox 114 2600 3489 2680; baseline 0.001 -28"><span class='ocrx_word' id='word_1_350' title='bbox 114 2600 393 2671; x_wconf 79' lang='lat' dir='ltr'>extinguat,</span> <span class='ocrx_word' id='word_1_351' title='bbox 431 2608 490 2658; x_wconf 90' lang='lat' dir='ltr'>et</span> <span class='ocrx_word' id='word_1_352' title='bbox 522 2602 876 2672; x_wconf 85' lang='lat' dir='ltr'>sanguinem</span> <span class='ocrx_word' id='word_1_353' title='bbox 915 2608 1075 2659; x_wconf 91' lang='lat' dir='ltr'>tuum</span> <span class='ocrx_word' id='word_1_354' title='bbox 1111 2605 1166 2658; x_wconf 91' lang='lat' dir='ltr'>in</span> <span class='ocrx_word' id='word_1_355' title='bbox 1201 2605 1474 2662; x_wconf 87' lang='lat' dir='ltr'>districto</span> <span class='ocrx_word' id='word_1_356' title='bbox 1514 2623 1620 2663; x_wconf 92' lang='lat' dir='ltr'>suo</span> <span class='ocrx_word' id='word_1_357' title='bbox 1645 2608 1733 2678; x_wconf 86' lang='lat' dir='ltr'>ju-</span> <span class='ocrx_word' id='word_1_358' title='bbox 1843 2610 1993 2680; x_wconf 87' lang='lat' dir='ltr'>quod</span> <span class='ocrx_word' id='word_1_359' title='bbox 2021 2617 2078 2665; x_wconf 91' lang='lat' dir='ltr'>ct</span> <span class='ocrx_word' id='word_1_360' title='bbox 2109 2613 2179 2665; x_wconf 91' lang='lat' dir='ltr'>ab</span> <span class='ocrx_word' id='word_1_361' title='bbox 2216 2610 2330 2665; x_wconf 90' lang='lat' dir='ltr'>illis</span> <span class='ocrx_word' id='word_1_362' title='bbox 2362 2610 2555 2665; x_wconf 86' lang='lat' dir='ltr'>missis</span> <span class='ocrx_word' id='word_1_363' title='bbox 2586 2610 2655 2664; x_wconf 91' lang='lat' dir='ltr'>ad</span> <span class='ocrx_word' id='word_1_364' title='bbox 2692 2623 2878 2663; x_wconf 90' lang='lat' dir='ltr'>meum</span> <span class='ocrx_word' id='word_1_365' title='bbox 2912 2605 3161 2667; x_wconf 81' lang='lat' dir='ltr'>nunciis,</span> <span class='ocrx_word' id='word_1_366' title='bbox 3197 2601 3489 2673; x_wconf 87' lang='lat' dir='ltr'>quesitum</span> 
     </span>
    </p>
   </div>
   <div class='ocr_carea' id='block_1_29' title="bbox 116 2687 3493 2769">
    <p class='ocr_par' dir='ltr' id='par_1_29' title="bbox 116 2687 3493 2769">
     <span class='ocr_line' id='line_1_29' title="bbox 116 2687 3493 2769; baseline 0.001 -31"><span class='ocrx_word' id='word_1_367' title='bbox 116 2687 244 2743; x_wconf 86' lang='lat' dir='ltr'>dicio</span> <span class='ocrx_word' id='word_1_368' title='bbox 270 2696 639 2762; x_wconf 82' lang='lat' dir='ltr'>omnipotens</span> <span class='ocrx_word' id='word_1_369' title='bbox 677 2691 953 2748; x_wconf 87' lang='lat' dir='ltr'>Dominus</span> <span class='ocrx_word' id='word_1_370' title='bbox 984 2692 1054 2747; x_wconf 89' lang='lat' dir='ltr'>de</span> <span class='ocrx_word' id='word_1_371' title='bbox 1089 2708 1256 2749; x_wconf 90' lang='lat' dir='ltr'>manu</span> <span class='ocrx_word' id='word_1_372' title='bbox 1290 2709 1411 2749; x_wconf 88' lang='lat' dir='ltr'>mea</span> <span class='ocrx_word' id='word_1_373' title='bbox 1447 2696 1727 2765; x_wconf 89' lang='lat' dir='ltr'>requirat.</span> <span class='ocrx_word' id='word_1_374' title='bbox 1843 2704 1989 2768; x_wconf 87' lang='lat' dir='ltr'>erat,</span> <span class='ocrx_word' id='word_1_375' title='bbox 2032 2703 2091 2753; x_wconf 92' lang='lat' dir='ltr'>ut</span> <span class='ocrx_word' id='word_1_376' title='bbox 2135 2698 2189 2752; x_wconf 90' lang='lat' dir='ltr'>iu</span> <span class='ocrx_word' id='word_1_377' title='bbox 2231 2713 2333 2753; x_wconf 89' lang='lat' dir='ltr'>sua</span> <span class='ocrx_word' id='word_1_378' title='bbox 2382 2698 2688 2769; x_wconf 59' lang='lat' dir='ltr'>praesentia</span> <span class='ocrx_word' id='word_1_379' title='bbox 2740 2697 2923 2762; x_wconf 84' lang='lat' dir='ltr'>magis</span> <span class='ocrx_word' id='word_1_380' title='bbox 2970 2693 3267 2762; x_wconf 83' lang='lat' dir='ltr'>magisque</span> <span class='ocrx_word' id='word_1_381' title='bbox 3316 2689 3493 2745; x_wconf 88' lang='lat' dir='ltr'>mani-</span> 
     </span>
    </p>
   </div>
   <div class='ocr_carea' id='block_1_30' title="bbox 116 2777 3490 2855">
    <p class='ocr_par' dir='ltr' id='par_1_30' title="bbox 116 2777 3490 2855">
     <span class='ocr_line' id='line_1_30' title="bbox 116 2777 3490 2855; baseline 0.001 -26"><span class='ocrx_word' id='word_1_382' title='bbox 116 2777 312 2835; x_wconf 87' lang='lat' dir='ltr'>Credidi</span> <span class='ocrx_word' id='word_1_383' title='bbox 356 2780 550 2836; x_wconf 85' lang='lat' dir='ltr'>domui</span> <span class='ocrx_word' id='word_1_384' title='bbox 607 2780 841 2835; x_wconf 88' lang='lat' dir='ltr'>abbatis</span> <span class='ocrx_word' id='word_1_385' title='bbox 887 2784 944 2835; x_wconf 90' lang='lat' dir='ltr'>et</span> <span class='ocrx_word' id='word_1_386' title='bbox 996 2786 1214 2837; x_wconf 62' lang='lat' dir='ltr'>sancta:</span> <span class='ocrx_word' id='word_1_387' title='bbox 1259 2785 1733 2852; x_wconf 82' lang='lat' dir='ltr'>congregationis</span> <span class='ocrx_word' id='word_1_388' title='bbox 1848 2786 2431 2855; x_wconf 72' lang='lat' dir='ltr'>festareturjustitize</span> <span class='ocrx_word' id='word_1_389' title='bbox 2463 2785 2681 2853; x_wconf 86' lang='lat' dir='ltr'>regula,</span> <span class='ocrx_word' id='word_1_390' title='bbox 2719 2784 2983 2838; x_wconf 88' lang='lat' dir='ltr'>scribens</span> <span class='ocrx_word' id='word_1_391' title='bbox 3006 2782 3075 2835; x_wconf 90' lang='lat' dir='ltr'>ad</span> <span class='ocrx_word' id='word_1_392' title='bbox 3100 2794 3301 2836; x_wconf 89' lang='lat' dir='ltr'>omnes</span> <span class='ocrx_word' id='word_1_393' title='bbox 3336 2777 3490 2833; x_wconf 87' lang='lat' dir='ltr'>beati</span> 
     </span>
    </p>
   </div>
   <div class='ocr_carea' id='block_1_31' title="bbox 114 2864 2707 2942">
    <p class='ocr_par' dir='ltr' id='par_1_31' title="bbox 114 2864 2707 2942">
     <span class='ocr_line' id='line_1_31' title="bbox 114 2864 2707 2942; baseline 0.004 -25"><span class='ocrx_word' id='word_1_394' title='bbox 114 2864 247 2922; x_wconf 72' lang='lat' dir='ltr'>Casa:</span> <span class='ocrx_word' id='word_1_395' title='bbox 273 2869 384 2938; x_wconf 88' lang='lat' dir='ltr'>Dei,</span> <span class='ocrx_word' id='word_1_396' title='bbox 416 2884 649 2926; x_wconf 85' lang='lat' dir='ltr'>necnon</span> <span class='ocrx_word' id='word_1_397' title='bbox 685 2869 1034 2926; x_wconf 86' lang='lat' dir='ltr'>venerabilis</span> <span class='ocrx_word' id='word_1_398' title='bbox 1064 2871 1248 2941; x_wconf 88' lang='lat' dir='ltr'>patris</span> <span class='ocrx_word' id='word_1_399' title='bbox 1282 2873 1471 2927; x_wconf 85' lang='lat' dir='ltr'>nostri</span> <span class='ocrx_word' id='word_1_400' title='bbox 1502 2875 1564 2928; x_wconf 91' lang='lat' dir='ltr'>II.</span> <span class='ocrx_word' id='word_1_401' title='bbox 1594 2874 1735 2942; x_wconf 87' lang='lat' dir='ltr'>Lug-</span> <span class='ocrx_word' id='word_1_402' title='bbox 1845 2874 1999 2928; x_wconf 82' lang='lat' dir='ltr'>Petri</span> <span class='ocrx_word' id='word_1_403' title='bbox 2035 2875 2236 2930; x_wconf 82' lang='lat' dir='ltr'>ﬁdeles</span> <span class='ocrx_word' id='word_1_404' title='bbox 2262 2875 2313 2929; x_wconf 94' lang='lat' dir='ltr'>in</span> <span class='ocrx_word' id='word_1_405' title='bbox 2338 2875 2459 2929; x_wconf 81' lang='lat' dir='ltr'>haec</span> <span class='ocrx_word' id='word_1_406' title='bbox 2493 2874 2666 2928; x_wconf 90' lang='lat' dir='ltr'>verba</span> <span class='ocrx_word' id='word_1_407' title='bbox 2695 2892 2707 2926; x_wconf 86' lang='lat'>:</span> 
     </span>
    </p>
   </div>
   <div class='ocr_carea' id='block_1_32' title="bbox 115 2951 3488 3035">
    <p class='ocr_par' dir='ltr' id='par_1_32' title="bbox 115 2951 3488 3035">
     <span class='ocr_line' id='line_1_32' title="bbox 115 2951 3488 3035; baseline 0.002 -30"><span class='ocrx_word' id='word_1_408' title='bbox 115 2951 354 3013; x_wconf 89' lang='lat' dir='ltr'>duuensis</span> <span class='ocrx_word' id='word_1_409' title='bbox 391 2957 828 3028; x_wconf 83' lang='lat' dir='ltr'>archiepiscopi</span> <span class='ocrx_word' id='word_1_410' title='bbox 872 2958 1284 3029; x_wconf 88' lang='lat' dir='ltr'>obedientiam,</span> <span class='ocrx_word' id='word_1_411' title='bbox 1329 2976 1458 3016; x_wconf 91' lang='lat' dir='ltr'>cum</span> <span class='ocrx_word' id='word_1_412' title='bbox 1504 2962 1736 3017; x_wconf 89' lang='lat' dir='ltr'>benedi-</span> <span class='ocrx_word' id='word_1_413' title='bbox 1920 2984 1947 3013; x_wconf 89' lang='lat'><strong><em>«</em></strong></span> <span class='ocrx_word' id='word_1_414' title='bbox 1992 2965 2305 3033; x_wconf 84' lang='lat' dir='ltr'>Gregorius</span> <span class='ocrx_word' id='word_1_415' title='bbox 2353 2965 2501 3035; x_wconf 76' lang='grc'>(169)</span> <span class='ocrx_word' id='word_1_416' title='bbox 2544 2962 2880 3032; x_wconf 90' lang='lat' dir='ltr'>episcopus,</span> <span class='ocrx_word' id='word_1_417' title='bbox 2934 2973 3138 3015; x_wconf 89' lang='lat' dir='ltr'>servus</span> <span class='ocrx_word' id='word_1_418' title='bbox 3186 2970 3488 3013; x_wconf 89' lang='lat' dir='ltr'>servorum</span> 
     </span>
    </p>
   </div>
   <div class='ocr_carea' id='block_1_33' title="bbox 114 3043 3488 3122">
    <p class='ocr_par' dir='ltr' id='par_1_33' title="bbox 114 3043 3488 3122">
     <span class='ocr_line' id='line_1_33' title="bbox 114 3043 3488 3122; baseline 0.001 -27"><span class='ocrx_word' id='word_1_419' title='bbox 114 3043 277 3099; x_wconf 88' lang='lat' dir='ltr'>ctione</span> <span class='ocrx_word' id='word_1_420' title='bbox 306 3047 629 3117; x_wconf 86' lang='lat' dir='ltr'>apostolica</span> <span class='ocrx_word' id='word_1_421' title='bbox 666 3046 987 3102; x_wconf 88' lang='lat' dir='ltr'>beatissimi</span> <span class='ocrx_word' id='word_1_422' title='bbox 1021 3049 1204 3118; x_wconf 88' lang='lat' dir='ltr'>patris</span> <span class='ocrx_word' id='word_1_423' title='bbox 1236 3050 1422 3104; x_wconf 90' lang='lat' dir='ltr'>nostri</span> <span class='ocrx_word' id='word_1_424' title='bbox 1456 3052 1515 3105; x_wconf 88' lang='lat' dir='ltr'>G.</span> <span class='ocrx_word' id='word_1_425' title='bbox 1553 3052 1736 3106; x_wconf 90' lang='lat' dir='ltr'>omni-</span> <span class='ocrx_word' id='word_1_426' title='bbox 1849 3053 1965 3121; x_wconf 89' lang='lat' dir='ltr'>Dei,</span> <span class='ocrx_word' id='word_1_427' title='bbox 2002 3054 2270 3109; x_wconf 89' lang='lat' dir='ltr'>omnibus</span> <span class='ocrx_word' id='word_1_428' title='bbox 2300 3050 2773 3122; x_wconf 77' lang='lat' dir='ltr'>archiepiscopis,</span> <span class='ocrx_word' id='word_1_429' title='bbox 2809 3046 3119 3120; x_wconf 90' lang='lat' dir='ltr'>episcopis,</span> <span class='ocrx_word' id='word_1_430' title='bbox 3156 3043 3488 3113; x_wconf 85' lang='lat' dir='ltr'>abbatibus,</span> 
     </span>
    </p>
   </div>
   <div class='ocr_carea' id='block_1_34' title="bbox 116 3130 3493 3207">
    <p class='ocr_par' dir='ltr' id='par_1_34' title="bbox 116 3130 3493 3207">
     <span class='ocr_line' id='line_1_34' title="bbox 116 3130 3493 3207; baseline 0.001 -23"><span class='ocrx_word' id='word_1_431' title='bbox 116 3130 256 3188; x_wconf 88' lang='lat' dir='ltr'>uibus</span> <span class='ocrx_word' id='word_1_432' title='bbox 285 3134 700 3206; x_wconf 89' lang='lat' dir='ltr'>iniquitatibus</span> <span class='ocrx_word' id='word_1_433' title='bbox 729 3137 1005 3206; x_wconf 86' lang='lat' dir='ltr'>majorem</span> <span class='ocrx_word' id='word_1_434' title='bbox 1037 3151 1190 3206; x_wconf 89' lang='lat' dir='ltr'>esse,</span> <span class='ocrx_word' id='word_1_435' title='bbox 1216 3145 1275 3192; x_wconf 89' lang='lat' dir='ltr'>et</span> <span class='ocrx_word' id='word_1_436' title='bbox 1302 3153 1407 3193; x_wconf 91' lang='lat' dir='ltr'>non</span> <span class='ocrx_word' id='word_1_437' title='bbox 1445 3140 1629 3195; x_wconf 91' lang='lat' dir='ltr'>solum</span> <span class='ocrx_word' id='word_1_438' title='bbox 1664 3142 1732 3196; x_wconf 90' lang='lat' dir='ltr'>ad</span> <span class='ocrx_word' id='word_1_439' title='bbox 1768 3182 1813 3207; x_wconf 62' lang='grc' dir='ltr'>η</span> <span class='ocrx_word' id='word_1_440' title='bbox 1846 3140 2109 3207; x_wconf 84' lang='lat' dir='ltr'>ducibus,</span> <span class='ocrx_word' id='word_1_441' title='bbox 2134 3138 2918 3205; x_wconf 87' lang='lat' dir='ltr'>marcbiouibus,comitibus</span> <span class='ocrx_word' id='word_1_442' title='bbox 2940 3135 3322 3204; x_wconf 82' lang='lat' dir='ltr'>omnibusque</span> <span class='ocrx_word' id='word_1_443' title='bbox 3341 3132 3493 3189; x_wconf 87' lang='lat' dir='ltr'>chri-</span> 
     </span>
    </p>
   </div>
   <div class='ocr_carea' id='block_1_35' title="bbox 116 3219 3493 3297">
    <p class='ocr_par' dir='ltr' id='par_1_35' title="bbox 116 3219 3493 3297">
     <span class='ocr_line' id='line_1_35' title="bbox 116 3219 3493 3297; baseline 0.001 -24"><span class='ocrx_word' id='word_1_444' title='bbox 116 3219 483 3291; x_wconf 83' lang='lat' dir='ltr'>detergendam</span> <span class='ocrx_word' id='word_1_445' title='bbox 507 3239 744 3280; x_wconf 89' lang='lat' dir='ltr'>omnem</span> <span class='ocrx_word' id='word_1_446' title='bbox 774 3224 1053 3280; x_wconf 89' lang='lat' dir='ltr'>maculam</span> <span class='ocrx_word' id='word_1_447' title='bbox 1080 3225 1405 3296; x_wconf 88' lang='lat' dir='ltr'>iniquarum</span> <span class='ocrx_word' id='word_1_448' title='bbox 1429 3228 1737 3297; x_wconf 86' lang='lat' dir='ltr'>cogitatio-</span> <span class='ocrx_word' id='word_1_449' title='bbox 1768 3219 1815 3244; x_wconf 64' lang='grc' dir='ltr'>υ</span> <span class='ocrx_word' id='word_1_450' title='bbox 1848 3232 2091 3287; x_wconf 91' lang='lat' dir='ltr'>stianam</span> <span class='ocrx_word' id='word_1_451' title='bbox 2117 3237 2174 3286; x_wconf 88' lang='lat' dir='ltr'>et</span> <span class='ocrx_word' id='word_1_452' title='bbox 2202 3230 2352 3287; x_wconf 89' lang='lat' dir='ltr'>beati</span> <span class='ocrx_word' id='word_1_453' title='bbox 2376 3229 2533 3285; x_wconf 80' lang='lat' dir='ltr'>Petri</span> <span class='ocrx_word' id='word_1_454' title='bbox 2560 3229 2726 3284; x_wconf 87' lang='lat' dir='ltr'>Iidem</span> <span class='ocrx_word' id='word_1_455' title='bbox 2751 3231 2806 3283; x_wconf 88' lang='lat' dir='ltr'>et</span> <span class='ocrx_word' id='word_1_456' title='bbox 2833 3225 3157 3281; x_wconf 88' lang='lat' dir='ltr'>doctrinam</span> <span class='ocrx_word' id='word_1_457' title='bbox 3180 3221 3493 3278; x_wconf 90' lang='lat' dir='ltr'>defenden-</span> 
     </span>
    </p>
   </div>
   <div class='ocr_carea' id='block_1_36' title="bbox 117 3309 3495 3386">
    <p class='ocr_par' dir='ltr' id='par_1_36' title="bbox 117 3309 3495 3386">
     <span class='ocr_line' id='line_1_36' title="bbox 117 3309 3495 3386; baseline 0 -22"><span class='ocrx_word' id='word_1_458' title='bbox 117 3322 245 3380; x_wconf 85' lang='lat' dir='ltr'>Ium,</span> <span class='ocrx_word' id='word_1_459' title='bbox 274 3325 463 3369; x_wconf 86' lang='lat' dir='ltr'>verum</span> <span class='ocrx_word' id='word_1_460' title='bbox 495 3312 681 3368; x_wconf 88' lang='lat' dir='ltr'>etiam</span> <span class='ocrx_word' id='word_1_461' title='bbox 706 3312 776 3367; x_wconf 88' lang='lat' dir='ltr'>ad</span> <span class='ocrx_word' id='word_1_462' title='bbox 802 3312 1242 3382; x_wconf 87' lang='lat' dir='ltr'>promerendam</span> <span class='ocrx_word' id='word_1_463' title='bbox 1276 3315 1534 3385; x_wconf 90' lang='lat' dir='ltr'>requiem</span> <span class='ocrx_word' id='word_1_464' title='bbox 1567 3323 1736 3373; x_wconf 65' lang='lat' dir='ltr'>reter-</span> <span class='ocrx_word' id='word_1_465' title='bbox 1846 3321 2002 3376; x_wconf 86' lang='lat' dir='ltr'>tibus</span> <span class='ocrx_word' id='word_1_466' title='bbox 2036 3327 2091 3375; x_wconf 89' lang='lat' dir='ltr'>et</span> <span class='ocrx_word' id='word_1_467' title='bbox 2122 3319 2599 3386; x_wconf 88' lang='lat' dir='ltr'>observantibus,</span> <span class='ocrx_word' id='word_1_468' title='bbox 2645 3317 2699 3371; x_wconf 91' lang='lat' dir='ltr'>in</span> <span class='ocrx_word' id='word_1_469' title='bbox 2739 3316 2890 3371; x_wconf 92' lang='lat' dir='ltr'>omni</span> <span class='ocrx_word' id='word_1_470' title='bbox 2933 3328 3109 3383; x_wconf 87' lang='lat' dir='ltr'>regno</span> <span class='ocrx_word' id='word_1_471' title='bbox 3146 3309 3495 3367; x_wconf 88' lang='lat' dir='ltr'>Theuthoni-</span> 
     </span>
    </p>
   </div>
   <div class='ocr_carea' id='block_1_37' title="bbox 118 3398 3491 3476">
    <p class='ocr_par' dir='ltr' id='par_1_37' title="bbox 118 3398 3491 3476">
     <span class='ocr_line' id='line_1_37' title="bbox 118 3398 3491 3476; baseline 0.001 -27"><span class='ocrx_word' id='word_1_472' title='bbox 118 3411 220 3452; x_wconf 85' lang='lat' dir='ltr'>nam</span> <span class='ocrx_word' id='word_1_473' title='bbox 246 3415 404 3469; x_wconf 88' lang='lat' dir='ltr'>posse</span> <span class='ocrx_word' id='word_1_474' title='bbox 426 3401 721 3467; x_wconf 77' lang='lat' dir='ltr'>sufﬁcere,</span> <span class='ocrx_word' id='word_1_475' title='bbox 750 3400 860 3455; x_wconf 91' lang='lat' dir='ltr'>nisi</span> <span class='ocrx_word' id='word_1_476' title='bbox 887 3404 950 3457; x_wconf 88' lang='lat' dir='ltr'>tu</span> <span class='ocrx_word' id='word_1_477' title='bbox 971 3417 1084 3457; x_wconf 91' lang='lat' dir='ltr'>non</span> <span class='ocrx_word' id='word_1_478' title='bbox 1109 3402 1405 3459; x_wconf 88' lang='lat' dir='ltr'>credendo</span> <span class='ocrx_word' id='word_1_479' title='bbox 1438 3404 1733 3473; x_wconf 86' lang='lat' dir='ltr'>indignum</span> <span class='ocrx_word' id='word_1_480' title='bbox 1843 3424 2041 3465; x_wconf 91' lang='lat' dir='ltr'>eorum</span> <span class='ocrx_word' id='word_1_481' title='bbox 2074 3408 2498 3473; x_wconf 86' lang='lat' dir='ltr'>habitantibus,</span> <span class='ocrx_word' id='word_1_482' title='bbox 2527 3406 2773 3461; x_wconf 88' lang='lat' dir='ltr'>salutem</span> <span class='ocrx_word' id='word_1_483' title='bbox 2798 3410 2857 3460; x_wconf 90' lang='lat' dir='ltr'>et</span> <span class='ocrx_word' id='word_1_484' title='bbox 2881 3418 2984 3476; x_wconf 89' lang='lat' dir='ltr'>per</span> <span class='ocrx_word' id='word_1_485' title='bbox 3008 3404 3310 3457; x_wconf 88' lang='lat' dir='ltr'>beatorum</span> <span class='ocrx_word' id='word_1_486' title='bbox 3333 3398 3491 3454; x_wconf 89' lang='lat' dir='ltr'>Petri</span> 
     </span>
    </p>
   </div>
   <div class='ocr_carea' id='block_1_38' title="bbox 118 3485 3499 3563">
    <p class='ocr_par' dir='ltr' id='par_1_38' title="bbox 118 3485 3499 3563">
     <span class='ocr_line' id='line_1_38' title="bbox 118 3485 3499 3563; baseline 0.001 -25"><span class='ocrx_word' id='word_1_487' title='bbox 118 3485 360 3559; x_wconf 82' lang='lat' dir='ltr'>rﬂicercs,</span> <span class='ocrx_word' id='word_1_488' title='bbox 381 3494 437 3546; x_wconf 89' lang='lat' dir='ltr'>et</span> <span class='ocrx_word' id='word_1_489' title='bbox 457 3489 717 3559; x_wconf 85' lang='lat' dir='ltr'>gratiam</span> <span class='ocrx_word' id='word_1_490' title='bbox 740 3490 839 3545; x_wconf 90' lang='lat' dir='ltr'>Dei</span> <span class='ocrx_word' id='word_1_491' title='bbox 865 3490 919 3545; x_wconf 92' lang='lat' dir='ltr'>in</span> <span class='ocrx_word' id='word_1_492' title='bbox 944 3506 1187 3547; x_wconf 88' lang='lat' dir='ltr'>vacuum</span> <span class='ocrx_word' id='word_1_493' title='bbox 1215 3493 1527 3562; x_wconf 86' lang='lat' dir='ltr'>reciperes.</span> <span class='ocrx_word' id='word_1_494' title='bbox 1557 3496 1735 3551; x_wconf 86' lang='lat' dir='ltr'>Omne</span> <span class='ocrx_word' id='word_1_495' title='bbox 1844 3502 1901 3552; x_wconf 89' lang='lat' dir='ltr'>et</span> <span class='ocrx_word' id='word_1_496' title='bbox 1934 3497 2095 3553; x_wconf 86' lang='lat' dir='ltr'>Pauli</span> <span class='ocrx_word' id='word_1_497' title='bbox 2131 3497 2604 3552; x_wconf 80' lang='lat' dir='ltr'>benedictionem</span> <span class='ocrx_word' id='word_1_498' title='bbox 2635 3494 2885 3550; x_wconf 91' lang='lat' dir='ltr'>omnium</span> <span class='ocrx_word' id='word_1_499' title='bbox 2923 3494 3296 3563; x_wconf 88' lang='lat' dir='ltr'>peccatorum</span> <span class='ocrx_word' id='word_1_500' title='bbox 3329 3488 3499 3544; x_wconf 89' lang='lat' dir='ltr'>abso-</span> 
     </span>
    </p>
   </div>
   <div class='ocr_carea' id='block_1_39' title="bbox 118 3574 3495 3656">
    <p class='ocr_par' dir='ltr' id='par_1_39' title="bbox 118 3574 3495 3656">
     <span class='ocr_line' id='line_1_39' title="bbox 118 3574 3495 3656; baseline 0.001 -29"><span class='ocrx_word' id='word_1_501' title='bbox 118 3576 240 3630; x_wconf 76' lang='lat' dir='ltr'>enim</span> <span class='ocrx_word' id='word_1_502' title='bbox 269 3578 411 3647; x_wconf 90' lang='lat' dir='ltr'>quod</span> <span class='ocrx_word' id='word_1_503' title='bbox 443 3594 561 3634; x_wconf 89' lang='lat' dir='ltr'>non</span> <span class='ocrx_word' id='word_1_504' title='bbox 594 3582 688 3633; x_wconf 88' lang='lat' dir='ltr'>est</span> <span class='ocrx_word' id='word_1_505' title='bbox 717 3594 790 3633; x_wconf 79' lang='lat' dir='ltr'>ex</span> <span class='ocrx_word' id='word_1_506' title='bbox 823 3577 953 3647; x_wconf 81' lang='lat' dir='ltr'>fide,</span> <span class='ocrx_word' id='word_1_507' title='bbox 988 3585 1284 3650; x_wconf 88' lang='lat' dir='ltr'>peccatum</span> <span class='ocrx_word' id='word_1_508' title='bbox 1314 3584 1430 3650; x_wconf 88' lang='lat' dir='ltr'>est,</span> <span class='ocrx_word' id='word_1_509' title='bbox 1468 3582 1548 3637; x_wconf 88' lang='lat' dir='ltr'>ita</span> <span class='ocrx_word' id='word_1_510' title='bbox 1583 3588 1643 3637; x_wconf 90' lang='lat' dir='ltr'>ut</span> <span class='ocrx_word' id='word_1_511' title='bbox 1678 3584 1732 3639; x_wconf 91' lang='lat' dir='ltr'>in</span> <span class='ocrx_word' id='word_1_512' title='bbox 1845 3584 2145 3641; x_wconf 85' lang='lat' dir='ltr'>lationem.</span> <span class='ocrx_word' id='word_1_513' title='bbox 2171 3588 2288 3654; x_wconf 85' lang='lat' dir='ltr'>Ego</span> <span class='ocrx_word' id='word_1_514' title='bbox 2318 3585 2758 3656; x_wconf 86' lang='lat' dir='ltr'>qualiscumque</span> <span class='ocrx_word' id='word_1_515' title='bbox 2788 3580 3066 3639; x_wconf 86' lang='lat' dir='ltr'>sacerdos</span> <span class='ocrx_word' id='word_1_516' title='bbox 3094 3574 3495 3651; x_wconf 87' lang='lat' dir='ltr'>apostolorum</span> 
     </span>
    </p>
   </div>
   <div class='ocr_carea' id='block_1_40' title="bbox 119 3661 3007 3744">
    <p class='ocr_par' dir='ltr' id='par_1_40' title="bbox 119 3661 3007 3744">
     <span class='ocr_line' id='line_1_40' title="bbox 119 3661 3007 3744; baseline 0.006 -29"><span class='ocrx_word' id='word_1_517' title='bbox 119 3661 192 3718; x_wconf 84' lang='lat' dir='ltr'>bis</span> <span class='ocrx_word' id='word_1_518' title='bbox 214 3665 369 3721; x_wconf 88' lang='lat' dir='ltr'>etiam</span> <span class='ocrx_word' id='word_1_519' title='bbox 392 3667 487 3738; x_wconf 86' lang='lat' dir='ltr'>qui</span> <span class='ocrx_word' id='word_1_520' title='bbox 509 3665 756 3722; x_wconf 88' lang='lat' dir='ltr'>tradere</span> <span class='ocrx_word' id='word_1_521' title='bbox 789 3667 1063 3722; x_wconf 87' lang='lat' dir='ltr'>videntur</span> <span class='ocrx_word' id='word_1_522' title='bbox 1092 3683 1337 3739; x_wconf 89' lang='lat' dir='ltr'>corpora</span> <span class='ocrx_word' id='word_1_523' title='bbox 1362 3685 1463 3725; x_wconf 89' lang='lat' dir='ltr'>sua</span> <span class='ocrx_word' id='word_1_524' title='bbox 1493 3676 1735 3741; x_wconf 89' lang='lat' dir='ltr'>propter</span> <span class='ocrx_word' id='word_1_525' title='bbox 1846 3674 2146 3744; x_wconf 89' lang='lat' dir='ltr'>principis,</span> <span class='ocrx_word' id='word_1_526' title='bbox 2186 3697 2208 3722; x_wconf 75' lang='grc' dir='ltr'>ι»</span> <span class='ocrx_word' id='word_1_527' title='bbox 2243 3679 2355 3729; x_wconf 89' lang='lat' dir='ltr'>etc.</span> <span class='ocrx_word' id='word_1_528' title='bbox 3002 3667 3007 3673; x_wconf 76' lang='grc'><em>’</em></span> 
     </span>
    </p>
   </div>
   <div class='ocr_carea' id='block_1_41' title="bbox 122 3750 3493 3831">
    <p class='ocr_par' dir='ltr' id='par_1_41' title="bbox 122 3750 3493 3831">
     <span class='ocr_line' id='line_1_41' title="bbox 122 3750 3493 3831; baseline 0.001 -28"><span class='ocrx_word' id='word_1_529' title='bbox 122 3750 264 3809; x_wconf 86' lang='lat' dir='ltr'>Deum</span> <span class='ocrx_word' id='word_1_530' title='bbox 290 3754 356 3809; x_wconf 91' lang='lat' dir='ltr'>ad</span> <span class='ocrx_word' id='word_1_531' title='bbox 384 3754 702 3827; x_wconf 89' lang='lat' dir='ltr'>supplicia,</span> <span class='ocrx_word' id='word_1_532' title='bbox 748 3769 902 3810; x_wconf 92' lang='lat' dir='ltr'>mors</span> <span class='ocrx_word' id='word_1_533' title='bbox 941 3759 1243 3827; x_wconf 85' lang='lat' dir='ltr'>operetur,</span> <span class='ocrx_word' id='word_1_534' title='bbox 1279 3772 1388 3813; x_wconf 91' lang='lat' dir='ltr'>non</span> <span class='ocrx_word' id='word_1_535' title='bbox 1437 3759 1576 3827; x_wconf 90' lang='lat' dir='ltr'>vita,</span> <span class='ocrx_word' id='word_1_536' title='bbox 1621 3775 1733 3816; x_wconf 87' lang='lat' dir='ltr'>vnn</span> <span class='ocrx_word' id='word_1_537' title='bbox 1916 3762 2124 3831; x_wconf 83' lang='lat'>(1076.)</span> <span class='ocrx_word' id='word_1_538' title='bbox 2160 3761 2362 3817; x_wconf 84' lang='lat' dir='ltr'>Plures</span> <span class='ocrx_word' id='word_1_539' title='bbox 2395 3762 2592 3831; x_wconf 89' lang='lat' dir='ltr'>itaque</span> <span class='ocrx_word' id='word_1_540' title='bbox 2626 3759 2879 3827; x_wconf 87' lang='lat' dir='ltr'>illorum,</span> <span class='ocrx_word' id='word_1_541' title='bbox 2917 3772 3063 3828; x_wconf 91' lang='lat' dir='ltr'>quos</span> <span class='ocrx_word' id='word_1_542' title='bbox 3094 3756 3147 3810; x_wconf 91' lang='lat' dir='ltr'>in</span> <span class='ocrx_word' id='word_1_543' title='bbox 3181 3752 3493 3825; x_wconf 90' lang='lat' dir='ltr'>apostolici</span> 
     </span>
    </p>
   </div>
   <div class='ocr_carea' id='block_1_42' title="bbox 121 3840 3498 3922">
    <p class='ocr_par' dir='ltr' id='par_1_42' title="bbox 121 3840 3498 3922">
     <span class='ocr_line' id='line_1_42' title="bbox 121 3840 3498 3922; baseline 0 -26"><span class='ocrx_word' id='word_1_544' title='bbox 121 3852 178 3893; x_wconf 72' lang='lat' dir='ltr'>ex</span> <span class='ocrx_word' id='word_1_545' title='bbox 208 3856 295 3898; x_wconf 86' lang='lat' dir='ltr'>sua</span> <span class='ocrx_word' id='word_1_546' title='bbox 337 3844 657 3901; x_wconf 70' lang='lat' dir='ltr'>difﬁdentia</span> <span class='ocrx_word' id='word_1_547' title='bbox 711 3844 1134 3914; x_wconf 89' lang='lat' dir='ltr'>quodammodo</span> <span class='ocrx_word' id='word_1_548' title='bbox 1184 3846 1569 3917; x_wconf 91' lang='lat' dir='ltr'>omnipotenti</span> <span class='ocrx_word' id='word_1_549' title='bbox 1619 3850 1734 3904; x_wconf 92' lang='lat' dir='ltr'>Deo</span> <span class='ocrx_word' id='word_1_550' title='bbox 1846 3851 2209 3922; x_wconf 87' lang='lat' dir='ltr'>depositione</span> <span class='ocrx_word' id='word_1_551' title='bbox 2239 3850 2567 3921; x_wconf 87' lang='lat' dir='ltr'>desipuisse</span> <span class='ocrx_word' id='word_1_552' title='bbox 2592 3847 2863 3916; x_wconf 79' lang='lat' dir='ltr'>diximus,</span> <span class='ocrx_word' id='word_1_553' title='bbox 2885 3844 3117 3914; x_wconf 85' lang='lat' dir='ltr'>cognito</span> <span class='ocrx_word' id='word_1_554' title='bbox 3147 3847 3389 3914; x_wconf 88' lang='lat' dir='ltr'>peccato</span> <span class='ocrx_word' id='word_1_555' title='bbox 3413 3840 3498 3895; x_wconf 90' lang='lat' dir='ltr'>in-</span> 
     </span>
    </p>
   </div>
   <div class='ocr_carea' id='block_1_43' title="bbox 122 3926 3493 4009">
    <p class='ocr_par' dir='ltr' id='par_1_43' title="bbox 122 3926 3493 4009">
     <span class='ocr_line' id='line_1_43' title="bbox 122 3926 3493 4009; baseline 0.002 -32"><span class='ocrx_word' id='word_1_556' title='bbox 122 3926 478 3989; x_wconf 84' lang='lat' dir='ltr'>difﬂcultatem</span> <span class='ocrx_word' id='word_1_557' title='bbox 523 3932 869 4004; x_wconf 84' lang='lat' dir='ltr'>perﬁciendi</span> <span class='ocrx_word' id='word_1_558' title='bbox 903 3933 1150 4004; x_wconf 85' lang='lat' dir='ltr'>ingerat,</span> <span class='ocrx_word' id='word_1_559' title='bbox 1187 3935 1283 4004; x_wconf 92' lang='lat' dir='ltr'>qui</span> <span class='ocrx_word' id='word_1_560' title='bbox 1315 3950 1512 3991; x_wconf 90' lang='lat' dir='ltr'>omnes</span> <span class='ocrx_word' id='word_1_561' title='bbox 1542 3937 1737 3993; x_wconf 87' lang='lat' dir='ltr'>salvos</span> <span class='ocrx_word' id='word_1_562' title='bbox 1845 3940 2213 4005; x_wconf 75' lang='lat' dir='ltr'>obcdientize,</span> <span class='ocrx_word' id='word_1_563' title='bbox 2258 3938 2575 4009; x_wconf 87' lang='lat' dir='ltr'>peuitentia</span> <span class='ocrx_word' id='word_1_564' title='bbox 2610 3935 2791 4003; x_wconf 90' lang='lat' dir='ltr'>ducti,</span> <span class='ocrx_word' id='word_1_565' title='bbox 2823 3934 2891 3989; x_wconf 90' lang='lat' dir='ltr'>ad</span> <span class='ocrx_word' id='word_1_566' title='bbox 2928 3936 3102 3989; x_wconf 90' lang='lat' dir='ltr'>Deum</span> <span class='ocrx_word' id='word_1_567' title='bbox 3134 3936 3268 4003; x_wconf 89' lang='lat' dir='ltr'>post</span> <span class='ocrx_word' id='word_1_568' title='bbox 3298 3934 3493 3985; x_wconf 90' lang='lat' dir='ltr'>errata</span> 
     </span>
    </p>
   </div>
   <div class='ocr_carea' id='block_1_44' title="bbox 124 4014 3495 4098">
    <p class='ocr_par' dir='ltr' id='par_1_44' title="bbox 124 4014 3495 4098">
     <span class='ocr_line' id='line_1_44' title="bbox 124 4014 3495 4098; baseline 0.002 -32"><span class='ocrx_word' id='word_1_569' title='bbox 124 4014 222 4072; x_wconf 79' lang='lat' dir='ltr'>fieri</span> <span class='ocrx_word' id='word_1_570' title='bbox 248 4020 555 4091; x_wconf 84' lang='lat' dir='ltr'>desiderat,</span> <span class='ocrx_word' id='word_1_571' title='bbox 581 4021 738 4078; x_wconf 88' lang='lat' dir='ltr'>sicut</span> <span class='ocrx_word' id='word_1_572' title='bbox 759 4021 885 4092; x_wconf 90' lang='lat' dir='ltr'>ipse</span> <span class='ocrx_word' id='word_1_573' title='bbox 910 4021 962 4076; x_wconf 92' lang='lat' dir='ltr'>in</span> <span class='ocrx_word' id='word_1_574' title='bbox 988 4022 1298 4091; x_wconf 78' lang='lat' dir='ltr'>Evangelio</span> <span class='ocrx_word' id='word_1_575' title='bbox 1327 4024 1468 4080; x_wconf 90' lang='lat' dir='ltr'>dicit</span> <span class='ocrx_word' id='word_1_576' title='bbox 1495 4044 1506 4077; x_wconf 91' lang='lat'>:</span> <span class='ocrx_word' id='word_1_577' title='bbox 1545 4047 1570 4073; x_wconf 77' lang='grc' dir='ltr'>(ι</span> <span class='ocrx_word' id='word_1_578' title='bbox 1593 4026 1737 4082; x_wconf 91' lang='lat' dir='ltr'>Cali-</span> <span class='ocrx_word' id='word_1_579' title='bbox 1848 4029 2066 4085; x_wconf 85' lang='lat' dir='ltr'>reversi</span> <span class='ocrx_word' id='word_1_580' title='bbox 2092 4033 2246 4098; x_wconf 91' lang='lat' dir='ltr'>sunt,</span> <span class='ocrx_word' id='word_1_581' title='bbox 2285 4028 2545 4082; x_wconf 88' lang='lat' dir='ltr'>levantes</span> <span class='ocrx_word' id='word_1_582' title='bbox 2568 4026 2637 4081; x_wconf 91' lang='lat' dir='ltr'>ad</span> <span class='ocrx_word' id='word_1_583' title='bbox 2664 4027 2839 4080; x_wconf 88' lang='lat' dir='ltr'>Deum</span> <span class='ocrx_word' id='word_1_584' title='bbox 2866 4022 3068 4079; x_wconf 88' lang='lat' dir='ltr'>faciem</span> <span class='ocrx_word' id='word_1_585' title='bbox 3090 4019 3306 4089; x_wconf 90' lang='lat' dir='ltr'>cordis,</span> <span class='ocrx_word' id='word_1_586' title='bbox 3329 4033 3358 4074; x_wconf 90' lang='lat' dir='ltr'>a</span> <span class='ocrx_word' id='word_1_587' title='bbox 3380 4033 3495 4088; x_wconf 92' lang='lat' dir='ltr'>quo</span> 
     </span>
    </p>
   </div>
   <div class='ocr_carea' id='block_1_45' title="bbox 122 4109 3495 4184">
    <p class='ocr_par' dir='ltr' id='par_1_45' title="bbox 122 4109 3495 4184">
     <span class='ocr_line' id='line_1_45' title="bbox 122 4109 3495 4184; baseline 0.001 -25"><span class='ocrx_word' id='word_1_588' title='bbox 122 4119 221 4160; x_wconf 82' lang='lat' dir='ltr'>cem</span> <span class='ocrx_word' id='word_1_589' title='bbox 240 4124 409 4167; x_wconf 89' lang='lat' dir='ltr'>meum</span> <span class='ocrx_word' id='word_1_590' title='bbox 432 4110 675 4179; x_wconf 88' lang='lat' dir='ltr'>bibetis,</span> <span class='ocrx_word' id='word_1_591' title='bbox 694 4110 901 4166; x_wconf 90' lang='lat' dir='ltr'>sedere</span> <span class='ocrx_word' id='word_1_592' title='bbox 920 4114 1114 4166; x_wconf 89' lang='lat' dir='ltr'>autem</span> <span class='ocrx_word' id='word_1_593' title='bbox 1135 4112 1202 4167; x_wconf 92' lang='lat' dir='ltr'>ad</span> <span class='ocrx_word' id='word_1_594' title='bbox 1225 4112 1526 4169; x_wconf 84' lang='lat' dir='ltr'>dexteram</span> <span class='ocrx_word' id='word_1_595' title='bbox 1552 4130 1734 4170; x_wconf 91' lang='lat' dir='ltr'>meam</span> <span class='ocrx_word' id='word_1_596' title='bbox 1847 4121 2219 4174; x_wconf 88' lang='lat' dir='ltr'>recesserant</span> <span class='ocrx_word' id='word_1_597' title='bbox 2249 4114 2667 4172; x_wconf 91' lang='lat' dir='ltr'>consentiendo</span> <span class='ocrx_word' id='word_1_598' title='bbox 2700 4111 3015 4184; x_wconf 88' lang='lat' dir='ltr'>iniquitati.</span> <span class='ocrx_word' id='word_1_599' title='bbox 3046 4109 3405 4181; x_wconf 81' lang='lat' dir='ltr'>Replebatur</span> <span class='ocrx_word' id='word_1_600' title='bbox 3427 4122 3495 4163; x_wconf 88' lang='lat' dir='ltr'>os</span> 
     </span>
    </p>
   </div>
   <div class='ocr_carea' id='block_1_46' title="bbox 125 4193 3496 4272">
    <p class='ocr_par' dir='ltr' id='par_1_46' title="bbox 125 4193 3496 4272">
     <span class='ocr_line' id='line_1_46' title="bbox 125 4193 3496 4272; baseline 0.001 -26"><span class='ocrx_word' id='word_1_601' title='bbox 125 4193 196 4247; x_wconf 73' lang='lat' dir='ltr'>vel</span> <span class='ocrx_word' id='word_1_602' title='bbox 222 4195 284 4251; x_wconf 91' lang='lat' dir='ltr'>ad</span> <span class='ocrx_word' id='word_1_603' title='bbox 313 4198 630 4267; x_wconf 87' lang='lat' dir='ltr'>sinistram,</span> <span class='ocrx_word' id='word_1_604' title='bbox 668 4212 780 4254; x_wconf 92' lang='lat' dir='ltr'>nou</span> <span class='ocrx_word' id='word_1_605' title='bbox 820 4203 908 4254; x_wconf 91' lang='lat' dir='ltr'>est</span> <span class='ocrx_word' id='word_1_606' title='bbox 943 4213 1127 4255; x_wconf 90' lang='lat' dir='ltr'>meum</span> <span class='ocrx_word' id='word_1_607' title='bbox 1161 4199 1300 4256; x_wconf 90' lang='lat' dir='ltr'>dare</span> <span class='ocrx_word' id='word_1_608' title='bbox 1328 4202 1517 4257; x_wconf 83' lang='lat' dir='ltr'>vobis.</span> <span class='ocrx_word' id='word_1_609' title='bbox 1553 4224 1579 4253; x_wconf 76' lang='grc' dir='ltr'>ι)</span> <span class='ocrx_word' id='word_1_610' title='bbox 1615 4204 1736 4259; x_wconf 91' lang='lat' dir='ltr'>Tibi</span> <span class='ocrx_word' id='word_1_611' title='bbox 1847 4221 2049 4262; x_wconf 90' lang='lat' dir='ltr'>eorum</span> <span class='ocrx_word' id='word_1_612' title='bbox 2094 4203 2614 4272; x_wconf 87' lang='lat' dir='ltr'>increpationibus,</span> <span class='ocrx_word' id='word_1_613' title='bbox 2657 4204 2714 4257; x_wconf 87' lang='lat' dir='ltr'>et</span> <span class='ocrx_word' id='word_1_614' title='bbox 2756 4201 2889 4257; x_wconf 89' lang='lat' dir='ltr'>dum</span> <span class='ocrx_word' id='word_1_615' title='bbox 2930 4203 3134 4256; x_wconf 89' lang='lat' dir='ltr'>contra</span> <span class='ocrx_word' id='word_1_616' title='bbox 3175 4212 3238 4253; x_wconf 90' lang='lat' dir='ltr'>se</span> <span class='ocrx_word' id='word_1_617' title='bbox 3280 4193 3496 4252; x_wconf 90' lang='lat' dir='ltr'>subtile</span> 
     </span>
    </p>
   </div>
   <div class='ocr_carea' id='block_1_47' title="bbox 126 4280 3500 4363">
    <p class='ocr_par' dir='ltr' id='par_1_47' title="bbox 126 4280 3500 4363">
     <span class='ocr_line' id='line_1_47' title="bbox 126 4280 3500 4363; baseline 0.001 -26"><span class='ocrx_word' id='word_1_618' title='bbox 126 4280 285 4354; x_wconf 86' lang='lat' dir='ltr'>itaque</span> <span class='ocrx_word' id='word_1_619' title='bbox 313 4287 631 4356; x_wconf 89' lang='lat' dir='ltr'>obedienti,</span> <span class='ocrx_word' id='word_1_620' title='bbox 662 4287 767 4342; x_wconf 88' lang='lat' dir='ltr'>tibi</span> <span class='ocrx_word' id='word_1_621' title='bbox 793 4287 1037 4343; x_wconf 80' lang='lat' dir='ltr'>firmiter</span> <span class='ocrx_word' id='word_1_622' title='bbox 1069 4289 1353 4359; x_wconf 88' lang='lat' dir='ltr'>credenti,</span> <span class='ocrx_word' id='word_1_623' title='bbox 1382 4290 1485 4345; x_wconf 88' lang='lat' dir='ltr'>tibi</span> <span class='ocrx_word' id='word_1_624' title='bbox 1512 4306 1736 4347; x_wconf 89' lang='lat' dir='ltr'>omnem</span> <span class='ocrx_word' id='word_1_625' title='bbox 1843 4293 2164 4363; x_wconf 88' lang='lat' dir='ltr'>judicautis</span> <span class='ocrx_word' id='word_1_626' title='bbox 2214 4292 2311 4348; x_wconf 90' lang='lat' dir='ltr'>Dei</span> <span class='ocrx_word' id='word_1_627' title='bbox 2368 4305 2608 4347; x_wconf 79' lang='lat' dir='ltr'>examen</span> <span class='ocrx_word' id='word_1_628' title='bbox 2669 4288 3233 4361; x_wconf 88' lang='lat' dir='ltr'>eontemplabantur,</span> <span class='ocrx_word' id='word_1_629' title='bbox 3294 4282 3500 4355; x_wconf 90' lang='lat' dir='ltr'>culpas</span> 
     </span>
    </p>
   </div>
   <div class='ocr_carea' id='block_1_48' title="bbox 126 4370 3499 4451">
    <p class='ocr_par' dir='ltr' id='par_1_48' title="bbox 126 4370 3499 4451">
     <span class='ocr_line' id='line_1_48' title="bbox 126 4370 3499 4451; baseline 0.001 -28"><span class='ocrx_word' id='word_1_630' title='bbox 126 4383 257 4439; x_wconf 85' lang='lat' dir='ltr'>spem</span> <span class='ocrx_word' id='word_1_631' title='bbox 295 4382 441 4431; x_wconf 87' lang='lat' dir='ltr'>tuam</span> <span class='ocrx_word' id='word_1_632' title='bbox 483 4376 542 4432; x_wconf 92' lang='lat' dir='ltr'>in</span> <span class='ocrx_word' id='word_1_633' title='bbox 586 4375 810 4430; x_wconf 86' lang='lat' dir='ltr'>virtute</span> <span class='ocrx_word' id='word_1_634' title='bbox 852 4380 1069 4433; x_wconf 66' lang='lat' dir='ltr'>sanctae</span> <span class='ocrx_word' id='word_1_635' title='bbox 1110 4376 1380 4434; x_wconf 66' lang='lat' dir='ltr'>ecclesiae</span> <span class='ocrx_word' id='word_1_636' title='bbox 1425 4377 1736 4434; x_wconf 88' lang='lat' dir='ltr'>collocanti</span> <span class='ocrx_word' id='word_1_637' title='bbox 1852 4397 1988 4438; x_wconf 89' lang='lat' dir='ltr'>suas</span> <span class='ocrx_word' id='word_1_638' title='bbox 2021 4382 2294 4438; x_wconf 89' lang='lat' dir='ltr'>lamentis</span> <span class='ocrx_word' id='word_1_639' title='bbox 2336 4380 2814 4451; x_wconf 87' lang='lat' dir='ltr'>insequebantur,</span> <span class='ocrx_word' id='word_1_640' title='bbox 2851 4391 3030 4447; x_wconf 88' lang='lat' dir='ltr'>seque</span> <span class='ocrx_word' id='word_1_641' title='bbox 3069 4372 3382 4446; x_wconf 89' lang='lat' dir='ltr'>penitendo</span> <span class='ocrx_word' id='word_1_642' title='bbox 3415 4370 3499 4426; x_wconf 90' lang='lat' dir='ltr'>iu-</span> 
     </span>
    </p>
   </div>
   <div class='ocr_carea' id='block_1_49' title="bbox 128 4460 3500 4542">
    <p class='ocr_par' dir='ltr' id='par_1_49' title="bbox 128 4460 3500 4542">
     <span class='ocr_line' id='line_1_49' title="bbox 128 4460 3500 4542; baseline 0 -27"><span class='ocrx_word' id='word_1_643' title='bbox 128 4463 367 4528; x_wconf 86' lang='lat' dir='ltr'>promissa</span> <span class='ocrx_word' id='word_1_644' title='bbox 408 4472 501 4522; x_wconf 88' lang='lat' dir='ltr'>est</span> <span class='ocrx_word' id='word_1_645' title='bbox 547 4464 739 4534; x_wconf 87' lang='lat' dir='ltr'>venia,</span> <span class='ocrx_word' id='word_1_646' title='bbox 783 4463 888 4519; x_wconf 91' lang='lat' dir='ltr'>tibi</span> <span class='ocrx_word' id='word_1_647' title='bbox 931 4480 1068 4522; x_wconf 90' lang='lat' dir='ltr'>vero</span> <span class='ocrx_word' id='word_1_648' title='bbox 1116 4465 1269 4522; x_wconf 90' lang='lat' dir='ltr'>aliud</span> <span class='ocrx_word' id='word_1_649' title='bbox 1320 4469 1535 4538; x_wconf 82' lang='lat' dir='ltr'>agenti,</span> <span class='ocrx_word' id='word_1_650' title='bbox 1581 4469 1736 4525; x_wconf 87' lang='lat' dir='ltr'>aliud</span> <span class='ocrx_word' id='word_1_651' title='bbox 1772 4536 1809 4542; x_wconf 40' lang='lat' dir='ltr'><strong>ﬁ</strong></span> <span class='ocrx_word' id='word_1_652' title='bbox 1850 4472 2168 4542; x_wconf 88' lang='lat' dir='ltr'>erepabant</span> <span class='ocrx_word' id='word_1_653' title='bbox 2193 4471 2395 4541; x_wconf 90' lang='lat' dir='ltr'>quales</span> <span class='ocrx_word' id='word_1_654' title='bbox 2420 4471 2670 4537; x_wconf 88' lang='lat' dir='ltr'>fuerant,</span> <span class='ocrx_word' id='word_1_655' title='bbox 2698 4460 3500 4537; x_wconf 70' lang='lat' dir='ltr'>amat-asepenitentizeinve-</span> 
     </span>
    </p>
   </div>
   <div class='ocr_carea' id='block_1_50' title="bbox 126 4536 3496 4629">
    <p class='ocr_par' dir='ltr' id='par_1_50' title="bbox 126 4536 3496 4629">
     <span class='ocr_line' id='line_1_50' title="bbox 126 4536 3496 4629; baseline -0.001 -24"><span class='ocrx_word' id='word_1_656' title='bbox 126 4548 399 4627; x_wconf 84' lang='lat' dir='ltr'>simulanti,</span> <span class='ocrx_word' id='word_1_657' title='bbox 426 4552 966 4623; x_wconf 82' lang='lat' dir='ltr'>nullarclinquitur</span> <span class='ocrx_word' id='word_1_658' title='bbox 996 4554 1227 4625; x_wconf 83' lang='lat' dir='ltr'>fiducia,</span> <span class='ocrx_word' id='word_1_659' title='bbox 1256 4554 1302 4610; x_wconf 90' lang='lat' dir='ltr'>si</span> <span class='ocrx_word' id='word_1_660' title='bbox 1326 4536 1543 4626; x_wconf 86' lang='lat' dir='ltr'>corpus</span> <span class='ocrx_word' id='word_1_661' title='bbox 1577 4561 1736 4613; x_wconf 88' lang='lat' dir='ltr'>tuum</span> <span class='ocrx_word' id='word_1_662' title='bbox 1768 4536 1818 4595; x_wconf 82' lang='lat' dir='ltr'><strong>D</strong></span> <span class='ocrx_word' id='word_1_663' title='bbox 1850 4536 2047 4616; x_wconf 79' lang='lat' dir='ltr'>ctione</span> <span class='ocrx_word' id='word_1_664' title='bbox 2079 4536 2522 4629; x_wconf 78' lang='lat' dir='ltr'>persequentes.</span> <span class='ocrx_word' id='word_1_665' title='bbox 2559 4556 2885 4613; x_wconf 89' lang='lat' dir='ltr'>Penitentis</span> <span class='ocrx_word' id='word_1_666' title='bbox 2907 4536 3057 4609; x_wconf 86' lang='lat' dir='ltr'>enim</span> <span class='ocrx_word' id='word_1_667' title='bbox 3080 4554 3173 4608; x_wconf 88' lang='lat' dir='ltr'>est</span> <span class='ocrx_word' id='word_1_668' title='bbox 3193 4547 3496 4620; x_wconf 91' lang='lat' dir='ltr'>proprium</span> 
     </span>
    </p>
   </div>
   <div class='ocr_carea' id='block_1_51' title="bbox 128 4638 3501 4719">
    <p class='ocr_par' dir='ltr' id='par_1_51' title="bbox 128 4638 3501 4719">
     <span class='ocr_line' id='line_1_51' title="bbox 128 4638 3501 4719; baseline 0 -31"><span class='ocrx_word' id='word_1_669' title='bbox 128 4638 401 4699; x_wconf 85' lang='lat' dir='ltr'>tradideris</span> <span class='ocrx_word' id='word_1_670' title='bbox 424 4644 500 4699; x_wconf 90' lang='lat' dir='ltr'>ita</span> <span class='ocrx_word' id='word_1_671' title='bbox 538 4647 602 4699; x_wconf 89' lang='lat' dir='ltr'>ut</span> <span class='ocrx_word' id='word_1_672' title='bbox 628 4640 851 4698; x_wconf 89' lang='lat' dir='ltr'>ardeat.</span> <span class='ocrx_word' id='word_1_673' title='bbox 889 4642 1011 4699; x_wconf 90' lang='lat' dir='ltr'>Scis</span> <span class='ocrx_word' id='word_1_674' title='bbox 1045 4643 1176 4715; x_wconf 91' lang='lat' dir='ltr'>quia</span> <span class='ocrx_word' id='word_1_675' title='bbox 1207 4644 1507 4701; x_wconf 88' lang='lat' dir='ltr'>multoties</span> <span class='ocrx_word' id='word_1_676' title='bbox 1538 4646 1589 4701; x_wconf 91' lang='lat' dir='ltr'>in</span> <span class='ocrx_word' id='word_1_677' title='bbox 1627 4646 1736 4702; x_wconf 88' lang='lat' dir='ltr'>fide</span> <span class='ocrx_word' id='word_1_678' title='bbox 1854 4653 1987 4705; x_wconf 90' lang='lat' dir='ltr'>tunc</span> <span class='ocrx_word' id='word_1_679' title='bbox 2007 4649 2213 4719; x_wconf 82' lang='lat' dir='ltr'>culpas</span> <span class='ocrx_word' id='word_1_680' title='bbox 2236 4648 2535 4719; x_wconf 82' lang='lat' dir='ltr'>plangere,</span> <span class='ocrx_word' id='word_1_681' title='bbox 2562 4662 2691 4702; x_wconf 90' lang='lat' dir='ltr'>cum</span> <span class='ocrx_word' id='word_1_682' title='bbox 2715 4645 2854 4715; x_wconf 88' lang='lat' dir='ltr'>quid</span> <span class='ocrx_word' id='word_1_683' title='bbox 2876 4643 3058 4712; x_wconf 86' lang='lat' dir='ltr'>egerit</span> <span class='ocrx_word' id='word_1_684' title='bbox 3084 4638 3326 4707; x_wconf 85' lang='lat' dir='ltr'>coeperit</span> <span class='ocrx_word' id='word_1_685' title='bbox 3363 4650 3501 4707; x_wconf 87' lang='lat' dir='ltr'>pen-</span> 
     </span>
    </p>
   </div>
   <div class='ocr_carea' id='block_1_52' title="bbox 129 4724 3500 4807">
    <p class='ocr_par' dir='ltr' id='par_1_52' title="bbox 129 4724 3500 4807">
     <span class='ocr_line' id='line_1_52' title="bbox 129 4724 3500 4807; baseline 0 -30"><span class='ocrx_word' id='word_1_686' title='bbox 129 4739 229 4782; x_wconf 84' lang='lat' dir='ltr'>mea</span> <span class='ocrx_word' id='word_1_687' title='bbox 261 4733 315 4784; x_wconf 88' lang='lat' dir='ltr'>te</span> <span class='ocrx_word' id='word_1_688' title='bbox 352 4730 609 4802; x_wconf 88' lang='lat' dir='ltr'>suscepi,</span> <span class='ocrx_word' id='word_1_689' title='bbox 654 4729 761 4785; x_wconf 87' lang='lat' dir='ltr'>hac</span> <span class='ocrx_word' id='word_1_690' title='bbox 802 4734 990 4785; x_wconf 90' lang='lat' dir='ltr'>tamen</span> <span class='ocrx_word' id='word_1_691' title='bbox 1030 4731 1389 4801; x_wconf 89' lang='lat' dir='ltr'>condicione,</span> <span class='ocrx_word' id='word_1_692' title='bbox 1437 4737 1496 4789; x_wconf 90' lang='lat' dir='ltr'>ut</span> <span class='ocrx_word' id='word_1_693' title='bbox 1539 4749 1736 4790; x_wconf 83' lang='lat' dir='ltr'>curam</span> <span class='ocrx_word' id='word_1_694' title='bbox 1850 4752 1999 4807; x_wconf 88' lang='lat' dir='ltr'>sare,</span> <span class='ocrx_word' id='word_1_695' title='bbox 2024 4742 2080 4792; x_wconf 91' lang='lat' dir='ltr'>et</span> <span class='ocrx_word' id='word_1_696' title='bbox 2118 4742 2255 4794; x_wconf 91' lang='lat' dir='ltr'>tunc</span> <span class='ocrx_word' id='word_1_697' title='bbox 2286 4735 2565 4793; x_wconf 89' lang='lat' dir='ltr'>subtilius</span> <span class='ocrx_word' id='word_1_698' title='bbox 2597 4748 2862 4804; x_wconf 87' lang='lat' dir='ltr'>pensare,</span> <span class='ocrx_word' id='word_1_699' title='bbox 2897 4746 3027 4787; x_wconf 88' lang='lat' dir='ltr'>eum</span> <span class='ocrx_word' id='word_1_700' title='bbox 3059 4724 3372 4785; x_wconf 88' lang='lat' dir='ltr'>sollicitius</span> <span class='ocrx_word' id='word_1_701' title='bbox 3403 4738 3500 4778; x_wconf 89' lang='lat' dir='ltr'>ce-</span> 
     </span>
    </p>
   </div>
   <div class='ocr_carea' id='block_1_53' title="bbox 130 4812 3500 4896">
    <p class='ocr_par' dir='ltr' id='par_1_53' title="bbox 130 4812 3500 4896">
     <span class='ocr_line' id='line_1_53' title="bbox 130 4812 3500 4896; baseline -0.001 -23"><span class='ocrx_word' id='word_1_702' title='bbox 130 4816 388 4885; x_wconf 78' lang='lat' dir='ltr'>regimiuis</span> <span class='ocrx_word' id='word_1_703' title='bbox 436 4820 545 4876; x_wconf 88' lang='lat' dir='ltr'>tibi</span> <span class='ocrx_word' id='word_1_704' title='bbox 593 4818 911 4889; x_wconf 71' lang='lat' dir='ltr'>iniunctam</span> <span class='ocrx_word' id='word_1_705' title='bbox 958 4834 1087 4875; x_wconf 89' lang='lat' dir='ltr'>eum</span> <span class='ocrx_word' id='word_1_706' title='bbox 1140 4821 1293 4876; x_wconf 90' lang='lat' dir='ltr'>omni</span> <span class='ocrx_word' id='word_1_707' title='bbox 1346 4820 1736 4879; x_wconf 90' lang='lat' dir='ltr'>sollicitudine</span> <span class='ocrx_word' id='word_1_708' title='bbox 1850 4826 2003 4895; x_wconf 87' lang='lat' dir='ltr'>perit</span> <span class='ocrx_word' id='word_1_709' title='bbox 2049 4825 2343 4896; x_wconf 85' lang='lat' dir='ltr'>plangere.</span> <span class='ocrx_word' id='word_1_710' title='bbox 2402 4824 2485 4879; x_wconf 88' lang='lat' dir='ltr'>IIii</span> <span class='ocrx_word' id='word_1_711' title='bbox 2535 4836 2677 4890; x_wconf 81' lang='lat' dir='ltr'>ergo</span> <span class='ocrx_word' id='word_1_712' title='bbox 2726 4818 3093 4876; x_wconf 85' lang='lat' dir='ltr'>absolutione</span> <span class='ocrx_word' id='word_1_713' title='bbox 3144 4812 3389 4885; x_wconf 62' lang='lat' dir='ltr'>quaesita</span> <span class='ocrx_word' id='word_1_714' title='bbox 3437 4816 3500 4866; x_wconf 89' lang='lat' dir='ltr'>et</span> 
     </span>
    </p>
   </div>
   <div class='ocr_carea' id='block_1_54' title="bbox 130 4901 3501 4983">
    <p class='ocr_par' dir='ltr' id='par_1_54' title="bbox 130 4901 3501 4983">
     <span class='ocr_line' id='line_1_54' title="bbox 130 4901 3501 4983; baseline 0 -29"><span class='ocrx_word' id='word_1_715' title='bbox 130 4903 379 4976; x_wconf 80' lang='lat' dir='ltr'>exiberes,</span> <span class='ocrx_word' id='word_1_716' title='bbox 420 4923 526 4966; x_wconf 88' lang='lat' dir='ltr'>nec</span> <span class='ocrx_word' id='word_1_717' title='bbox 569 4906 821 4964; x_wconf 89' lang='lat' dir='ltr'>ulterius</span> <span class='ocrx_word' id='word_1_718' title='bbox 862 4906 1064 4965; x_wconf 64' lang='lat' dir='ltr'>animae</span> <span class='ocrx_word' id='word_1_719' title='bbox 1110 4911 1247 4975; x_wconf 66' lang='lat' dir='ltr'>ture,</span> <span class='ocrx_word' id='word_1_720' title='bbox 1292 4911 1442 4967; x_wconf 86' lang='lat' dir='ltr'>sicut</span> <span class='ocrx_word' id='word_1_721' title='bbox 1488 4916 1549 4965; x_wconf 91' lang='lat' dir='ltr'>tu</span> <span class='ocrx_word' id='word_1_722' title='bbox 1591 4911 1737 4967; x_wconf 83' lang='lat' dir='ltr'>male</span> <span class='ocrx_word' id='word_1_723' title='bbox 1848 4916 2107 4983; x_wconf 87' lang='lat' dir='ltr'>obtenta,</span> <span class='ocrx_word' id='word_1_724' title='bbox 2132 4914 2438 4970; x_wconf 89' lang='lat' dir='ltr'>consilium</span> <span class='ocrx_word' id='word_1_725' title='bbox 2462 4911 2746 4967; x_wconf 87' lang='lat' dir='ltr'>dederunt</span> <span class='ocrx_word' id='word_1_726' title='bbox 2773 4909 2913 4979; x_wconf 86' lang='lat' dir='ltr'>regi,</span> <span class='ocrx_word' id='word_1_727' title='bbox 2939 4915 2998 4965; x_wconf 91' lang='lat' dir='ltr'>ut</span> <span class='ocrx_word' id='word_1_728' title='bbox 3022 4906 3172 4962; x_wconf 89' lang='lat' dir='ltr'>sicut</span> <span class='ocrx_word' id='word_1_729' title='bbox 3197 4901 3306 4974; x_wconf 91' lang='lat' dir='ltr'>ipsi</span> <span class='ocrx_word' id='word_1_730' title='bbox 3330 4906 3501 4956; x_wconf 88' lang='lat' dir='ltr'>erant</span> 
     </span>
    </p>
   </div>
   <div class='ocr_carea' id='block_1_55' title="bbox 129 4988 3500 5073">
    <p class='ocr_par' dir='ltr' id='par_1_55' title="bbox 129 4988 3500 5073">
     <span class='ocr_line' id='line_1_55' title="bbox 129 4988 3500 5073; baseline -0 -30"><span class='ocrx_word' id='word_1_731' title='bbox 129 4992 391 5061; x_wconf 76' lang='lat' dir='ltr'>credebas,</span> <span class='ocrx_word' id='word_1_732' title='bbox 432 4994 765 5053; x_wconf 88' lang='lat' dir='ltr'>custodiam</span> <span class='ocrx_word' id='word_1_733' title='bbox 802 4997 1091 5053; x_wconf 88' lang='lat' dir='ltr'>commissi</span> <span class='ocrx_word' id='word_1_734' title='bbox 1126 4997 1231 5053; x_wconf 90' lang='lat' dir='ltr'>tibi</span> <span class='ocrx_word' id='word_1_735' title='bbox 1261 4999 1459 5068; x_wconf 84' lang='lat' dir='ltr'>gregis</span> <span class='ocrx_word' id='word_1_736' title='bbox 1490 5000 1740 5057; x_wconf 90' lang='lat' dir='ltr'>necessi-</span> <span class='ocrx_word' id='word_1_737' title='bbox 1851 5002 2128 5071; x_wconf 88' lang='lat' dir='ltr'>absoluti,</span> <span class='ocrx_word' id='word_1_738' title='bbox 2152 5002 2225 5057; x_wconf 90' lang='lat' dir='ltr'>ita</span> <span class='ocrx_word' id='word_1_739' title='bbox 2243 5003 2440 5073; x_wconf 91' lang='lat' dir='ltr'>etipse</span> <span class='ocrx_word' id='word_1_740' title='bbox 2464 4998 2724 5057; x_wconf 88' lang='lat' dir='ltr'>studeret</span> <span class='ocrx_word' id='word_1_741' title='bbox 2747 4997 2970 5054; x_wconf 90' lang='lat' dir='ltr'>absolvi</span> <span class='ocrx_word' id='word_1_742' title='bbox 2991 4992 3241 5051; x_wconf 89' lang='lat' dir='ltr'>vinculis</span> <span class='ocrx_word' id='word_1_743' title='bbox 3264 4988 3500 5045; x_wconf 86' lang='lat' dir='ltr'>anathe-</span> 
     </span>
    </p>
   </div>
   <div class='ocr_carea' id='block_1_56' title="bbox 131 5080 3503 5161">
    <p class='ocr_par' dir='ltr' id='par_1_56' title="bbox 131 5080 3503 5161">
     <span class='ocr_line' id='line_1_56' title="bbox 131 5080 3503 5161; baseline 0 -30"><span class='ocrx_word' id='word_1_744' title='bbox 131 5080 320 5140; x_wconf 86' lang='lat' dir='ltr'>tatibus</span> <span class='ocrx_word' id='word_1_745' title='bbox 364 5098 766 5156; x_wconf 71' lang='lat' dir='ltr'>praeponeres;</span> <span class='ocrx_word' id='word_1_746' title='bbox 818 5099 925 5140; x_wconf 91' lang='lat' dir='ltr'>non</span> <span class='ocrx_word' id='word_1_747' title='bbox 974 5100 1102 5157; x_wconf 69' lang='lat' dir='ltr'>quas</span> <span class='ocrx_word' id='word_1_748' title='bbox 1136 5090 1234 5143; x_wconf 90' lang='lat' dir='ltr'>tua</span> <span class='ocrx_word' id='word_1_749' title='bbox 1268 5093 1423 5157; x_wconf 91' lang='lat' dir='ltr'>sunt,</span> <span class='ocrx_word' id='word_1_750' title='bbox 1460 5089 1563 5144; x_wconf 90' lang='lat' dir='ltr'>sed</span> <span class='ocrx_word' id='word_1_751' title='bbox 1611 5105 1739 5159; x_wconf 70' lang='lat' dir='ltr'>qum</span> <span class='ocrx_word' id='word_1_752' title='bbox 1852 5092 2052 5153; x_wconf 88' lang='lat' dir='ltr'>matis;</span> <span class='ocrx_word' id='word_1_753' title='bbox 2086 5090 2446 5161; x_wconf 88' lang='lat' dir='ltr'>adjicieutes,</span> <span class='ocrx_word' id='word_1_754' title='bbox 2481 5087 2611 5159; x_wconf 87' lang='lat' dir='ltr'>quia</span> <span class='ocrx_word' id='word_1_755' title='bbox 2646 5088 2689 5143; x_wconf 92' lang='lat' dir='ltr'>si</span> <span class='ocrx_word' id='word_1_756' title='bbox 2716 5102 2901 5144; x_wconf 89' lang='lat' dir='ltr'>annus</span> <span class='ocrx_word' id='word_1_757' title='bbox 2932 5084 3308 5143; x_wconf 76' lang='lat' dir='ltr'>clauderetur</span> <span class='ocrx_word' id='word_1_758' title='bbox 3338 5080 3503 5134; x_wconf 88' lang='lat' dir='ltr'>ante-</span> 
     </span>
    </p>
   </div>
   <div class='ocr_carea' id='block_1_57' title="bbox 130 5166 3496 5252">
    <p class='ocr_par' dir='ltr' id='par_1_57' title="bbox 130 5166 3496 5252">
     <span class='ocr_line' id='line_1_57' title="bbox 130 5166 3496 5252; baseline 0.001 -34"><span class='ocrx_word' id='word_1_759' title='bbox 130 5166 339 5226; x_wconf 82' lang='lat' dir='ltr'>aliorum</span> <span class='ocrx_word' id='word_1_760' title='bbox 381 5173 738 5230; x_wconf 86' lang='lat' dir='ltr'>attenderes.</span> <span class='ocrx_word' id='word_1_761' title='bbox 784 5173 891 5228; x_wconf 89' lang='lat' dir='ltr'>Sed</span> <span class='ocrx_word' id='word_1_762' title='bbox 935 5178 991 5230; x_wconf 91' lang='lat' dir='ltr'>ut</span> <span class='ocrx_word' id='word_1_763' title='bbox 1026 5175 1214 5245; x_wconf 89' lang='lat' dir='ltr'>video,</span> <span class='ocrx_word' id='word_1_764' title='bbox 1256 5176 1415 5232; x_wconf 89' lang='lat' dir='ltr'>nulla</span> <span class='ocrx_word' id='word_1_765' title='bbox 1455 5178 1680 5234; x_wconf 89' lang='lat' dir='ltr'>ratione</span> <span class='ocrx_word' id='word_1_766' title='bbox 1710 5195 1737 5235; x_wconf 89' lang='lat' dir='ltr'>a</span> <span class='ocrx_word' id='word_1_767' title='bbox 1854 5176 2855 5252; x_wconf 84' lang='lat' dir='ltr'>quamabsolveretur,omnieorum</span> <span class='ocrx_word' id='word_1_768' title='bbox 2879 5174 3121 5233; x_wconf 91' lang='lat' dir='ltr'>servitio</span> <span class='ocrx_word' id='word_1_769' title='bbox 3143 5170 3496 5242; x_wconf 88' lang='lat' dir='ltr'>privaretur,</span> 
     </span>
    </p>
   </div>
   <div class='ocr_carea' id='block_1_58' title="bbox 1454 5303 3459 5363">
    <p class='ocr_par' dir='ltr' id='par_1_58' title="bbox 1454 5303 3459 5363">
     <span class='ocr_line' id='line_1_58' title="bbox 1454 5303 3459 5363; baseline 0.003 -6"><span class='ocrx_word' id='word_1_770' title='bbox 1454 5303 1691 5360; x_wconf 65' lang='grc' dir='ltr'>νΑΙίῐίΕ</span> <span class='ocrx_word' id='word_1_771' title='bbox 1732 5306 2025 5363; x_wconf 83' lang='lat' dir='ltr'>LECTION</span> <span class='ocrx_word' id='word_1_772' title='bbox 2032 5307 2130 5361; x_wconf 88' lang='lat' dir='ltr'>ES.</span> <span class='ocrx_word' id='word_1_773' title='bbox 3440 5320 3459 5343; x_wconf 73' lang='grc'>³·</span> 
     </span>
    </p>
   </div>
   <div class='ocr_carea' id='block_1_59' title="bbox 190 5388 788 5468">
    <p class='ocr_par' dir='ltr' id='par_1_59' title="bbox 190 5388 788 5468">
     <span class='ocr_line' id='line_1_59' title="bbox 190 5388 788 5468; baseline 0.005 -21"><span class='ocrx_word' id='word_1_774' title='bbox 190 5388 248 5421; x_wconf 80' lang='grc'>⁸⁰³</span> <span class='ocrx_word' id='word_1_775' title='bbox 275 5393 532 5466; x_wconf 88' lang='lat' dir='ltr'>Suscepit</span> <span class='ocrx_word' id='word_1_776' title='bbox 561 5396 788 5468; x_wconf 68' lang='lat' dir='ltr'>supple.</span> 
     </span>
    </p>
   </div>
   <div class='ocr_carea' id='block_1_60' title="bbox 130 5489 1902 5546">
    <p class='ocr_par' dir='ltr' id='par_1_60' title="bbox 130 5489 1902 5546">
     <span class='ocr_line' id='line_1_60' title="bbox 130 5489 1902 5546; baseline 0 -1"><span class='ocrx_word' id='word_1_777' title='bbox 130 5538 133 5545; x_wconf 89' lang='lat'>.</span> <span class='ocrx_word' id='word_1_778' title='bbox 810 5492 817 5499; x_wconf 88' lang='grc'><strong>’</strong></span> <span class='ocrx_word' id='word_1_779' title='bbox 1681 5489 1902 5546; x_wconf 77' lang='grc' dir='ltr'>ΝΟΤιΕ.</span> 
     </span>
    </p>
   </div>
   <div class='ocr_carea' id='block_1_61' title="bbox 193 5564 601 5645">
    <p class='ocr_par' dir='ltr' id='par_1_61' title="bbox 193 5564 601 5645">
     <span class='ocr_line' id='line_1_61' title="bbox 193 5564 601 5645; baseline 0.007 -2"><span class='ocrx_word' id='word_1_780' title='bbox 193 5564 324 5645; x_wconf 63' lang='lat' dir='ltr'>(re)</span> <span class='ocrx_word' id='word_1_781' title='bbox 352 5571 601 5645; x_wconf 66' lang='grc' dir='ltr'>ιῖιιείηει.</span> 
     </span>
    </p>
   </div>
   <div class='ocr_carea' id='block_1_62' title="bbox 194 5640 1732 5722">
    <p class='ocr_par' dir='ltr' id='par_1_62' title="bbox 194 5640 1732 5716">
     <span class='ocr_line' id='line_1_62' title="bbox 194 5640 1732 5716; baseline 0.008 -25"><span class='ocrx_word' id='word_1_782' title='bbox 194 5640 325 5709; x_wconf 76' lang='grc'>(169)</span> <span class='ocrx_word' id='word_1_783' title='bbox 365 5640 592 5712; x_wconf 87' lang='lat' dir='ltr'>Legitur</span> <span class='ocrx_word' id='word_1_784' title='bbox 626 5646 687 5697; x_wconf 89' lang='lat' dir='ltr'>et</span> <span class='ocrx_word' id='word_1_785' title='bbox 717 5641 770 5697; x_wconf 89' lang='lat' dir='ltr'>in</span> <span class='ocrx_word' id='word_1_786' title='bbox 803 5644 1207 5703; x_wconf 87' lang='lat' dir='ltr'>Beruriedensi</span> <span class='ocrx_word' id='word_1_787' title='bbox 1241 5661 1292 5701; x_wconf 92' lang='lat' dir='ltr'>c.</span> <span class='ocrx_word' id='word_1_788' title='bbox 1326 5651 1414 5716; x_wconf 88' lang='lat'>83,</span> <span class='ocrx_word' id='word_1_789' title='bbox 1449 5653 1505 5704; x_wconf 90' lang='lat' dir='ltr'>et</span> <span class='ocrx_word' id='word_1_790' title='bbox 1542 5647 1598 5704; x_wconf 87' lang='lat' dir='ltr'>in</span> <span class='ocrx_word' id='word_1_791' title='bbox 1627 5649 1732 5706; x_wconf 90' lang='lat' dir='ltr'>cod</span> 
     </span>
    </p>
   </div>
   <div class='ocr_carea' id='block_1_63' title="bbox 1675 5640 3213 5722">
    <p class='ocr_par' dir='ltr' id='par_1_63' title="bbox 1675 5646 3213 5722">
     <span class='ocr_line' id='line_1_63' title="bbox 1675 5646 3213 5722; baseline -0.005 -16"><span class='ocrx_word' id='word_1_792' title='bbox 1675 5648 1830 5706; x_wconf 67' lang='lat' dir='ltr'>adice</span> <span class='ocrx_word' id='word_1_793' title='bbox 1863 5649 2119 5708; x_wconf 89' lang='lat' dir='ltr'>Udalrici</span> <span class='ocrx_word' id='word_1_794' title='bbox 2156 5652 2269 5703; x_wconf 74' lang='grc'>146.</span> <span class='ocrx_word' id='word_1_795' title='bbox 2309 5646 2694 5722; x_wconf 69' lang='grc' dir='ltr'>(Ραιγοιοθὶιε</span> <span class='ocrx_word' id='word_1_796' title='bbox 2725 5654 2858 5703; x_wconf 88' lang='lat' dir='ltr'>tom.</span> <span class='ocrx_word' id='word_1_797' title='bbox 2911 5646 3213 5713; x_wconf 84' lang='lat' dir='ltr'>CXLVIII.)</span> 
     </span>
    </p>
   </div>
  </div>
