3894 6342
127 359 249 421 321

1417 354 1915 423 CHRONICON.
1950 393 2031 407 —
2055 350 2210 423 LIB.
2256 360 2331 425 II.

3449 371 3566 435 322

130 502 369 552 teneret
428 496 625 553 saltim
681 515 783 568 per
833 496 1251 570 paenitentiam.
1289 498 1433 565 (Act.
1471 501 1654 567 conc.)
1698 497 1797 552 llic
1829 495 1883 554 A
1915 495 2248 567 siapublice
2268 498 3076 569 precidentes,quodomnino
3101 501 3334 557 veritati
3359 504 3565 559 adver-

124 587 337 655 itaque
353 590 562 642 contra
576 586 894 642 Rodulfum
918 586 1799 657 terliocongressus,postquam

126 675 431 745 persensit
461 690 527 729 se
556 676 715 744 quod
750 681 1089 747 speraverat
1127 689 1237 729 non
1290 690 1461 745 posse
1498 690 1797 745 peragere,

123 769 289 819 «tuos
315 764 634 835 episcopos
666 765 738 819 de
769 766 1182 820 consentaneis
1208 764 1349 833 suis,
1377 763 1797 819 Virdunensem

122 860 194 906 ut
226 852 744 921 Obseburgensem
768 852 836 885 ⁴⁰⁴
861 854 1093 909 Romam
1131 852 1290 908 misit
1321 854 1526 924 (1078),
1552 858 1613 907 et
1643 853 1801 907 dom-

122 956 269 995 num
304 955 515 1011 papam
548 940 600 994 in
639 940 863 1011 synodo
895 947 957 996 ut
1005 941 1056 996 ei
1092 940 1383 1009 justitiam
1439 942 1657 995 faceret
1696 955 1800 1010 per

122 1044 233 1084 eos
267 1029 504 1097 rogavit
528 1047 543 1093 ;
566 1029 724 1100 quod
757 1036 815 1084 et
846 1029 1042 1085 nuncii
1077 1029 1325 1100 ltodulii,
1353 1029 1448 1100 qui
1477 1032 1800 1099 praesentes

121 1117 405 1183 aderant,
434 1117 562 1172 fieri
597 1117 1002 1173 laudaverunt.
1031 1118 1172 1188 (Fel.
1202 1119 1349 1188 121.)
1382 1119 1673 1173 Statutum
1707 1122 1800 1172 est

123 1205 335 1276 itaque
370 1209 431 1261 in
459 1206 662 1261 eadem
692 1207 935 1277 synodo,
959 1206 1015 1261 in
1051 1207 1321 1278 partibus
1350 1206 1800 1262 ultramontanis

121 1294 258 1348 ﬁeri
292 1294 685 1365 colloquium,
722 1294 874 1352 sicut
904 1310 976 1351 ex
1015 1296 1213 1351 verbis
1257 1294 1452 1350 domni
1488 1310 1649 1367 papae
1684 1295 1799 1367 ple-

122 1384 267 1438 nius
298 1383 559 1453 quilibet
592 1388 785 1455 potest
819 1385 1127 1441 advertere
1162 1404 1173 1437 :

199 1493 228 1523 α
266 1472 599 1541 Gregorius
656 1474 986 1543 cpiscopus,
1049 1487 1257 1528 servus
1316 1488 1617 1528 servorum
1676 1473 1793 1539 Dei,

115 1560 629 1632 archiepiscopis,
647 1561 915 1632 ducibus,
935 1560 1321 1632 principibus,
1339 1562 1795 1632 marehionibus,

111 1649 530 1719 omnibusque
590 1649 906 1719 majoribus
960 1654 1135 1719 atque
1183 1650 1504 1705 minoribus
1535 1650 1588 1704 in
1618 1652 1799 1705 Theu-

111 1738 378 1794 thonico
405 1752 587 1807 regno
610 1737 971 1807 constitutis,
988 1739 1255 1809 exceptis
1283 1738 1372 1794 his
1395 1737 1491 1808 qui
1516 1739 1795 1794 canonica

108 1826 1057 1897 excommunicationetenentur,
1074 1826 1319 1883 salutem
1335 1833 1390 1881 et
1417 1826 1795 1897 apostolicam
1827 1849 1881 1908 Β

112 1914 636 1971 benedictionem.
664 1917 873 1971 Notum
903 1915 1073 1972 vobis
1106 1915 1230 1971 fieri
1262 1916 1549 1987 volumus,
1583 1916 1795 1970 fratres

124 2002 469 2072 Rarissimi,
507 2025 533 2049 ι
568 2007 684 2059 etc.
720 2004 886 2075 (175).

198 2090 354 2164 (F01.
398 2090 566 2164 121’.)
589 2092 743 2149 Misit
763 2093 940 2148 etiam
964 2108 1069 2164 pro
1100 2094 1208 2149 hoc
1242 2093 1483 2161 negocio
1515 2093 1797 2164 speciales

116 2181 371 2236 litteras
418 2181 748 2237 Trevirensi
784 2181 1245 2254 archiepiscopo,
1287 2197 1432 2252 quas
1478 2182 1571 2236 hic
1620 2182 1794 2236 etiam

114 2271 501 2325 subnectere
524 2284 638 2326 non
663 2271 915 2341 pigebit:
938 2295 963 2319 ει
988 2270 1304 2341 Gregorius
1326 2270 1797 2342 episcopus,ser-

116 2374 232 2414 vus
267 2373 588 2414 servorum
619 2360 743 2429 Dei,
772 2360 953 2415 Udoni
984 2359 1313 2416 Trevirensi
1341 2360 1623 2431 episcopo
1646 2358 1797 2414 salu-

118 2455 242 2502 tem
293 2452 357 2502 et
405 2446 783 2517 apostolicam
834 2447 1316 2504 benedictionem.
1355 2449 1575 2515 Quanta
1628 2446 1797 2503 nobis

115 2534 504 2605 sollicitudo,
540 2556 568 2587 ι)
606 2540 720 2593 etc.
756 2537 924 2607 (176).

192 2623 333 2679 Udo
370 2623 555 2693 igitur
584 2624 922 2680 Treviorum
955 2625 1437 2695 archiepiscopus
1469 2640 1578 2679 non
1612 2623 1795 2679 multo

119 2716 263 2782 post
300 2711 479 2768 beato
510 2711 621 2768 ﬁne
652 2713 894 2783 quievit,
928 2719 989 2769 et
1018 2713 1067 2769 si
1108 2713 1408 2783 negocium
1452 2711 1794 2783 apostolica

116 2800 453 2870 legationis
503 2800 898 2857 intermissum
949 2805 1062 2857 est.
1100 2801 1487 2867 Quamobrem
1547 2802 1793 2857 domnus

118 2904 278 2961 papa
316 2904 429 2960 pro
456 2888 568 2946 hoc
596 2889 798 2945 eodem
833 2890 1068 2959 negotio
1099 2891 1440 2961 exequendo
1472 2890 1618 2947 alios
1642 2890 1794 2959 lega-

115 2986 217 3035 tos
252 2979 505 3034 mittere
537 2978 766 3049 statuit,
802 2979 1067 3037 scribens
1113 2978 1385 3036 ﬁdelibus
1434 2979 1704 3036 omnibus
1738 2978 1792 3033 in

117 3068 232 3122 hec
272 3066 459 3122 verba
494 3069 641 3137 (177)
674 3086 686 3120 :

194 3159 399 3224 (1079,
437 3155 631 3224 Febr.)
665 3174 692 3205 «
727 3156 1040 3224 Gregorius
1067 3157 1403 3228 episcopus,
1432 3170 1640 3211 servus
1673 3170 1794 3211 ser-

117 3258 344 3300 vorum
402 3242 524 3312 Dei,
555 3243 822 3299 omnibus
869 3244 1346 3316 archiepiscopis,
1380 3244 1693 3316 episcopis,
1736 3243 1791 3297 in

116 3331 502 3388 Theutonico
527 3330 596 3364 ⁴⁰⁸
617 3344 797 3400 regno
819 3332 1317 3389 commorantibus
1348 3332 1436 3403 ⁴⁰⁶,
1471 3333 1520 3389 si
1551 3333 1793 3388 obedire

118 3419 462 3487 voluerint,
500 3419 746 3475 salutem
778 3424 836 3476 et
869 3420 1250 3492 apostolicam
1306 3420 1788 3476 benedictionem.

118 3509 427 3575 Quoniam
457 3522 529 3564 ex
560 3508 662 3564 lite
691 3515 748 3564 et
782 3510 1168 3581 dissensione,
1204 3531 1233 3563 »
1265 3514 1379 3566 etc.

192 3598 545 3655 Secundum
579 3612 719 3667 ergo
754 3598 921 3654 fidem
953 3598 1242 3655 dictorum
1270 3598 1430 3653 missi
1457 3604 1593 3653 sunt
1618 3598 1791 3665 legati

118 3704 148 3743 a
183 3688 390 3743 latere
438 3687 596 3742 sedis
646 3687 1005 3758 apostolicze,
1041 3686 1113 3743 de
1162 3688 1374 3757 quibus
1420 3701 1550 3741 cum
1602 3685 1794 3756 aliqua

117 3777 384 3832 sinistra
445 3775 831 3845 referrentur,
866 3776 1110 3831 domnus
1162 3790 1305 3846 papa
1350 3777 1455 3830 has
1504 3774 1590 3829 eis
1640 3773 1797 3829 misit

119 3864 377 3920 litteras
412 3863 563 3935 (178)
591 3865 665 3918 ab
697 3864 842 3919 urbe
871 3865 1066 3919 Roma.

193 3972 229 4004 α
269 3952 599 4021 Gregorius
628 3951 966 4024 episcopus,
994 3967 1203 4008 servus
1227 3965 1527 4007 servorum
1558 3951 1680 4019 Dei,
1714 3950 1797 4005 di-

119 4042 313 4098 lectis
348 4041 407 4095 in
443 4040 676 4096 Christo
735 4041 1018 4097 fratribus
1074 4045 1135 4097 et
1190 4039 1577 4111 coepiscopis,
1622 4041 1796 4094 Petro

122 4132 277 4188 Alba
289 4128 458 4185 nensi
476 4134 538 4184 et
559 4128 834 4185 Odelrico
853 4130 1202 4200 Pataviensi,
1221 4129 1471 4185 salutem
1485 4133 1542 4183 et
1567 4135 1798 4199 aposto-

122 4219 312 4275 licam
372 4218 857 4275 benedictionem.
911 4218 1054 4274 Sunt
1111 4218 1297 4289 multi,
1334 4217 1549 4287 quibus
1605 4220 1794 4273 tamen
1854 4274 1863 4285 ,

126 4323 245 4364 non
280 4306 610 4376 credimus,
643 4328 670 4356 η
707 4311 817 4362 etc.

198 4397 316 4452 His
346 4395 612 4465 acceptis
640 4396 879 4466 litteris,
917 4396 1050 4466 quia
1079 4396 1345 4466 corrupti
1396 4395 1737 4451 muneribus
1765 4410 1796 4450 a

127 4484 438 4541 sententia
454 4488 511 4538 et
532 4484 1151 4554 propositogravitatis
1171 4469 1511 4556 apostolica;
1532 4483 1798 4539 deviave-

1825 3203 1875 3266 C

1914 586 2177 655 sabatur,
2212 600 2518 656 episcopos
2568 601 2799 657 quoque
2838 588 3190 645 simoniacos
3218 590 3562 645 confirman-

1915 678 2021 735 tes,
2041 674 2136 743 qui
2155 674 2459 729 manifeste
2488 675 3386 734 lleinricianiscommunicabant
3402 698 3414 732 :
3432 694 3561 734 cum

1913 762 2114 816 fideles
2146 763 2227 817 rei
2261 764 2508 819 veritate
2542 763 2730 819 minus
2763 764 3022 835 inspecta
3060 780 3088 821 a
3118 767 3258 821 sede
3288 768 3395 822 hoc
3428 782 3563 837 apo-

1910 849 2114 905 stolica
2148 851 2225 906 ita
2266 852 2631 922 processisse
2680 853 2991 908 crederent
3021 858 3081 908 et
3110 853 3469 923 dubitarent,
3503 862 3558 911 et

1910 952 2103 994 sermo
2133 939 2506 995 titubationis
2538 940 2773 996 illorum
2807 941 2877 996 ad
2925 957 3098 997 aures
3148 944 3334 1013 patris
3378 945 3559 999 nostri

1912 1028 2183 1098 venisset,
2220 1029 2449 1085 litteras
2476 1030 2561 1085 eis
2596 1030 2769 1099 misit,
2798 1032 2857 1085 in
2892 1032 3105 1101 quibus
3133 1039 3188 1087 et
3225 1034 3380 1102 quod
3411 1033 3558 1090 male

1911 1121 2102 1172 actum
2164 1118 2348 1173 fuerat
2408 1119 2804 1189 reprehendit,
2857 1134 3089 1189 quoque
3141 1136 3203 1175 sc
3251 1121 3558 1190 ignorante

1912 1204 2124 1261 factum
2157 1211 2316 1262 esset
2347 1206 2603 1276 edocuit,
2630 1212 2687 1260 et
2720 1211 2779 1262 ut
2806 1207 2861 1263 in
2888 1207 2999 1262 fide
3024 1214 3182 1263 recta
3208 1208 3557 1265 inconcussa

1909 1306 2009 1362 Spe
2063 1300 2531 1365 perseverarent,
2564 1295 2867 1351 evidenter
2919 1297 3255 1367 ammonuit,
3292 1297 3558 1353 scribens

1910 1382 1998 1435 eis
2029 1381 2083 1435 in
2118 1381 2240 1438 hzec
2269 1382 2445 1439 verba
2479 1403 2491 1438 :

1984 1490 2010 1520 «
2045 1472 2359 1540 Gregorius
2391 1473 2724 1543 episcopus,
2748 1489 2955 1529 servus
2979 1489 3278 1530 servorum
3302 1476 3423 1546 Dei,
3444 1492 3560 1531 oni-

1912 1558 2082 1614 nibus
2113 1558 2385 1615 ﬁdelibus
2416 1561 2601 1616 sancti
2635 1562 2793 1616 Petri
2827 1562 2881 1616 in
2931 1563 3331 1619 Theutbonico
3380 1578 3557 1633 regno

1910 1646 2410 1703 commorantibus
2442 1646 2686 1704 salutem
2711 1653 2769 1703 et
2795 1649 3178 1720 apostolicam
3202 1650 3559 1707 benedictio-

1911 1750 2058 1789 nem.
2095 1734 2361 1789 Pervenit
2396 1736 2467 1791 ad
2501 1751 2607 1791 nos
2639 1737 2793 1806 quod
2826 1737 3057 1807 quidam
3081 1753 3154 1793 ex
3176 1739 3344 1795 vobis
3369 1739 3439 1794 de
3462 1755 3560 1795 no-

1912 1823 2001 1878 bis
2020 1822 2308 1891 dubitant,
2333 1830 2622 1894 tamquam
2649 1825 2703 1878 in
2728 1826 2972 1880 instanti
2998 1826 3168 1882 modo
3194 1827 3556 1883 necessitate

1912 1926 2055 1967 usus
2085 1911 2189 1966 sim
2223 1911 2471 1967 seculari
2506 1911 2765 1981 levitate,
2800 1935 2825 1962 ι»
2853 1918 2965 1968 etc.
3003 1912 3173 1983 (179).

1982 1998 2343 2068 Colloquium
2368 2000 2562 2070 itaque
2591 2001 2731 2056 illud
2758 2000 3011 2071 qualiter
3032 2001 3176 2057 vela
3202 2002 3413 2071 quibus
3434 2019 3559 2074 pcr-

1910 2088 2068 2143 sonis
2101 2088 2274 2143 fuerit
2304 2088 2663 2159 impeditum,
2698 2089 2753 2143 in
2785 2089 2985 2145 verbis
3020 2090 3544 2160 przecellentissimi

1910 2176 2096 2247 patris
2128 2178 2309 2233 nostri
2341 2182 2570 2233 constat
2601 2178 3051 2248 apertum.Quia
3068 2180 3219 2234 enim
3250 2180 3555 2236 Heinricus

1908 2267 2137 2336 abjecto
2163 2265 2303 2335 jugo
2335 2267 2705 2337 obcdicntiae,
2744 2268 2933 2338 ipsum
2978 2266 3330 2338 colloquium
3382 2269 3557 2339 impe-

1908 2355 2141 2425 diendo,
2195 2355 2851 2411 excommunicationem
2913 2356 3254 2412 intentatam
3303 2372 3414 2412 non
3465 2365 3558 2413 est

1910 2442 2137 2498 veritus
2170 2443 2491 2511 incurrere,
2529 2459 2632 2514 pro
2671 2444 2778 2514 his,
2815 2444 3067 2514 inquam,
3103 2448 3161 2499 et
3212 2445 3343 2500 aliis
3394 2446 3556 2501 innu-

1908 2531 2290 2587 merabilibus
2312 2531 2496 2602 malis,
2523 2532 2870 2601 homicidiis,
2899 2533 3196 2602 perjuriis,
3224 2533 3552 2605 adulteriis,

1909 2619 2409 2689 fornicationibus,
2445 2620 2726 2690 symonia,
2758 2620 3159 2676 aecclcsiarum
3194 2636 3423 2692 quoque
3455 2624 3557 2677 de-

1907 2708 2232 2764 structione
2266 2722 2377 2763 non
2410 2709 2659 2777 minima,
2693 2708 2748 2762 in
2782 2710 3032 2763 Romana
3065 2709 3285 2778 synodo
3316 2710 3554 2766 anathe—

1907 2797 2218 2852 matizatus
2235 2802 2395 2852 estet
2413 2796 2783 2867 dampnatus,
2800 2801 2857 2851 et
2874 2812 2903 2852 a
2920 2812 3097 2865 regno
3120 2797 3555 2869 inrecuperabi-

1905 2885 2039 2941 liter
2071 2885 2378 2956 depositus
2411 2886 2591 2956 (1080,
2618 2886 2780 2940 Mart.
2807 2886 2881 2955 7).
2909 2886 3088 2951 Quam
3121 2884 3247 2953 ejus
3278 2885 3551 2957 dampna-

1902 2974 2121 3029 tionem
2157 2974 2247 3029 hic
2276 2975 2627 3030 subnectere
2663 2973 2896 3043 dignum
2932 2973 3325 3043 judicavimus
3360 2994 3371 3028 :

1978 3062 2300 3134 (Fol.123’.)
2322 3084 2347 3111 ‹‹
2372 3064 2543 3118 Beate
2568 3064 2737 3117 Petre
2762 3061 3033 3132 princeps
3057 3061 3551 3132 apostolorum,et

1905 3158 1990 3221 tu,
2026 3152 2194 3206 beate
2223 3151 2399 3208 Paule
2429 3152 2637 3208 doctor
2667 3151 2947 3220 gentium,
2981 3150 3318 3221 dignamini,
3346 3165 3549 3220 queso,

1904 3254 2078 3296 aures
2109 3244 2338 3296 vestras
2387 3240 2456 3296 ad
2511 3254 2597 3295 me
2648 3239 2948 3307 inclinare,
2981 3253 3186 3308 meque
3233 3239 3554 3296 clementer

1903 3330 2202 3386 exaudire.
2227 3330 2370 3396 Quia
2396 3329 2663 3385 veritatis
2688 3328 2836 3384 estis
2864 3326 3113 3399 apostoli
3147 3334 3206 3384 et
3238 3333 3551 3401 amatores,

1905 3418 2173 3488 adjuvate
2198 3422 2257 3473 ut
2283 3418 2585 3474 veritatem
2612 3417 2796 3473 dicam
2820 3417 3007 3486 vobis,
3025 3416 3177 3471 omni
3201 3421 3422 3473 remota
3449 3416 3551 3472 fal-

1906 3507 2101 3575 sitate,
2136 3522 2305 3577 quam
2345 3506 2578 3562 omnino
2626 3505 3032 3573 detestamini;
3065 3509 3128 3561 ut
3172 3506 3384 3561 fratres
3440 3506 3553 3561 mei

1906 3595 2043 3649 mihi
2078 3594 2283 3650 melius
2314 3594 2714 3665 adquiescant,
2759 3598 2820 3649 et
2867 3594 3058 3650 sciant
3089 3598 3148 3649 et
3202 3594 3553 3665 intelligant,

1907 3684 2042 3753 quia
2075 3698 2146 3739 ex
2178 3688 2370 3739 vestra
2405 3683 2618 3739 ﬁducia
2650 3687 2787 3753 post
2843 3684 3017 3738 Deum
3052 3687 3111 3737 et
3144 3687 3385 3738 matrem
3430 3684 3557 3752 ejus

1908 3786 2137 3841 semper
2165 3771 2455 3839 Virginem
2488 3770 2720 3825 Mariam
2756 3769 2951 3840 pravis
2981 3776 3041 3825 et
3070 3770 3287 3839 iniquis
3317 3771 3553 3841 resisto,

1907 3858 2123 3914 vestris
2147 3861 2335 3912 autem
2360 3856 2631 3912 ﬁdelibus
2655 3856 2933 3913 auxilium
2959 3860 3196 3925 praesto.
3225 3858 3338 3911 Vos
3362 3860 3556 3913 autem

1907 3946 2091 4015 scitis,
2111 3946 2245 4015 quia
2269 3960 2378 4000 non
2404 3945 2655 3999 libenter
2674 3944 2743 3999 ad
2765 3958 2996 4000 sacrum
3021 3943 3284 3999 ordinem
3310 3946 3551 4016 accessi,

1906 4040 1962 4091 et
2000 4035 2216 4091 invitus
2246 4033 2398 4089 ultra
2428 4038 2657 4088 montes
2687 4047 2817 4089 cum
2843 4032 3074 4088 domino
3099 4046 3225 4088 meo
3246 4046 3395 4103 papa
3419 4033 3556 4088 Gre-

1905 4124 2072 4194 gorio
2106 4121 2239 4192 abii,
2262 4121 2364 4177 sed
2398 4120 2582 4191 magis
2611 4120 2828 4177 invitus
2850 4135 2979 4177 cum
2998 4120 3231 4175 domino
3259 4135 3385 4177 meo
3411 4133 3554 4192 papa

1907 4214 2091 4268 Leone
2114 4211 2184 4267 ad
2208 4214 2461 4268 vestram
2485 4209 2795 4280 specialem
2819 4209 3145 4266 aacclesiam
3170 4208 3337 4279 redii,
3366 4209 3421 4265 in
3442 4224 3553 4280 qua

1909 4305 2222 4370 utcumque
2244 4298 2409 4356 vobis
2432 4298 2739 4355 deservivi.
2757 4298 2972 4355 Deinde
2996 4296 3165 4353 valde
3188 4297 3407 4355 invitus
3425 4312 3556 4355 cum

1908 4389 2092 4446 multo
2123 4389 2325 4445 dolore
2354 4392 2414 4443 et
2443 4388 2666 4458 gemitu
2697 4392 2758 4442 et
2789 4386 3028 4459 planctu
3051 4386 3106 4441 in
3126 4386 3338 4443 throno
3356 4392 3557 4444 vestro

1907 4476 2077 4534 valde
2106 4476 2378 4546 indignus
2408 4491 2535 4532 sum
2567 4475 2918 4532 collocatus.
2943 4477 3059 4531 Hec
3087 4474 3218 4531 ideo
3240 4475 3392 4544 dico,
3420 4476 3556 4545 quia

126 4579 302 4641 runt,
338 4571 499 4628 aliud
529 4587 703 4642 quam
734 4573 887 4643 quod
920 4573 1006 4630 eis
1038 4573 1369 4646 impositum
1406 4573 1593 4629 fuerat
1628 4586 1798 4642 agen-
1826 4556 1879 4617 D
1909 4582 2021 4623 non
2050 4580 2158 4635 ego
2189 4580 2314 4635 vos,
2346 4565 2448 4621 sed
2480 4579 2586 4621 vos
2617 4564 2883 4634 elegistis
2916 4578 3025 4632 me,
3059 4567 3117 4619 et
3146 4563 3558 4632 gravissimum

129 4668 241 4733 tes,
286 4661 625 4716 Heinricum
656 4661 931 4718 videlicet
966 4662 1020 4717 in
1052 4676 1292 4732 regnum
1326 4662 1710 4718 reformantes
1737 4664 1798 4716 et

126 4750 258 4808 Red
270 4748 457 4807 ulfum
484 4764 858 4821 pervaserem
881 4755 939 4807 et
963 4750 1287 4809 invasorem
1308 4749 1492 4821 regni,
1509 4750 1581 4806 ab
1594 4748 1797 4806 accele-

1908 4654 2137 4727 pondus
2162 4653 2427 4711 ecclesiae
2457 4655 2671 4709 vestrae
2704 4666 2885 4724 super
2916 4666 3006 4707 me
3028 4650 3402 4722 posuistis;et
3422 4650 3557 4720 quia

1911 4758 2089 4815 super
2117 4746 2368 4799 montem
2398 4740 2695 4798 excelsum
2729 4754 2817 4795 me
2843 4738 3104 4806 iussistis
3136 4736 3474 4806 ascendere,
3499 4742 3559 4793 et

1510 4882 1746 4939 VARIA'I
1787 4878 2185 4937 LECTIONES.

196 4998 278 5031 ‘0‘
308 4998 407 5054 ita
431 5012 481 5054 σ.
512 4996 583 5029 ⁴⁰⁵
612 5000 790 5067 atque
824 4996 881 5051 in
914 4997 1197 5055 Saxonico
1235 4998 1474 5055 addant
1521 5000 1676 5055 Amz.
1735 5001 1891 5056 Sac.
1954 4995 2015 5051 et
2064 4993 2267 5067 Paul._
2296 4989 2608 5067 Bima/ﬁed.
2652 4987 2721 5021 ‘°°
2765 4982 3562 5067 gmnibusgue‘pr'i‘ncipibus

126 5069 495 5139 cunctisque
527 5055 851 5139 majoribus
880 5072 941 5123 et
970 5068 1289 5127 minoribus
1314 5068 1410 5140 qui
1444 5084 1558 5125 non
1608 5055 1764 5126 sunt,
1789 5063 2270 5125 excommunicati
2318 5060 2543 5120 habent
2568 5060 2718 5117 Ann.
2748 5059 2902 5116 Sacr.
2938 5056 2999 5113 et
3024 5055 3212 5114 Paul.
3239 5056 3556 5115 Bernried.

1740 5197 1963 5257 ΝΟΤΕ.

205 5300 366 5369 (175)
397 5299 541 5370 Data
568 5298 767 5354 Romae
796 5312 881 5370 vn,
905 5298 983 5354 Id.
1020 5298 1229 5370 Martii,
1264 5298 1382 5354 ind.
1432 5304 1484 5369 1,
1539 5299 1794 5370 Registr.

138 5386 192 5438 v,
220 5368 322 5424 '15.
355 5368 575 5425 Paulus
605 5368 905 5425 Bernried.
940 5372 1059 5427 100.

207 5440 540 5512 (176)7Data
574 5440 775 5497 Romae
804 5455 883 5496 vn
913 5440 1044 5500 ldus
1085 5440 1298 5512 Martii,
1332 5440 1451 5497 ind.
1486 5446 1534 5497 1.
1568 5440 1711 5496 Vide
1744 5439 1798 5497 in

144 5511 428 5581 Gregorio
468 5512 587 5567 VII.

210 5581 359 5654 (177)
394 5583 602 5641 Exstat
632 5583 882 5654 etiapud
903 5583 1172 5646 annalist.
1202 5586 1334 5641 Sax.
1355 5587 1413 5641 et
1438 5582 1598 5642 Paul.
1628 5584 1803 5640 Bern-

143 5651 426 5711 ried.10t5
465 5651 861 5725 (Pamzog‘m
884 5659 926 5712 t.
961 5656 1267 5729 CXLVIII.)

1980 5292 2223 5421 (178‘)aln
2256 5290 2526 5360 Registro
2557 5288 2993 5373 desiderantur,
3018 5287 3079 5342 K.
3114 5286 3255 5344 Vide
3283 5284 3568 5359 Gregorii

2005 5365 2095 5421 sto
2163 5377 2193 5420 δ
2222 5361 2399 5419 carm
2419 5362 2768 5421 Reg-18mm
2784 5359 3075 5421 cacantes
3097 5356 3485 5421 (Palrologia
3513 5362 3557 5415 t.

2005 5356 2201 5433 stolas,
2222 5356 2399 5419 σωιηῖα
2419 5362 2768 5433 Rogistrwn
2784 5356 3075 5433 cayaates
3097 5356 3485 5430 (Palrolog'ia
3513 5362 3557 5415 t.

1956 5432 2302 5577 Ἢᾘξιὺζιθ
2328 5502 2540 5577 Bome:
2571 5484 2844 5562 Kalendis
2883 5500 3186 5571 Octobris,
3219 5497 3335 5556 ind.
3370 5501 3420 5567 3,
3455 5497 3565 5555 Re-

1908 5574 2081 5647 gistr.
2110 5574 2208 5646 vn,
2240 5579 2292 5631 3.
2327 5574 2389 5631 K.
