3894 6314
431 345 549 404 323
1303 372 1312 380 ν
1395 329 1763 402 ilUGONIS
1807 333 2161 398 ABBATIS
2205 330 2884 398 FLAVINIACENSIS
3703 343 3793 403 324

433 484 686 539 clamare
709 489 764 537 et
792 481 1145 536 annunciarc
1167 480 1382 551 populo
1408 481 1505 534 Dei
1531 479 1750 533 scelera
1778 491 2001 544 eorum,
2027 481 2084 529 et
2117 474 2168 532 A
2203 478 2588 541 statueretur,
2617 480 2717 529 aut
2741 475 2831 529 cui
2851 474 3080 544 justitia
3117 476 3336 532 faveret
3367 477 3610 548 amplius
3627 494 3794 547 cogite

437 571 852 629 flliisecclesiae
878 574 1116 642 peccata
1135 583 1355 634 eorum,
1375 567 1628 622 membra
1647 565 1864 621 diaboli
1883 571 2084 620 contra

438 675 525 715 me
575 662 878 730 coeperunt
933 658 1256 726 insurgere,
1309 661 1366 711 et
1409 670 1590 724 usque
1637 653 1707 709 ad
1755 653 2086 721 sanguinein

441 751 940 820 prtesumpserunt
973 746 1027 800 in
1069 760 1156 801 me
1203 759 1404 798 manus
1457 743 1714 812 injicere.
1762 741 2092 796 Astitcrunt

440 851 608 906 reges
639 839 812 890 terra)
843 838 899 888 et
936 833 1226 904 principes
1258 831 1555 886 scenlares
1573 836 1628 884 et
1657 828 2085 884 :ecelesiastici.

435 923 610 980 aulici
641 923 814 978 etiam
853 926 912 976 et
943 920 1216 990 vulgares
1259 924 1655 975 convenerunt
1694 918 1746 971 in
1787 933 1959 972 unum
1996 917 2094 972 ad-

433 1027 640 1068 versus
670 1011 987 1079 Dominum,
1021 1014 1078 1063 et
1112 1008 1396 1063 adversus
1427 1023 1530 1062 vos
1560 1007 1818 1061 christos
1849 1007 1978 1075 ejns
2011 1006 2094 1059 ιιι·

431 1107 634 1156 centes
667 1119 678 1153 :
711 1099 1148 1169 Disrumpamus
1184 1097 1410 1151 vincula
1445 1111 1668 1161 eorum,
1717 1100 1775 1148 et
1830 1095 2094 1165 projiria-

431 1207 558 1248 mus
587 1206 614 1246 a
650 1190 1043 1259 nobisjugum
1087 1188 1363 1258 ipsorum.
1401 1211 1424 1234 n
1484 1189 1552 1240 Et
1609 1193 1671 1241 ut
1723 1201 1811 1240 me
1864 1186 2094 1240 omnino

436 1284 623 1334 morte
652 1277 744 1334 vel
773 1277 952 1332 exilio
979 1276 1419 1340 confunderent,
1458 1274 1661 1330 multis
1698 1275 1888 1329 modis
1921 1275 1972 1327 in
2006 1289 2094 1328 me

433 1367 624 1423 conati
656 1371 791 1422 sunt
826 1365 1146 1434 insurgere.
1191 1366 1348 1418 Inter
1379 1379 1524 1432 quos
1556 1363 1900 1434 Specialiter
1929 1363 2094 1416 licin-

434 1457 596 1512 ricus
610 1471 779 1526 quem
797 1453 999 1510 dicunt
1016 1469 1229 1522 regem,
1249 1453 1500 1507 lleinriei
1523 1452 1898 1522 imperatoris
1917 1451 2090 1536 ﬁlius,

439 1549 644 1600 contra
677 1547 931 1598 vestram
964 1540 1295 1597 calcanenin
1327 1540 1514 1596 erexit
1546 1539 1893 1604 zecelesiam,
1932 1542 2017 1594 fac
2034 1546 2090 1594 ta

435 1647 566 1689 cum
601 1630 802 1687 multis
833 1629 1126 1702 episcOpis
1160 1628 1607 1683 ultramontanis
1631 1633 1691 1682 et
1717 1628 1937 1683 Italicis
1959 1644 2094 1684 con-

437 1721 779 1793 spiratione,
802 1718 1072 1775 adnitcns
1105 1733 1192 1771 me
1223 1716 1548 1786 dejiciendo
1581 1731 1705 1771 eam
1742 1717 1850 1771 sibi
1888 1717 2084 1785 subju-

435 1823 598 1880 gare.
617 1808 794 1878 Cujus
817 1805 1105 1878 superbim
1126 1811 1317 1860 vestra
1339 1805 1916 1867 restititanetoritas,
1939 1821 2095 1868 enm_
2121 1829 2176 1889 Β

433 1911 546 1970 que
567 1905 764 1954 vestra
792 1894 1082 1952 destruxit
1111 1898 1395 1965 potestas.
1415 1894 1888 1959 Quiconl‘usnset
1907 1895 2095 1952 humi-

433 1985 628 2054 liatus,
657 1984 726 2040 ad
765 1999 852 2038 me
887 1983 942 2037 in
977 1981 1432 2051 Langobardiain
1454 1983 1633 2048 venit,
1657 1982 2088 2038 absolutionem

432 2076 505 2132 ab
535 2073 1138 2131 excommunicatione
1188 2071 1458 2142 quesivit.
1495 2073 1674 2136 Quem
1725 2087 1834 2137 ego
1886 2073 2090 2127 videns

433 2161 823 2230 humiliatum,
860 2161 1060 2216 multis
1090 2161 1161 2214 ab
1189 2175 1259 2214 eo
1291 2159 1782 2229 proniiSsionibus
1830 2161 2092 2230 arreptis

434 2250 505 2307 de
536 2251 673 2306 vitm
707 2265 830 2304 suae
867 2248 1290 2311 meliorationc,
1329 2247 1506 2302 solam
1542 2248 1591 2300 ei
1623 2249 2085 2303 communionem

437 2338 662 2393 reddidi
691 2356 704 2402 ;
737 2351 852 2391 non
888 2342 1077 2391 tamen
1109 2350 1238 2390 eum
1267 2336 1318 2388 in
1347 2350 1541 2402 regno,
1564 2351 1591 2389 a
1622 2353 1734 2404 qno
1760 2336 1812 2390 in
1841 2337 2085 2393 Romana

436 2426 660 2496 synodo
721 2425 1128 2496 deposueram,
1177 2423 1547 2489 restauravi;
1596 2440 1696 2479 nec
1750 2423 2085 2480 fidelitatem

436 2514 691 2570 omnium
724 2513 821 2584 qui
851 2511 903 2567 ei
928 2512 1274 2582 juraverunt
1299 2511 1386 2566 vel
1407 2511 1658 2580 juraturi
1689 2520 1875 2581 erant,
1911 2528 1938 2568 a
1973 2529 2086 2582 quo

433 2617 634 2658 omnes
665 2601 719 2656 in
749 2601 950 2657 eadem
985 2599 1206 2670 synodo
1237 2599 1480 2666 absolvi,
1507 2605 1569 2655 ut
1603 2601 1712 2656 sibi
1745 2607 2086 2658 servaretur

441 2691 709 2762 praecepi.
737 2691 802 2744 Et
832 2689 961 2744 ideo
991 2689 1097 2743 hec
1131 2687 1374 2754 detinui,
1405 2693 1465 2744 ut
1499 2689 1651 2742 inter
1680 2704 1808 2744 eum
1842 2696 1900 2744 et
1933 2691 2088 2760 prin-

432 2779 595 2850 cipes
618 2778 1102 2845 ultramontanos,
1123 2776 1218 2847 qui
1243 2776 1293 2830 ei
1315 2791 1491 2832 causa
1516 2783 1570 2832 et
1596 2778 1879 2846 jnssionis
1902 2779 2085 2834 eccle-

432 2867 534 2924 siae
568 2872 782 2922 vestra:
830 2865 1194 2934 restiterant,
1227 2864 1515 2932 justitiam
1570 2866 1820 2920 facerem
1873 2865 1957 2922 “’7.
1994 2867 2086 2921 vel

438 2970 634 3030 pacem
666 2968 1096 3025 componerem,
1133 2953 1281 3008 sicut
1313 2960 1372 3007 et
1408 2953 1528 3024 ipse
1581 2955 1886 3011 lleinricus
1931 2954 2089 3022 jura—

436 3049 631 3101 mento
662 3057 766 3115 per
797 3041 944 3098 duos
976 3041 1288 3112 episcopos
1321 3041 1455 3095 mihi
1510 3041 1794 3112 promisit.
1832 3043 2085 3098 Prcdicti

435 3137 629 3190 autem
651 3129 1303 3204 episcopietprincipes
1327 3130 1764 3191 ultramontani.
1784 3131 2088 3187 audientes

439 3219 602 3276 illum
635 3233 750 3275 non
770 3231 1009 3273 servare
1033 3217 1182 3286 quod
1207 3217 1580 3286 promiserat,
1599 3218 1760 3287 quasi
1785 3217 2088 3288 desperati

433 3309 504 3364 de
536 3322 627 3377 eo,
653 3305 821 3362 vobis
855 3305 1128 3372 testibus,
1153 3304 1462 3373 elegerunt
1497 3305 1607 3359 sibi
1643 3305 1953 3360 Rodulfnm
1988 3307 2092 3362 du-

433 3411 558 3452 cem
593 3395 649 3450 in
678 3408 893 3464 regem.
926 3393 1033 3458 Qui
1069 3407 1167 3448 rex
1203 3392 1484 3448 Rodull‘us
1519 3393 1865 3448 festinanter
1898 3395 1968 3450 ad
2000 3411 2088 3451 me

434 3484 614 3540 misso
647 3483 878 3550 nuncio,
905 3481 1186 3536 indicavit
1216 3496 1276 3535 se
1307 3486 1573 3536 coactum
1610 3482 1768 3550 regni
1803 3484 2089 3551 guberna-

434 3571 568 3629 cula
602 3571 954 3642 suscepisse,
979 3575 1168 3625 tamen
1202 3585 1263 3624 se
1297 3574 1567 3640 paratum
1603 3570 1734 3624 mihi
1761 3571 1950 3626 modis
1974 3587 2090 3627 om-

435 3661 608 3717 nibus
638 3659 898 3716 obedire.
927 3659 993 3714 Et
1019 3673 1090 3714 ex
1113 3672 1182 3712 eo
1209 3661 1474 3727 tempore
1498 3658 1761 3713 eumdem
1787 3659 1922 3713 mihi
1945 3675 2092 3716 sein-

435 3764 540 3821 per
569 3749 727 3805 misit
762 3763 1122 3813 sermonem;
1148 3746 1432 3816 adjiciens
1454 3747 1650 3816 etiam,
1683 3747 1798 3802 filio
1824 3763 1928 3804 suo
1952 3749 2088 3806 dato

429 3838 634 3896 obside
649 3837 912 3893 etﬁdelis
925 3837 1014 3894 sui
1041 3835 1207 3893 ducis
1236 3835 1510 3904 Bertaldi,
1530 3835 1683 3906 quod
1705 3837 2088 3906 promittebat

428 3932 799 3986 sacramento
816 3927 1066 3982 firmare.
1087 3927 1317 3982 Interea
1339 3925 1643 3980 Hcinricus
1664 3925 1822 3996 cepit
1847 3940 1936 3980 me
1962 3942 2089 3998 pre-

427 4017 572 4088 cari,
599 4022 666 4074 ut
694 4015 858 4073 illum
887 4019 1091 4072 contra
1126 4015 1467 4086 praadictum
1501 4013 1817 4070 Rodulfum
1851 4016 2088 4085 adjuva-

429 4121 570 4163 rem.
591 4105 691 4162 Cui
709 4104 1008 4176 respondi,
1025 4119 1114 4159 me
1139 4103 1393 4160 libenter
1422 4105 1630 4173 facere,
1649 4104 1848 4160 audita
1875 4104 2090 4164 utrius.

435 4208 548 4266 que
580 4192 768 4264 partis
817 4192 1066 4261 ratione,
1097 4196 1161 4247 ut
1210 4191 1418 4246 scirem
1467 4192 1558 4246 eui
1611 4191 1844 4260 justitia
1905 4194 2086 4263 magis

427 4283 672 4338 faveret.
701 4280 804 4336 Ille
837 4296 975 4336 vero
997 4285 1208 4352 putans
1229 4295 1358 4336 eum
1381 4282 1504 4336 suis
1528 4281 1750 4338 viribus
1782 4297 1956 4353 posse
1988 4284 2086 4340 de-

427 4369 688 4441 vincere,
705 4383 888 4426 meam
913 4367 1264 4438 contempsit
1289 4369 1742 4440 responsionem.
1762 4371 1904 4440 (Fol.
1935 4372 2082 4445 124.)

425 4459 742 4531 Postquam
772 4461 966 4515 autem
1001 4457 1294 4530 persensit
1324 4471 1387 4513 se
1423 4472 1534 4513 non
1568 4473 1742 4528 posse
1772 4459 1924 4515 sicut
1955 4475 2084 4532 spe-

2201 566 2468 616 sceretur
2495 562 2580 614 ωδ.
2615 563 2683 616 Et
2718 563 2849 632 quia
2883 565 3157 634 putabam
3193 566 3345 634 quod
3394 565 3657 635 injustior
3691 582 3795 635 pars

2203 650 2555 719 colloquium
2592 651 2772 705 nollet
2801 651 2922 705 fieri
2951 651 3296 721 nhijustitia
3323 643 3512 709 locum
3537 669 3690 711 suum
3707 670 3794 708 ser.

2203 743 2386 806 varet,
2423 739 2918 795 excommunicavi
2949 745 3007 794 et
3037 741 3402 798 anathemate
3445 742 3682 811 obligavi
3711 759 3792 798 om-

2205 841 2308 879 nes
2343 841 2624 896 personas
2659 826 2779 882 sive.
2815 827 2991 895 regis,
3029 829 3152 882 sive
3187 829 3371 894 ducis,
3408 831 3530 885 sive
3559 830 3790 900 episcopi.

2205 919 2305 968 aut
2335 914 2582 982 alicujus
2612 916 2860 970 hominis
2893 917 2988 986 qui
3018 916 3369 987 colloquium
3401 919 3594 988 aliquo
3615 919 3794 987 ingenim

2207 1003 2515 1072 impediret
2548 1019 2616 1058 ne
2645 1006 2828 1059 fieret.
2849 1005 3159 1061 Predictus
3179 1010 3368 1061 autem
3393 1007 3793 1062 Heinricnsrnm

2208 1091 2326 1146 suis
2350 1092 2677 1147 fautoribus
2700 1108 2810 1146 non
2837 1093 3047 1148 timens
3071 1093 3388 1164 periculum
3417 1095 3793 1150 inobedientiai.

2206 1181 2360 1250 quod
2390 1186 2477 1234 cst
2513 1181 2707 1236 scelus
2739 1181 3046 1250 idolatriae,
3081 1183 3437 1252 colloquium
3487 1183 3795 1255 impediendo

2205 1271 2860 1325 exconnnnnieationein
2897 1271 3164 1339 inen:rit,
3198 1277 3254 1326 ct
3291 1288 3353 1327 se.
3395 1273 3581 1343 ipsum
3612 1273 3795 1326 anathe-

2207 1357 2377 1410 matis
2410 1357 2642 1411 vinculo
2673 1359 2992 1427 obligavit;
3015 1375 3396 1430 magnamque
3422 1361 3793 1416 multitudinem

2203 1443 2652 1499 Christianorum
2689 1445 2859 1500 morti
2893 1447 3062 1506 tradi.
3099 1453 3157 1502 et
3185 1448 3473 1503 ecclesias
3509 1448 3633 1503 fecit
3669 1447 3796 1502 dissi-

2206 1533 2351 1602 pari,
2387 1538 2443 1587 et
2477 1548 2622 1602 pene
2649 1539 2838 1589 totum
2870 1535 3395 1592 Theutbonicorum
3429 1551 3655 1604 regnum
3673 1536 3796 1590 deso-

2209 1621 2409 1676 lationi
2441 1622 2621 1678 dedit.
2660 1623 3030 1694 Quapropter
3077 1624 3379 1681 confidens
3430 1625 3502 1680 de
3541 1624 3733 1694 judicio
3755 1633 3793 1677 cl

2210 1711 2609 1766 misericordia
2648 1711 2762 1773 Dei,
2799 1713 3044 1782 ejusque
3079 1713 3352 1784 piissimae
3386 1714 3586 1770 matris
3619 1727 3794 1782 semper

2209 1799 2461 1868 Virginis
2484 1800 2692 1868 Marize,
2711 1806 2903 1855 vestra
2932 1801 3113 1858 fultus
3135 1804 3492 1859 auctoritate
3516 1817 3644 1872 sepe
3665 1801 3794 1856 nomi-

2210 1893 2406 1943 natum
2441 1889 2794 1960 ileinricum,
2832 1905 3000 1960 quem
3044 1891 3244 1947 dicunt
3293 1907 3511 1960 regem,
3541 1905 3790 1958 omnesan

2211 1978 2468 2032 fautores
2489 1977 2634 2046 ejns,
2662 1979 3244 2035 excommunicationi
3269 1980 3538 2049 subjicio,
3563 1985 3615 2036 et
3639 1980 3788 2035 iterum

2207 2081 2444 2132 regnum
2477 2067 3002 2123 Tlieuthonicoruni
3027 2074 3086 2124 et
3116 2069 3298 2124 Italiae
3329 2084 3402 2124 ex
3431 2067 3790 2140 omnipotentis

2207 2155 2302 2208 lici
2337 2161 2500 2225 parte
2522 2162 2580 2210 ct
2606 2143 2800 2211 vestra
2836 2157 3194 2213 interdicens
3225 2159 3299 2223 ei,
3335 2173 3563 2214 omnem
3597 2160 3792 2228 potesta-

2203 2248 2316 2297 tem
2343 2249 2402 2298 et
2425 2244 2766 2313 dignitatem
2792 2261 3006 2315 regiam
3034 2245 3114 2300 illi
3141 2245 3303 2317 tollo,
3321 2253 3380 2302 ct
3409 2254 3468 2302 ut
3493 2246 3669 2302 nullus
3687 2245 3791 2298 chri~

2203 2331 2430 2387 stianus
2460 2334 2511 2386 ci
2547 2334 2700 2389 sicut
2736 2335 2856 2401 regi
2891 2335 3128 2390 obediat
3160 2335 3452 2392 interdico
3472 2335 3556 2390 ‘°'.
3599 2336 3705 2405 Ipse
3728 2346 3793 2386 au-

2203 2425 2315 2474 tem
2353 2421 2656 2476 lleinricus
2678 2437 2808 2477 cum
2837 2423 2958 2478 suis
2983 2424 3310 2480 fautoribus
3335 2425 3392 2480 in
3413 2425 3562 2480 omni
3585 2436 3792 2490 congres-

2201 2509 2360 2564 sione
2390 2509 2523 2563 belli
2551 2509 2742 2565 nullas
2763 2512 2940 2576 vires,
2969 2511 3302 2582 nullamque
3331 2513 3389 2567 in
3417 2513 3531 2568 vita
3553 2525 3642 2567 sua
3665 2511 3794 2562 victe

2203 2598 2344 2652 riam
2380 2599 2670 2669 Optincat.
2712 2601 2780 2654 l7t
2813 2606 3008 2655 autem
3058 2601 3345 2657 Rodulfus
3395 2615 3622 2669 regnum
3663 2600 3791 2653 Theu-

2199 2686 2568 2742 tlionicorum
2603 2694 2768 2755 regat
2827 2693 2884 2742 et
2931 2688 3226 2758 defendat,
3263 2703 3436 2758 quem
3484 2685 3787 2744 Theutbonici

2199 2773 2499 2841 elegerunt
2533 2774 2641 2828 sibi
2671 2775 2725 2829 in
2763 2790 2976 2844 regem,
3017 2776 3086 2830 ad
3119 2781 3382 2832 vestram
3414 2777 3721 2832 fidelitatem
3741 2787 3785 2827 ex

2201 2868 2366 2932 parte
2399 2868 2594 2917 vestra
2627 2863 2799 2933 dono,
2834 2863 3054 2934 largior
3074 2869 3132 2918 et
3156 2867 3445 2936 concedo,
3475 2865 3789 2930 omnibusque

2201 2951 2306 3006 sibi
2345 2951 2597 3006 fideliter
2648 2953 3067 3009 adherentibus
3113 2954 3552 3010 absolutionem
3597 2951 3787 3009 omnium

2202 3044 2576 3110 ['lCCCIllOI‘lllll
2603 3046 2977 3110 vestramque
3010 3042 3482 3099 benedictionem
3513 3043 3565 3097 in
3591 3043 3680 3097 bac
3707 3039 3786 3092 vita

2201 3136 2258 3184 ct
2277 3130 2327 3182 in
2347 3130 2559 3198 futura,
2579 3133 2772 3185 vestra
2800 3129 2984 3185 fretus
3005 3130 3238 3200 fiducia,
3257 3131 3503 3202 largior.
3524 3132 3664 3188 Sicut
3684 3127 3787 3182 enim

2201 3219 2504 3273 Heinricus
2539 3233 2642 3288 pro
2673 3232 2776 3274 sua
2808 3219 3080 3288 superbia
3113 3225 3173 3274 et
3204 3220 3592 3278 inobedientia
3615 3225 3667 3274 et
3683 3215 3790 3271 falsi.

2201 3312 2322 3362 tate
2339 3323 2366 3361 a
2385 3307 2545 3375 regni
2577 3306 2864 3375 dignitate
2882 3311 3042 3376 juste
3066 3309 3367 3380 abjicitur,
3389 3311 3466 3365 ita
3492 3303 3790 3365 Rodulfns‘”

2202 3412 2305 3468 pro
2339 3412 2441 3452 sua
2475 3394 2826 3463 humilitate,
2855 3396 3188 3452 obedientia
3211 3405 3271 3452 et
3295 3399 3566 3467 veritate,
3590 3400 3787 3468 potestas

2199 3490 2256 3541 et
2281 3485 2534 3553 dignitas
2553 3485 2712 3553 regni
2732 3485 3094 3541 conceditur.
3145 3486 3314 3555 Agite
3335 3501 3513 3558 nunc,
3535 3498 3707 3556 queso,
3724 3493 3788 3552 pa-

2201 3578 2322 3628 tres
2373 3579 2432 3628 ct
2479 3573 2775 3644 principes
2822 3573 3202 3644 sanctissimi,
3255 3579 3319 3631 ut
3371 3577 3555 3632 omnis
3597 3570 3786 3628 mundus

2201 3661 2491 3730 intelligat
2521 3666 2579 3716 et
2609 3666 2946 3732 cognoscat,
2983 3663 3119 3733 quia
3150 3663 3199 3718 si
3237 3665 3492 3734 potestis
3521 3664 3571 3718 in
3601 3660 3723 3718 cmlo
3745 3656 3788 3709 li-

2199 3763 2337 3818 gare
2365 3753 2425 3803 et
2457 3747 2709 3818 solvere,
2740 3749 2991 3819 potestis
3037 3749 3093 3804 in
3139 3755 3296 3806 terra
3355 3765 3548 3821 regna,
3579 3743 3782 3818 impen'a.

2202 3837 2588 3909 principatus,
2623 3837 2892 3907 ducatus,
2929 3839 3237 3908 marcbias,
3271 3841 3600 3906 comitatus,
3628 3839 3678 3891 et
3701 3845 3784 3886 om-

2202 3927 2357 3982 nium
2391 3925 2683 3982 hominum
2717 3927 3125 3996 possessiones
3157 3942 3264 3999 pro
3297 3928 3523 3984 meritis
3550 3923 3782 3982 tollet-eet

2201 4015 2548 4070 concedere.
2601 4016 2712 4070 Vos
2771 4015 3226 4086 patriarcbatus,
3284 4015 3778 4089 archiepiscopatus

2204 4104 2506 4174 primatus,
2531 4103 2907 4174 episcopatus
2929 4104 3267 4175 frequenter
3291 4105 3516 4164 tulistis
3558 4100 3720 4176 pravis
3739 4098 3777 4151 et

2201 4192 2471 4262 indignis,
2505 4195 2564 4246 et
2595 4192 2886 4262 religiosis
2931 4192 3074 4249 viris
3108 4193 3382 4251 dedistis.
3416 4195 3475 4249 Si
3501 4192 3634 4250 enim
3658 4184 3778 4259 spiri-

2201 4279 2382 4337 tualia
2403 4279 2702 4350 judicatis,
2731 4281 2867 4351 quid
2893 4279 2963 4337 de
2989 4281 3361 4340 secularibus
3393 4277 3726 4356 potestilet
3744 4270 3774 4327 si

2197 4367 2436 4438 angelos
2479 4368 2846 4426 dominantes
2875 4371 3143 4427 omnibus
3161 4373 3438 4442 superbis
3461 4365 3771 4444 principibus.

2197 4457 2336 4529 quid
2365 4457 2435 4512 de
2467 4455 2698 4514 illorum
2731 4457 2920 4514 servis
2948 4459 3138 4515 facere
3186 4461 3444 4530 potestis
3469 4461 3493 4514 ἲ
3521 4453 3770 4514 Addiscanl

425 4547 580 4606 ravit
627 4561 824 4618 agere,
879 4545 994 4602 duo
1043 4545 1306 4617 episcopi
1354 4562 1426 4601 ex
1473 4547 1886 4604 consentaneis
1936 4549 2075 4621 suis,
2111 4541 2164 4602 D
2195 4561 2345 4602 nunc
2379 4559 2548 4614 reges
2581 4550 2754 4602 terrae
2784 4550 2842 4602 et
2872 4561 3074 4604 omnes
3095 4548 3278 4604 seculi
3304 4548 3606 4620 principes,
3623 4534 3770 4613 quanti

421 4636 810 4694 Virdunensis
839 4634 1063 4692 scilicet
1092 4635 1466 4706 Teodericus,
1500 4639 1558 4690 et
1591 4635 2074 4708 Obsebnrgensis,

425 4727 660 4783 Romam
682 4729 990 4795 venerunt,
1010 4728 1069 4780 et
1093 4723 1150 4779 in
1176 4723 1400 4795 synodo
1426 4738 1499 4780 ex
1520 4727 1688 4795 parte
1711 4723 1962 4780 Heinrici
1987 4740 2076 4781 me

425 4820 490 4874 ut
519 4815 571 4871 ei
599 4814 891 4884 justitiam
923 4813 1170 4870 facerem
1203 4817 1577 4884 rogaverunt,
1615 4813 1769 4884 quod
1795 4818 1852 4868 et
1879 4815 2074 4870 nuncii

423 4902 654 4960 Rodulﬁ
691 4903 816 4960 fieri
849 4901 1255 4958 laudaverunt.
1290 4900 1558 4957 Tamdem
1608 4901 1903 4972 aspirante
1935 4903 2071 4972 Deo,

423 4991 577 5049 sicut
609 4991 808 5064 credo,
841 4991 1024 5048 statui
1077 4989 1130 5046 in
1179 4989 1381 5047 eadem
1428 4989 1668 5061 synodo,
1704 4989 1760 5044 in
1807 4990 2074 5061 partibus

426 5076 880 5137 ultramontanis
937 5079 1060 5136 fieri
1118 5077 1496 5148 colloquium,
1531 5082 1594 5135 ut
1651 5076 1770 5135 illic
1821 5083 1917 5134 aut
1965 5091 2073 5150 pax

2191 4650 2298 4691 vos
2324 4634 2491 4704 estis,
2527 4633 2666 4704 quid
2699 4635 2973 4707 potestis,
3007 4647 3068 4691 et
3117 4637 3366 4692 timeant
3415 4627 3770 4708 parvipendere

2184 4723 2506 4793 jussionem
2537 4722 2806 4780 ecclesias
2835 4729 3068 4794 vestrae,
3092 4727 3150 4779 et
3185 4724 3241 4780 in
3269 4725 3544 4796 praedicto
3563 4713 3769 4776 lleinrico

2189 4817 2308 4868 tam
2329 4811 2743 4882 citojudicium
2757 4816 3014 4868 vestrum
3028 4817 3317 4883 exercete,
3336 4804 3766 4871 utomnessciant.

2189 4901 2321 4971 quia
2347 4915 2460 4957 non
2485 4900 2752 4971 fortuitu,
2769 4899 2870 4957 sed
2890 4905 3083 4956 vestra
3109 4906 3405 4973 potestate
3427 4899 3584 4957 cadet
3605 4900 3655 4951 et
3669 4903 3766 4947 con—

2191 4988 2488 5060 fundetur,
2511 4988 2729 5044 utinam
2753 4989 2824 5045 ad
2850 4988 3265 5061 penitentiam!
3292 4995 3354 5047 ut
3375 4987 3601 5062 spiritus
3619 4977 3764 5040 salvus

2189 5077 2268 5134 sit
2300 5077 2356 5133 in
2385 5077 2480 5134 die
2510 5076 2751 5134 Domini.
2785 5078 2928 5132 Data
2958 5077 3154 5134 Romae
3183 5078 3325 5134 Non.
3361 5074 3558 5134 Martii.
3585 5093 3608 5122 υ

1786 5207 2022 5264 νΑωιΕ
2061 5207 2462 5264 LECTIONES.

491 5333 563 5370 ‘°'
595 5331 863 5419 fasesse-
896 5333 968 5369 ⁴⁰⁸
997 5335 1318 5417 Εεο.θηίπην
1349 5335 1504 5417 sie."
1531 5349 1636 5419 Y9“.
1663 5333 1803 5419 mihi
1833 5334 2212 5419 temaeste,
2248 5338 2461 5419 Patres.
2503 5338 2563 5390 θι
2609 5334 2848 5419 daein}.
2883 5335 3284 5419 ωςιιεθνιιρειέθ
3333 5335 3541 5419 sullae
3567 5346 3616 5419 ηρ

3620 5329 3757 5384 artem

425 5379 1296 5479 ἀἱερόεξιῖίῖξιῖιῇῖνειιθκιῧῖἰ-νὲέῆί
1303 5379 1435 5479 ἶοῖἷ
1443 5379 1636 5479 iisin}
1645 5379 2212 5479 εἱῖέῖρὶτὲΐῖιῖιᾶἕὶᾀῗ
2235 5379 2316 5463 {ii
2327 5379 2494 5465 Ἇὲῑέε
2504 5379 2764 5465 ἓὶηιὲἔὶῖἑ
2771 5379 2989 5466 Hm???
2996 5379 3284 5479 ’ἱΧΪΞΞέῘ
3301 5379 3369 5465 οἵ
3381 5379 3541 5478 ἂὶῖῖιὶ
3552 5379 3756 5479 ﬁnitiva;

417 5473 921 5556 scime
939 5481 1079 5556 _10'7;
1108 5477 1326 5556 desunt
1346 5477 1415 5533 ἀπ
1443 5473 1636 5556 codice
1669 5476 1943 5556 (Ιᾴαλτίοἱ
1965 5481 2094 5556 1:50.
2116 5476 2186 5510 ⁴⁰⁹
2216 5491 2540 5556 omnesque
2553 5478 2672 5556 Aqui
2696 5473 3122 5556 ci_jur_ave_runt
3147 5473 3530 5556 autjurabant
3548 5474 3753 5556 00.5591

421 5532 842 5618 dominatione,
876 5559 906 5602 a
930 5532 1245 5618 jurainenti
1276 5532 1950 5618 premissione'absolvo.
1985 5548 2132 5608 Acta
2162 5532 2318 5607 conc.
2351 5532 2410 5606 αξ
2427 5532 2600 5608 Ἥ)ἐοῖ
2615 5532 2676 5610 ct
2707 5532 2908 5611 VPZtit—l:
2928 5532 2935 5536 ’
2954 5532 3542 5611 wet—eiad.
3594 5532 3751 5600 Παιάν·

418 5621 456 5685 ι.
497 5620 538 5680 1.
573 5612 649 5651 “⁰
676 5613 771 5673 ita
803 5612 873 5674 ὁ..
