3894 6334
119 357 225 422 325

118 583 307 639 tricum
338 585 464 639 urbi
499 586 592 639 vir
618 588 907 660 egregius,
933 594 992 645 et
1015 591 1169 648 inter
1190 596 1520 668 praecipuos
1539 601 1739 658 catho-

114 670 230 726 lices
252 671 373 727 lidei
397 680 868 743 propugnatores
894 693 1159 748 magnum
1177 685 1494 753 patientia,
1512 687 1745 759 religio-

119 758 517 829 nisetjustitiae
531 761 1219 835 documentum,domnus
1236 758 1744 849 Herimannusepi-

122 862 334 917 scapus,
370 848 712 907 Leodiensis
744 852 1026 910 iecclesiie
1061 857 1236 928 filius,
1291 861 1400 931 pize
1448 848 1743 922 memoriae

121 934 480 992 Adalberonis
499 939 762 1011 episcopi
787 943 1089 1000 Mettensis
1103 960 1411 1005 successor
1426 966 1454 1007 a
1472 952 1586 1008 Deo
1600 969 1743 1025 pra}-

120 1022 423 1080 destinatus
455 1031 518 1081 et
546 1026 834 1096 donatus;
867 1031 964 1100 qui
1006 1031 1062 1087 in
1111 1036 1372 1105 primevo
1419 1022 1745 1109 juventutis

124 1111 262 1182 ﬂore,
282 1114 646 1183 temporibus
663 1119 923 1174 Annonis
944 1124 1298 1180 venerabilis
1314 1127 1745 1187 Coloniensium

118 1199 543 1273 archiepiscopi,
583 1205 798 1261 tutoris
829 1210 887 1263 et
917 1209 1308 1268 moderatoris
1330 1216 1511 1286 regni,
1543 1218 1745 1289 palatii

118 1287 474 1358 frequentiam
510 1298 782 1365 nanctus,
808 1296 968 1365 regis
994 1297 1155 1354 illius
1180 1316 1326 1372 pene
1353 1287 1626 1361 universa
1649 1323 1747 1363 uo-

116 1383 290 1443 verat;
324 1378 377 1433 in
406 1382 641 1437 tantum
664 1385 924 1439 utetiam
943 1392 1076 1443 ante
1093 1394 1747 1467 perceptamcpiSCOpa-

116 1470 195 1518 tus
220 1467 460 1534 gratiam
488 1484 597 1540 pro
627 1470 755 1540 ejus
787 1472 1097 1531 insolentia
1132 1491 1162 1532 a
1198 1480 1375 1536 curiae
1410 1495 1472 1536 se
1497 1482 1746 1553 plerum.

113 1567 206 1621 que
231 1554 736 1614 administratione
771 1562 1170 1635 subtraheret,
1197 1571 1256 1621 et
1286 1570 1469 1639 magis
1494 1571 1744 1642 eligeret

113 1645 463 1714 contemptus
476 1659 615 1701 esse
634 1646 1045 1704 mediocritate
1058 1666 1182 1721 sua,
1211 1667 1379 1723 quam
1398 1670 1467 1710 ex
1486 1657 1681 1727 inquin
1693 1674 1745 1713 a-

109 1726 250 1784 tione
270 1732 575 1789 societatis
599 1734 979 1793 factiosorum
1004 1753 1245 1810 sperare
1269 1743 1488 1813 majora
1524 1764 1537 1802 :
1564 1726 1743 1801 maxi-

112 1830 188 1871 me
216 1832 337 1874 cum
368 1820 597 1878 videret
631 1825 935 1894 praefatum
971 1830 1308 1886 reverendm
1342 1834 1637 1890 memoriae
1661 1835 1742 1891 vi-
1766 1865 1822 1927 B

109 1918 218 1960 rum
246 1908 541 1966 Annonem
578 1911 781 1968 dolere
815 1919 877 1968 et
906 1929 1142 1985 gemere
1191 1918 1484 1990 frequenti
1526 1923 1740 1979 contri-

108 1992 261 2063 tione,
292 1995 621 2055 desolatum
652 2002 763 2057 sub
808 2002 912 2058 tali
960 2005 1228 2079 principe
1278 2014 1497 2066 statum
1548 2012 1739 2084 regni,

112 2081 444 2143 incurvatum
470 2087 572 2157 jus
590 2089 667 2144 im
679 2091 846 2163 perii,
864 2095 1187 2152 contritum
1203 2111 1385 2155 cornu
1402 2099 1663 2171 dominii,
1683 2102 1736 2157 in

112 2180 365 2240 quoesset
377 2176 505 2232 sola
521 2193 664 2250 spes
679 2179 1032 2250 dejectionis
1054 2185 1520 2261 aecclesiasticai,
1538 2194 1596 2245 et
1610 2205 1740 2261 pcr-

110 2261 342 2318 turbatio
353 2266 519 2335 pacis
533 2268 867 2340 catholica),
890 2273 1159 2331 confusio
1171 2280 1233 2331 et
1256 2275 1485 2349 horror,
1511 2279 1740 2337 vanitas

113 2352 166 2400 et
184 2352 463 2423 contritio,
491 2359 553 2411 et
572 2356 766 2412 omnia
790 2361 1178 2429 pessumdaus
1197 2364 1469 2437 superba,
1486 2365 1734 2437 lubrica,

114 2446 256 2504 vana,
286 2437 628 2498 inconstans
657 2446 833 2513 atque
867 2444 1158 2505 immunda
1196 2452 1578 2523 prrsumptio.
1630 2453 1736 2508 Ubi

111 2534 232 2577 vero
251 2526 633 2599 episcopatus
657 2530 904 2588 officium
928 2534 1179 2607 adeptus
1193 2544 1305 2609 est,
1322 2540 1469 2595 satis
1484 2540 1735 2612 penituit

116 2609 176 2663 de
190 2625 340 2669 manu
357 2617 513 2687 regis
530 2617 700 2675 illius
714 2619 1124 2680 investituram
1143 2609 1518 2697 pontificatus
1529 2643 1591 2684 se
1614 2645 1740 2686 sus-

117 2698 331 2771 cepisse,
365 2704 513 2761 adeo
554 2713 617 2763 ut
649 2709 825 2765 etiam
858 2711 1190 2783 impositam
1223 2715 1588 2786 praelationis
1621 2732 1742 2774 sar-

123 2785 284 2843 cinam
308 2789 493 2850 libens
514 2795 814 2867 rejecerit,
839 2799 1044 2857 volens
1065 2785 1423 2875 deposuerit,
1446 2810 1570 2861 toto
1593 2822 1654 2863 se
1669 2807 1740 2862 ab

121 2888 177 2929 ea
194 2877 310 2934 nisu
331 2885 729 2956 excusaverit,
752 2887 798 2941 si
824 2901 1127 2946 assensum
1148 2893 1531 2963 praestitisset
1548 2898 1742 2952 aucto-

122 2962 243 3020 ritas
269 2967 497 3027 Romani
532 2974 854 3047 pontificis,
888 2979 1037 3049 apud
1064 2962 1229 3050 quem
1262 2997 1370 3052 pro
1392 2985 1738 3042 excessibus

124 3052 245 3120 suis,
268 3055 319 3110 id
338 3063 426 3114 est
451 3060 692 3118 incaute
709 3070 987 3136 usurpata
1002 3069 1203 3125 eadem
1221 3070 1592 3143 investitura,
1608 3088 1735 3145 quae

121 3147 194 3195 est
230 3150 421 3202 contra
464 3148 741 3207 instituta
787 3154 1089 3225 canonica,
1133 3157 1363 3229 culpam
1411 3160 1579 3217 fateri
1623 3176 1735 3218 non

116 3231 349 3304 erubuit,
379 3238 649 3308 satisque
680 3240 834 3296 cavit
864 3242 920 3296 in
950 3249 1249 3315 posterum
1278 3262 1307 3303 a
1330 3250 1737 3307 communione

119 3317 228 3385 ejus
249 3328 301 3377 et
326 3324 622 3382 fautorum
647 3327 792 3399 ejus,
824 3337 1068 3402 propter
1088 3335 1243 3404 quod
1265 3342 1324 3391 et
1348 3341 1509 3392 tanta
1529 3353 1736 3409 passus

120 3412 212 3497 est,
235 3415 291 3465 ut
314 3416 367 3467 et
388 3413 582 3470 deillo
598 3415 817 3473 dictum
843 3420 1030 3491 possit
1053 3422 1239 3479 videri
1270 3426 1424 3497 :E’go
1438 3426 1744 3485 ostendam

122 3493 204 3551 illi
227 3502 448 3568 quanta
475 3504 753 3574 oporteat
763 3519 895 3563 emn
902 3522 1018 3579 pro
1034 3512 1270 3568 nomine
1286 3493 1411 3569 meo
1425 3516 1566 3586 pati
1591 3516 1737 3580 (Act.

123 3595 184 3650 ix,
216 3586 312 3656 16).
345 3589 403 3643 In
438 3590 631 3661 primo
662 3606 803 3649 sane
832 3609 1152 3665 congressu
1201 3614 1408 3670 passus
1452 3607 1542 3657 est
1590 3605 1741 3674 quod

125 3669 213 3725 fuit
240 3672 500 3750 hominis,
542 3684 609 3734 ut
630 3678 886 3738 disceret
900 3684 1017 3753 jam
1043 3685 1099 3740 in
1123 3669 1403 3759 secundo,
1430 3690 1527 3760 qui
1550 3669 1744 3749 ei—fuit

121 3756 253 3828 jugis
279 3767 334 3818 et
364 3773 713 3838 perpetuus,
747 3769 816 3826 de
846 3773 963 3828 Deo
997 3788 1353 3843 praesumere
1384 3756 1496 3833 non
1539 3779 1609 3835 de
1658 3795 1739 3836 se.

127 3843 317 3917 Lapsus
346 3859 435 3910 est
464 3855 624 3910 enim
659 3861 723 3912 ut
752 3858 942 3931 homo,
980 3860 1261 3920 titubavit
1292 3869 1351 3920 ut
1381 3866 1574 3938 homo,
1609 3868 1744 3938 quia

128 3950 467 4021 praesumpsit
498 3958 565 4009 ut
594 3953 785 4010 homo.
823 3956 932 4013 Sed
956 3962 1299 4017 evacuatum
1318 3964 1540 4034 estjam
1564 3965 1619 4020 in
1643 3965 1744 4022 illo

130 4035 437 4096 scandalum
460 4042 792 4114 obprobrii,
829 4046 962 4116 quia
983 4046 1041 4101 in
1065 4048 1325 4106 bonitate
1349 4052 1482 4109 vitae
1505 4068 1626 4110 suae
1650 4055 1747 4111 ab-

131 4122 319 4181 scisum
350 4132 441 4185 est
471 4131 632 4202 quod
664 4135 1121 4192 conturbaverat
1156 4137 1314 4195 illum
1341 4157 1355 4203 ;
1378 4144 1435 4196 et
1456 4156 1561 4214 per
1583 4143 1744 4200 illum

132 4208 286 4269 bonos
314 4230 539 4286 omnes,
570 4224 632 4274 et
655 4221 1022 4279 obscuritate
1046 4231 1386 4285 rarescente
1409 4208 1627 4287 reluxit
1649 4247 1747 4289 au-

133 4312 256 4371 rum,
287 4300 537 4365 invaluit
546 4309 729 4366 color
756 4311 1032 4385 optimus,
1066 4314 1431 4387 resplenduit
1466 4319 1523 4375 in
1552 4320 1747 4378 diade-

133 4392 260 4445 mate
288 4393 437 4467 regis
465 4398 657 4452 eterni
690 4397 841 4470 lapis
871 4403 1211 4460 sanctuarii.
1242 4406 1347 4461 llic
1370 4406 1552 4478 igitur
1585 4408 1640 4464 in
1664 4409 1747 4481 ip-

131 4486 186 4529 so
211 4479 383 4547 primo
415 4497 526 4540 suo
558 4484 849 4559 ingressu,
901 4489 1238 4560 apostolicae
1287 4493 1569 4553 doctrin
1615 4479 1747 4554 exe-

1332 370 1831 445 CHRONICON.
1868 419 1943 431 -—
1973 384 2133 452 LIB.
2170 390 2239 453 11.

180 495 310 565 (Fol.
340 490 499 567 124⁵.)
526 498 760 554 Preerat
788 505 924 557 tunc
948 505 1227 575 temporis
1246 507 1418 580 (179‘)
1433 510 1737 570 Medioma-
1766 518 1822 577 A

3379 417 3496 479 326

1854 536 2194 607 religiosum
2227 544 2435 612 virum,
2471 549 2541 604 de
2569 552 2738 621 cujus
2769 555 2879 610 ﬁde
2910 563 2967 611 et
3018 566 3496 630 magnanimitate

1853 625 2194 699 confideret,
2217 632 2569 693 absolveret.
2593 641 2666 693 At
2688 638 2785 696 ille
2809 643 2991 700 vicem
3014 625 3368 708 ohe—dientim
3394 654 3496 711 im-

1853 728 2074 783 ponens
2105 718 2301 775 abbati
2336 723 2700 784 Divionensis
2720 733 2990 803 coenobii,
3018 735 3234 793 Mettim
3256 753 3385 797 eum
3414 743 3497 799 di-

1856 803 2025 892 rexit,
2065 819 2094 860 a
2124 821 2238 877 quo
2272 810 2581 871 absolutus
2612 822 2698 872 est
2733 818 2858 889 ipsa
2890 822 3086 892 vigilia
3134 828 3347 885 natalis
3389 832 3496 887 Do-

1856 904 2012 947 1111111.

1929 981 2066 1052 (Pol.
2096 987 2243 1058 195.)
2263 989 2400 1046 Cum
2424 1006 2564 1061 ergo
2589 995 2729 1051 totis
2754 998 3023 1057 medullis
3043 1003 3495 1064 cordisadbere-

1856 1072 1946 1123 ret
1976 1077 2287 1146 prmceptis
2317 1080 2676 1154 apostolicis,
2707 1091 2765 1140 et
2797 1101 2828 1140 e
2860 1092 3155 1148 contrario
3200 1095 3389 1152 omnia
3439 1098 3491 1154 ei

1856 1155 2173 1245 intentaret
2202 1165 2446 1224 adversa
2480 1169 2802 1240 indignatio
2835 1177 3013 1245 regia,
3040 1184 3096 1235 et
3140 1180 3317 1239 fallax
3355 1185 3493 1242 adu-

1858 1244 2097 1305 lantium
2130 1253 2182 1307 ei
2216 1253 2432 1325 lingua,
2464 1244 2944 1330 conquerentiuin
2966 1282 3077 1322 non
3104 1285 3273 1339 posse
3295 1278 3495 1330 aucto-

1856 1334 2089 1393 ritatem
2120 1349 2336 1399 sanctae
2370 1346 2640 1406 Romanze
2661 1351 2946 1410 aecclesiaa
2966 1334 3160 1425 regem
3184 1358 3495 1431 imperato-

1857 1422 1937 1477 ris
1965 1424 2145 1483 filium
2180 1443 2211 1485 a
2251 1433 2367 1488 Deo
2412 1434 2665 1494 electum
2711 1443 2770 1495 et
2819 1422 3180 1517 honoratum,
3234 1422 3492 1508 sanctam

1858 1510 2009 1568 illam
2044 1517 2219 1585 regia:
2252 1522 2575 1592 majestatis
2606 1526 2947 1596 dignitatem
2998 1548 3028 1587 a
3075 1510 3290 1592 seculis
3318 1538 3493 1597 hono-

1855 1607 2040 1658 ratam
2070 1606 2386 1681 deponere,
2417 1616 2473 1667 et
2507 1628 2536 1668 a
2569 1617 2793 1683 gremio
2841 1621 3044 1677 matris
3089 1624 3354 1683 ecclesiae
3404 1643 3493 1686 se-

1851 1703 2117 1763 gregare,
2153 1700 2212 1750 et
2243 1712 2518 1757 concessa
2554 1704 2785 1774 privare
2831 1713 3149 1779 potestate,
3203 1730 3332 1771 cum
3380 1732 3491 1773 non

1849 2058 1985 2114 erga
2001 2061 2201 2105 eorum
2218 2050 2471 2123 impetus
2494 2058 2734 2128 scriptis
2748 2058 3090 2131 apostolicis
3103 2068 3269 2135 quasi
3284 2069 3489 2141 clypeo

1848 2131 2207 2193 defensionis
2236 2141 2579 2213 muniretur,
2612 2146 2757 2203 hanc
2788 2150 2840 2204 ei
2871 2152 2943 2206 ab
2978 2154 3121 2209 urbe
3144 2155 3491 2215 mitissimus

1849 2220 2229 2283 doctormisit
2244 2228 2426 2301 (1081)
2442 2233 2750 2303 epistolam
2776 2252 2879 2309 per
2893 2240 3012 2296 Rod
3024 2240 3204 2298 ultum
3218 2244 3488 2303 abbatem

1848 2309 2231 2373 Virdunensis
2261 2322 2620 2394 monasterii,
2655 2325 2734 2380 ita
2754 2329 3208 2387 auctoritatibus
3232 2333 3489 2404 Scriptu-

1848 2413 2043 2457 rarum
2076 2403 2402 2464 divinarum
2439 2412 2716 2468 munitam
2750 2419 2926 2487 atque
2960 2418 3232 2475 refertam
3274 2403 3493 2479 doctri-

1849 2501 2053 2558 nseque
2086 2494 2427 2563 apostolica:
2459 2498 2579 2555 sale
2605 2503 2919 2573 conditam,
2959 2510 3018 2561 ut
3049 2507 3154 2563 hec
3187 2508 3307 2566 sola
3338 2512 3494 2567 sulti-

1848 2574 1964 2629 ciat
2000 2576 2271 2637 fidelibus
2301 2583 2372 2638 ad
2406 2587 2819 2647 confutandam
2843 2593 3312 2653 adversariorum
3337 2599 3494 2671 inep-

1850 2666 1966 2718 tam
1998 2665 2308 2725 stultitiam
2337 2690 2349 2725 :

1921 2770 2069 2836 (Fel.
2087 2775 2235 2845 125.)
2253 2777 2603 2847 «Gregorius
2616 2782 2949 2856 episcopus,
2968 2802 3175 2845 servus
3190 2805 3491 2848 servorum

1846 2856 1968 2927 Dei,
2003 2859 2218 2918 dilecto
2246 2864 2302 2919 in
2337 2866 2570 2923 Christo
2602 2871 2768 2926 fratri
2800 2872 2867 2905 “1
2900 2875 3165 2933 Mettensi
3188 2878 3488 2952 episcopo,

1849 2944 2098 3003 salutem
2130 2955 2189 3005 et
2238 2955 2619 3023 apostolicam
2670 2960 3149 3019 benedictionem.
3204 2944 3364 3031 Quod
3396 2944 3489 3023 'ad

1850 3037 2229 3106 perferendos
2255 3040 2489 3099 labores
2506 3051 2565 3100 et
2588 3048 2846 3117 pericula
2870 3065 2976 3121 pro
2991 3051 3324 3109 defensione
3339 3057 3489 3112 veri-

1848 3124 1990 3179 tatis
2021 3130 2081 3180 te
2114 3135 2378 3198 paratum
2410 3132 2811 3208 intelligimus,
2846 3138 3022 3195 divini
3057 3142 3312 3199 muneris
3363 3158 3492 3200 esse

1770 3217 1818 3278 (1
1850 3223 1961 3266 non
1995 3212 2351 3288 dubitamus,
2382 3240 2409 3272 »
2441 3227 2552 3277 etc.
2588 3223 2756 3294 (180).

1923 3318 2062 3389 (Fol.
2090 3324 2238 3394 128.)
2262 3326 2414 3382 Hanc
2436 3328 2613 3398 igitur
2630 3330 2934 3401 epistolam
2959 3333 3493 3407 Mettensisjepisco-

1849 3422 1961 3479 pus
1975 3412 2321 3485 suscipiens,
2345 3414 2654 3486 plurimum
2671 3421 3135 3478 confortatuscst
3158 3424 3213 3479 in
3228 3425 3487 3481 Domino.

1849 3496 2060 3554 Verum
2085 3515 2190 3556 nos
2207 3502 2317 3559 hac
2350 3504 2597 3561 decursa
2629 3508 2700 3563 ad
2729 3508 2988 3566 historia)
3011 3511 3270 3568 ordinem
3292 3514 3495 3570 redea-

1853 3600 1997 3644 mus.

1924 3696 2030 3750 Ubi
2063 3696 2135 3751 ad
2168 3712 2340 3755 aures
2362 3700 2615 3756 Heinrici
2640 3704 2796 3773 regis
2818 3708 2876 3759 et
2903 3705 3193 3762 fautorum
3217 3708 3345 3779 ejus
3364 3722 3500 3766 ana-

1854 3783 2109 3841 themata
2145 3787 2377 3844 domino
2408 3805 2554 3860 papa
2591 3791 2803 3847 factum
2840 3795 3162 3865 personuit,
3197 3795 3496 3853 infremuit

1852 3877 2157 3945 tyrannus,
2194 3876 2573 3933 factiosorum
2596 3880 2882 3948 strepitus
2905 3880 2960 3935 in
2988 3882 3143 3937 beati
3167 3884 3325 3939 Petri
3343 3884 3499 3942 vica-

1857 3962 2003 4017 rium
2037 3977 2262 4032 magum
2293 3978 2424 4019 eum
2458 3979 2591 4022 esse
2619 3971 2675 4022 et
2712 3966 3121 4039 impostorem,
3142 3970 3493 4044 hereticum,

1855 4048 2221 4122 homicidam,
2254 4052 2649 4125 fornicarium,
2681 4059 2738 4110 et
2768 4056 2816 4112 si
2841 4057 2979 4127 quid
3004 4057 3161 4116 aliud
3185 4067 3497 4119 aversatur

1857 4152 2014 4195 senm
2046 4139 2347 4198 doctrinae.
2380 4143 2499 4198 Non
2530 4143 2745 4201 debere
2774 4159 2991 4216 regem,
3026 4146 3399 4220 imperatoris
3438 4151 3501 4207 tl-

1856 4226 2017 4297 lium,
2054 4228 2151 4299 qui
2181 4244 2292 4285 non
2322 4230 2448 4286 sine
2478 4246 2653 4288 causa
2673 4232 2930 4304 gladium
2953 4241 3239 4309 portaret,
3267 4238 3363 4309 qui
3387 4239 3502 4297 Ro-

1856 4329 2041 4373 manis
2072 4318 2157 4374 rei
2188 4318 2437 4390 publica:
2467 4321 2754 4392 patricius
2787 4327 2949 4381 tutor
2979 4330 3041 4381 et
3069 4325 3343 4384 defensor
3364 4343 3500 4386 esse

1860 4404 2123 4477 deberet,
2144 4410 2367 4464 tantam
2388 4409 2508 4480 pati
2534 4415 2755 4468 sanctae
2776 4413 2875 4468 Dei
2898 4414 3180 4472 aecclesiae
3194 4416 3501 4476 conculca-

1861 4494 2098 4567 tionem,
2131 4500 2193 4552 ut
2217 4497 2389 4555 homo
2411 4499 2667 4557 omnium
2689 4502 3025 4575 peripsima,
3052 4519 3157 4575 pro
3178 4505 3301 4561 suis
3319 4505 3502 4562 scele-

133 4570 322 4630 quutor
343 4568 555 4641 factus,
581 4586 714 4628 cum
733 4575 1107 4645 postmodum
1121 4581 1608 4640 communicasset
1624 4583 1742 4656 regi
1774 4564 1828 4630 Ῑ)
1860 4585 2023 4642 ribus
2047 4564 2207 4655 juste
2238 4585 2582 4659 puniendus,
2608 4592 2665 4644 et
2688 4590 2898 4645 merito
2922 4591 2994 4646 ab
3016 4590 3278 4648 aecclesia
3301 4596 3503 4650 extur-

134 4650 476 4715 sceterato‘et
501 4675 608 4731 pro
627 4662 956 4722 sceleribus
972 4671 1495 4744 excommunicato,
1521 4688 1551 4730 a
1576 4674 1745 4746 cujus

134 4750 205 4809 se,
236 4748 292 4798 ut
338 4746 558 4805 dictum
602 4755 695 4807 est
736 4752 854 4822 jam
902 4768 1006 4825 per
1055 4756 1417 4829 aliquantum
1464 4764 1749 4834 temporis

134 4835 508 4920 communione
540 4841 953 4914 suspenderat,
981 4843 1170 4903 doluit
1194 4852 1256 4904 ut
1284 4849 1661 4920 prmdiximus
1683 4868 1746 4910 se

134 4912 412 5012 deceptum
438 4944 454 4994 ;
473 4927 816 5000 viribusque
838 4912 1174 5007 resumptis,
1202 4952 1232 4994 a
1252 4912 1465 4996 domno
1489 4955 1635 5012 papa
1651 4943 1748 4999 ab-

135 5004 458 5100 solutionem
482 5018 735 5087 quesivit
756 5022 958 5078 errati.
984 5004 1092 5090 Qui
1107 5004 1279 5082 etiam
1299 5004 1581 5100 prince-pti-
1592 5031 1748 5088 dom-

136 5106 197 5188 no
222 5096 403 5157 Diensi
435 5105 736 5178 episcopo,
771 5112 832 5164 ut
856 5124 987 5167 eum
1010 5112 1138 5169 vice
1167 5129 1267 5171 sua
1288 5096 1388 5172 aut
1409 5096 1515 5188 per
1537 5131 1620 5190 se,
1646 5125 1743 5177 aut

135 5179 174 5233 si
204 5183 393 5245 timore
424 5192 580 5263 regis
607 5201 913 5254 vereretur
943 5197 1043 5256 illo
1063 5202 1336 5273 transire,
1370 5179 1474 5276 per
1494 5179 1746 5278 aliquem

1860 4672 2108 4745 bandus,
2141 4688 2424 4731 summam
2462 4674 2619 4731 illam
2653 4677 2797 4747 regii
2846 4677 3096 4734 nominis
3136 4678 3500 4749 majestatem

1857 4761 2225 4834 inpugnaret.
2248 4762 2615 4821 Maledictum
2640 4765 2859 4820 frustra
2882 4764 3194 4837 prolatum,
3212 4765 3269 4820 in
3289 4780 3441 4838 eum,
3466 4782 3501 4824 a

1859 4866 1973 4922 quo
2004 4856 2396 4923 processerat,
2431 4851 2889 4922 retorquendam
2919 4857 2985 4908 ut
3015 4853 3113 4923 qui
3136 4854 3371 4910 domino
3390 4868 3501 4912 suo

1857 4944 1917 4997 et
1948 4941 2073 5013 regi
2102 4942 2324 4998 foveam
2357 4942 2668 5011 paraverat
2700 4940 3149 5013 maledictionis,
3183 4956 3252 5000 eo
3280 4943 3501 5002 inmuni

1858 5033 2217 5102 remanente,
2252 5029 2371 5101 ille,
2405 5030 2501 5101 qui
2529 5034 2704 5100 caput
2727 5034 2785 5086 et
2806 5045 2982 5087 causa
3008 5031 3142 5088 mali
3164 5036 3313 5106 erat,
3338 5034 3502 5107 prior

1858 5118 2144 5176 incideret
2176 5119 2233 5175 in
2261 5133 2408 5175 eam.
2446 5121 2583 5175 Cum
2617 5119 2671 5174 in
2710 5119 2818 5176 hoc
2867 5120 3054 5177 omnis
3101 5128 3503 5196 perstreperet

1859 5207 2010 5279 aula,
2041 5206 2344 5265 decretum
2365 5211 2453 5265 est
2474 5207 2765 5264 communi
2788 5209 3060 5281 consilio,
3086 5216 3156 5270 ut
3176 5210 3273 5270 ille
3291 5212 3389 5284 qui
3413 5226 3504 5270 re-

1474 5321 1708 5382 VARIIE
1747 5325 2145 5384 LECTIONES.

194 5384 255 5420 ‘“
282 5389 623 5453 Herimanno
657 5401 1064 5474 supplendmn.

1691 5511 1913 5570 NOTAE.

201 5597 361 5740 (ΠΨ)
391 5603 548 5663 Obiit
585 5621 634 5663 a.
671 5615 808 5671 1090

222 5671 337 5740 180)
356 5674 556 5735 Exstat
582 5677 925 5740 innocente-
951 5687 1057 5740 lib.
1082 5702 1203 5740 xm-
1228 5705 1319 5740 8n-
1340 5694 1431 5740 ei-
1454 5693 1554 5740 eti

316 5672 556 5743 lExstat
582 5677 926 5763 in‘Regesto,
950 5687 1057 5748 lib.
1082 5702 1204 5765 ιιιιι,
1228 5705 1319 5766 ep.
1340 5694 1432 5767 21,
1454 5697 1518 5752 et
1539 5693 1597 5751 in
1618 5696 1750 5759 cod.

1864 5624 2121 5683 Udalrici
2152 5640 2208 5682 ιι.
2252 5628 2375 5683 150.
2412 5639 2444 5683 a

1864 5624 2121 5683 Udalrici
2152 5640 2208 5682 ιι.
2252 5628 2355 5683 150
2412 5639 2444 5683 a
2488 5625 2563 5683 nd
2593 5624 2769 5684 Eckh.
2796 5624 2893 5684 SS.
2925 5626 2995 5699 11,
3026 5632 3130 5687 158
3174 5640 3300 5704 sqq.
3354 5633 3503 5705 Apo-

1864 5696 2148 5772 graphum
2179 5697 2292 5755 hoc
2316 5668 2382 5757 ν’.
2536 5695 2766 5756 Urlicll‘s
2798 5697 3097 5758 debemus.

2536 5695 2766 5756 Urlicll‘s
2798 5695 3097 5758 debebitis.
