3894 6314
422 323 534 384 3‘27

1391 316 1762 386 HUGONIS
1806 309 2160 376 ABBATIS
2205 308 2882 379 FLAVINIACENSIS

423 458 732 515 verendam
765 474 793 513 a
829 453 1044 512 seculis
1073 453 1288 521 regiam
1323 453 1687 522 majestatem
1719 454 1790 508 ab
1831 449 2074 506 ecclesia
2107 453 2156 510 Α
2193 445 2478 518 omnibus,
2517 448 2591 504 ita
2632 456 2692 506 ut
2735 451 3137 522 Virdunensis,
3192 471 3358 527 quem
3404 460 3540 516 clam
3584 465 3769 522 absces.

421 555 714 605 extorrem
747 543 1260 618 pronunciaverat,
1295 543 1366 596 ab
1401 542 1684 598 :ecclesiae
1716 553 1959 610 corpore
1994 551 2078 592 se-

423 636 876 706 gregarctur,.et
891 633 1158 685 Romamn
1171 629 1453 685 :ecrlesire
1478 631 1756 700 pontifex,
1777 627 1873 698 qui
1901 639 2076 695 supra

423 738 624 780 omnes
655 729 766 786 cst,
802 722 872 777 ab
905 720 995 774 his
1030 719 1126 789 qui
1157 719 1208 773 ei
1237 719 1480 774 subesse
1506 717 1820 786 debebant,
1853 727 2080 769 excom-

427 811 803 868 municationi
827 807 1198 877 adjudicatus
1217 813 1328 861 est.
1361 805 1503 872 (F01.
1540 805 1696 868 I281)
1723 806 1766 858 Ο
1792 800 2076 859 dementia

427 896 942 970 imcomparabilis,
963 897 1122 950 furor
1139 893 1740 960 incdicibilis,iusania
1761 889 2076 946 mirabilis!

427 988 589 1057 Quis,
619 1001 777 1056 rogo,
819 985 1258 1056 imperatorum,
1314 982 1444 1052 quis
1495 997 1693 1050 regum
1743 981 1814 1036 ad
1862 982 2078 1034 tantam

425 1074 698 1146 prosilire
727 1087 904 1129 ausus
935 1075 1024 1126 est
1062 1075 1394 1140 protervam
1431 1069 1719 1124 insaniam
1749 1067 2082 1122 insanamve

424 1161 780 1237 proterviam
813 1165 875 1216 ut
921 1158 1197 1226 clavigeri
1251 1157 1514 1212 caelestis
1563 1156 1865 1225 vicarium,
1916 1153 2084 1222 cujus

426 1256 623 1324 lingua
655 1249 839 1306 clavis
874 1248 1006 1304 coeli
1041 1252 1154 1313 est,
1191 1247 1470 1301 canonice
1501 1245 1776 1313 electum,
1810 1245 1882 1298 ab
1931 1245 2084 1297 omni

421 1339 864 1404 christianitate
902 1340 1264 1406 susceptum,
1303 1336 1446 1389 bene
1472 1334 1780 1400 viventem,
1805 1335 1964 1387 recta
1988 1330 2088 1386 (Io-

424 1437 676 1500 centem,
730 1429 802 1484 ab
848 1424 1100 1480 ecclesia
1153 1422 1522 1478 alienandum
1573 1417 2086 1492 pronunciavcrit?

431 1522 770 1578 Conventus
791 1515 881 1570 hic
905 1512 1057 1584 apud
1083 1511 1340 1566 Ulterius
1361 1510 1685 1579 Trajectum
1711 1508 1945 1564 habitus
1972 1512 2080 1586 est,

433 1611 529 1668 ubi
566 1611 771 1663 contra
802 1605 979 1658 Deum
1014 1605 1072 1656 et
1102 1599 1399 1656 Dominum
1431 1599 1791 1669 disputatum
1816 1601 1926 1650 est.
1953 1595 2084 1649 Dies

433 1702 563 1756 erat
585 1692 834 1760 sabbati,
859 1696 913 1746 et
941 1703 1182 1760 vespere
1202 1688 1433 1744 sabbati
1455 1688 1575 1758 ipsa
1593 1691 1762 1742 nocte
1779 1684 2081 1740 dominica:

433 1786 549 1842 diei
579 1783 1008 1846 illuscescentc,
1043 1777 1096 1831 in
1130 1775 1382 1832 concilio
1407 1774 1842 1843 malignantium
1867 1771 2082 1826 consti-
2112 1809 2164 1867 Β

425 1879 618 1930 tutum
654 1873 741 1926 est
774 1872 830 1923 et
862 1865 1247 1921 deliberatum
1285 1867 1345 1919 ut
1378 1864 1431 1917 in
1464 1863 1721 1918 crastino
1751 1861 1820 1916 ad
1871 1859 2082 1914 missas

425 1963 479 2017 in
511 1959 764 2015 omnium
799 1953 1092 2010 audientia
1126 1966 1270 2024 papa
1299 1949 1925 2016 excommunicaretur,
1947 1947 2080 2018 quia

421 2064 597 2106 ausus
634 2046 840 2102 fuisset
878 2057 1073 2110 regem
1109 2047 1165 2096 et
1188 2040 1480 2095 dominum
1506 2053 1671 2094 suum
1693 2036 2082 2092 excommuni-

421 2151 555 2192 care
587 2153 601 2201 ;
631 2135 850 2204 justam
882 2133 1028 2186 hanc
1059 2143 1189 2183 esse
1221 2128 1592 2193 sententiain,
1628 2130 1692 2181 ut
1723 2125 1778 2178 in
1813 2139 1926 2194 quo
1955 2139 2081 2195 pec-

422 2227 684 2290 caverat,
719 2220 1050 2291 puniretur.
1086 2216 1299 2270 Aderat
1335 2215 1390 2268 in
1421 2229 1704 2268 concessu
1735 2212 1834 2267 illo
1886 2211 2077 2281 iniqua

421 2309 753 2378 gerentium
787 2304 1171 2362 Virdunensis
1199 2301 1590 2357 Theodericus
1612 2305 1672 2361 et
1694 2300 1834 2354 Pibo
1857 2299 2080 2354 Tullen-

426 2397 528 2458 sis.
565 2398 620 2450 et
652 2395 853 2466 plures
885 2392 1002 2460 alii,
1041 2391 1136 2460 qui
1165 2391 1280 2445 etsi
1313 2389 1584 2444 favebant
1609 2387 1784 2455 regiis
1803 2387 2075 2454 negociis,

425 2486 533 2540 hoc
549 2490 762 2550 tamen,
782 2481 914 2552 quia
935 2485 1268 2535 sanctorum
1287 2481 1516 2548 patrum
1534 2475 1808 2531 obviabat
1823 2476 2078 2530 decretis

424 2575 480 2626 et
506 2569 914 2628 sanctionibus
935 2566 1294 2636 repugnabat
1310 2563 1634 2636 canonicis,
1651 2561 1903 2617 aversati
1921 2566 2074 2636 sunt.

429 2643 498 2698 Et
529 2641 761 2713 quidem
793 2633 1049 2695 Tullensi
1083 2633 1138 2692 id
1171 2635 1340 2690 ollicii
1375 2634 1706 2704 impositum
1739 2648 1768 2686 a
1792 2647 1928 2702 rege
1948 2633 2074 2702 fuit,

423 2745 492 2786 eo
518 2727 674 2798 quod
699 2731 859 2782 esset
878 2723 1090 2779 mentis
1116 2722 1334 2777 timidae
1358 2726 1416 2775 et
1438 2719 2074 2788 multzeinconstantim,

430 2823 491 2874 ut
526 2815 830 2884 negocium
863 2813 917 2869 id
951 2813 1384 2882 exequeretur;
1409 2809 1507 2865 sed
1533 2809 1630 2864 ille
1656 2807 1788 2864 dum
1813 2808 2077 2879 pavctad

427 2903 655 2974 singula
687 2919 797 2958 nec
827 2905 1001 2958 audet
1037 2899 1230 2970 reniti,
1267 2903 1441 2954 noctu
1464 2913 1594 2954 cum
1619 2895 1964 2953 Virdunensi
1991 2911 2078 2950 as-

429 2991 680 3064 sumptis
712 2990 884 3048 sociis
914 2990 1062 3058 fugze
1097 3004 1156 3045 se
1177 2987 1368 3043 credit
1391 2985 1638 3042 consilio
1665 3003 1678 3052 ;
1703 2984 2077 3054 quamobrem

427 3085 483 3135 et
519 3080 574 3134 in
608 3079 927 3136 crastinum
961 3077 1260 3146 aliquanto
1293 3073 1579 3129 morosius
1609 3071 1952 3142 prolongata
1985 3079 2077 3126 est

2190 535 2338 589 sissc
2369 538 2720 608 notavimus,
2760 541 2885 596 urbi
2917 558 3037 598 sua}
3082 547 3560 618 appropinquans,
3605 565 3768 609 exeun-

2193 623 2351 678 tibus
2381 625 2488 678 sibi
2541 627 2767 684 obviam
2826 629 3062 686 clericis
3113 633 3232 688 suis
3279 650 3403 690 cum
3452 640 3694 694 crucibus
3727 651 3766 697 et

2189 712 2397 774 cereis,
2447 721 2508 768 ut
2554 716 2731 770 moris
2779 723 2889 786 est,
2947 722 3372 790 processionem
3423 725 3594 796 palam
3639 729 3768 785 inter-

2192 799 2428 870 dixerit,
2461 807 2519 856 et
2552 807 3114 863 excommunicatum
3147 825 3210 865 se
3243 812 3372 880 quia
3395 813 3463 867 ad
3485 814 3768 872 horamces-

2194 888 2369 943 sisset
2404 891 2900 962 pronunciaverit,
2937 897 3197 967 satisque
3233 904 3365 956 tunc
3412 901 3692 970 penituerit
3732 908 3767 958 in

2193 979 2792 1037 excommunicatione
2825 983 3037 1038 domini
3073 1001 3235 1056 papa:
3267 1001 3329 1042 se
3379 989 3622 1046 factiosis
3657 1008 3772 1048 com-

2196 1065 2557 1134 municasse;
2593 1069 2669 1124 ita
2707 1076 2768 1125 ut
2801 1072 2986 1142 palam
3040 1079 3486 1146 protestaretur,
3537 1079 3651 1152 quia
3694 1082 3771 1136 nisi

2197 1153 2388 1209 divina
2425 1155 2506 1210 illi
2549 1159 2944 1229 prospexisset
2998 1163 3398 1221 misericordia
3447 1172 3506 1221 et
3551 1169 3772 1224 bonorum

2197 1241 2453 1298 virorum
2488 1245 2696 1316 oratio,
2735 1263 2935 1318 penam
2967 1265 3137 1320 quam
3173 1251 3490 1310 Willelmus
3522 1271 3772 1328 perpessus

2197 1334 2344 1399 erat,
2381 1331 2506 1401 ipse
2543 1335 2908 1404 pertulisset.
2945 1338 3328 1403 Quamobrem
3362 1344 3530 1398 etiam
3559 1362 3695 1416 papa}
3717 1349 3773 1403 di-

2199 1419 2390 1474 missis
2424 1422 2666 1489 nunciis,
2695 1425 2904 1479 abbate
2930 1427 3201 1483 videlicet
3223 1429 3466 1486 Rodulfo
3486 1447 3602 1488 eum
3620 1437 3773 1505 sociis,

2195 1521 2326 1561 cum
2385 1525 2443 1564 se
2473 1511 2705 1567 omnino
2739 1528 2843 1583 pro
2874 1516 3274 1572 communione
3305 1517 3404 1572 illa
3453 1525 3776 1578 excommuni-

3585 329 3853 420 .828,

2195 1601 2387 1652 catum
2421 1599 2753 1669 aﬂlrmaret,
2789 1606 2844 1656 et
2875 1603 2949 1658 ob
2981 1603 3038 1658 id
3071 1605 3142 1660 ab
3182 1606 3370 1662 oﬂicio
3416 1619 3695 1680 cessasset,
3737 1613 3773 1666 in
3851 1673 3853 1686 η

2195 1700 2362 1741 manu
2413 1687 2540 1755 ejus
2591 1704 2692 1759 per
2740 1689 2970 1748 litteras
3018 1692 3168 1765 (184)
3221 1695 3428 1751 stolam
3479 1698 3703 1754 reddidit
3734 1707 3770 1753 ιιι

2195 1773 2448 1831 anulum.
2485 1779 2710 1832 Etcum
2763 1794 2825 1834 se
2872 1780 2954 1835 sic
3005 1781 3128 1852 ipse
3177 1783 3536 1856 dampnaret,
3572 1789 3770 1858 parebat

2194 1865 2382 1918 tamen
2416 1865 2558 1933 regi,
2595 1867 2724 1936 quia
2761 1868 2864 1923 hec
2896 1874 3023 1924 erat
3073 1871 3212 1926 hora
3263 1871 3414 1943 ejus,
3465 1880 3519 1930 et
3569 1880 3770 1946 potestas

2197 1953 2588 2034 tenebrarum.
2627 1956 2762 2010 Nam
2797 1956 3180 2014 inveteratam
3213 1961 3339 2030 ejus
3374 1963 3657 2030 maliciam,
3680 1979 3768 2034 qua:

2192 2040 2606 2111 obduraverat,
2646 2059 2756 2098 nou
2797 2045 3140 2114 frangebant
3172 2049 3491 2116 miracula;
3537 2058 3594 2106 ut
3637 2053 3772 2107 incre-

2193 2135 2385 2184 menta
2454 2130 2730 2186 viciorum
2791 2140 3064 2203 parerent
3110 2135 3161 2190 ei
3214 2137 3391 2192 etiam
3443 2139 3770 2194 abditamenta

2191 2205 2635 2256 tormentorum.
2677 2208 2688 2248 ε
2725 2206 2832 2258 nde
2865 2209 2926 2259 et
2973 2205 3272 2276 impletum
3321 2215 3415 2264 est
3463 2210 3514 2264 in
3559 2225 3619 2266 eo
3660 2211 3770 2280 qUod
3851 2221 3853 2252 I

2192 2287 2473 2358 scriptum
2508 2296 2600 2344 est
2635 2309 2646 2344 :
2677 2291 2868 2347 Multo
2899 2291 3099 2350 labore
3140 2296 3423 2353 sudatum
3473 2300 3570 2368 est,
3613 2299 3662 2354 et
3693 2313 3775 2352 non

2190 2377 2386 2431 exitii
2409 2377 2478 2431 de
2491 2391 2551 2431 eo
2563 2379 2754 2434 nimia
2766 2379 2977 2451 rubigo
2991 2383 3120 2452 ejus
3135 2397 3352 2454 meper
3367 2385 3570 2456 ignem.
3588 2384 3772 2456 (Bacch.
3851 2391 3853 2444 ξ

2192 2479 2338 2534 xxrv,
2379 2470 2488 2530 1‘2.)
2523 2465 2676 2534 ignis
2711 2467 2860 2522 enim
2911 2469 2961 2524 ci
3015 2470 3420 2528 tribulationis
3466 2475 3775 2530 circumstre-

2193 2554 2386 2622 pcbat,
2422 2552 2519 2622 qui
2548 2552 2828 2609 viciorum
2863 2555 3188 2625 rubiginem
3223 2567 3540 2630 purgaret;
3571 2559 3660 2617 sed
3699 2574 3772 2614 nec

2191 2657 2294 2711 per
2326 2641 2510 2710 ignem
2545 2643 2866 2711 rubiginem
2900 2645 3111 2714 amisit,
3153 2647 3250 2716 qui
3306 2663 3412 2705 nec
3461 2665 3560 2720 per
3601 2647 3771 2716 ﬂagella

2189 2734 2494 2804 correctus
2525 2735 2636 2800 est,
2669 2731 2803 2804 quia
2841 2732 3063 2789 malicia
3095 2735 3222 2804 ejus
3253 2750 3282 2790 a
3337 2739 3639 2794 conflatore
3679 2750 3773 2790 con-

2191 2801 2338 2856 sumi
2370 2816 2481 2856 non
2518 2802 2726 2871 potuit.

2261 2888 2400 2958 (Fol.
2436 2890 2600 2960 129‘.)
2637 2893 2797 2948 Anno
2828 2892 3248 2950 incarnationis
3272 2901 3432 2967 1087,
3456 2893 3774 2954 obiitWillel-

2189 2991 2316 3032 mus
2348 2978 2663 3048 Anglorum
2699 2995 2818 3036 rex.

2262 3067 2440 3135 (1080,
2478 3067 2602 3123 Oct.
2647 3073 2751 3139 15.)
2785 3073 2948 3126 Anno
2981 3071 3160 3139 igitur
3187 3074 3260 3128 ab
3294 3073 3674 3130 incarnatione
3699 3073 3772 3125 Do-

419 3167 638 3237 negotii
686 3165 858 3235 hujus
903 3162 1220 3233 exequutio
1288 3161 1456 3231 (181).
1508 3160 1678 3215 Solus
1755 3159 2076 3214 Willelmus
2107 3158 2156 3222 C
2191 3155 2324 3210 mini
2353 3161 2508 3224 1079,
2547 3157 2759 3214 factum
2791 3163 2878 3212 est
2907 3158 3169 3229 praelium
3201 3161 3256 3215 in
3292 3161 3556 3232 Saxonia,
3605 3162 3651 3216 in
3694 3174 3774 3230 quo
3851 3179 3853 3234 έ

2189 3243 2472 3299 Rodulfus
2504 3259 2606 3300 rex
2636 3245 2870 3317 cecidit,
2901 3251 2959 3301 et
2990 3247 3297 3304 Heinricus
3343 3251 3604 3319 fugiendo
3629 3249 3775 3303 victus
3851 3243 3853 3248 “

421 3253 812 3324 Trajectensis
844 3252 1114 3306 inventus
1144 3253 1255 3318 est,
1292 3249 1388 3318 qui
1423 3248 1557 3304 dum
1604 3249 1935 3304 hesternam
1985 3263 2078 3302 ru-

420 3347 542 3398 ctet
577 3339 900 3410 crapulam,
933 3337 1128 3408 posuit
1161 3337 1216 3391 in
1249 3336 1459 3392 cualum
1491 3352 1558 3391 os
1583 3351 1771 3404 suum,
1797 3339 1853 3389 et
1881 3335 2073 3404 lingua

421 3430 552 3500 ejus
585 3430 640 3484 in
677 3427 972 3484 dominum
1005 3429 1061 3480 et
1088 3425 1430 3494 magistrum
1453 3439 1620 3479 suum
1646 3423 2074 3478 maledictiouis

423 3515 946 3586 intorsitjaculum
977 3517 1144 3586 (182).
1181 3514 1288 3569 Sed
1324 3529 1435 3568 non
1475 3512 1706 3583 inpune.
1758 3513 1894 3568 Nam
1943 3525 2074 3568 cum

422 3606 533 3662 hoc
567 3607 722 3661 inter
753 3619 915 3662 sacra
951 3603 1256 3662 missarum
1287 3601 1609 3674 peregisset
1645 3600 1987 3672 solempnia,
2015 3607 2070 3655 et

419 3696 661 3767 peracto
688 3693 911 3751 scelere
935 3693 1106 3749 datus
1131 3691 1185 3746 in
1209 3691 1524 3762 reprobum
1541 3704 1770 3746 sensum
1785 3689 1856 3745 ad
1871 3688 2070 3744 eadem

419 3783 816 3858 perexplenda
840 3783 1266 3852 accingeretur,
1296 3794 1364 3835 ne
1389 3779 1480 3835 vel
1504 3778 1556 3834 in
1583 3779 1690 3834 hoc
1713 3792 1743 3834 a
1765 3779 2074 3848 Judaepro-

417 3873 628 3930 ditoris
659 3872 958 3928 consortio
987 3875 1046 3926 et
1079 3869 1288 3924 merito
1312 3872 1707 3940 separaretur,
1736 3866 1830 3922 ubi
1857 3881 2072 3936 corpus

419 3961 788 4032 dominicum,
823 3961 876 4015 in
908 3960 1062 4030 quod
1093 3963 1464 4030 peccaverat,
1500 3957 1647 4013 male
1668 3956 1776 4012 sibi
1799 3955 2074 4012 conscius

421 4051 674 4122 sumpsit
706 4050 854 4106 ultio
883 4049 1076 4104 divina
1105 4047 1476 4102 manifestata
1499 4049 1610 4101 est.
1639 4047 1961 4102 Percussus
1983 4049 2074 4100 est

421 4137 572 4194 enim
606 4153 637 4192 a
669 4139 788 4193 Deo
822 4136 988 4208 plaga
1020 4133 1353 4204 insanabili,
1389 4134 1466 4189 ita
1500 4139 1560 4190 ut
1594 4149 1722 4189 cum
1747 4133 1991 4190 horrore
2013 4139 2070 4189 et

420 4231 664 4297 stupore
686 4223 939 4280 mirabili
963 4224 1240 4280 clamaret
1269 4241 1281 4278 :
1304 4223 1496 4278 Ardea
1513 4233 1533 4278 ,ι
1557 4223 1776 4280 ardea!
1799 4223 1933 4293 quia
1947 4237 2073 4278 eor-

419 4329 530 4386 pus
562 4314 718 4384 quod
750 4312 1030 4381 viviﬁcat,
1065 4310 1391 4368 incendium
1419 4309 1502 4366 illi
1522 4325 1866 4383 pmnamque
1888 4311 2072 4383 parie-

417 4404 540 4473 bat,
578 4402 733 4474 quod
762 4405 1065 4458 exarserat
1098 4400 1155 4456 in
1183 4415 1250 4456 eo
1279 4399 1430 4457 sicut
1458 4399 1606 4470 ignis
1645 4400 1700 4455 in
1752 4401 1954 4471 spinis,
2010 4404 2068 4457 ut

2187 3337 2297 3387 est.
2339 3335 2450 3388 lloc
2485 3334 2687 3389 eodem
2721 3350 2870 3390 anno
2904 3335 3054 3391 facta
3079 3343 3210 3392 sunt
3237 3341 3499 3396 tonitrua
3521 3338 3774 3406 etfulgura

2189 3421 2243 3474 in
2275 3422 2567 3492 Januario,
2603 3427 2662 3478 et
2710 3423 2842 3478 luna
2895 3424 3056 3494 nigra
3108 3429 3162 3480 et
3215 3429 3646 3497 sanguinolenta
3685 3424 3774 3482 visa

2185 3516 2271 3569 est
2305 3516 2336 3566 3
2363 3512 2485 3568 Kal.
2515 3513 2677 3566 Febr.
2712 3513 2781 3567 Et
2801 3513 3066 3582 sequenti
3091 3528 3240 3570 anno
3270 3511 3775 3572 Witbertusinvasit

2187 3601 2382 3657 sedem
2407 3600 2806 3672 apostolicam,
2833 3617 2860 3656 a
2887 3601 3215 3673 dampnatis
3236 3600 3776 3662 etexcommuuicatis

2187 3691 2395 3760 suique
2429 3688 2720 3744 similibus
2755 3689 2808 3743 in
2842 3690 3252 3760 apostaticum,
3291 3707 3405 3748 non
3451 3689 3776 3764 apostolicum

2184 3778 2428 3834 electus.
2481 3779 2658 3850 (Legg
2707 3793 2766 3848 ιι,
2816 3779 2929 3848 51.)
2981 3778 3120 3844 Qua}
3168 3780 3528 3852 conspiratio
3576 3777 3773 3850 primum

2188 3871 2338 3923 tacta
2363 3871 2456 3922 est
2475 3867 2626 3938 apud
2654 3867 2924 3936 Brixiam,
2952 3863 3779 3939 ubicongregatialiquiepisco-

2187 3971 2390 4029 porum
2425 3956 2497 4010 de
2548 3955 2821 4026 sinagoga
2865 3960 3102 4026 Satanae,
3161 3957 3364 4012 traditi
3415 3959 3471 4013 in
3520 3953 3776 4028 reprobum

2184 4059 2442 4114 sensum,
2476 4049 2679 4100 contra
2713 4043 2903 4114 ﬁdem,
2941 4059 3068 4114 qua:
3099 4052 3190 4100 est
3242 4046 3536 4102 confessio
3566 4042 3774 4110 Petri,et

2184 4138 2442 4190 sanctam
2476 4134 2672 4188 sedem
2705 4131 2830 4202 ejus
2857 4133 3168 4188 Romanam
3199 4133 3522 4192 accclesiam
3553 4129 3717 4202 turpia
3735 4128 3775 4181 et

2183 4221 2426 4277 nefanda
2459 4221 2766 4291 jacientes,
2801 4221 2871 4276 ad
2924 4219 3348 4292 plenitudinem
3401 4215 3774 4294 dampnationis

2183 4325 2302 4368 sua:
2349 4309 2654 4380 elegerunt
2703 4310 3051 4366 Witbertum
3108 4311 3536 4370 heresiarcham
3581 4310 3644 4367 de
3682 4304 3774 4362 suis

2184 4399 2496 4468 similibus,
2523 4403 2614 4455 est
2649 4399 2960 4470 deSperata
2993 4400 3268 4471 superbia
3299 4401 3662 4474 apostolicum
3676 4406 3771 4451 eum

417 4491 726 4549 manifesta
757 4489 816 4547 id
849 4504 918 4546 eo
949 4490 1115 4546 fleret
1149 4489 1297 4546 ultio
1325 4489 1568 4546 Domini.
1601 4491 1714 4546 Nec
1745 4489 1943 4544 datum
1982 4491 2068 4544 est
2097 4513 2152 4574 D
2184 4493 2487 4558 vocantes,
2524 4493 2875 4558 apostatam,
2909 4502 3022 4543 non
3056 4489 3444 4558 apostolicum
3492 4485 3771 4574 effecerunt.

418 4581 503 4637 illi
537 4585 767 4653 tempus
797 4584 862 4638 ut
887 4579 1196 4652 peniterct,
1225 4579 1326 4636 sed
1351 4594 1484 4634 mox
1508 4585 1570 4634 ut
1594 4577 1780 4634 sensit
1801 4577 1990 4646 ignem
2013 4577 2068 4632 in

416 4685 480 4727 se
509 4675 901 4740 grassantem,
938 4671 991 4724 in
1029 4667 1166 4724 sede
1186 4683 1434 4740 corpore
1464 4667 1765 4736 reclinato,
1791 4665 1926 4721 dum
1957 4665 2072 4722 cla-

417 4763 636 4815 masset
666 4779 678 4815 :
703 4759 939 4818 Sancta
966 4757 1216 4816 Maria!
1247 4758 1518 4814 miseram
1549 4757 1726 4812 vitam
1750 4755 2069 4812 miserabili

413 4851 605 4904 morte
624 4847 806 4904 finivit
835 4848 1006 4920 (183).
1033 4848 1114 4902 De
1133 4861 1248 4917 quo
1261 4850 1484 4902 certum
1497 4847 1610 4916 est,
1629 4845 1762 4914 quia
1775 4845 2068 4902 nobisista

413 4937 580 5008 vidit,
616 4937 784 4994 nobis
817 4937 926 4994 hoc
961 4939 1350 4992 monstratum
1393 4939 1501 5005 est,
1553 4937 1617 4990 ut
1659 4933 1940 5006 prodesse
1989 4935 2072 4991 in-

413 5023 636 5095 ciperet
661 5026 829 5085 nobis
845 5041 991 5098 pena
1014 5025 1162 5098 ejus.
1189 5022 1438 5082 Grandis
1456 5022 1590 5080 hinc
1617 5022 1862 5080 inolevit
1878 5027 2072 5082 terror

2184 4579 2289 4646 Qui
2326 4577 2546 4634 idcirco
2573 4577 2828 4633 omnium
2853 4576 3108 4634 fidelium
3133 4578 3266 4634 odio
3289 4579 3520 4650 dignior
3538 4581 3636 4644 est,
3671 4568 3769 4642 quia

2183 4682 2313 4724 cum
2343 4681 2374 4722 a
2406 4664 2789 4738 principibus,
2826 4663 3096 4720 Heinrico
3129 4665 3364 4722 scilicet
3397 4679 3530 4736 rege
3558 4657 3772 4734 deposito

2181 4739 2239 4810 et
2291 4753 2526 4810 caeteris
2574 4751 2747 4821 hujus
2815 4750 3162 4822 perditionis
3209 4751 3494 4809 ministris
3539 4746 3772 4822 quesitum

2181 4845 2354 4911 esset,
2379 4841 2511 4912 quis
2533 4840 2603 4896 ad
2629 4839 2701 4894 im
2711 4838 3079 4910 pugnandum
3104 4843 3374 4898 sanctum
3397 4839 3598 4906 virum,
3614 4841 3771 4907 papam

2181 4929 2457 4988 videlicet
2479 4928 2843 4999 Gregorium,
2877 4927 3154 4984 falsitatis
3170 4927 3448 4985 vexillum
3471 4920 3768 4994 susciperet,

2181 5037 2348 5079 nemo
2377 5021 2632 5077 omnium
2664 5021 2780 5074 tam
2812 5017 3020 5088 audax,
3078 5022 3192 5073 tam
3246 5020 3644 5090 praesumptor,
3685 5011 3770 5062 tam

2006 5205 2227 5266 NOTAE.

482 5352 631 5438 (181)
662 5352 848 5438 Paalq
865 5361 998 5412 ante
1025 5357 1245 5438 scripth
1268 5355 1522 5438 videtur;
1523 5356 1772 5438 epistola
1801 5358 2094 5438 GreggriL
2179 5357 2317 5438 lium
2368 5353 2886 5438 cumAlhlipg-untino
2927 5367 2979 5410 a.
3032 5355 3170 5408 1080
3217 5350 3552 5408 eonfudisse
3597 5336 3770 5402 monuit

413 5424 509 5496 lli,
545 5427 632 5496 12,
665 5424 738 5480 ad
765 5425 1023 5484 Udonem
1055 5424 1452 5484 Trévirensem
1481 5424 1901 5487 Theodericum
1919 5424 2068 5487 'Vir-

411 5495 728 5554 dunenSem
756 5500 816 5552 et
844 5497 1256 5555 Herimannum
1287 5498 1644 5555 Mettensem.
1690 5499 1753 5556 K.

486 5567 862 5640 (182)_Hocra.
896 5572 1034 5626 1076
1067 5566 1325 5640 paschali
1357 5574 1618 5640 tempore
1668 5569 1886 5626 factum
1941 5584 2070 5628 esse

415 5637 621 5700 narrat
643 5637 1026 5708 Lambertus;
1059 5637 1357 5713 nugonem
1397 5637 1827 5700 Wbrmatiense
1875 5641 2070 5702 conci-

2179 5427 2411 5484 Stenzel
2441 5428 2484 5497 Ι,
2513 5429 2634 5483 387.
2669 5427 2732 5481 Κ.

2247 5499 2396 5571 (183)
2429 5488 2590 5571 O'biit
2616 5511 2666 5552 a.
2702 5498 2880 5571 1076;
2911 5495 2985 5552 cf.
3012 5493 3412 5563 Bertholdum,
3434 5488 3766 5548 Lambertum,

2177 5565 2551 5642 BrunonemL
2563 5565 2932 5642 Beroaldum.

2247 5639 2392 5716 (184)
2425 5640 2488 5698 ln
2513 5635 2790 5720 'Registi‘o
2821 5635 3250 5698 desiderantur.
