3894 6314
90 339 189 399 329

1302 311 1798 393 CHRONICON.
1837 366 1908 376 —
1940 328 2094 394 LIB.
2126 329 2201 393 II.

3334 342 3451 405 330

78 469 390 540 desperatus
425 464 514 522 vel
546 466 812 524 perditus
854 465 1124 522 inventus
1155 468 1269 535 est,
1314 464 1411 538 qui
1462 465 1689 523 naufra-
1716 457 1773 517 A
1802 464 1989 521 omnis
2022 465 2400 535 cbristianus,
2426 472 2601 539 caput
2636 469 2982 527 antichristo
3008 472 3308 546 inclinare,
3336 483 3454 532 sta-

76 558 213 627 gium
242 556 362 612 fidei
395 556 590 612 subire
623 555 926 624 deligeret,
964 559 1162 625 preter
1188 568 1318 610 eum
1352 559 1555 611 solum.
1581 555 1688 622 Qui

76 645 290 713 idcirco,
319 643 623 712 credimus,
659 643 986 699 antichristi
1010 642 1603 716 negociumlsuseepit
1629 647 1689 701 ut

78 734 276 789 ruinam
318 732 849 803 archiepiscopatus
900 731 1313 798 Ravennensis,
1369 747 1537 802 quem
1588 747 1691 804 pro

77 822 186 878 suis
206 821 530 878 criminibus
548 822 753 876 eodem
777 819 1056 889 Gregorio
1080 820 1434 891 prmsidente
1451 820 1695 893 synoda-

75 912 109 966 li
146 911 346 980 judicio
396 909 751 981 perdiderat,
800 909 1173 979 susceptione
1221 908 1401 964 oblati
1451 910 1694 981 periculi

77 1002 464 1070 compensaret.
494 998 711 1053 Aderat
733 997 787 1052 in
811 1002 1100 1053 conventu
1127 997 1226 1052 illo
1258 994 1694 1068 malignantium

78 1088 266 1144 multus
284 1102 556 1143 numerus
578 1086 1044 1157 dampnatorum,
1071 1101 1218 1155 quos
1248 1086 1319 1141 ad
1352 1101 1697 1157 persequen-

76 1177 189 1232 dum
220 1180 526 1231 amatorem
555 1174 801 1243 justitize
825 1175 1272 1230 communicatio
1301 1175 1604 1231 criminum
1638 1179 1697 1230 et

76 1279 214 1320 amor
242 1263 516 1335 principis
557 1261 845 1330 illexerat,
892 1276 1021 1317 eum
1073 1261 1261 1319 solum
1316 1262 1534 1318 invenit
1580 1262 1700 1317 dia-

76 1352 222 1408 belus
248 1352 688 1423 promptiorem,
721 1350 812 1406 cui
850 1349 1096 1407 malicize
1130 1366 1251 1407 suae
1284 1366 1510 1408 omnem
1542 1353 1699 1423 prin-

73 1441 295 1512 cipatum
329 1442 750 1498 committeret.
784 1441 1051 1512 Suscepit
1085 1442 1281 1511 itaque
1315 1441 1509 1497 sedem
1545 1446 1700 1497 sata-

73 1544 164 1599 nas,
193 1534 246 1585 et
277 1530 329 1585 in
363 1529 607 1586 catedra
661 1530 1016 1600 pestilentia)
1073 1529 1445 1599 sublimatus,
1496 1530 1699 1601 impio-

73 1633 179 1673 rum
209 1624 424 1674 mentes
455 1619 526 1673 ad
558 1617 1008 1689 expugnandum
1044 1632 1250 1673 nomen
1291 1618 1515 1673 Domini
1566 1631 1698 1673 exa-

69 1708 276 1775 cuebat,
310 1708 499 1763 factus
527 1708 802 1763 omnibus
826 1708 984 1763 fovea
1015 1706 1312 1778 peccandi.
1340 1706 1479 1772 Quae
1504 1711 1695 1763 autem

1802 558 1960 610 tuam
1995 570 2166 626 quam
2208 555 2743 613 Nabuchodonosor
2781 559 2972 615 erexit
3021 561 3288 634 adorare,
3343 566 3454 622 sic-

1804 657 1914 713 que
1949 658 2007 699 se
2042 644 2225 716 ipsius
2253 644 2644 701 heresiarchae
2679 647 3173 718 perniciosissimo
3225 655 3458 718 anathe.

1805 732 1941 787 mati
1973 733 2271 790 innodare.
2310 736 2446 789 Nam
2480 735 2827 806 quicumque
2868 736 2951 793 illi
3000 738 3311 814 obedierit,
3357 747 3455 816 qui

1805 820 1954 877 dixit
1981 842 1993 877 :
2032 846 2057 871 α
2087 824 2297 878 Ponam
2331 824 2525 879 sedem
2557 840 2739 879 meam
2771 826 2838 881 ad
2870 826 3219 901 aquilonem,
3264 836 3321 887 et
3354 849 3456 890 ero

1808 911 2018 967 similis
2050 910 2358 981 altissimo,
2390 935 2415 960 ιο
2450 913 2780 969 certissime
2814 914 2870 970 in
2921 921 3196 973 aeternam
3259 919 3455 993 damp-

1808 1000 2099 1055 nationem
2136 1000 2238 1055 ibit
2273 1016 2401 1056 cum
2436 1001 2600 1072 ipsis.
2629 1004 2825 1058 Amen.
2863 1024 2889 1055 »

1883 1091 1994 1145 liec
2031 1092 2163 1146 sunt
2198 1089 2267 1145 de
2290 1090 2579 1146 Witberto
2605 1092 2925 1149 Gevehardi
2953 1093 3450 1169 Salzeburgensis,

1809 1176 1916 1232 viri
1951 1178 2151 1248 utique
2185 1177 2508 1234 doctissimi
2542 1183 2602 1233 et
2641 1181 2943 1251 autentici,
2984 1183 3201 1254 scripta
3244 1186 3456 1242 veridi-

1807 1280 1894 1337 ca,
1929 1267 2138 1337 quibus
2172 1267 2375 1338 utique
2404 1265 2599 1324 nullus
2627 1283 2757 1324 cum
2783 1268 3015 1339 justitia
3050 1272 3287 1331 obviare
3312 1291 3456 1347 prae-

1810 1355 1981 1411 valet.
2017 1357 2228 1411 Extant
2257 1361 2312 1411 et
2346 1355 2456 1411 alia
2489 1357 2616 1426 ejus
2645 1358 2863 1428 scripta
2895 1361 3250 1417 auctoritate
3271 1368 3330 1419 et
3363 1379 3456 1421 ve-

1811 1444 1986 1499 ritate
2044 1445 2309 1514 subnixa,
2363 1460 2490 1515 quae
2540 1461 2644 1516 pro
2694 1447 2803 1502 viri
2856 1450 3064 1505 merito
3115 1459 3455 1509 reverenter

1810 1531 2066 1589 fidelium
2100 1533 2347 1589 honorat
2396 1538 2452 1589 et
2511 1535 2876 1606 amplexatur
2925 1538 3212 1595 aacciesia.
3266 1541 3452 1613 (1084,

1809 1621 1971 1676 Mart.
2009 1619 2121 1691 31.)
2154 1621 2238 1676 Ab
2269 1622 2376 1678 hoc
2409 1622 2606 1693 itaque
2636 1624 2919 1695 Wiberto,
2956 1627 3073 1683 sale
3123 1629 3326 1700 utique
3372 1631 3455 1687 in-

1767 1739 1772 1743 -
1811 1712 2053 1779 fatuato,
2090 1712 2395 1767 iieinricus
2425 1727 2696 1769 coronam
2730 1717 2991 1786 suscepit
3044 1716 3289 1789 imperii,
3342 1722 3455 1776 fac-

70 1795 228 1851 i‘uerit
273 1796 395 1866 ejus
461 1796 753 1867 promotio
795 1811 895 1852 seu
949 1795 1349 1865 intronizatio,
1405 1795 1695 1865 quomodo
1726 1816 1779 1876 B
1810 1804 1905 1855 tus
1938 1799 2137 1855 infelix
2166 1802 2486 1857 membrum
2521 1800 2678 1857 illius
2710 1803 2806 1873 qui
2840 1809 2932 1859 est
2972 1820 3073 1861 rex
3119 1822 3296 1879 super
3339 1824 3457 1865 om-

71 1885 133 1939 ad
155 1886 287 1941 hanc
318 1886 711 1955 dejectionem
745 1890 801 1941 et
837 1900 1005 1955 quam
1031 1885 1456 1956 precipitanter
1499 1899 1699 1940 ascen-

71 1973 223 2044 derit,
246 1979 300 2029 et
319 1989 348 2031 a
372 1975 588 2045 quibus
611 1979 922 2029 execratus
945 1974 1043 2043 sit,
1072 1987 1273 2043 quaeve
1296 1987 1497 2028 eorum
1523 1973 1696 2029 fuerit

72 2060 174 2116 vita
194 2063 277 2118 vel
300 2063 691 2131 conversatio,
717 2067 775 2116 ct
800 2060 939 2132 quid
964 2061 1034 2116 de
1060 2057 1332 2115 ordinato
1353 2060 1444 2116 vel
1475 2060 1702 2116 ordina.

72 2151 276 2207 toribus
296 2151 421 2221 ejus
448 2151 821 2208 sentiendum
845 2151 940 2220 sit,
983 2149 1358 2205 Gevehardus
1398 2148 1701 2205 Salzebur-

72 2239 245 2306 gensis
271 2241 609 2311 episcopus,
644 2240 812 2309 cujus
851 2239 968 2294 vita
1018 2237 1316 2309 speculum
1358 2239 1702 2310 eratjbono-

76 2343 202 2400 rum,
228 2330 628 2401 interrogatus
660 2330 873 2385 edicat.
910 2330 1005 2385 Ait
1037 2329 1187 2385 enim
1230 2328 1495 2385 scribens
1541 2329 1701 2384 Heri-

76 2433 260 2474 manno
288 2420 556 2477 Mettensi
589 2419 900 2490 episcopo:

144 2529 160 2558 ι
191 2509 246 2562 G.
281 2508 771 2578 Salzeburgensis
826 2511 1142 2583 epise0pus
1173 2516 1237 2570 il.
1270 2498 1538 2571 Mettensi
1582 2517 1700 2587 epi-

76 2610 229 2668 SCOpO
244 2597 503 2654 salutem.
521 2598 827 2655 Wibertus
852 2601 1137 2670 quondam
1162 2603 1465 2661 Ravennas
1481 2605 1696 2662 archie.

78 2686 323 2759 piscopus
351 2702 482 2744 cum
518 2686 938 2759 obedientiam,
968 2705 1136 2759 quam
1183 2694 1523 2762 apostolica;
1575 2693 1699 2750 sedi

74 2776 370 2844 juramento
394 2776 779 2848 promiserat,
817 2792 923 2833 non
967 2779 1293 2853 attendere,
1346 2783 1450 2838 sed
1496 2789 1699 2841 contra

80 2866 236 2936 ipsam
266 2865 619 2923 omnimodis
647 2867 956 2936 superbire
985 2868 1334 2943 studuisset,
1362 2871 1419 2927 in
1446 2874 1700 2929 Romana

79 2956 274 3026 synodo
304 2955 864 3027 inrecuperabiliter
912 2956 1216 3028 depositus
1263 2964 1321 3016 et
1374 2961 1703 3017 anathema-

78 3045 273 3102 tizatus
293 3049 380 3102 est
406 3046 480 3100 ab
504 3043 833 3116 apostolica
862 3045 1001 3101 sede
1025 3050 1082 3103 et
1105 3049 1178 3103 ab
1200 3050 1496 3121 episcopis
1520 3052 1706 3108 totius

80 3133 351 3202 aecclesire;
384 3149 489 3191 nec
520 3134 637 3190 hoc
670 3135 847 3191 semel
881 3136 933 3190 in
961 3151 1071 3192 una
1103 3138 1343 3210 synodo,
1380 3140 1482 3195 sed
1509 3141 1563 3195 in
1588 3156 1705 3196 om-

82 3222 227 3279 nibus
272 3223 528 3295 synodis,
583 3228 875 3295 quotquot
903 3224 1019 3295 jam
1052 3228 1358 3297 septennio
1389 3228 1583 3286 Romae
1616 3244 1708 3286 ce-

82 3309 291 3371 lebrata:
321 3318 475 3370 sunt.
514 3314 623 3368 Hic
652 3312 831 3382 igitur
862 3314 937 3368 ita
970 3314 1022 3368 in
1052 3314 1324 3385 perjuriis
1348 3316 1708 3374 inveteratus

77 3404 126 3454 et
152 3416 244 3472 pro
263 3403 479 3459 eisdem
516 3401 1076 3472 inrecuperabiliter
1108 3403 1417 3475 depositus
1469 3410 1526 3461 et
1578 3422 1712 3463 ana-

75 3487 477 3561 thematizatus,
505 3489 707 3547 sedem
721 3491 959 3546 Romani
977 3492 1289 3563 pontificis,
1325 3495 1415 3550 cui
1441 3495 1713 3552 obedien-

74 3578 193 3634 tiam
215 3579 447 3650 juravit,
477 3594 587 3651 per
604 3593 809 3636 manus
829 3579 1479 3653 anathematizatorum,
1506 3586 1712 3655 utpote

77 3667 150 3721 sui
178 3668 466 3741 similium,
508 3667 751 3737 invasit,
798 3668 1061 3738 legitimo
1115 3674 1349 3741 pastore
1398 3671 1588 3728 adhuc
1636 3674 1714 3728 ei-

78 3754 187 3812 dem
228 3758 349 3814 sedi
399 3758 786 3829 praesidente.
839 3757 1026 3829 (1083)
1079 3760 1345 3830 Ipsorum
1382 3766 1575 3816 autem
1618 3776 1715 3817 ex-

79 3848 613 3903 communicatorum
639 3845 834 3901 nullus
853 3861 982 3903 eum
1008 3862 1378 3919 consecrare,
1403 3849 1493 3905 vel
1512 3851 1714 3921 potius

80 3948 327 3992 execrare
351 3934 762 4007 praesumpsit,
800 3943 1015 4006 praeter
1046 3937 1431 3994 Mutinensem
1480 3943 1541 3994 et
1593 3940 1715 3996 Ari-

84 4020 278 4079 thinum
308 4025 720 4096 exepiscopos,
756 4024 850 4095 qui
885 4026 1053 4081 ambo
1087 4041 1190 4097 pro
1223 4028 1344 4083 suis
1373 4027 1717 4085 criminibus

81 4109 177 4177 jam
210 4113 367 4170 annis
396 4114 600 4169 tribus
629 4111 817 4169 oi’ilcio
848 4118 907 4168 et
939 4115 1348 4172 communione
1380 4120 1710 4173 caruerant.

87 4196 178 4253 Sed
193 4200 264 4255 hii
287 4202 461 4257 etiam
485 4202 535 4258 si
558 4201 807 4257 oﬁicium
831 4206 887 4257 et
913 4203 1380 4260 communionem
1409 4205 1714 4276 haberent,

86 4291 133 4341 et
176 4287 418 4347 Romana
468 4291 648 4347 sedes
700 4296 936 4361 pastore
973 4296 1237 4363 vacaret,
1274 4292 1494 4350 nullum
1524 4300 1718 4351 tamen

88 4374 250 4432 eidem
274 4380 396 4435 sedi
419 4378 762 4451 pontificem
787 4379 1062 4436 ordinare
1090 4387 1349 4452 possent.
1377 4383 1719 4455 Hujusenim

86 4463 445 4525 ordinationis
462 4467 835 4539 privilegium
851 4468 994 4525 solis
1009 4470 1410 4528 cardinalibus
1424 4472 1720 4544 episcopis

1810 1903 1912 1944 nes
1944 1887 2096 1945 ﬁlios
2130 1889 2442 1961 superbiae,
2478 1890 2812 1962 suscipiens
2843 1893 2915 1949 ab
2956 1892 3056 1948 illo
3099 1895 3459 1953 maledictio-

1811 1993 1937 2033 nem
1969 1992 2073 2049 pro
2109 1977 2554 2044 benedictione;
2597 1984 2655 2035 et
2705 1980 3131 2050 quidem.satis
3176 1999 3452 2054 congrue.

1811 2068 1948 2123 Nam
1981 2066 2193 2135 dignus
2221 2071 2368 2137 erat,
2402 2071 2461 2122 et
2503 2082 2606 2139 pro
2647 2068 2869 2125 meritis
2917 2074 3047 2126 acta
3106 2085 3202 2127 res
3243 2076 3353 2142 est,
3390 2078 3454 2129 ut

1813 2155 1948 2212 talis
1970 2171 2070 2211 rex
2086 2155 2259 2210 talem
2279 2169 2482 2227 papam
2500 2156 2991 2214 institueretetab
3006 2160 3209 2215 eodem
3227 2161 3353 2232 ipse
3382 2176 3453 2219 co

1813 2260 2007 2301 ronam
2024 2244 2352 2314 ignominiae
2367 2250 2739 2317 etsceptrum
2766 2245 3071 2304 dedecoris
3100 2249 3447 2321 susciperet.

1882 2333 2004 2401 (fol.
2046 2332 2188 2403 129,)
2222 2334 2502 2390 Defuncto
2536 2349 2638 2406 per
2669 2335 2727 2390 id
2760 2336 3041 2407 temporis
3084 2337 3455 2408 Lugdunensi

1812 2422 2253 2493 archiepiscopo
2276 2423 2523 2479 Gibuino
2542 2424 2712 2494 (185),
2737 2438 2867 2479 cum
2888 2425 3047 2483 varia
3065 2425 3455 2497 quorumdam

1812 2516 1968 2567 esset
1998 2511 2231 2581 electio,
2266 2512 2512 2568 domnus
2539 2514 2700 2581 Hugo
2725 2512 2953 2569 Diensis
2978 2515 3290 2587 episcopus
3312 2515 3464 2572 elec-

1813 2601 1967 2656 tione
1999 2599 2145 2655 cieri
2177 2606 2237 2655 et
2265 2600 2486 2672 populi,
2521 2600 2873 2658 auctoritate
2906 2607 2965 2657 et
3006 2610 3303 2675 praecepto
3353 2605 3461 2662 Ro-

1812 2689 1963 2745 mani
2012 2689 2305 2760 pontiﬁcis
2357 2690 2413 2745 in
2462 2690 2962 2763 archiepiscopum
3017 2692 3459 2761 Lugdunensem

1813 2782 2117 2851 promotus
2142 2782 2236 2833 est
2256 2793 2407 2834 anno
2432 2778 2852 2834 incarnationis
2875 2780 3097 2835 Domini
3124 2786 3262 2838 1082
3283 2783 3454 2855 (186).

1813 2867 2014 2924 Adhuc
2043 2866 2195 2924 enim
2226 2866 2497 2923 Romana}
2529 2866 2659 2923 urbi
2692 2867 2937 2924 domnus
2969 2868 3284 2938 Gregorius
3315 2886 3461 2942 pra;-

1813 2960 1962 3027 erat,
2023 2969 2368 3028 quamquam
2416 2955 2892 3013 Wibertistarum
2936 2957 3053 3028 jam
3099 2964 3257 3013 esset
3306 2960 3458 3016 facta

1813 3045 2194 3117 conspiratio,
2230 3059 2340 3100 non
2370 3048 2582 3100 tamem
2616 3044 2927 3115 promotio.
2964 3045 3069 3102 Ubi
3092 3061 3232 3103 vero
3253 3052 3461 3119 etpro-

1817 3132 1996 3188 motio
2028 3131 2155 3201 ejus
2183 3130 2554 3187 execratione
2584 3146 2689 3187 sua
2721 3131 2817 3187 illa
2878 3132 3043 3202 quasi
3093 3134 3456 3191 auctorizata

1817 3227 1926 3292 est,
1960 3225 2018 3276 et
2043 3220 2365 3291 judicatum
2399 3224 2485 3276 est
2518 3221 2591 3276 ab
2623 3219 2815 3291 impiis
2838 3224 2893 3276 et
2955 3222 3205 3292 perjuris
3254 3222 3450 3279 hostili

1820 3325 1988 3367 manu
2018 3311 2255 3365 Romam
2283 3308 2751 3380 aggrediendam,
2787 3314 2848 3366 ut
2899 3325 3067 3382 papa,
3119 3312 3216 3383 qui
3265 3311 3462 3385 pepuli

1820 3399 2104 3470 obsequio
2135 3404 2195 3454 et
2224 3413 2418 3454 amore
2448 3412 2579 3456 cum
2624 3399 2811 3468 gratia
2869 3399 2968 3455 Dei
3019 3401 3461 3474 protegebatur,

1821 3506 1950 3547 cum
1977 3489 2184 3559 injuria
2208 3492 2267 3543 ct
2290 3486 2575 3544 dedecore
2596 3502 2623 3543 a
2641 3488 2776 3545 sede
2793 3488 3251 3561 propelleretur:
3275 3490 3462 3562 (1083)

1822 3592 2077 3649 eousque
2110 3593 2214 3633 rex
2240 3576 2493 3647 devenit,
2520 3582 2575 3633 ul
2608 3592 2710 3632 rex
2736 3592 2865 3633 eum
2891 3593 3035 3650 papa
3059 3593 3163 3635 suo
3204 3579 3466 3637 exercitu

1825 3666 2231 3725 innumerabili
2266 3666 2448 3723 fultus
2467 3667 2702 3722 Romam
2728 3666 3018 3738 tenderet,
3051 3672 3108 3723 et
3144 3668 3196 3723 in
3256 3669 3469 3726 itinere

1824 3760 2112 3829 quotquot
2146 3759 2372 3827 poterat
2409 3755 2478 3810 ad
2512 3754 2864 3810 adorandam
2895 3758 3170 3825 statuam,
3204 3758 3262 3811 et
3296 3757 3353 3812 in
3403 3771 3470 3813 ea

1826 3846 2129 3916 imaginem
2164 3844 2365 3901 bestiae
2396 3841 2802 3914 compellebat.
2847 3842 2957 3898 Sed
3014 3843 3186 3899 modo
3216 3843 3471 3900 mirabili

1827 3950 1941 4005 quo
1974 3932 2103 4005 plus
2137 3931 2208 3987 ad
2236 3931 2578 4004 explendam
2631 3930 2886 4001 profanae
2927 3931 3136 3987 mentis
3177 3931 3474 3989 vesaniam

1828 4024 2145 4083 ferebatur.
2178 4036 2248 4077 eo
2279 4020 2518 4091 gravius
2547 4020 2911 4078 deiciebatur
2941 4025 2995 4076 et
3054 4021 3479 4078 dehonestaba-

1828 4118 1944 4169 tur.
1982 4110 2306 4182 Aliquando
2334 4110 2487 4166 enim
2520 4123 2789 4180 magnum
2818 4115 2942 4167 erat
2979 4110 3026 4166 si
3067 4108 3199 4182 quis
3257 4110 3480 4181 regium

1828 4200 2089 4259 osculum
2122 4200 2475 4270 merebatur,
2508 4203 2739 4270 gratum
2774 4199 2823 4256 si
2858 4200 2988 4272 quis
3019 4200 3263 4271 vestigia
3316 4214 3481 4272 papm

1831 4289 2217 4347 oscularetur.
2256 4290 2415 4345 Nunc
2464 4302 2632 4345 versa
2681 4289 2806 4345 vice
2860 4304 3074 4360 rerum,
3131 4290 3484 4360 quicumque

1834 4379 2108 4435 inventus
2135 4378 2363 4449 fuisset,
2392 4379 2722 4449 tenebatur,
2741 4392 2845 4435 nec
2860 4383 3027 4435 antea
3050 4378 3481 4449 dimittebatur,

1834 4468 1947 4524 nisi
1981 4467 2165 4540 primo
2183 4467 2389 4538 pedem
2417 4467 2695 4539 paparelli
2718 4467 2876 4524 illius
2898 4466 3293 4534 oscularetur,
3318 4470 3376 4521 et
3397 4467 3484 4522 sic

90 4552 400 4628 Albanensi,
436 4529 718 4628 dstiensi,
750 4559 1085 4631 Portuensi,
1122 4575 1151 4616 a
1184 4561 1402 4617 sanctis
1453 4529 1722 4634 patribus
1751 4529 1804 4590 D
1835 4529 2064 4614 demum
2090 4529 2294 4613 osculo
2310 4529 2817 4628 regispotiebatur
2845 4561 3111 4612 :utesset
3130 4555 3186 4610 in
3202 4529 3487 4610 ambobus

89 4646 164 4697 est
190 4658 551 4702 concessum.
581 4647 731 4716 Ergo
764 4648 1105 4705 Mutinensis
1147 4654 1204 4705 et
1258 4650 1564 4707 Arithinus
1605 4651 1725 4722 epi-

92 4734 234 4803 scopi
259 4735 422 4803 jnxta
452 4736 860 4792 testimonium
878 4737 1241 4794 sanctissimi
1264 4753 1427 4811 papae
1447 4741 1724 4797 Innocen-

92 4818 144 4874 tii
176 4835 280 4879 non
330 4823 824 4896 benedictionem,
886 4826 987 4882 sed
1034 4826 1503 4900 dampnationem
1552 4843 1724 4900 quam

1834 4646 2191 4717 equipartita
2247 4645 2479 4716 injuria,
2538 4660 2738 4701 verum
2787 4644 2945 4715 regis
3003 4648 3166 4699 tanto
3227 4641 3483 4713 gravior,

1836 4738 2055 4807 quanto
2087 4734 2179 4790 hic
2209 4734 2376 4805 cujus
2408 4732 2659 4805 pédibus
2697 4732 3113 4797 inclinabatur,
3163 4734 3290 4785 erat
3342 4729 3484 4786 dete

1837 4825 1972 4881 rior.
2009 4824 2146 4892 Quae
2177 4824 2329 4881 enim
2364 4824 2548 4895 major
2575 4835 2706 4879 esse
2755 4824 2947 4880 notest
3006 4819 3252 4887 insania,
3310 4831 3484 4889 quam

89 4904 399 4969 habuerunt
432 4928 545 4969 suo
575 4914 890 4970 Ravennati
915 4915 1213 4988 imponere
1238 4922 1553 4990 potuerunt
1580 4934 1594 4987 ;
1619 4931 1726 4975 nec
1833 4915 2022 4973 virum
2055 4913 2272 4970 litteris
2298 4912 2559 4983 adprime
2581 4909 2897 4979 eruditum,
2925 4906 3253 4979 disciplinis
3287 4905 3496 4963 accele-

92 4996 237 5054 iilum
267 5001 321 5055 in
354 5002 676 5058 Romanum
710 5005 1122 5077 patriarcbam,
1154 5006 1257 5063 sed
1298 5007 1353 5063 in
1401 5006 1728 5081 perditissi-

89 5099 226 5145 mum
273 5089 710 5149 beresiarcham
759 5100 1197 5166 promoverunt.
1270 5098 1477 5156 Caveat
1546 5097 1728 5167 igitur

1836 5003 2093 5062 siasticis
2141 5003 2446 5072 imbutum,
2500 4999 2824 5058 sanctionis
2866 4995 3307 5055 aacclesiasticae
3374 5010 3492 5055 non

1839 5095 2104 5166 ignarum
2136 5096 2432 5150 tenentem
2460 5090 2518 5147 in
2551 5090 2820 5148 aecciesia
2854 5101 3075 5160 magna)
3098 5085 3404 5158 dignitatis
3428 5092 3490 5144 et

1574 5194 1579 5198 ’
1659 5211 1882 5269 nom.

153 5306 294 5384 (1811)
324 5322 397 5365 xv
427 5306 671 5384 Kalend.
726 5308 851 5384 Maii
901 5312 1190 5384 depositio
1241 5310 1295 5368 d.
1351 5311 1594 5368 Gebuini
1644 5327 1732 5384 ar—

93 5371 871 5458 chiepiscopipugdunensis
912 5371 1126 5453 legitur
1174 5385 1227 5438 in
1276 5384 1626 5454 Necrologio
1676 5383 1730 5437 S.

97 5445 316 5519 Benigni
348 5445 743 5509 Divionensis.
776 5455 838 5508 K.

160 5519 302 5597 (186)
332 5521 652 5597 in_l_itteris
681 5524 936 5594 Registr.
973 5526 1056 5597 lx,
1102 5531 1187 5594 18,
1241 5542 1296 5582 Ix
1347 5523 1584 5582 Kalend.
1635 5526 1744 5580 No-

99 5589 287 5668 vemb.
307 5590 381 5668 ad
412 5593 714 5668 nugonem
743 5589 896 5653 datis
927 5589 1127 5654 monet
1173 5589 1605 5668 Gregoriusne
1660 5610 1747 5652 re-

100 5664 281 5728 gimen
340 5664 747 5736 Lugdunensis
793 5668 1072 5728 Ecclesiae
1135 5664 1418 5728 accedere
1490 5667 1760 5733 dubitet.

409 5761 675 5828 PATROL.
706 5765 913 5834 CLIV.

1845 5307 2071 5385 Scripta
2130 5312 2216 5366 est
2253 5303 2516 5385 epistola
2566 5320 2594 5360 a
2646 5307 2803 5385 1082,
2849 5302 2900 5361 si
2933 5303 3213 5385 ‘Hugo_a.
3268 5304 3405 5385 1083
3436 5296 3506 5385 ei-

1849 5375 2087 5437 ineu’nte
2129 5375 2363 5452 quidem
2422 5382 2803 5452 consecratus
2866 5378 2955 5452 est
3022 5375 3505 5452 archiepiscopus

1851 5445 2279 5522 Lugdunensis,
2316 5449 2471 5522 quod
2500 5452 2560 5505 et
2590 5446 2777 5504 veteri
2808 5446 3053 5522 quadam
3102 5445 3308 5522 charta
3344 5445 3509 5522 recte

1853 5513 2162 5593 collegisse
2193 5513 2473 5583 videntur
2504 5523 2779 5578 auctores
2801 5513 2943 5575 Gali.
2982 5518 3218 5589 Christ.,
3248 5522 3385 5574 tom.
3412 5513 3504 5584 iV,

3196 5755 3265 5820 11
