3894 6312
109 380 226 442 333

1385 387 1885 458 CHRONICON.
1922 432 1994 442 —
2023 394 2177 462 LIB.
2212 398 2287 464 II.
3409 428 3517 489 334

3409 454 3522 490 ὐῧπῖν

105 513 331 573 electos
364 531 515 575 suos
548 518 659 578 etsi
688 517 998 591 aliquando
1030 523 1317 594 permittit
1355 526 1608 598 concuti,
1659 542 1772 584 non
1803 530 1857 591 A
1961 549 1988 583 α
2021 533 2334 602 Gregorius
2360 536 2687 610 episcopus,
2723 557 2930 600 servus
2961 562 3262 609 servorum
3287 554 3406 627 Dei,
3442 561 3525 616 di-

106 604 247 660 sinit
277 610 484 663 tamen
520 609 753 679 penitus
782 608 1146 668 labefactari.
1170 614 1310 683 (Fol.
1339 618 1486 686 130.)
1510 617 1632 672 Non
1656 618 1773 674 suf-

109 692 347 749 ﬁciebat
376 696 798 756 sacerdotibus
830 698 921 755 vel
954 700 1107 756 solos
1138 716 1419 773 peccare;
1447 704 1581 761 facti
1603 712 1771 762 erant

107 780 355 861 laqueus
374 782 664 852 juveuum
687 801 905 857 omnes,
935 792 994 844 ut
1017 788 1191 845 etiam
1217 791 1435 861 absque
1457 794 1768 862 synagogis

108 858 367 926 facerent
385 886 496 928 eos
511 875 611 943 qui
629 889 740 931 non
761 876 1117 932 communica
1128 858 1553 950 bantoperibus
1566 896 1766 938 eorum

107 957 161 1012 in
198 961 698 1017 communicando
742 965 1283 1036 excommunicatis,
1335 967 1391 1021 in
1441 968 1768 1039 adjectionc

108 1047 397 1117 Gregorii,
436 1049 498 1104 in
537 1050 865 1108 assertione
891 1054 1156 1109 Wiberti.
1189 1056 1311 1111 Jam
1356 1071 1495 1113 vero
1541 1058 1591 1112 si
1637 1058 1769 1128 quis

106 1141 262 1192 esset
285 1137 387 1207 qui
421 1138 712 1207 Gregorio
744 1142 1223 1213 communicaret,
1254 1144 1345 1199 hic
1372 1145 1602 1215 publice
1634 1161 1768 1203 con-

106 1223 269 1278 viciis
298 1227 728 1296 appetebatur,
753 1227 847 1282 hic
870 1227 1185 1299 hereticus,
1220 1231 1554 1288 destructor
1577 1235 1759 1304 regni,

103 1317 365 1368 assertor
390 1312 560 1384 mali,
588 1315 685 1385 qui
707 1330 813 1371 nec
837 1316 951 1372 vita
975 1317 1185 1387 dignus
1208 1325 1383 1390 esset,
1403 1321 1763 1392 qui_‘publicze

104 1399 538 1469 indignationis
553 1403 832 1459 offensam
849 1407 1218 1463 contraheret
1236 1409 1526 1478 perjurus,
1542 1414 1600 1465 et
1624 1426 1764 1480 quo-

101 1488 222 1545 dam
254 1491 668 1547 adinventicio
698 1493 927 1549 nomine
957 1496 1267 1553 Paterinus
1299 1497 1624 1555 dicebatur.
1652 1498 1763 1555 Ad-

100 1584 377 1633 venerant
406 1584 681 1651 tempora
698 1582 1048 1651 periculosa,
1075 1585 1415 1642 obnubilata
1438 1592 1567 1642 erat
1585 1588 1762 1643 facies

95 1665 402 1737 ecclesiae,
432 1684 555 1723 non
580 1671 930 1738 agnoscebat
956 1687 1103 1741 quos
1123 1679 1407 1741 genuerat
1430 1674 1600 1745 filios,
1629 1678 1759 1747 quia

97 1756 436 1827 patiebatur
467 1756 744 1827 infestos,
778 1773 883 1814 nec
916 1760 1023 1829 ipsi
1057 1766 1299 1817 matrem
1341 1765 1757 1835 agnoscebant,

1888 618 2054 676 lectae
2070 622 2124 677 in
2142 623 2372 680 Cbristo
2388 625 2518 684 lilia;
2536 628 2790 687 Mathildi
2806 632 3052 693 salutem
3068 644 3127 692 et
3142 618 3523 711 apostolicam

1889 708 2373 769 benedictionem.
2406 714 2630 780 Quanta
2677 718 2754 774 sit
2799 722 2935 777 mibi
2983 740 3143 796 cura,
3182 708 3524 805 quantaque

1886 796 2218 889 sollicitudo
2241 801 2311 856 de
2329 807 2387 856 te
2409 815 2622 875 tuaque
2646 807 2855 879 salute,
2882 811 3004 882 ipse
3028 815 3190 872 solus
3209 796 3306 889 qui
3324 796 3522 882 cordis

1887 884 2134 941 archana
2166 887 2411 945 rimatur
2442 891 2736 966 intelligit,
2768 902 2824 951 et
2851 899 3033 956 multo
3057 884 3263 962 melius
3284 923 3370 964 me
3397 911 3523 982 ipso

1885 976 2203 1042 cognoscit.
2239 978 2312 1033 Tu
2349 982 2540 1035 tamen
2583 983 2632 1037 si
2682 1000 2929 1054 pensare
2978 1005 3087 1046 non
3139 976 3517 1067 negligisint

1885 1076 2016 1118 reor
2044 1065 2474 1124 animadvertes
2507 1071 2637 1139 quia
2674 1088 2775 1143 pro
2814 1078 2995 1133 tantis
3047 1096 3134 1136 mc
3184 1085 3265 1139 tui
3307 1065 3517 1145 curam

1885 1150 2098 1206 habere
2122 1159 2375 1225 oportet,
2404 1172 2507 1228 pro
2531 1161 2764 1229 quantis
2786 1166 2843 1218 te
2868 1167 3135 1224 caritatis
3152 1173 3519 1233 stndiisdeti-

1884 1239 2002 1307 nui,
2038 1256 2107 1295 ne
2140 1241 2272 1299 illos
2298 1243 2625 1313 deseret-es,
2660 1255 2721 1304 ut
2756 1255 2868 1307 tua}
2901 1255 3087 1312 solius
3111 1260 3287 1315 saluti
3313 1265 3517 1322 anima)

1883 1325 2236 1396 invigilares.
2271 1333 2502 1389 Karitas
2527 1336 2699 1406 enim,
2728 1344 2789 1394 ut
2814 1354 2950 1410 sepe
2974 1342 3091 1399 dixi
3113 1352 3170 1401 ut
3193 1348 3402 1421 dicam,
3430 1368 3519 1410 se-

1883 1429 2066 1485 quens
2096 1418 2368 1475 celestem
2402 1423 2621 1494 tubam,
2656 1441 2767 1481 non
2803 1430 2993 1497 querit
3028 1448 3157 1503 qum
3209 1452 3312 1501 sua
3357 1418 3511 1498 sunt.

1882 1504 1989 1559 Sed
2016 1506 2147 1575 quia
2173 1507 2325 1563 inter
2347 1515 2542 1567 cetera
2570 1528 2698 1584 quae
2721 1516 2829 1571 tibi
2849 1524 3052 1575 contra
3082 1526 3274 1581 mundi
3306 1530 3518 1599 princi-

1882 1607 2029 1661 pem,
2067 1595 2294 1652 favcnte
2326 1600 2461 1669 Deo,
2498 1615 2652 1656 arma
2684 1606 2926 1677 contuli,
2962 1612 3115 1679 quod
3146 1595 3515 1683 potissimum

1879 1684 1994 1749 est,
2028 1685 2088 1737 ut
2107 1698 2320 1755 corpus
2342 1688 2699 1746 Dominicum
2725 1695 3047 1767 acciperes,
3077 1700 3346 1774 indicavi,
3374 1711 3428 1761 et
3453 1712 3516 1764 ut

1877 1774 2055 1826 certae
2076 1772 2304 1829 fiduciae
2328 1777 2530 1833 matris
2551 1780 2775 1836 Domini
2795 1787 2850 1837 te
2866 1788 3099 1844 omnino
3113 1772 3514 1852 committeres

95 1856 261 1912 quam
293 1858 429 1899 cum
469 1845 676 1901 multis
707 1852 763 1901 et
789 1847 953 1949 miri‘s
976 1849 1159 1905 modis
1183 1850 1507 1920 afﬂigerent
1530 1857 1589 1907 et
1613 1853 1761 1908 inse-
1791 1884 1845 1943 B
1879 1861 2149 1930 praecepi,
2186 1863 2322 1931 quid
2358 1865 2490 1921 inde
2524 1868 2731 1924 beatus
2756 1872 3120 1949 Ambrosius,

95 1936 420 2001 ctarentur,
454 1933 650 1989 vicem
677 1933 805 2003 ejus
837 1934 1037 1991 dolere
1078 1952 1191 1993 non
1242 1945 1544 1995 noverant.
1599 1941 1759 1997 Beati

95 2022 188 2092 qui
218 2023 275 2078 in
307 2022 415 2079 bac
450 2026 680 2079 sanctae
708 2025 808 2080 Dei
841 2025 1111 2081 ecclesiae
1154 2028 1598 2086 conculcatione
1648 2045 1758 2088 non

94 2110 555 2182 inquinaverunt
580 2113 927 2170 vestimenta
953 2130 1056 2171 sua
1084 2116 1572 2195 ;ambulabuntin
1586 2118 1755 2191 albis,

92 2200 219 2270 quia
249 2199 411 2270 digr‘
450 2204 617 2257 sunt.

157 2307 271 2361 Nec
301 2307 580 2362 mutabat
610 2308 828 2378 pardus
855 2309 1176 2366 varietates
1204 2326 1357 2383 suas,
1404 2314 1714 2372 Heinricus
1739 2334 1752 2383 ;

95 2393 309 2451 scilicet
346 2395 663 2466 nequicias
696 2412 850 2468 suas,
887 2398 982 2467 qui
1035 2399 1208 2455 immo
1257 2402 1453 2457 Romae
1504 2404 1751 2476 positus,

100 2487 374 2554 quotquot
409 2489 656 2556 poterat
692 2485 881 2556 minis,
916 2488 1271 2557 terroribus,
1316 2490 1751 2564 blandimentis,

99 2572 396 2643 promissis
424 2572 547 2628 sibi
580 2573 973 2639 conciliabat;
1012 2575 1182 2645 bella,
1218 2577 1412 2647 cedes,
1443 2579 1751 2638 homicidia

96 2672 193 2732 per
221 2674 280 2717 se
302 2675 577 2732 suosque
602 2662 840 2729 faciens,
865 2668 926 2719 et
963 2665 1101 2719 totis
1124 2666 1337 2734 quibus
1365 2672 1591 2737 poterat
1616 2670 1752 2726 nisi-

98 2746 197 2803 bus
224 2749 530 2820 iniquitati
566 2750 786 2822 favens,
822 2751 1056 2808 veritati
1090 2753 1392 2823 resistens,
1427 2759 1484 2810 et
1508 2755 1750 2828 insuper

98 2836 210 2891 suis
237 2836 472 2894 litteras
512 2839 776 2909 mittens,
813 2840 1025 2910 quibus
1054 2855 1115 2896 se
1138 2841 1374 2897 Romam
1397 2844 1743 2917 optinuisse,

100 2937 289 2995 papam
317 2926 637 2997 dejccisse,
670 2932 730 2983 et
770 2929 1040 2985 omnibus
1085 2930 1319 2986 omnino
1369 2932 1746 3003 praevaluisse

96 3014 441 3072 mendaciter
458 3016 861 3086 conﬁngebat.
876 3020 941 3072 At
959 3033 1097 3074 vero
1111 3019 1742 3094 Mathildiscomitissa,

97 3100 349 3160 Romanae
381 3102 680 3161 aecclesiaa
714 3106 851 3175 ﬁlia,
898 3106 1087 3162 virilis
1133 3108 1307 3163 animi
1354 3112 1743 3167 constantiam

96 3193 304 3263 tenens,
332 3197 513 3250 tanto
548 3194 601 3249 ei
644 3195 853 3250 fortius
904 3196 1237 3267 resistebat,
1290 3204 1508 3268 quanto
1559 3200 1743 3269 magis

97 3276 251 3350 hujus
279 3283 544 3339 astutias
571 3286 628 3337 et
663 3298 825 3354 papae
858 3283 1247 3340 innocentiam
1297 3291 1559 3343 noverat.
1613 3289 1741 3345 Sola

96 3368 229 3424 enim
261 3377 396 3426 tunc
426 3371 724 3441 temporis
755 3372 984 3428 inventa
1019 3378 1112 3429 est
1143 3374 1298 3429 inter
1322 3375 1585 3447 feminas,
1614 3391 1741 3447 quae

96 3458 233 3526 regis
262 3460 590 3530 potentiam
624 3467 933 3531 aspernata
984 3463 1081 3532 sit,
1134 3478 1263 3534 quae
1309 3464 1739 3523 calliditatibus

96 3547 206 3614 ejus
222 3553 274 3602 et
296 3550 589 3619 potentiae
613 3550 788 3606 etiam
816 3550 1023 3607 bellico
1042 3554 1361 3608 certamine
1386 3554 1734 3627 obviaverit,

96 3637 359 3693 utmerito
377 3638 723 3694 nominetur
740 3639 956 3709 virago,
976 3655 1103 3711 qua;
1119 3641 1338 3698 virtute
1369 3643 1542 3698 animi
1559 3644 1735 3700 etiam

95 3723 237 3780 viros
257 3727 529 3797 praeibat.
560 3727 798 3797 Adesto,
828 3744 1047 3785 summe
1072 3732 1239 3799 Deus,
1257 3736 1313 3786 et
1329 3731 1609 3789 :ecclesize
1624 3738 1738 3790 tuae

97 3822 313 3881 regnum
344 3821 404 3871 et
439 3815 887 3872 aecclesiasticas
901 3819 1557 3889 constitutionisrobur,
1585 3822 1738 3891 quod

98 3897 294 3971 Spiritu
326 3910 538 3961 sancto
570 3908 672 3960 tuo
702 3905 1012 3961 ordinante
1066 3907 1424 3980 ﬁrmaveras,
1479 3924 1593 3966 non
1642 3926 1738 3981 pa-

97 3986 245 4046 tiaris
269 3991 339 4047 de
358 3992 625 4048 culmine
648 3990 851 4061 gloriae
876 4008 996 4050 suae
1021 3994 1220 4061 dilabi,
1243 4010 1350 4051 nec
1374 3996 1531 4053 sinas
1552 4001 1733 4054 tantis

98 4077 378 4147 subiacere
405 4080 718 4153 periculis.
754 4082 871 4138 Hec
902 4089 993 4139 est
1031 4082 1237 4139 mulier
1272 4084 1388 4155 illa,
1424 4087 1495 4142 de
1528 4102 1638 4157 qua
1662 4089 1734 4145 ab

94 4168 570 4226 ottrectatoribus
590 4168 658 4202 ⁴¹⁴
683 4169 813 4226 ﬁdei
842 4175 897 4226 et
932 4171 1443 4229 conculcatoribus
1469 4175 1735 4233 veritatis

95 4254 287 4312 crimen
310 4257 584 4316 incestus
606 4262 813 4313 sancto
839 4259 1101 4329 pontiﬁci
1125 4261 1532 4330 objiciebatnr.
1563 4264 1663 4320 Cui
1684 4266 1732 4321 si

94 4341 341 4403 deessent
376 4348 726 4404 meritorum
761 4347 982 4415 laudes,
1018 4349 1128 4405 boc
1173 4350 1360 4406 solum
1411 4352 1557 4408 satis
1604 4369 1731 4411 eam

93 4435 597 4493 commendabilem
630 4436 925 4507 redderet,
961 4438 1112 4508 quod
1145 4454 1275 4495 cum
1296 4439 1399 4495 tali
1425 4440 1568 4511 viro,
1597 4442 1731 4499 dum

91 4523 652 4595 exprobratur,’dum
669 4526 920 4582 convitia
940 4527 1208 4599 suscipit,
1227 4527 1361 4584 dum
1378 4528 1728 4601 improperia

1875 1951 2157 2005 sumendo
2187 1968 2431 2025 corpore
2463 1962 2522 2012 et
2551 1960 2830 2027 sanguine
2859 1965 3083 2021 Domini
3124 1968 3300 2042 dicat,
3333 1973 3424 2029 hic
3457 1976 3511 2031 in

1874 2035 2095 2095 litteris
2129 2040 2409 2099 intimavi.
2438 2046 2533 2100 Ait
2559 2048 2706 2103 enim
2733 2050 2785 2104 in
2816 2050 2962 2107 libro
2987 2056 3018 2107 4
3040 2055 3108 2111 de
3133 2035 3513 2119 sacramentis

1872 2124 2025 2181 inter
2054 2131 2249 2185 cetera
2279 2133 2385 2188 :Si
2404 2135 2647 2191 mortem
2669 2138 2912 2196 Domini
2932 2147 3381 2218 tinnunciamas,
3408 2164 3512 2207 aa-

1869 2216 2227 2274 nunciamus
2254 2221 2665 2279 remissionem
2699 2228 3087 2296 peccatorum.
3141 2235 3217 2291 Si
3257 2216 3512 2306 gzeoties-

1869 2315 2115 2374 camqae
2128 2306 2429 2377 funditur
2456 2314 2709 2381 sanguis
2740 2316 2999 2387 Domini,
3026 2322 3089 2376 in
3109 2326 3511 2385 remissione»;

1855 2393 2235 2464 peccatorum
2245 2397 2441 2468 fandi
2450 2400 2563 2469 tur,
2593 2401 2762 2459 debeo
2784 2405 2956 2462 illam
2975 2422 3202 2480 semper
3222 2406 3505 2487 accipere,

1864 2480 1939 2536 at
1959 2494 2187 2552 semper
2212 2485 2367 2541 milii
2384 2490 2635 2575 peccata
2664 2492 3069 2552 dimittantur.
3128 2501 3243 2564 Qui
3290 2480 3511 2575 semper

1851 2582 2046 2661 pecco,
2072 2584 2297 2661 semper
2316 2574 2485 2630 debeo
2505 2576 2719 2634 habere
2728 2582 3087 2641 medicinam
3107 2586 3273 2661 (l87).
3297 2592 3435 2647 Item
3454 2592 3509 2648 in

1865 2655 2014 2712 libro
2047 2664 2077 2713 5
2106 2659 2177 2715 de
2219 2666 2598 2721 sacramentis
2627 2666 2693 2699 “5
2727 2688 2739 2722 :
2772 2690 2798 2718 υ

1935 2746 2056 2815 (Fol
2110 2749 2276 2821 130’.)
2308 2752 2624 2820 Gregorius
2654 2756 2833 2825 igitur
2864 2760 2918 2815 in
2966 2767 3129 2819 turre
3177 2766 3507 2827 Crescentis

1862 2849 2028 2891 muro
2061 2835 2302 2908 clausis,
2339 2838 2565 2909 legatos
2600 2844 2754 2899 misit
2788 2847 2859 2902 ad
2910 2850 3230 2909 Robertum
3284 2856 3505 2927 Apuliae

1861 2923 2089 2991 ducem,
2115 2928 2211 2997 qui
2238 2932 2376 2984 tunc
2400 2931 2550 2986 forte
2567 2932 2758 2989 classe
2775 2935 3060 2995 instructa
3078 2956 3234 2999 mare
3254 2923 3505 3003 transire

1861 3014 2124 3085 parabat,
2143 3018 2444 3074 utveniret
2460 3026 2518 3075 ct
2533 3022 2897 3081 obsidionem
2912 3027 3190 3086 solveret.
3210 3033 3344 3088 Erat
3367 3038 3502 3092 tunc

1861 3100 2008 3157 forte
2041 3104 2233 3161 Romae
2266 3107 2447 3163 abbas
2493 3109 2860 3169 Divionensis
2906 3115 3139 3173 domino
3190 3136 3353 3192 papae
3400 3139 3503 3193 per

1806 3175 1826 3265 ξ
1858 3190 2046 3246 omnia
2080 3192 2472 3263 fideliseimus,
2500 3212 2669 3268 quem
2690 3216 2796 3271 pro
2818 3202 3071 3272 ingenita
3100 3175 3211 3263 sibi
3238 3175 3499 3268 bonitate

1857 3281 1917 3333 et
1949 3279 2279 3339 obedientia
2310 3285 2509 3342 debita
2546 3287 2715 3344 beato
2748 3291 2941 3361 Petro,
2995 3293 3335 3353 dulcissimo
3383 3315 3499 3356 am-

1856 3366 2228 3437 plectebatur
2245 3373 2478 3445 affectu,
2505 3376 2650 3432 adeo
2674 3382 2738 3433 ut
2760 3382 3164 3453 concaptivum
3188 3401 3354 3443 suum
3368 3402 3499 3445 eum

1853 3463 2092 3514 vocaret
2125 3477 2138 3524 ;
2173 3461 2306 3531 quia
2340 3477 2450 3519 non
2484 3480 2614 3521 eum
2646 3471 2952 3525 movebant
2986 3471 3197 3529 salutis
3239 3477 3498 3546 pericula

1854 3561 1959 3618 pro
1984 3547 2217 3616 justitia
2247 3558 2539 3624 suscepta.
2574 3555 2737 3631 Hunc
2762 3573 2903 3628 ergo
2931 3560 2999 3614 ad
3024 3565 3382 3621 evocandum
3406 3566 3503 3623 du-

1852 3648 1976 3691 cem
2009 3651 2140 3693 cum
2174 3640 2522 3710 quibusdam
2554 3646 2954 3703 cardinalibus
2986 3651 3157 3706 misit.
3204 3653 3310 3718 Qui
3362 3656 3501 3710 obe-

1851 3722 2128 3782 dientiam
2145 3742 2256 3783 non
2274 3731 2534 3799 segniter
2549 3738 3234 3809 excquutus,principem
3253 3741 3496 3798 adduxit

1850 3816 1910 3868 et
1933 3812 2066 3869 data
2092 3816 2229 3871 Urbi
2253 3818 2578 3890 obsidione,
2609 3823 3021 3893 patefactoque
3048 3826 3335 3898 ingressu,
3356 3844 3492 3899 rege

1850 3900 2067 3971 fugato,
2106 3918 2250 3975 papa
2284 3905 2589 3978 liberatur,
2624 3914 2684 3964 et
2706 3909 2775 3964 ad
2801 3911 3186 3969 Lateranense
3212 3916 3489 3986 palatium

1847 4003 1978 4047 cum
2005 3990 2188 4059 gloria
2212 3993 2534 4051 reducitur.
2565 3999 2636 4051 At
2668 3997 2799 4067 quia
2824 4000 3287 4059 Nor'nannorum
3314 4006 3493 4061 insta-

1849 4078 2046 4134 bilitas
2067 4080 2219 4135 Urbe
2242 4086 2409 4152 capta
2435 4086 2489 4137 et
2520 4085 2730 4154 praedae
2754 4086 2887 4142 data
2914 4088 3093 4145 multa
3121 4092 3264 4147 mala
3288 4109 3491 4166 perpe-

1846 4168 2126 4237 traverat,
2163 4168 2442 4224 nobilium
2477 4171 2864 4231 Romanorum
2888 4175 3038 4232 filias
3061 4180 3405 4249 stuprando,
3428 4188 3486 4237 et

1845 4258 2125 4310 nocentes
2140 4256 2363 4326 pariter
2380 4257 2837 4332 innocentesque
2854 4265 2975 4334 pari
2998 4280 3162 4336 poena
3179 4267 3485 4337 aﬂligendo

1845 4339 2181 4413 nullumque
2197 4344 2447 4416 modum,
2472 4347 2553 4402 uti
2570 4348 2901 4407 victoribus
2917 4367 3040 4408 mos
3055 4360 3169 4425 est,
3188 4354 3243 4410 in
3258 4357 3482 4429 rapina,

1844 4429 2215 4502 crudelitate,
2249 4433 2578 4505 direptione
2610 4438 2876 4496 habendo
2910 4459 2922 4495 :
2959 4443 3182 4499 veritus
3221 4460 3290 4501 ne
3338 4446 3486 4502 duce

1846 4519 2158 4576 recedente
2182 4521 2499 4581 infidelitas
2521 4526 2773 4583 Romana
2797 4530 3092 4599 exagitata
3108 4534 3484 4590 recrudesce-

92 4592 255 4682 audit,
291 4592 683 4686 approbatur,
715 4614 1053 4687 honoratur,
1086 4592 1380 4674 laudatur.
1418 4592 1555 4683 Quae
1570 4592 1663 4675 eni

1940 4651 1954 4679 ,
1985 4613 2045 4664 et
2074 4624 2219 4679 quos
2251 4616 2419 4668 antea
2453 4592 3097 4687 habueratquasiﬁdos
3119 4620 3358 4691 amicos,
3388 4638 3483 4693 pa-

90 4701 145 4753 ut
171 4698 284 4758 haec
313 4717 423 4774 pro
453 4703 713 4759 Romana
748 4703 1089 4761 decertavit.
1112 4704 1420 4762 aecclesia?
1464 4707 1620 4775 Quot
1669 4713 1729 4765 et

91 4793 280 4856 quanta
309 4806 485 4863 passa
508 4797 624 4862 est,
653 4798 715 4848 ut
739 4791 837 4848 illa
862 4794 1059 4850 debita
1085 4793 1360 4851 libertate
1386 4796 1727 4855 frueretur?

1843 4702 2070 4754 teretur
2084 4698 2315 4770 infidos,
2330 4701 2651 4758 cedendum
2669 4707 2782 4759 tem
2792 4705 2915 4775 pnri
2932 4706 3277 4773 arbitratus,
3295 4708 3481 4765 Saler-

1839 4802 1974 4844 num
2005 4803 2065 4845 se
2087 4787 2355 4845 contulit.
2389 4790 2510 4844 Rex
2538 4804 2675 4846 vero
2706 4792 2874 4848 hoste
2916 4794 3288 4868 adventante,
3332 4798 3479 4868 fugae

88 4870 279 4934 Extant
309 4881 381 4936 ad
410 4894 542 4936 eam
574 4878 778 4950 plures
808 4881 1070 4953 epistolae
1104 4897 1307 4953 papae;
1342 4898 1586 4955 quarum
1634 4886 1726 4944 hic
1832 4877 2174 4948 pmSidium
2209 4877 2534 4948 ι’θίιιλίπθηε›
2568 4878 2820 4948 Sigillum
2856 4882 3069 4937 άοῐηῖῐιί
3095 4898 3277 4955 Papini
3307 4901 3475 4956 quem

88 4971 239 5044 unam
267 4981 377 5024 non
409 4966 643 5040 pigebit
675 4967 955 5041 inserere,
993 4975 1056 5027 ut
1075 4976 1450 5043 agnoscatur,
1478 4988 1587 5044 qua
1612 4974 1723 5030 sibi

88 5043 309 5109 invicem
337 5055 555 5112 unione
587 5060 1033 5128 connectentur,
1067 5063 1127 5114 ut
1153 5071 1324 5114 omne
1348 5074 1414 5116 os
1435 5043 1593 5132 loqui
1619 5061 1723 5118 ini-

85 5144 184 5204 qua
210 5138 530 5198 volentium
564 5140 931 5214 obstruatur,
965 5149 1025 5199 et
1056 5148 1123 5200 ut
1152 5144 1406 5202 benivoli
1429 5146 1724 5206 instruan-

86 5220 188 5296 tur,
215 5231 273 5284 et
297 5228 606 5301 maliloqui
633 5229 981 5289 erubescant
1009 5236 1071 5291 et
1101 5232 1574 5293 confundantur:

145 5426 206 5462 “‘
230 5431 317 5490 ita
343 5449 391 5493 c.
423 5432 497 5468 ⁸1⁵
535 5432 700 5491 locus
736 5439 927 5496 cacat.

1837 4966 1993 5024 furto
2014 4967 2408 5038 subripuerat,
2437 4981 2634 5023 secum
2655 4968 2819 5034 tulit;
2839 4973 2897 5025 et
2915 4970 3318 5044 Portcensem,
3339 4976 3474 5045 quia

1835 5054 1973 5113 olim
1998 5056 2300 5114 familiaris
2322 5071 2485 5129 papae
2510 5057 2720 5127 fuerat,
2748 5058 2859 5113 sibi
2883 5059 3260 5118 conciliatum
3275 5078 3474 5122 secum

1834 5146 2019 5206 duxit.
2054 5148 2381 5205 Witbertus
2413 5162 2551 5204 vero
2579 5151 2636 5203 et
2670 5147 2794 5219 ipse
2819 5149 3062 5219 aufugit.
3089 5150 3474 5217 Quamobrem

1831 5236 2020 5294 verita
2049 5235 2363 5310 Matbildis,
2398 5251 2469 5295 ne
2502 5235 2798 5312 simplices
2835 5238 3050 5311 quique
3073 5242 3291 5301 astutia
3314 5244 3472 5317 regis

1434 5372 1671 5428 VARle
1714 5373 2111 5431 LECTIONES.

1654 5515 1875 5572 NOT/E.

154 5597 286 5687 (181)
303 5605 550 5687 Desunt
572 5604 886 5676 permulta.
926 5609 1067 5665 Data
1100 5612 1192 5667 est
1224 5609 1475 5681 epistola
1507 5627 1577 5669 xv
1610 5612 1845 5673 Kalend.
1878 5586 2030 5685 Mai,
2081 5612 2204 5672 ind.
2260 5618 2344 5687 12,
2396 5612 2452 5670 id
2493 5621 2581 5672 est
2628 5618 2795 5683 1074;
2827 5615 3065 5685 Regis”
3125 5614 3165 5683 ῐ,
3202 5620 3297 5685 47;
3330 5616 3468 5674 Cod.

90 5662 316 5731 Udalrici
344 5662 468 5734 1’57.
505 5662 583 5731 K:
