3894 6324
442 399 559 462 335

1409 393 1778 461 HUGONIS
1819 393 2170 460 ABBATIS
2212 378 2894 468 FLAVINIACENSIS

3732 391 3830 471 336

442 536 638 612 specie
659 533 834 608 sigilli
860 531 1292 606 deciperentur,
1311 530 2081 605 praevenitmalitiamillius,
2115 532 2172 594 A
2201 531 2431 606 ﬂuctus,
2467 537 2565 607 qui
2598 538 3108 608 perturbationum
3143 540 3419 612 impetus,
3458 541 3556 612 qui
3588 540 3827 600 dolorum

446 631 686 685 mittens
716 626 949 680 litteras
977 623 1248 678 fidelibus
1281 623 1338 677 in
1369 623 1477 680 hec
1501 623 1682 678 verba
1716 641 1728 675 :

522 740 547 766 α
577 713 871 772 Mathildis
901 713 998 768 Dei
1031 709 1220 782 gratia
1265 711 1311 765 si
1363 710 1500 781 quid
1551 717 1660 780 est,
1713 710 1984 766 omnibus
2030 709 2086 764 in

443 804 969 864 Thcuthonicorum
1015 814 1194 870 regno
1235 799 1758 869 commorantibus,
1809 796 2080 854 salutem.

449 897 657 952 Notum
689 893 856 950 vobis
900 891 1164 958 facimus,
1201 888 1355 958 quod
1405 888 1714 944 Heinricus
1756 886 1944 945 falsus
1987 901 2086 942 rex

447 985 603 1040 furto
627 979 922 1051 subripuit
948 977 1214 1050 sygillum
1235 976 1428 1032 domni
1444 990 1608 1047 papae
1624 975 1906 1045 Gregorii.
1927 974 2087 1030 Unde

446 1073 494 1128 si
529 1069 666 1141 quid
697 1067 1006 1126 audieritis
1057 1064 1212 1136 quod
1264 1062 1560 1120 discordet
1603 1077 1633 1119 a
1684 1068 1883 1118 nostra
1935 1061 2088 1131 lega-

446 1161 629 1229 tione,
664 1155 872 1212 falsum
914 1153 1303 1222 arbitramini,
1354 1167 1542 1223 neque
1593 1150 1912 1207 mendaciis
1961 1151 2090 1220 ejus

447 1245 862 1318 adquiescatis.
898 1245 1175 1300 Preterea
1205 1241 1542 1312 episcopum
1577 1241 1958 1296 Portuensem
2000 1254 2088 1295 se-

445 1351 574 1394 cum
609 1333 812 1399 ducit;
861 1331 1130 1403 quoniam
1179 1329 1316 1386 olim
1365 1328 1472 1384 fuit
1517 1327 1819 1384 familiaris
1869 1328 2086 1384 domini

451 1440 632 1496 papae.
669 1423 723 1477 Si
759 1422 938 1492 igitur
983 1418 1200 1490 aliquid
1250 1418 1545 1474 vobiscum
1595 1417 1686 1472 vel
1731 1421 1935 1473 contra
1987 1431 2089 1474 vos

451 1527 552 1584 per
581 1526 710 1568 eum
734 1509 860 1566 vult
883 1508 1134 1580 operari,
1157 1521 1287 1562 eum
1321 1506 1528 1561 falsum
1552 1509 1766 1561 testem
1788 1505 1970 1566 nolito
1987 1505 2090 1562 du-

449 1601 656 1656 bitare.
695 1597 848 1654 Nulli
881 1610 1148 1666 umquam
1174 1594 1452 1663 credatis,
1476 1593 1571 1664 qui
1595 1593 1767 1649 aliter
1790 1609 1960 1664 quam
1985 1610 2090 1650 nos

448 1691 642 1746 dicere
673 1685 929 1744 audebit.
966 1683 1174 1740 Sciatis
1202 1682 1472 1738 domnum
1517 1696 1720 1753 papam
1766 1683 1883 1753 jam
1928 1697 2091 1738 recu-

451 1791 686 1852 perasse
717 1774 974 1830 Sutrium
1005 1775 1180 1842 atque
1211 1773 1386 1842 Nepe.
1415 1771 1702 1826 Barrabas
1723 1771 1896 1842 latro,
1923 1769 1978 1825 id
1999 1775 2090 1826 est

449 1865 698 1923 lieinrici
733 1877 902 1935 papa,
937 1863 1057 1932 ipse
1089 1875 1320 1931 quoque
1349 1860 1594 1929 aufugit.
1636 1859 1860 1930 Valete,
1909 1864 1966 1917 et
2017 1859 2090 1914 de

450 1955 673 2012 insidiis
702 1951 957 2008 Heinrici
989 1950 1144 2006 cauti
1174 1954 1388 2004 estote.
1422 1971 1447 1995 π

520 2044 704 2114 Igitur
734 2056 957 2098 summo
991 2039 1266 2111 pontiﬁce
1298 2039 1370 2092 ab
1403 2037 1555 2092 Urbe
1579 2037 1935 2107 discedente,
1961 2037 2089 2106 ejus

446 2131 751 2190 comitatui
783 2130 964 2185 abbas
996 2125 1362 2182 Divioncnsis
1397 2139 1504 2180 non
1530 2125 1732 2180 defuit.
1760 2127 1970 2180 Verum
1995 2124 2089 2180 die

449 2222 695 2292 quadam
725 2217 990 2274 exercitu
1026 2215 1177 2270 ultra
1203 2228 1370 2283 quam
1393 2219 1735 2283 speraverat
1759 2227 1982 2268 summo
2006 2213 2089 2268 (li-

449 2310 646 2366 luculo
679 2319 1012 2379 progresso,
1046 2318 1174 2358 eum
1209 2302 1330 2372 ipse
1353 2317 1482 2358 cum
1509 2301 1684 2357 sociis
1709 2301 1866 2356 celer
1889 2303 2090 2358 subse-

450 2400 751 2469 queretur,
781 2393 1046 2448 ealonum
1092 2392 1323 2446 turbam
1371 2390 1632 2458 offendit,
1683 2405 1780 2460 qui
1827 2395 2090 2446 extrema

449 2485 704 2542 hostium
737 2485 1070 2551 sequentes,
1104 2479 1245 2534 mira
1275 2478 1538 2547 agilitate
1561 2477 1834 2534 currendi
1857 2479 2089 2548 ignaros

439 2573 572 2631 -doli
603 2579 659 2627 et
695 2570 915 2626 fraudis
945 2567 1339 2624 trucidabant.
1377 2567 1631 2632 Quorum
1658 2567 1974 2638 nequitiam
1998 2568 2090 2622 ab-

456 2663 580 2730 bas,
599 2664 659 2716 ut
675 2662 956 2730 expertus
979 2657 1033 2712 in
1054 2655 1625 2725 talibus,agnoscens
1647 2661 1707 2710 et
1733 2669 2083 2726 praecavens,

451 2751 644 2808 socios
675 2749 786 2804 iter
819 2745 1150 2802 accelerare
1183 2745 1548 2816 pr:.emonuit.
1583 2746 1792 2800 Verum
1817 2745 1934 2801 illis
1959 2761 2089 2816 pro-

453 2853 591 2912 pere
606 2835 978 2905 abeuntibus,
992 2851 1120 2892 cum
1141 2838 1450 2906 postterga
1465 2833 1710 2890 subdole
1734 2835 2089 2892 clamaretur

451 2929 522 2983 ab
537 2926 753 2998 impiis,
770 2940 878 2980 non
895 2939 1025 2979 esse
1039 2938 1162 2978 eam
1177 2923 1328 2979 viam
1356 2938 1482 2978 uuae
1505 2923 1890 2992 praeeuntium
1916 2923 2091 2979 vesti-

449 3017 562 3087 gia,
590 3018 941 3085 sequeretur
960 3027 1022 3067 se
1035 3011 1184 3066 viam
1201 3011 1372 3077 scire,
1389 3015 1446 3066 et
1465 3017 1702 3082 paratos
1715 3011 2026 3068 ostendere
2040 3013 2088 3068 si

450 3119 518 3161 ex
532 3108 696 3176 pecta
707 3109 928 3170 rentur,
954 3101 1165 3155 abbate
1183 3098 1625 3156 contradicente
1638 3104 1694 3154 et
1709 3099 1874 3155 dolos
1888 3115 2089 3156 eorum

350 3187 361 3199 ’
453 3193 882 3259 manifestante,
920 3190 1102 3243 frater
1125 3187 1222 3256 qui
1244 3187 1638 3244 comitabatur
1659 3187 1972 3245 Walterius
1997 3205 2093 3245 no-

454 3284 606 3339 mine
636 3279 924 3347 substitit,
957 3283 1012 3332 et
1051 3277 1201 3332 ultra
1233 3281 1430 3332 votum
1460 3277 1712 3334 omnium
1737 3277 1886 3334 viam
1911 3280 1983 3334 ab
2005 3279 2091 3334 eis

455 3369 760 3442 querebat.
795 3369 839 3420 A
871 3365 1082 3436 quibus
1101 3380 1231 3420 mox
1250 3370 1608 3436 peremptus,
1632 3366 1782 3423 viam
1809 3367 2092 3424 universas

451 3456 646 3515 carnis
678 3456 1052 3524 ingressurus
1080 3457 1225 3508 erat.
1261 3453 1424 3518 Quod
1455 3459 1511 3510 et
1548 3454 1629 3510 ita
1657 3456 1924 3525 contigit.
1955 3457 2092 3512 Cum

454 3545 606 3602 enim
636 3541 1062 3599 accelerantem
1095 3540 1470 3612 praestolatur
1499 3540 1566 3574 ‘1'
1595 3542 1805 3600 emissa
1831 3543 2092 3600 lanceola

455 3636 511 3692 in
540 3647 671 3689 eum
695 3631 970 3701 dirigitur
997 3647 1012 3695 ;
1035 3634 1121 3686 set
1145 3629 1278 3686 dum
1310 3629 1474 3686 tarde
1493 3630 1601 3686 sibi
1630 3632 1922 3703 providet,
1946 3638 2006 3688 et
2026 3633 2096 3690 ie-

454 3729 578 3779 tum
603 3720 866 3778 devitarc
887 3717 1089 3788 gestit,
1115 3717 1325 3774 vulnus
1349 3717 1538 3774 lwtale
1563 3721 1840 3790 suscepit.
1869 3722 1934 3776 Et
1960 3721 2094 3776 dum

457 3826 530 3868 ex
561 3809 765 3866 dolore
796 3807 949 3864 ictus
977 3806 1219 3877 gradum
1250 3805 1560 3878 accelerat,
1595 3808 1863 3864 achatem
1895 3810 2097 3866 subse-

457 3902 693 3972 quutus,
730 3911 906 3968 supra
935 3901 1142 3966 pectus
1182 3894 1308 3964 ejus
1345 3895 1538 3966 capite
1583 3895 1886 3968 reclinato,
1932 3897 2098 3955 vitali

457 3987 670 4060 spiritu
704 3984 1013 4041 deﬁciente
1041 3983 1287 4054 corruit,
1312 3988 1372 4039 et
1391 3983 1670 4040 deﬁciens
1692 3988 1958 4042 mortuus
1980 3989 2092 4042 est.

457 4077 558 4134 Cui
583 4073 729 4130 illud
749 4071 1011 4128 obfuisse
1041 4071 1354 4142 credimus,
1383 4071 1513 4142 quia
1539 4071 1805 4143 partibus
1830 4073 2100 4144 papaaju-

377 4202 393 4208 -
458 4165 568 4222 stis
592 4168 652 4218 et
675 4160 896 4218 sanctis
918 4161 1320 4229 aversabatur,
1347 4174 1452 4216 nec
1476 4159 1688 4230 corrigi
1715 4165 1942 4230 poterat
1967 4177 2099 4220 cum

461 4252 662 4323 sepius
688 4248 1123 4318 objurgaretur.
1157 4250 1368 4304 Pareat
1407 4247 1460 4303 ei
1509 4248 1882 4318 omnipotens
1926 4251 2097 4323 Deus,

459 4346 520 4396 et
543 4341 787 4406 tribuat,
817 4341 876 4394 ut
901 4337 1046 4394 ultio
1069 4340 1397 4408 praesenset
1413 4340 1789 4406 peccatorum
1803 4339 2027 4396 veniam
2043 4347 2102 4398 et

459 4427 814 4487 aeternitatis
841 4426 894 4482 ei
925 4425 1112 4496 pariat
1143 4425 1517 4480 mansionem.
1553 4423 1658 4480 Illo
1687 4439 1827 4496 ergo
1871 4433 2098 4503 ruente,

458 4533 574 4576 non
591 4515 817 4573 destitit
845 4514 1126 4570 malorum
1147 4511 1492 4584 improbitas
1512 4526 1541 4568 a
1558 4516 1982 4588 persequendo,
2001 4519 2102 4576 do-

2197 625 2468 695 gemitus,
2507 642 2636 696 quae
2670 629 2940 698 suspiria.
2976 644 3104 698 qua:
3133 629 3351 684 mentis
3385 630 3686 686 anxietas:
3717 647 3826 688 cum

2200 713 2470 783 perderet
2505 715 2724 770 socium
2758 717 2970 786 socius,
3008 715 3185 774 ﬁlium
3220 721 3413 788 pater,
3451 719 3724 788 magister
3761 721 3829 778 di-

2199 801 2509 874 scipulum,
2535 807 2592 858 ct
2619 818 2728 860 non
2746 805 2933 860 solum
2950 803 3332 862 insalutatum
3351 805 3695 878 dimitteret,
3711 809 3825 878 quin

2197 892 2372 945 etiam
2402 897 2691 962 ruentem,
2725 892 3112 962 deﬁcientem,
3153 893 3505 950 morientem
3557 897 3826 966 reSpicere

2197 992 2310 1033 non
2339 979 2604 1050 auderet,
2639 995 2745 1036 nec
2767 981 3111 1037 humanitati
3135 981 3320 1036 officia
3344 981 3438 1052 pia
3473 981 3822 1053 persolvere?

2199 1066 2243 1122 Ο
2275 1067 2372 1137 qui
2407 1071 2603 1139 patres
2635 1069 2800 1138 estis,
2837 1069 2932 1139 qui
2967 1070 3229 1124 affectum
3262 1069 3523 1126 ﬁliorum
3565 1071 3732 1128 corde
3759 1079 3828 1129 te-

2198 1155 2370 1225 netis,
2391 1157 2680 1213 attendite
2701 1163 2760 1212 et
2783 1157 2996 1226 videte,
3024 1157 3154 1227 quis
3179 1158 3367 1228 patris
3389 1157 3563 1230 hujus
3578 1159 3830 1218 dolorex-

2201 1243 2408 1314 titerit,
2442 1246 2538 1315 qui
2574 1245 2753 1301 ﬁlium
2785 1247 2919 1300 dum
2957 1250 3124 1316 putat
3156 1246 3354 1302 vivum
3376 1251 3434 1302 et
3461 1252 3741 1317 vegetum,
3761 1249 3828 1304 in-

2199 1338 2480 1388 necenter
2509 1339 2644 1389 ante
2675 1347 2738 1389 se
2772 1331 2931 1388 vidct
2962 1337 3300 1402 mactatum,
3339 1333 3395 1388 in
3430 1339 3614 1390 morte
3638 1335 3727 1390 ﬁlii
3749 1350 3828 1407 pa-

2199 1423 2292 1475 ter
2326 1435 2532 1490 passus
2561 1426 2670 1477 est.
2708 1420 2828 1491 (fol.
2865 1425 2953 1492 13)
2986 1421 3092 1487 Qui
3121 1420 3296 1476 habet
3329 1422 3580 1478 amicum
3621 1423 3828 1478 karissi-

2202 1523 2376 1578 mum,
2401 1513 2457 1563 et
2481 1523 2612 1564 eum
2637 1510 2858 1578 cogitat
2883 1508 3252 1578 moriturum,
3281 1510 3395 1565 scit
3421 1510 3520 1580 qui
3544 1517 3702 1581 pater
3725 1525 3829 1580 pas-

2201 1609 2302 1651 sus
2333 1595 2430 1666 sit,
2457 1596 2594 1652 licet
2623 1598 2836 1667 majora
2873 1612 3078 1668 passus
3100 1597 3176 1652 sit
3201 1612 3376 1667 quam
3401 1597 3615 1668 aliquis
3633 1599 3828 1654 amicus

2201 1685 2272 1739 de
2302 1685 2488 1742 amico
2521 1686 2856 1755 excogitare
2887 1686 3099 1756 possit.
3127 1685 3370 1742 Multum
3396 1686 3550 1741 enim
3572 1686 3736 1743 distat
3759 1687 3830 1741 in-

2203 1778 2293 1828 ter
2326 1774 2379 1830 id
2412 1773 2566 1845 quod
2597 1775 2971 1843 somniamus,
3005 1780 3062 1830 et
3099 1789 3226 1845 quae
3259 1775 3452 1831 oculis
3477 1775 3826 1846 praesentiali-

2199 1867 2292 1917 ter
2315 1863 2576 1920 vidcmus
2597 1881 2612 1930 ;
2636 1865 2722 1919 sic
2743 1863 3098 1934 permaxima
3123 1866 3213 1918 est
3240 1863 3573 1920 differentia
3597 1865 3736 1919 inter
3748 1879 3826 1918 co-

2199 1952 2447 2020 gitatum
2481 1958 2540 2008 et
2573 1957 2783 2008 actum.
2820 1953 2987 2007 Venit
3021 1967 3162 2022 ergo
3194 1951 3438 2007 tandem
3475 1953 3651 2008 abbas
3669 1951 3732 2007 ad
3751 1967 3824 2007 so-

2200 2041 2322 2096 cios
2341 2044 2421 2111 ,et
2457 2041 2726 2096 osculato
2753 2041 2896 2112 pede
2913 2056 3098 2116 papze,
3122 2056 3252 2097 cum
3281 2043 3485 2097 vultus
3503 2044 3738 2096 mentem
3756 2041 3824 2096 in-

2200 2129 2448 2198 dicaret,
2483 2128 2742 2184 dolorem
2776 2129 2972 2185 cordis
2998 2129 3250 2200 aperuit.
3279 2131 3438 2200 Papa
3457 2143 3592 2185 vero
3612 2128 3823 2184 directis

2199 2216 2501 2286 militibus,
2533 2231 2664 2272 cum
2698 2231 2988 2272 armorum
3023 2222 3334 2288 apparatu,
3390 2222 3656 2272 auctores
3695 2217 3824 2271 tanti

2201 2304 2444 2360 sceleris
2479 2305 2774 2376 persequi,
2809 2309 2866 2360 et
2897 2319 3113 2375 corpus
3129 2305 3448 2360 exanimati
3475 2305 3668 2360 fratris
3687 2305 3748 2359 ad
3770 2318 3824 2358 se

2202 2391 2480 2464 praecepit
2511 2393 2831 2464 deportari.
2867 2393 3031 2458 Quod
3067 2392 3370 2449 inventum
3395 2400 3488 2448 est
3515 2393 3662 2449 omni
3685 2397 3824 2448 veste

2201 2479 2513 2551 spoliatum
2543 2485 2601 2536 et
2634 2481 2689 2535 in
2724 2495 2828 2537 suo
2861 2480 3141 2550 sanguine
3175 2479 3527 2551 volutatum,
3580 2481 3764 2550 sicque
3796 2495 3822 2534 a

2203 2569 2449 2639 quodam
2481 2569 2697 2626 clerico
2729 2570 2800 2624 de
2831 2569 3009 2626 sociis
3043 2570 3097 2624 in
3126 2584 3294 2640 papa:
3327 2570 3633 2640 praesentia
3662 2567 3822 2639 perla-

2205 2662 2342 2713 tum.
2362 2658 2466 2724 Qui
2487 2657 2734 2727 benigno
2749 2662 2810 2714 ut
2825 2664 2952 2712 erat
2980 2658 3169 2712 animo
3189 2657 3587 2730 compaciens,
3612 2654 3820 2728 pluviali

2200 2761 2305 2802 suo
2319 2747 2685 2817 quoindutus
2700 2751 2846 2815 erat,
2867 2761 3082 2817 corpus
3100 2746 3304 2802 fratris
3339 2746 3632 2818 operiens,
3661 2748 3714 2800 et
3742 2743 3823 2798 ab-

2201 2835 2546 2893 solutionem
2577 2835 2627 2890 ei
2661 2833 2896 2904 faciens,
2935 2834 3163 2890 missam
3188 2849 3296 2906 pro
3319 2835 3594 2890 defuncto
3615 2829 3818 2898 cecinit,

2200 2930 2258 2981 et
2290 2924 2372 2981 sic
2404 2929 2578 2980 terrae
2611 2923 2765 2994 quod
2799 2937 2968 2978 suum
2991 2928 3118 2978 erat
3143 2923 3427 2993 restituit,
3472 2919 3704 2978 multum
3729 2932 3818 2973 con

2202 3013 2427 3070 solatus
2457 3013 2749 3081 abbatem,
2786 3015 2848 3066 ut
2881 3010 3168 3068 voluntati
3198 3013 3298 3067 Dei
3321 3012 3413 3068 sui
3445 3007 3819 3074 concordaret,

2195 3101 2414 3171 judicia
2447 3099 2574 3169 ejus
2605 3113 2735 3155 esse
2766 3099 2998 3155 occulta
3034 3114 3347 3170 numquam
3378 3103 3572 3155 tamen
3603 3096 3812 3166 injusta.

2203 3189 2579 3245 Confortatus
2608 3191 2698 3244 est
2733 3191 2924 3244 autem
2959 3187 3203 3259 spiritus
3228 3186 3392 3244 illius
3423 3189 3480 3243 in
3511 3185 3748 3252 Domino,
3768 3186 3818 3236 et

2201 3293 2332 3334 cum
2363 3276 2552 3332 omnia
2578 3275 2951 3348 perdidisset,
2981 3275 3181 3331 nonad
3208 3275 3569 3332 iracundiam
3601 3283 3817 3345 provoca

2201 3371 2298 3424 tus
2327 3371 2440 3436 est,
2476 3379 2662 3436 neque
2689 3365 2936 3421 stultum
2969 3364 3108 3434 quid
3127 3368 3338 3420 contra
3373 3366 3548 3420 Deum
3572 3361 3819 3430 loquutus

2201 3460 2312 3512 est.
2348 3453 2656 3524 Cogitabat
2687 3467 2826 3510 vero
2862 3468 3006 3524 papa
3039 3452 3390 3509 mitissimus
3419 3467 3550 3508 eum
3577 3461 3742 3522 penes
3767 3459 3818 3501 se

2205 3544 2461 3600 retinere
2484 3541 2692 3598 diebus
2715 3545 2852 3598 Vitae
2877 3556 3018 3610 sum,
3044 3541 3144 3596 sed
3172 3540 3308 3611 quia
3332 3541 3485 3596 idem
3511 3537 3823 3596 anxiahatur

2199 3633 2316 3704 jam
2351 3646 2454 3703 per
2485 3645 2697 3686 annum
2731 3629 3022 3699 integrum
3049 3629 3396 3686 commissos
3411 3629 3522 3685 sibi
3563 3628 3760 3682 fratres
3775 3625 3823 3676 et

2206 3721 2358 3777 ﬁlios
2377 3735 2439 3776 se
2463 3733 2572 3774 non
2599 3717 2834 3787 vidisse,
2859 3717 2997 3772 licet
3019 3716 3247 3773 doleret
3272 3717 3406 3774 illos
3430 3732 3541 3774 non
3565 3718 3626 3772 ut
3643 3713 3824 3770 decue-

2208 3815 2294 3866 rat
2327 3823 2458 3864 eum
2491 3823 2518 3864 a
2555 3821 2618 3862 se
2642 3805 2931 3862 dimisisse
2963 3824 2976 3860 :
3011 3805 3214 3862 videns
3242 3807 3496 3862 animum
3520 3805 3640 3874 ejus
3661 3801 3712 3856 in
3732 3799 3822 3852 hoc

2205 3911 2339 3956 esse
2357 3902 2422 3954 ut
2438 3897 2652 3951 fratres
2665 3893 2956 3963 visitaret,
2983 3893 3205 3950 dimisit
3227 3909 3382 3956 eum.
3409 3891 3672 3964 imposita
3693 3887 3740 3943 ei
3763 3885 3827 3939 le-

2206 3986 2442 4057 gatione
2494 3983 2846 4054 Colimbriai,
2897 3984 3042 4040 dans
3091 3983 3325 4041 litteras
3375 3983 3447 4040 ad
3479 3976 3822 4038 Sisenandum

2212 4073 2530 4150 principem
2563 4072 2820 4144 praefatae
2856 4071 3170 4142 provinciae
3193 4073 3364 4143 (188),
3398 4076 3458 4128 ut
3480 4069 3530 4126 ei
3564 4073 3821 4133 tamquam

2210 4163 2382 4220 alteri
2415 4161 2526 4218 sibi
2551 4160 2840 4216 crederet.
2867 4160 3019 4216 Misit
3041 4160 3215 4216 etiam
3238 4175 3345 4231 per
3365 4175 3517 4229 eum,
3542 4162 3598 4212 et
3620 4168 3716 4226 per
3742 4152 3824 4206 Pe-

2209 4258 2367 4309 trum
2399 4253 2632 4320 lgneum
2666 4249 2836 4320 (189),
2870 4253 2927 4304 et
2961 4264 3065 4318 per
3089 4249 3408 4320 principem
3431 4243 3822 4302 Salernitanum

2214 4339 2498 4398 Gisulfum
2513 4337 2762 4405 nomine,
2783 4352 2928 4408 quos
2947 4336 3281 4393 Cluniacum
3302 4337 3593 4404 mittebat,
3621 4330 3822 4385 litteras

2213 4428 2482 4486 omnibus
2515 4425 2804 4495 ﬁdelibus,
2847 4424 2904 4480 in
2937 4425 3149 4495 quibus
3177 4435 3233 4481 et
3261 4422 3613 4480 calamitatis
3636 4417 3822 4476 sancta:

2213 4519 2485 4574 Romanae
2516 4513 2800 4570 aacclesiae
2830 4519 3160 4580 causam,et
3183 4529 3286 4569 cur
3318 4516 3480 4568 tanta
3517 4519 3714 4582 passus
3741 4499 3818 4567 sit,

457 4623 564 4666 nec
590 4605 778 4662 bestia
803 4617 930 4674 quae
957 4601 1220 4658 sarcinas
1246 4601 1470 4656 ferebat
1495 4608 1848 4674 remanente,
1884 4605 2100 4664 inveni-
2127 4599 2182 4662 D
2215 4604 2592 4678 quamobrem
2627 4601 2699 4658 ad
2730 4602 2837 4658 hec
2868 4603 3140 4673 patienda
3173 4602 3464 4657 adductus
3491 4599 3569 4654 sit
3602 4591 3823 4652 breviter

456 4698 546 4753 ret
571 4697 826 4751 Romana
850 4689 1098 4747 avaritia
1123 4703 1236 4758 quo
1257 4689 1605 4760 cupiditatis
1634 4691 1906 4761 ingenitae
1941 4695 2097 4754 frena

455 4785 704 4854 laxaret,
725 4781 923 4850 sicque
939 4776 1377 4833 maliciaeorum
1393 4784 1636 4850 propter
1648 4781 1910 4839 sarcinas
1925 4783 2104 4840 inter-

455 4877 633 4946 rupta
649 4875 758 4927 est.
779 4870 1112 4925 lntueamur
1127 4880 1278 4922 nunc
1292 4865 1668 4923 ﬂuctuantem
1683 4872 1740 4924 et
1755 4875 2102 4928 aestuantem

2213 4693 2580 4762 dilucidavit,
2601 4694 2658 4748 et
2685 4694 2747 4746 ut
2776 4691 2864 4748 sui
2884 4691 3300 4746 misererentur
3319 4685 3635 4743 ammonuit
3659 4683 3710 4737 in
3734 4678 3820 4734 hec

2211 4784 2390 4843 verba
2425 4802 2438 4838 :

2290 4891 2318 4924 «
2343 4866 2658 4939 Gregorius
2672 4867 3006 4939 episcopus,
3034 4879 3242 4922 servus
3270 4877 3571 4922 servorum
3591 4857 3704 4927 Dei,
3726 4863 3822 4907 onl-

457 4961 711 5020 animum
725 4955 914 5030 patris
927 4953 997 5012 de
1016 4959 1203 5010 morte
1219 4953 1406 5024 θιίίνθι
1422 4955 1746 5024 cogitemus
1767 4973 1896 5030 qua:
1921 4961 2107 5033 potuit
2217 4961 2390 5020 nibus
2407 4959 2465 5014 in
2489 4957 2720 5015 Christo
2734 4955 3026 5024 ﬁdelibus,
3043 4955 3424 5026 apostolicam
3439 4951 3635 5009 sedem
3647 4949 3821 5002 revera

457 5054 666 5120 gentes
697 5043 1025 5104 consolatio
1043 5041 1660 5101 doloriilliusmederi.
1699 5048 2112 5118 Apudexteras
2221 5047 2621 5118 diligentibus,
2639 5044 2888 5102 salutem
2902 5043 3352 5116 etapostolicam
3370 5035 3816 5123 benedictionem.

463 5137 716 5210 positus,
763 5134 993 5192 duobus
1024 5135 1250 5188 tantum
1287 5131 1465 5188 sociis
1504 5137 1560 5188 et
1587 5134 1698 5190 hoc
1736 5136 2113 5196 terciofultus
2222 5135 2517 5204 Pervenit,
2553 5133 2766 5189 fratres
2797 5131 3105 5201 karissimi,
3130 5136 3288 5188 etc.»
3310 5123 3702 5210 Exstant:th

460 5203 598 5296 quid
615 5203 886 5296 putamus
899 5219 1060 5278 cordi
1077 5219 1128 5290 ej
1139 5234 1204 5275 us
1218 5220 2116 5294 accesserit?Quicogitationum
2223 5225 2412 5285 stolas
2434 5203 2731 5296 Gregorii,
2755 5220 3118 5291 Ραιγοιοθίω
3148 5221 3280 5278 tom.
3318 5208 3692 5286 CXLVIIl,col.
3716 5203 3816 5259 708-

1813 5348 2049 5406 VARUE
2088 5348 2488 5408 LECTIONES.

527 5445 594 5481 ‘1‘
619 5445 714 5504 ita
742 5443 967 5514 codex;
993 5442 1400 5516 praestolamur
1429 5443 1691 5504 Labbeus
1714 5445 1926 5505 edidit.

2043 5517 2266 5578 NOTAE.

529 5622 686 5697 (188)
712 5622 910 5697 Neque
936 5620 1061 5697 haec
1091 5633 1280 5697 neque
1301 5625 1624 5697 sequentes
1647 5623 1910 5695 Gregorii
1944 5623 2102 5684 litte-

459 5689 547 5755 rae'
568 5696 624 5753 in
657 5689 936 5763 Regis'tro
968 5689 1264 5762 leguntur.
1299 5692 1363 5749 Κ.

2286 5621 2432 5694 (189)
2475 5615 2849 5710 απάἰηᾳιθω.
