3894 6324
105 292 224 362 38Ἱ

1399 305 1896 375 UHRONICON.
1935 343 2014 358 —
2043 309 2194 376 LIB.
2239 314 2315 380 II.

3440 325 3560 395 888

188 432 601 532 Abbasigitur
623 440 992 502 Divionensis
1015 456 1144 501 cum
1166 443 1342 502 Petro
1364 444 1539 516 lgneo
1559 448 1615 504 et
1637 443 1795 520 prin-
1823 442 1879 507 A
1910 448 2030 519 net,
2064 449 2228 508 tanto
2265 453 2447 526 magis
2476 457 2812 529 appetebat,
2865 463 3082 532 quanto
3115 477 3450 524 mammonae
3480 467 3563 526 fu-

127 523 266 598 cipe
296 526 680 588 Salernitano
723 533 877 604 apud
928 532 1349 591 Salernitanam
1406 537 1610 592 urbem
1640 551 1795 592 mare

114 614 400 686 ingressi,
433 618 577 688 quia
606 624 946 690 perterram
974 621 1057 676 ire
1075 627 1320 694 propter
1344 623 1794 682 discursantium

117 703 390 760 hostium
412 704 675 776 impetus
689 708 1212 780 pertimescebant,
1241 709 1411 782 longa
1428 711 1796 782 navigatione

117 792 351 864 pertesi
397 795 659 851 tamdem
715 797 1126 868 applicuerunt
1177 799 1327 870 apud
1363 803 1636 857 Sanctum
1672 801 1798 870 Egi-

119 880 294 936 dium
329 882 496 954 (l90),
536 883 635 938 ubi
699 885 952 941 diversis
1006 902 1281 944 curarum
1338 888 1582 946 aestibus
1641 890 1798 960 cepit

118 969 436 1040 mensejus
457 971 710 1040 anxiari,
735 977 929 1030 utrum
953 973 1109 1031 sicut
1133 989 1284 1046 papa
1308 982 1668 1048 praeceperat
1689 978 1797 1033 iret

118 1061 303 1114 recto
315 1059 550 1115 tramite
565 1059 1041 1132 Colimbriam,an
1064 1063 1331 1120 visitaret
1352 1065 1504 1121 ﬁlios
1519 1080 1665 1136 quos
1683 1066 1799 1135 jam

115 1161 375 1205 emenso
407 1163 556 1206 anno
587 1165 703 1206 non
727 1150 976 1208 viderat.
1003 1153 1062 1208 Ei
1089 1153 1290 1223 itaque
1321 1155 1632 1211 ﬂuctuanti
1673 1170 1802 1226 ριό-

114 1235 280 1292 vidit
319 1242 631 1310 respectus
665 1239 905 1310 pietatis
940 1240 1168 1311 divinae,
1217 1243 1512 1314 inspirans
1541 1244 1705 1301 cordi
1738 1243 1803 1324 il:

113 1321 267 1393 lius,
290 1329 357 1381 ut
381 1327 717 1398 postposita
737 1328 888 1384 omni
914 1329 1448 1400 dubietatejfratres
1463 1338 1521 1388 et
1546 1332 1700 1388 ﬁlios
1723 1333 1776 1388 vi

113 1412 550 1486 sitaret;quod
568 1420 630 1472 et
659 1416 819 1487 fecit,
845 1432 947 1473 nec
969 1432 1102 1474 eum
1121 1419 1331 1474 fecisse
1359 1420 1632 1490 penituit.
1661 1423 1798 1477 Nam

115 1503 238 1558 nisi
264 1503 382 1560 hoc
407 1504 921 1576 fecisset,fortasse
954 1507 1189 1564 rediens
1210 1524 1240 1564 a
1267 1509 1578 1567 Colimbria
1593 1511 1690 1567 vix
1715 1511 1799 1566 in-

115 1592 400 1648 venisset
418 1607 566 1663 quos
579 1593 871 1650 visitaret.
893 1595 1100 1667 (1085.)
1117 1597 1474 1654 Perdidissct
1490 1598 1664 1654 etiam
1680 1602 1800 1654 tan‘

114 1683 248 1735 tam
305 1681 532 1750 frugem
569 1681 884 1753 liliationis,
918 1688 1190 1754 quantam
1223 1700 1292 1740 eo
1327 1700 1477 1742 anno
1511 1687 1791 1758 suscepit,

1909 537 2094 594 rentis
2118 545 2178 596 et
2202 540 2502 601 illicientis
2528 545 2768 604 fallaces
2787 553 2841 603 et
2877 564 2989 606 non
3017 567 3186 609 veras
3213 556 3563 626 aspernaba-

1911 628 2006 682 tur
2027 627 2283 685 divitias.
2311 633 2764 703 Astringebatur
2787 637 2935 694 enim
2963 638 3018 695 in
3044 644 3296 712 utroque
3318 643 3560 701 humero

1907 715 2194 774 velamine
2213 721 2732 794 superhumeralis,
2759 726 2856 796 qui
2872 731 3076 784 contra
3091 728 3334 786 adversa
3351 735 3407 787 et
3432 747 3566 802 pro-

1909 817 2080 874 spera
2094 806 2376 863 virtutum
2392 825 2622 882 semper
2636 820 2979 871 ornamento
2995 831 3044 871 m
3057 816 3383 889 uniebatur,
3406 823 3466 875 et
3489 822 3558 877 ad

1911 893 2036 948 sola
2073 910 2200 965 quae
2225 899 2521 954 anteriora
2548 905 2685 957 sunt
2709 903 2921 973 nitens,
2945 905 3000 960 in
3025 904 3186 963 nullo
3219 907 3564 966 delectatio-

1912 982 2002 1038 nis
2033 983 2242 1042 inﬁmte
2276 985 2459 1043 latere
2493 988 2840 1047 ﬂectebatur
2870 991 2956 1048 “9.

1985 1142 2126 1211 (Fol.
2162 1143 2305 1217 132’)
2353 1149 2474 1202 Jam
2527 1151 2718 1204 autem
2747 1154 2977 1222 tempus
3025 1153 3210 1224 adest,
3245 1161 3311 1212 ut
3343 1157 3562 1214 resolu-

1912 1231 2091 1288 tionis
2115 1234 2242 1302 ejus
2265 1235 2450 1290 series
2468 1238 2777 1307 referatur,
2811 1244 2866 1294 et
2891 1256 3004 1311 quo
3029 1243 3138 1298 ﬁne
3159 1245 3228 1299 ad
3256 1245 3557 1303 Dominum

1912 1334 2100 1389 suum,
2128 1336 2236 1392 pro
2259 1337 2372 1393 quo
2403 1328 2562 1380 tanta
2587 1340 2797 1397 passus
2827 1333 2940 1398 est,
2973 1331 3332 1402 migraverit,
3368 1334 3559 1390 oratio

1914 1409 2108 1465 brevis
2129 1423 2234 1465 nec
2268 1410 2490 1468 tediosa
2519 1419 2928 1485 prosequatur.
2961 1418 3145 1490 (1085)
3177 1420 3260 1476 Re
3281 1421 3432 1477 enim
3466 1435 3558 1476 ve-

1913 1514 1972 1553 ra
2007 1498 2137 1555 linis
2167 1497 2294 1568 ejus
2316 1499 2444 1557 laus
2468 1502 2689 1557 Domini
2721 1509 2832 1574 est,
2861 1505 2992 1574 quia
3019 1507 3066 1562 si
3101 1509 3290 1564 omnis
3320 1509 3446 1566 laus
3476 1509 3560 1564 in-

1913 1585 2022 1641 ﬁne
2040 1587 2292 1657 canitur,
2317 1597 2860 1648 cumconsummata
2885 1593 3003 1649 vita
3019 1609 3144 1664 ejus
3168 1601 3289 1652 tota
3314 1597 3555 1669 sitapud

1905 1677 2083 1731 Deum
2113 1677 2432 1745 gratiarum
2461 1678 2638 1748 actio,
2674 1679 2797 1750 ipsa
2829 1681 3090 1750 ejusdem
3135 1688 3558 1743 consummatio

109 1767 308 1837 cujus
341 1773 506 1826 tanta
535 1771 734 1827 extitit
775 1771 1209 1844 multiplicatio,
1247 1779 1308 1829 ut
1341 1775 1550 1830 merito
1581 1775 1794 1832 debeat

1985 1764 2222 1821 rbennis
2251 1770 2338 1821 est
2375 1765 2428 1820 in
2464 1766 2736 1824 laudibus
2760 1769 2858 1824 Dei
2879 1770 3173 1840 jnbilatio.
3202 1773 3555 1845 Sciensergo

109 1857 508 1915 Divionensis
556 1859 824 1916 aecclesia
856 1875 1066 1917 annum
1119 1862 1308 1933 ipsum
1342 1863 1564 1919 meliori
1599 1879 1796 1921 nume-

104 1959 260 2003 rare
286 1945 510 2017 lapillo.
532 1947 700 2004 Venit
727 1963 868 2018 ergo
893 1948 1214 2019 Divionem,
1241 1955 1298 2006 et
1327 1966 1474 2021 quos
1495 1951 1548 2007 in
1576 1952 1795 2008 disces-

113 2051 194 2091 su
224 2050 345 2090 suo
363 2049 576 2107 passus
599 2038 790 2094 fuerat
813 2038 1080 2108 infestos,
1099 2039 1322 2094 invenit
1342 2045 1466 2097 toto
1483 2041 1592 2096 sibi
1617 2043 1793 2098 corde

111 2125 498 2182 substratos.
524 2125 938 2185 lnvenitetiam
957 2127 1200 2183 scissam
1227 2128 1281 2183 in
1297 2127 1591 2199 aliquibus
1605 2130 1794 2186 cordi-

109 2210 233 2267 bus
263 2211 602 2282 caritatem,
636 2227 768 2284 quae
827 2215 1057 2270 sanavit
1088 2220 1264 2286 prout
1299 2218 1488 2288 potuit
1517 2223 1572 2273 et
1606 2219 1794 2274 Domi-

108 2313 234 2356 nus
271 2299 461 2356 dedit.
482 2302 754 2358 Nondum
779 2303 1020 2358 multum
1045 2305 1330 2376 temporis
1360 2306 1630 2377 ﬁnxerat,
1662 2322 1792 2364 cum

113 2388 338 2444 audita
367 2388 738 2447 dissensione
761 2390 916 2446 inter
936 2391 1356 2450 Virdunenscm
1379 2394 1713 2466 episcOpum
1736 2399 1794 2452 et

112 2475 450 2546 religiosos
477 2477 762 2548 quosdam
816 2480 910 2550 qui
939 2479 994 2534 in
1017 2481 1219 2536 eadem
1250 2483 1394 2538 urbe
1427 2482 1482 2538 in
1531 2483 1795 2539 cenobiis

111 2566 494 2623 suburbanis
526 2567 840 2638 degebant,
866 2569 1080 2639 quibus
1110 2571 1467 2627 contrarium
1498 2577 1627 2628 erat
1659 2573 1796 2628 Wit-

118 2654 308 2710 berto
325 2653 418 2724 “7,
444 2660 505 2711 et
537 2656 626 2712 eis
659 2657 758 2727 qui
791 2657 1234 2714 Wihertistis‘"
1266 2660 1790 2731 communicabant,

119 2743 410 2812 subesse,
427 2745 824 2800 Bertiniacum
847 2760 908 2802 se
927 2745 1198 2817 contulit,
1218 2747 1566 2818 priestolans
1578 2753 1636 2804 et
1655 2764 1796 2820 pra)-

119 2845 354 2888 cavens
387 2831 436 2887 si
470 2833 624 2888 forte
653 2848 782 2889 cum
814 2834 1002 2902 gratia
1033 2835 1131 2890 Dei
1169 2835 1381 2892 fratres
1431 2835 1563 2891 illos
1595 2842 1795 2907 posset

119 2919 359 2988 venari,
407 2921 470 2975 ut
524 2920 596 2976 ad
631 2935 694 2976 se
723 2922 1126 2991 confugerent,
1162 2923 1258 2978 ubi
1292 2923 1346 2978 in
1379 2923 1705 2980 innocentia
1735 2929 1792 2981 et

119 3007 335 3077 quiete
361 3007 610 3064 modesti
637 3009 884 3080 spiritus
904 3012 1018 3066 Deo
1043 3010 1228 3066 libere
1252 3011 1475 3068 servire
1501 3012 1788 3068 valerent.

119 3095 351 3152 Verum
377 3095 450 3152 de
483 3095 575 3152 his
607 3097 716 3154 hec
745 3098 978 3154 interim
1005 3098 1158 3155 dicta
1192 3099 1327 3156 sint.

195 3183 394 3254 Igitur
426 3199 576 3256 papa
609 3186 914 3244 Salernum
968 3187 1231 3256 veniens,
1267 3187 1478 3244 ibidem
1514 3191 1794 3246 remansit

125 3272 253 3328 Deo
286 3272 506 3330 devote
538 3273 826 3344 serviens,
861 3275 998 3331 etin
1033 3275 1516 3332 tribulationibus
1547 3291 1675 3346 qua;
1713 3278 1796 3334 in-

123 3365 459 3418 creverunt
491 3377 673 3434 super
697 3377 850 3432 eum,
875 3362 1096 3432 gratias
1117 3378 1312 3434 agens.
1342 3365 1794 3424 Confortabatur

125 3453 332 3504 autem
367 3464 425 3505 in
457 3449 722 3521 Domino,
747 3455 807 3506 et
830 3453 1291 3523 prosperabatur
1313 3451 1367 3506 in
1390 3453 1632 3524 spiritu;
1659 3455 1790 3524 quia

123 3536 286 3594 sicut
309 3537 502 3594 omnia
527 3539 776 3596 adversa
823 3539 999 3596 habet
1025 3539 1118 3611 qui
1153 3539 1263 3596 sibi
1293 3539 1587 3612 displicet,
1621 3541 1700 3598 ita
1731 3549 1791 3598 et

127 3639 307 3696 quem
329 3640 444 3682 non
463 3627 1138 3684 remordctconscientia
1172 3627 1439 3699 simplex,
1468 3644 1607 3700 pura
1631 3635 1689 3686 et
1710 3631 1792 3688 lu-

127 3713 287 3784 cida,
315 3714 480 3771 nullo
501 3717 652 3772 bono
673 3715 913 3787 indiget.
932 3715 1078 3787 (Fol.
1107 3719 1250 3789 132).
1278 3718 1792 3776 Rememorabatur

127 3801 646 3873 praedecessorum
705 3819 941 3862 suorum
982 3806 1370 3862 Romanorum
1431 3807 1788 3878 pontiﬁcum,

133 3891 430 3962 Gregorii,
453 3893 664 3950 Leonis
687 3893 1029 3964 etaliorum,
1055 3894 1150 3964 qui
1167 3899 1386 3964 quanto
1409 3896 1794 3966 perfectiores

132 3979 188 4034 in
221 3981 318 4036 via
350 3979 453 4036 Dei
486 3981 747 4052 fuerunt,
801 3985 966 4038 tanto
992 3996 1019 4037 a
1052 3983 1327 4038 Romanis
1381 3984 1618 4053 gravius
1647 3985 1794 4041 inse-

131 4068 278 4123 ctati
313 4072 474 4138 sunt,
507 4072 567 4124 et
596 4069 734 4126 ideo
767 4069 924 4140 digni
950 4069 1168 4126 inventi
1202 4074 1356 4126 sunt.
1384 4071 1640 4142 Simplex
1662 4089 1795 4136 ocu-

135 4153 229 4214 lus
255 4171 482 4228 corpus
501 4157 790 4214 reddebat
822 4157 1262 4215 lucidissimum.
1289 4159 1598 4216 Incedebat
1627 4177 1795 4220 secu-

137 4260 240 4301 rus
263 4259 368 4316 per
387 4244 646 4315 justicize
669 4245 929 4316 semitas,
973 4246 1067 4303 cui
1096 4246 1493 4304 testiinonium
1529 4249 1794 4320 perhibe-

139 4332 236 4389 bat
257 4333 648 4404 conscientia,
706 4333 858 4404 quod
890 4349 995 4407 pro
1026 4333 1363 4392 defensione
1395 4336 1664 4393 veritatis
1699 4354 1792 4410 pa-

141 4420 404 4479 tiebatur
418 4440 434 4490 ;
449 4421 584 4480 ideo
597 4437 716 4478 non
731 4421 1148 4481 tribulabatur.
1166 4424 1410 4480 Videbat
1425 4429 1485 4480 et
1499 4425 1792 4484 sollicitus

1826 3148 1875 3212 C

1910 1854 2210 1908 imminere
2234 1853 2384 1908 diem
2408 1855 2732 1912 vocationis
2751 1871 2892 1928 suae,
2927 1858 3096 1928 longe
3115 1865 3249 1916 ante
3274 1878 3556 1920 convoca-

1905 1943 1985 1998 tis
2039 1942 2438 2016 cardinalibus
2483 1942 2778 2017 episcopis
2809 1951 2866 2002 et
2899 1947 3134 2003 caeteris
3172 1952 3552 2022 concaptivis,

1909 2031 2058 2086 diem
2082 2031 2280 2088 obitus
2299 2031 2387 2087 sui
2410 2031 2710 2102 prmdixit;
2733 2035 3270 2107 consummatisque
3287 2039 3557 2096 omnibus

1907 2119 2346 2174 wcclesiasticze
2404 2119 2798 2176 institutionis
2839 2122 3064 2192 officiis,
3098 2128 3181 2179 15.
3245 2125 3366 2180 Kal.
3401 2126 3554 2182 Junii

1907 2207 2225 2278 praedictos
2243 2208 2454 2264 fratres
2469 2210 2576 2264 sub
2596 2209 2848 2266 districti
2859 2211 3066 2282 judicii
3084 2212 3556 2270 interminatione

1906 2300 1964 2351 et
2017 2301 2233 2352 sanctm
2270 2297 2621 2354 obcdientiaa
2653 2303 2950 2370 praecepto
2981 2301 3354 2371 constrinxit,
3391 2307 3472 2372 ut,
3505 2303 3555 2359 si

1908 2398 2017 2454 qua
2051 2385 2108 2440 in
2139 2400 2202 2440 se
2250 2385 2594 2456 corrigenda
2641 2385 3187 2460 deprehendissent,
3218 2390 3556 2448 nullatenus

1907 2476 2103 2528 tacere
2135 2480 2574 2544 prinsumerent.
2599 2475 2822 2541 Quibus
2843 2475 3317 2536 collaudantibus
3338 2485 3397 2535 et
3419 2479 3555 2535 vitae

1907 2563 2434 2632 conversationem,
2471 2569 2531 2618 et
2592 2563 2962 2634 disciplinam
2995 2565 3281 2624 doctrinm
3338 2573 3557 2624 sancta)

1907 2663 2249 2719 morumque
2296 2650 2747 2722 institutionem,
2783 2656 2842 2706 et
2874 2655 3194 2711 secundum
3252 2656 3555 2712 scientiam

1907 2737 2096 2792 sancti
2121 2737 2230 2792 zeli
2257 2740 2562 2809 fervorem,
2588 2739 2868 2811 compulit
2891 2755 2994 2796 eos
3011 2743 3334 2812 apostolica
3356 2749 3557 2801 aucto-

1906 2826 2084 2882 ritate
2113 2826 2453 2898 singillatim
2509 2828 2616 2884 sibi
2662 2828 2902 2884 dextras
2932 2829 3092 2900 dare,
3144 2831 3557 2901 promittentes

1908 2914 2061 2984 quod
2087 2915 2411 2972 hcreticum
2438 2915 2597 2972 illum
2622 2917 3178 2974 invasorcmsanctaa
3201 2923 3259 2974 et
3284 2919 3560 2990 apostoli-

1907 3018 1990 3058 cae
2023 3004 2309 3061 accelesizc
2340 3020 2650 3076 numquam
2685 3005 3034 3076 reciperent,
3068 3007 3178 3062 nisi
3212 3008 3359 3064 forte
3385 3023 3556 3063 cano-

1908 3093 2036 3148 nice
2068 3093 2413 3164 resipicens,
2457 3109 2659 3166 puram
2689 3093 3110 3151 confessionem
3155 3095 3555 3152 cardinalibus

1905 3181 2198 3253 episcopis
2227 3182 2463 3238 oﬂ‘erret
2485 3182 2741 3240 nudatus
2771 3183 2924 3240 omni
2953 3183 3356 3241 aacclesiastici
3402 3183 3557 3240 ordi-

1905 3271 1996 3326 nis
2029 3270 2345 3340 dignitate;
2375 3275 2720 3328 contestans
2747 3276 2805 3326 et
2838 3272 3129 3328 afﬁrmans
3157 3287 3358 3328 omnes
3383 3271 3553 3328 simul

1908 3359 1963 3414 in
1996 3365 2342 3430 perpetuum
2374 3359 2906 3432 condempnandos,
2932 3361 3281 3432 quicumque
3304 3375 3557 3416 commu-

1905 3448 2103 3505 nicare
2130 3449 2641 3520 praesumpsissent
2661 3449 2928 3505 llcinrico
2953 3448 3360 3520 archipyratac,
3387 3465 3554 3506 usur-

1906 3538 2096 3610 patori
2125 3535 2374 3609 imperii,
2403 3535 2514 3592 nisi
2541 3535 2805 3608 deposita
2837 3537 3122 3606 dignitate
3153 3537 3314 3606 regni
3348 3551 3556 3594 secun-

1903 3626 2038 3682 dum
2071 3630 2430 3698 praeceptum
2453 3639 2654 3680 eorum
2679 3629 2735 3680 et
2761 3625 3118 3696 reliquorum
3141 3625 3552 3695 religiosorum

1902 3715 1960 3770 in
1983 3713 2342 3771 Theutonico
2373 3728 2550 3783 regno
2573 3714 3057 3770 commorantium
3085 3714 3431 3783 condignam
3457 3730 3553 3785 pe~

1904 3802 2210 3858 nitentiam
2240 3805 2460 3871 ageret.
2510 3801 2728 3856 Deinde
2760 3800 3124 3857 conﬁrmavit
3175 3801 3359 3856 vicem
3387 3815 3551 3857 suam

1907 3894 2376 3961 potestatemque
2406 3887 2620 3958 ligandi
2654 3892 2713 3944 et
2737 3887 3000 3944 solvendi
3025 3887 3293 3944 omnibus
3314 3887 3552 3945 vicariis

1905 3977 2050 4047 suis,
2077 3977 2232 4034 sicut
2257 3976 2380 4047 ipse
2401 3991 2504 4048 per
2522 3977 2722 4032 orbem
2738 3975 3158 4042 constituerat;
3181 3980 3244 4032 ut
3267 3991 3412 4046 quos
3427 3975 3552 4046 ipse

1905 4066 2210 4136 ligaverat,
2238 4063 2345 4136 ipsi
2365 4070 2498 4135 post
2511 4063 2855 4134 condignam
2881 4064 3336 4121 satisfactionem
3357 4064 3552 4120 absol-

1904 4157 2111 4210 verent
2135 4153 2452 4210 secundum
2495 4152 2833 4224 apostolicae
2859 4152 2989 4209 ﬁdei
3010 4167 3299 4218 normam;
3330 4168 3442 4208 non
3475 4153 3553 4208 si-

1901 4247 2002 4300 cut
2023 4241 2254 4314 quidam
2290 4255 2353 4298 se
2397 4243 2560 4314 ipsos
2587 4242 2878 4312 fallentes,
2913 4247 3203 4310 errantes,
3229 4247 3288 4297 et
3317 4241 3464 4298 alios
3493 4242 3550 4298 in

1903 4345 2165 4389 errorem
2190 4330 2491 4388 trahentes
2521 4330 2878 4402 conﬁngunt,
2914 4331 3064 4402 quod
3095 4346 3294 4387 omnes
3323 4346 3554 4387 excom-

1907 4419 2234 4476 municatos
2265 4417 2583 4475 indiscrete
2606 4418 2947 4490 absolverit,
2975 4433 3041 4476 ac
3061 4419 3108 4475 si
3144 4426 3342 4490 posset
3371 4419 3553 4475 viviﬁ-

143 4523 341 4568 secum
376 4511 751 4568 retractabat
774 4510 928 4582 quia,
954 4511 1001 4566 si
1028 4527 1174 4584 papa
1196 4528 1326 4569 cum
1353 4515 1468 4569 Dco
1489 4528 1622 4570 esse
1646 4515 1789 4586 vult,
1823 4503 1876 4564 D
1905 4522 2042 4565 care
2071 4522 2176 4564 eos
2203 4507 2300 4578 qui
2331 4521 2441 4563 non
2473 4505 2694 4562 vivunt.
2730 4507 2946 4564 Deinde
2979 4508 3133 4579 quod
3163 4509 3390 4564 vanitas
3425 4507 3552 4578 ipsa

143 4613 360 4672 pauper
391 4603 450 4656 et
473 4599 650 4671 inops
669 4598 977 4664 efﬁcietur;
1001 4601 1097 4672 qui
1121 4605 1314 4657 autem
1339 4601 1496 4658 volet
1517 4617 1644 4659 esse
1665 4618 1795 4660 cum

33 4681 37 4686 ⁷
147 4687 356 4760 seculo,
385 4693 448 4746 ut
472 4691 692 4760 queret
716 4701 844 4757 quae
867 4702 970 4744 sua
993 4692 1275 4760 sunt,non
1303 4705 1428 4762 quae
1469 4693 1626 4761 Jesu,
1647 4705 1678 4746 a
1709 4707 1799 4763 sy-

147 4778 324 4834 monia
355 4791 592 4834 manum
636 4789 754 4832 non
777 4775 1068 4849 cohibeat,
1105 4777 1401 4850 iniquitati
1433 4780 1642 4850 faveat,
1682 4795 1796 4836 non

147 4865 425 4938 aequitati,
449 4865 887 4934 congregandis
919 4866 1184 4937 pecuniis
1218 4867 1398 4924 inhiet
1426 4887 1438 4923 :
1465 4867 1558 4924 hic
1587 4867 1798 4923 ditabi-

145 4959 231 5012 tur
242 4956 479 5028 opibus,
507 4955 570 5010 et
587 4952 1108 5024 superabundabit.
1127 4956 1260 5013 Ideo
1275 4955 1612 5028 pauperiem
1637 4955 1797 5011 Chri-

143 5043 213 5102 sti
244 5059 358 5103 non
373 5039 666 5101 habentis
690 5039 744 5094 in
766 5041 942 5097 corde
966 5057 1277 5114 pravorum
1305 5043 1401 5102 ubi
1432 5047 1610 5116 caput
1632 5041 1797 5100 recli-

1908 4613 2010 4670 pcr
2057 4595 2235 4652 multa
2289 4609 2463 4666 regna
2495 4594 2908 4666 dissiparetur,
2945 4595 3138 4651 divina
3171 4595 3554 4666 inspiratione

1908 4685 2181 4756 cognovit
2202 4687 2258 4740 et
2283 4683 2575 4756 praedixit.
2603 4685 2837 4740 Demum
2865 4683 3348 4751 absolvitomnes,
3374 4681 3470 4752 qui
3498 4682 3554 4738 in

1909 4774 2019 4831 ﬁde
2044 4775 2174 4844 ista,
2208 4787 2336 4844 quae
2391 4787 2495 4844 per
2525 4771 2687 4827 illum
2742 4770 3016 4841 innotuit,
3066 4785 3250 4842 usque
3277 4769 3347 4826 ad
3381 4771 3552 4827 linem

1909 4861 2436 4936 perseveraverint,
2471 4862 2544 4916 ab
2593 4859 2858 4915 omnibus
2905 4857 3166 4930 peccatis
3196 4859 3348 4924 suis;
3383 4863 3442 4914 et
3468 4859 3552 4916 sic

1909 4951 2170 5010 Creatori
2201 4949 2269 4983 “°
2323 4949 2590 5023 spiritum
2648 4947 2903 5018 tradens,
2937 4961 3088 5004 anno
3139 4947 3211 5003 ab
3243 4948 3350 5002 inc.
3389 4949 3548 5004 Dom.

1909 5042 2065 5098 1085.
2101 5037 2246 5095 obiit
2281 5043 2500 5111 martyr
2528 5041 2587 5094 et
2619 5036 2940 5094 confessor.
2996 5036 3208 5093 Eodem
3241 5051 3391 5093 anno
3420 5051 3556 5092 ven-

1537 5159 1775 5214 νΑΡιιίΕ
1815 5155 2215 5212 LECTIONES.

195 5357 259 5392 m
288 5355 398 5416 [ια
430 5366 485 5412 ο,
612 5347 684 5382 ηε
711 5348 947 5421 reliqua
961 5352 1204 5427 pagina
1230 5353 1429 5412 vacat.

1538 5351 1607 5387 ⁴¹⁹
1637 5366 1788 5426 3pm.
1823 5352 1889 5409 C.
1932 5365 2086 5423 spm.
2121 5353 2174 5403 t.
2213 5362 2268 5404 ο.

1745 5489 1966 5546 NOTAE.

203 5589 348 5660 (190)
383 5575 782 5640 Saint-Gilles
813 5576 869 5636 in
897 5578 1266 5654 Languedoc.
