3894 6314
321 288 439 356 889

1286 293 1454 355 HL’G
1465 294 1571 356 ON
1580 294 1653 357 IS
1697 293 2046 393 ABBA'FIS
2089 293 2304 356 FLAV
2307 294 2388 356 IN
2395 293 2638 358 IACEN
2645 293 2764 358 SIS

3615 292 3742 358 340

322 428 440 500 tus,
475 427 722 501 grando,
758 425 988 501 fulgura
1019 433 1075 487 et
1113 425 1389 502 tonitrua,
1423 431 1474 488 4.
1509 433 1566 488 et
1599 431 1650 487 3.
1687 427 1808 488 Kal.
1830 427 1964 489 Julii
1996 426 2052 491 A
2084 445 2219 491 rans
2243 428 2563 497 videretur.
2597 429 2644 490 si
2675 429 2808 504 quis
2834 431 3152 491 Romanum
3182 427 3435 491 electum
3465 433 3610 504 post
3639 429 3744 488 ab-

325 518 566 574 Galliam
591 517 970 576 attriverunt.

395 605 536 676 (Fol.
570 608 722 680 i30b)
755 607 909 663 Dixit
945 609 1091 679 (191)
1135 609 1403 666 Urbanus
1454 622 1598 681 papa
1632 609 1686 665 in
1720 609 1966 681 quadam

323 697 572 768 epistola
591 712 691 754 sua
711 716 722 751 :
744 717 770 749 (ι
786 697 1060 754 Dominus
1076 702 1276 752 noster
1293 712 1438 770 papa
1457 700 1768 769 Gregorius
1783 699 1968 756 beata

323 800 390 842 ac
409 785 596 855 digna:
622 785 916 842 memorias
947 801 1075 842 cum
1104 786 1258 858 apud
1297 786 1594 842 Salernum
1626 787 1788 856 gravi
1814 793 1970 844 tene-

325 877 487 930 retur
518 873 876 944 inﬁrmitate,
911 875 1062 930 unde
1095 874 1219 946 ipse
1255 880 1458 946 postea
1499 875 1664 945 obiit,
1687 891 1968 932 convene-

325 963 546 1018 runtad
569 977 697 1019 eum
731 963 994 1034 episcopi
1020 969 1076 1018 et
1119 963 1448 1021 cardinales
1467 964 1823 1035 Romaniqui
1867 964 1972 1020 ibi-

323 1051 451 1106 dem
479 1051 737 1121 aderant,
765 1056 1042 1120 rogantes
1063 1066 1192 1106 eum
1211 1056 1270 1107 et
1295 1052 1682 1124 postulantes,
1713 1058 1774 1107 ut
1801 1067 1968 1122 quem

328 1139 441 1196 sibi
476 1137 650 1195 vellet
676 1140 982 1208 subrogari
1009 1154 1409 1196 successorem
1431 1141 1484 1195 in
1511 1140 1855 1211 pontiﬁcatu
1884 1141 1971 1194 eis

325 1227 684 1284 ostenderet.
719 1230 792 1283 At
847 1227 944 1284 ille
973 1243 1169 1284 secum
1226 1228 1650 1299 aliquantulum
1681 1228 1966 1297 cogitans,

327 1315 432 1372 hec
457 1315 573 1372 illis
606 1318 786 1373 verba
816 1315 978 1372 dedit
1015 1335 1026 1370 :
1065 1317 1496 1386 Quemcumque
1524 1319 1728 1374 [torum
1764 1318 1969 1387 irim”,

325 1407 641 1464 Luccnsem
652 1407 883 1464 scilicet
893 1407 1243 1478 episcopum,
1265 1407 1610 1476 Ostiensem,
1625 1406 1975 1462 actore/aie-

316 1496 624 1567 piscopum
702 1495 1149 1564 Lugdunensem
1178 1493 1394 1552 Ita-bere
1415 1495 1712 1566 poteritis,
1745 1497 1809 1551 in
1835 1508 1977 1565 pon-

329 1582 548 1652 tiﬁcem
565 1581 790 1653 eligite.
825 1584 904 1637 De
929 1582 1447 1637 excommunicatis
1479 1587 1669 1638 autem
1705 1583 1976 1638 similiter

330 1671 652 1740 requisitus
677 1669 1009 1741 rCSpondit:
1033 1669 1244 1726 Preler‘
1265 1671 1619 1726 Heim'icum
1637 1685 1834 1742 regem
1857 1671 1976 1727 dic-

2082 522 2430 579 solutionem
2465 537 2494 578 a
2531 521 2870 578 beatissimo
2895 536 3040 594 papa
3067 521 3344 592 Gregorio
3369 525 3744 594 susceptam,

2080 609 2645 667 excommunicatum
2675 609 2962 679 garriret;
3000 611 3111 667 nisi
3145 611 3268 682 ipse
3299 612 3578 667 Attonem
3613 623 3747 666 ear-

2081 699 2331 756 dinalem
2383 698 2870 754 Mediolanensem
2901 699 3151 756 electum
3183 717 3214 756 a
3245 699 3532 771 praedicto
3585 713 3744 770 papa

2079 789 2283 846 eodem
2314 788 2526 844 abbate
2556 787 2967 844 subscribente
3001 788 3234 858 publice
3267 787 3744 844 excommunica-

2083 882 2224 948 tum,
2255 881 2312 934 et
2346 876 2470 933 sine
2503 875 2821 947 penitentia
2848 876 3206 944 defunctum,
3233 891 3344 932 non
3377 876 3572 932 solum
3607 876 3744 931 bea-

2084 971 2202 1024 tum
2226 967 2281 1022 in
2304 965 2590 1023 communi
2616 971 2817 1022 nostra
2840 965 3138 1021 audientia
3165 965 3487 1036 praedicare
3514 980 3744 1036 praesu-

2082 1059 2287 1125 meret,
2338 1069 2538 1112 verum
2579 1055 2754 1110 etiam
2807 1053 3059 1124 scipsum
3093 1069 3204 1110 non
3238 1053 3293 1108 in
3343 1053 3477 1123 alia,
3533 1053 3648 1110 nisi
3683 1053 3744 1110 in

2084 1161 2194 1216 qua
2219 1143 2444 1214 illeest,
2489 1143 2675 1213 gloria
2722 1143 2983 1199 futurum
3034 1143 3346 1198 oraret?ln
3380 1143 3602 1213 quibus
3623 1157 3750 1198 om-

2082 1235 2254 1290 nibus
2278 1231 2700 1289 dilectissimos
2723 1232 2937 1287 fratres
2963 1236 3202 1288 nostros
3231 1233 3329 1286 lle.
3363 1235 3419 1286 et
3450 1233 3509 1288 Β.
3547 1231 3746 1288 cardi-

2084 1321 2266 1390 nales,
2293 1336 2438 1391 quos
2471 1319 2770 1377 vobiscum
2793 1335 2925 1374 esse
2953 1323 3240 1388 putamus,
3267 1322 3454 1375 testes
3488 1319 3748 1375 advoca.

2081 1427 2230 1480 mus,
2277 1410 2374 1480 qui
2415 1408 2508 1464 vel
2550 1408 2660 1480 ipsi
2697 1407 2768 1462 dc
2801 1407 2926 1476 ejus
2949 1422 3049 1463 ore
3079 1407 3410 1476 audierunt,
3443 1407 3537 1464 vel
3569 1407 3745 1464 bonis

2087 1499 2250 1565 viris,
2269 1499 2482 1568 quibus
2509 1495 2912 1552 indubitanter
2935 1495 3202 1564 credunt,
3229 1495 3652 1565 referentibus,
3680 1509 3746 1551 se

2089 1587 2322 1643 audisse
2347 1587 2642 1642 dixerunt.
2669 1583 2949 1650 Quotiens
2965 1583 3200 1639 decreta
3217 1583 3432 1638 domini
3453 1584 3546 1639 sui
3573 1597 3747 1654 papa:

2089 1676 2346 1744 Gregorii
2372 1675 2737 1744 aliorumque
2776 1678 3112 1729 sanctorum
3147 1677 3373 1744 patrum
3400 1688 3515 1728 non
3551 1673 3748 1730 solum

331 1759 472 1826 tam,
503 1761 563 1816 et
588 1759 994 1816 Ravennatem
1023 1757 1682 1830 archiepiscopum,nisi
1695 1760 1867 1830 forte
1895 1759 1977 1814 ad
2003 1784 2058 1844 Β
2090 1765 2267 1820 verbo
2292 1769 2494 1834 aperte
2524 1761 2966 1832 improbavciit,
2995 1775 3192 1816 verum
3211 1759 3386 1816 etiam
3408 1761 3748 1817 manifestis

327 1845 792 1918 cosprouteobis
821 1846 1142 1915 tidebitar,
1167 1848 1249 1903 ari
1273 1848 1519 1917 dignam
1536 1849 1716 1916 atque
1737 1850 1975 1904 canoni-

328 1949 459 1991 cam
480 1936 747 1992 venerint
769 1935 1567 2007 satisfactionem,etprceter
1589 1951 1786 1992 omnes
1806 1939 1976 2006 prin-

326 2023 549 2094 cipales
554 2038 856 2094 personas,
872 2037 1052 2094 quem
1063 2025 1386 2080 utconsilio
1399 2024 1552 2080 auia
1563 2025 1982 2096 milia/avent

327 2111 618 2182 nequicize
633 2113 876 2170 illorum
893 2114 1038 2168 etim
1035 2113 1484 2182 pietati,o~mnes
1499 2111 1734 2168 αὑ.ςοίτο
1747 2112 1806 2168 et
1817 2111 1979 2168 bene-

331 2200 478 2269 dice,
515 2202 873 2272 galeamque
901 2215 991 2256 me
1005 2201 1158 2257 hanc
1197 2199 1413 2256 ﬁndere
1435 2201 1978 2272 potestatemspiri-

331 2291 552 2346 ntalem
569 2293 628 2346 in
647 2293 770 2347 rice
805 2291 1003 2346 sancti
1032 2290 1202 2346 Petri
1229 2289 1978 2360 apostolim'edzmtimlubi-

331 2377 544 2432 ttmter.
583 2396 609 2427 »

405 2463 547 2534 (Fel.
583 2461 722 2529 132’)
746 2466 884 2519 Post
909 2464 1248 2533 Gregorium
1266 2465 1598 2521 Desidet-ius
1618 2465 1979 2522 Cassinensis

335 2553 517 2608 abbas
543 2553 842 2622 pontificio
866 2554 1132 2608 Romanae
1159 2553 1322 2609 urbis
1343 2559 1658 2624 assumpto,
1687 2555 1976 2610 Victorem

333 2655 396 2694 se
418 2641 754 2696 nominavit.
775 2639 1154 2711 Cujusqualis
1170 2641 1345 2696 fuerit
1367 2641 1597 2710 electio,
1617 2642 1904 2712 promotio
1919 2647 1978 2697 et

331 2731 713 2799 consecratio,
731 2731 978 2786 domnus
999 2731 1159 2799 Hugo
1175 2729 1572 2798 Lugdunensis
1588 2731 1730 2786 satis
1745 2731 1980 2787 eviden-

331 2821 423 2874 ter
457 2818 772 2889 expressit,
816 2817 1080 2874 scribens
1123 2819 1442 2876 comitisste
1485 2819 1815 2874 Matliildiin
1855 2820 1977 2876 hac

332 2911 529 2962 verba.

409 3017 435 3044 ‹‹
466 2998 628 3066 Hugo
651 3000 867 3052 sanetze
909 2995 1313 3063 Lugdunensis
1334 2995 1617 3052 tecclesize
1637 3010 1860 3066 servus,
1897 2996 1978 3052 di-

332 3081 669 3141 lectissimze
696 3084 750 3139 in
775 3084 1006 3140 Christo
1031 3083 1216 3140 sorori
1242 3083 1521 3153 Mathildi,
1542 3083 1751 3141 divina)
1775 3099 1980 3141 conso-

332 3139 568 3229 lationis
593 3139 944 3230 uberrimam
967 3171 1234 3241 gratiam.
1259 3175 1409 3238 Quot
1430 3176 1489 3227 et
1508 3139 1741 3242 quantis
1763 3139 1978 3230 sanctae
2009 3139 2058 3203 Ο

333 3261 602 3318 Romanae
623 3259 900 3316 Ecclesiae
925 3259 1160 3326 litteris,
1177 3264 1233 3315 et
1255 3265 1521 3315 reverent
1536 3260 1746 3317 issimzc
1771 3277 1982 3318 memo-

335 3351 438 3406 rize
464 3349 620 3405 beati
647 3348 1004 3418 Anselmi,et
1026 3349 1242 3406 vestris
1267 3353 1380 3404 tam
1406 3349 1978 3420 legationibusquam

335 3445 393 3494 et
418 3437 636 3494 litteris
654 3440 916 3506 coaetus,
940 3438 1174 3492 Romam
1189 3438 1466 3506 venerim,
1487 3444 1818 3510 quantoque
1838 3444 1982 3494 tem-

335 3541 476 3598 pore
502 3526 556 3581 in
583 3524 1050 3597 partibusltalia)
1071 3530 1271 3581 contra
1293 3527 1464 3582 ofﬁcii
1488 3525 1595 3582 mei
1619 3527 1977 3598 propositum

334 3619 598 3670 moratus
629 3614 756 3684 sim,
792 3613 1100 3686 prudentia
1130 3620 1325 3670 vestra
1359 3615 1555 3671 doceri
1589 3631 1698 3672 non
1735 3616 1974 3686 indiget.

334 3702 690 3759 Electionem
715 3717 855 3759 vero
875 3702 1245 3759 Cassinensis
1277 3703 1510 3760 abbatis
1543 3708 1852 3775 antequam
1873 3719 1981 3773 ego

332 3792 567 3848 Romam
614 3791 869 3847 venerim
922 3793 1153 3860 factam,
1190 3791 1832 3861 sumcienleraudistis,
1886 3791 1978 3848 cui

335 3885 448 3937 tam
471 3895 578 3949 ego
601 3894 768 3950 quam
789 3887 849 3936 et
869 3879 1056 3936 ceteri
1084 3881 1297 3937 fratres
1320 3880 1428 3936 mei
1465 3885 1686 3938 sanctae
1713 3883 1981 3938 Romana}

331 3968 564 4026 eclesia:
623 3968 747 4038 ﬁlii,
809 3967 1121 4038 diligentes
1167 3969 1348 4038 magis
1378 3969 1624 4038 gloriam
1687 3969 1980 4026 hominum

333 4073 502 4130 quam
535 4057 656 4126 Dei,
683 4071 788 4127 pro
812 4047 1110 4127 temporis.
1143 4056 1480 4114 infirmitate
1505 4073 1805 4115 assensum
1841 4074 1984 4130 prte-

333 4145 585 4203 buimus.
646 4147 963 4214 Postquam
1022 4149 1212 4202 autem
1248 4145 1318 4202 ad
1353 4151 1604 4202 montem
1659 4147 1978 4216 Cassinum,

335 4249 448 4305 quo
473 4233 596 4305 ipse
613 4233 728 4302 jam
753 4239 1152 4304 praecesserat,
1189 4236 1382 4292 Romae
1406 4235 1766 4306 aliquamdiu
1801 4250 1984 4292 mora-

332 4323 399 4393 ti,
425 4321 610 4395 ipsius
631 4321 849 4378 ducatu
888 4323 1279 4393 pervenimus.
1307 4339 1378 4380 ex
1402 4323 1662 4394 ejusdem
1692 4325 1984 4381 familiari-

334 4411 444 4468 bus
466 4410 766 4468 nobiscum
790 4409 1123 4482 colloquiis,
1164 4413 1297 4468 dum
1325 4411 1602 4468 videlicet
1637 4414 1984 4470 nefandissi-

2089 1853 2366 1924 cperibus
2387 1857 2589 1923 postea
2617 1849 2998 1916 destruxerit,
3025 1849 3078 1904 in
3105 1855 3244 1919 quot
3269 1853 3326 1905 et
3353 1849 3570 1920 quibus
3595 1848 3748 1906 locis

2088 1941 2432 1997 electionem
2452 1955 2612 1996 suam
2632 1955 2741 1994 non
2763 1937 3083 1994 secundum
3097 1938 3404 2001 Deum,sed
3419 1938 3750 1996 tumultua-

2089 2031 2174 2086 rie
2189 2033 2394 2086 factam
2413 2027 3022 2098 asseverans,publice
3039 2027 3750 2098 refutaverit,(fol.l33)et

2089 2134 2395 2190 numquam
2421 2133 2483 2174 se
2507 2116 2898 2186 adquievisse,
2930 2113 3022 2170 vel
3048 2115 3101 2170 in
3128 2120 3474 2186 perpetuum
3503 2117 3752 2187 adquie-

2090 2209 2420 2277 turnm,sub
2435 2204 2686 2262 terribili
2707 2204 3088 2260 attestatione
3106 2203 3504 2271 aﬂlrmaverit;
3521 2219 3751 2275 quasve

2090 2312 2372 2368 personas
2385 2295 2728 2351 electionem
2753 2291 3052 2348 reddendo
3075 2291 3622 2350 aecclesizeidoneas
3646 2293 3758 2349 eli-

2089 2386 2142 2456 gi
2171 2387 2223 2440 in
2253 2386 2568 2440 Romanum
2593 2381 2928 2454 pontiﬁcem
2951 2379 3188 2450 dixerit,
3214 2379 3366 2435 inter
3389 2396 3537 2450 quas
3569 2396 3756 2452 quen-

2089 2474 2218 2531 dam
2246 2473 2410 2530 vobis
2433 2487 2504 2528 ex
2544 2470 2796 2538 nomine,
2829 2471 3170 2525 Mettensem
3193 2467 3423 2524 scilicet
3446 2469 3756 2526 Heriman-

2089 2577 2223 2619 num
2262 2559 2641 2632 quorumdam
2692 2556 2940 2614 consilio
2979 2557 3239 2629 scripsit,
3273 2557 3543 2628 quoniam
3575 2559 3752 2616 vobis

2096 2663 2301 2717 magna
2324 2662 2396 2702 ex
2420 2653 2585 2718 parte
2611 2645 2914 2700 manifesta
2939 2649 3093 2713 sunt,
3129 2647 3188 2699 et
3211 2643 3594 2714 epistolarem
3632 2661 3754 2702 mo-

2089 2737 2227 2794 dum
2257 2737 2476 2808 scripta
2501 2734 2873 2801 excederent,
2899 2748 2970 2788 ex
2993 2733 3197 2789 ordine
3229 2732 3494 2790 scribere
3525 2735 3754 2790 omitti-

2089 2842 2234 2882 mus.
2261 2828 2420 2881 Nunc
2445 2839 2604 2892 vero,
2649 2838 2777 2879 cum
2799 2822 2914 2893 jam
2965 2823 3197 2878 tandem
3225 2825 3354 2892 post
3407 2826 3644 2879 tantum
3676 2823 3752 2879 la-

2091 2917 2284 2972 borem
2307 2913 2557 2969 inaniter
2580 2911 2936 2982 insumptum
2955 2909 3250 2980 respirare
3282 2909 3661 2980 videbamur,
3689 2917 3746 2967 et

2089 3003 2435 3060 electionem
2459 3001 2679 3057 totiens
2704 3001 3036 3068 refulatam,
3061 3003 3117 3052 et
3143 2997 3426 3054 zecclesiaa
3445 2997 3750 3056 redditam

2091 3091 2278 3146 divina
2315 3090 2524 3160 gratia,
2563 3094 2624 3144 et
2663 3091 2866 3143 vestro
2891 3086 3018 3142 fulti
3041 3085 3290 3142 consilio
3313 3089 3372 3142 et
3405 3085 3660 3158 auxilio,
3695 3088 3749 3145 in

2089 3180 2354 3254 proximo
2385 3179 2566 3233 libere
2613 3177 2806 3232 facere
2836 3177 3236 3246 sperabamus,
3285 3175 3398 3230 sub
3428 3176 3750 3232 occasione

2089 3269 2342 3338 eligendi
2373 3269 2691 3322 Romanum
2743 3263 3072 3337 pontificem
3103 3263 3415 3320 concilium
3447 3263 3505 3318 in
3542 3266 3750 3337 Capua

2091 3357 2245 3413 sicut
2261 3356 2489 3412 illarum
2507 3354 2758 3426 partium
2774 3352 3136 3425 apostolicus
3157 3351 3413 3408 vicarius
3427 3367 3759 3424 congrega-

2091 3446 2192 3500 vit.
2223 3444 2305 3501 Ad
2331 3443 2482 3514 quod
2512 3457 2618 3512 ego
2641 3448 2701 3497 et
2724 3442 2906 3497 abbas
2934 3439 3308 3496 Massiliensis
3337 3443 3516 3512 atque
3555 3442 3760 3498 archi-

2090 3535 2407 3606 episcopus
2445 3531 2734 3602 Aquensis
2765 3528 2918 3600 apud
2951 3527 3250 3585 Salernum
3283 3533 3756 3597 commorautes,

2090 3623 2162 3679 ab
2186 3622 2460 3694 episcopo
2485 3617 2739 3675 Ostiensi
2765 3623 2824 3674 et
2850 3617 3112 3688 principe
3127 3616 3494 3674 Salernitano
3518 3624 3579 3673 et
3608 3620 3762 3675 Cen-

2091 3711 2258 3768 ciano
2284 3712 2538 3766 Romano
2560 3713 2814 3779 exparte
2838 3705 3039 3762 vicarii
3064 3709 3122 3761 et
3147 3707 3415 3762 Romanas
3445 3707 3751 3765 aecclesiaa

2091 3799 2346 3869 invitati,
2373 3809 2431 3855 ut
2455 3795 2747 3854 communi
2771 3793 3018 3851 consilio
3065 3795 3382 3850 Romanum
3408 3796 3758 3866 pontificem

2091 3890 2464 3960 eligeremus,
2498 3885 2786 3942 veniendo
2831 3882 3216 3940 obedivimus.
3253 3885 3378 3939 Dux
3408 3883 3592 3940 etiam
3629 3885 3760 3956 qui-

2093 3978 2338 4035 busdam
2357 3973 2957 4032 circumventionibus
2978 3987 3008 4028 a
3026 3970 3280 4028 Jordano
3301 3971 3566 4044 principe
3583 3971 3604 4042 j
3619 3988 3759 4030 uve-

2091 4067 2291 4122 niliter
2324 4063 2578 4130 illectus,
2615 4061 2751 4117 illuc
2783 4060 2961 4116 venit.
2999 4062 3136 4116 Cum
3169 4073 3311 4130 ergo
3340 4058 3412 4115 de
3437 4061 3758 4132 proposito

2093 4153 2334 4224 negocio
2365 4156 2626 4208 tractare
2658 4149 3122 4221 disponeremus,
3167 4148 3350 4204 abbas
3383 4147 3747 4218 quibusdam

2093 4244 2369 4301 mollibus
2401 4248 2460 4298 et
2491 4241 2789 4313 gestuosis
2841 4238 3280 4311 repulsionibus
3314 4239 3580 4294 fautores
3611 4254 3758 4297 suos

2093 4333 2400 4406 episcopos
2423 4335 2481 4388 et
2504 4329 2826 4402 principem
2858 4327 2928 4385 ad
2952 4325 3420 4398 compellendum
3447 4340 3512 4382 se
3540 4342 3758 4399 provo-

2095 4437 2228 4480 care
2249 4421 2448 4491 cmpit.
2478 4420 2782 4490 Comperta
2807 4421 3001 4474 autem
3026 4415 3286 4472 versutia
3307 4429 3432 4486 sua,
3451 4431 3586 4472 cum
3607 4431 3758 4488 prte-

334 4513 462 4556 mos
494 4503 661 4556 actus
695 4513 832 4555 suos
856 4499 912 4555 in
935 4499 1178 4556 auribus
1207 4500 1620 4571 episcoporum
1642 4507 1700 4556 et
1721 4502 1983 4558 cardina-
2011 4491 2067 4554 D
2098 4511 2238 4568 dicti
2273 4509 2343 4564 ad
2376 4507 2815 4565 restitutionem
2839 4507 2924 4563 sui
2970 4506 3134 4578 quasi
3161 4505 3404 4562 invitum
3427 4519 3564 4562 eum
3597 4521 3756 4564 com-

345 4587 483 4644 lium
514 4587 809 4658 jactanter
839 4588 1090 4644 recitare
1124 4603 1236 4644 non
1269 4588 1666 4658 erubesceret,
1711 4590 1984 4662 coposius

335 4677 672 4734 necessario
729 4675 1246 4747 deprehendimus,
1300 4690 1471 4746 quam
1533 4677 1986 4736 intolerabiliter

331 4765 512 4821 Deum
540 4765 594 4820 in
630 4765 819 4836 ipsius
847 4763 1138 4820 electione
1171 4763 1606 4821 olfenderimus.
1641 4765 1780 4832 Quis
1811 4767 1984 4838 enim,

339 4853 450 4909 nisi
475 4869 546 4908 ex
570 4853 756 4926 ipsius
786 4865 889 4908 ore
907 4851 1190 4922 audisset,
1210 4866 1476 4922 umquam
1500 4854 1790 4925 crederet,
1824 4856 1991 4913 Hein-

333 4940 457 4997 rico
481 4940 640 4996 dicto
665 4940 788 5011 regi
825 4938 995 4996 fidem
1025 4955 1154 4996 eum
1189 4940 1442 5010 dedisse,
1480 4947 1541 4998 ut
1575 4942 1644 4998 de
1674 4944 1988 5014 optinenda

337 5029 579 5085 Romani
607 5028 832 5101 imperii
858 5043 1074 5085 corona
1100 5027 1355 5085 fideliter
1377 5044 1506 5085 cum
1525 5029 1988 5102 adjuvaret?Aut

332 5117 502 5188 cujus
517 5117 814 5173 accusatio
837 5119 1042 5174 contra
1067 5117 1240 5173 talem
1261 5117 1446 5174 virum
1473 5119 1856 5190 reciperetur,
1876 5122 1988 5178 nisi

337 5204 460 5276 ipse
483 5206 648 5276 quasi
686 5205 756 5261 ad
785 5205 1079 5262 cumulum
1104 5205 1307 5275 gloriae
1331 5221 1452 5265 suae
1475 5207 1862 5266 adscribendo
1893 5225 1990 5266 no-

336 5293 426 5356 bis
442 5293 1115 5364 narrasset,prmdictum
1132 5309 1324 5364 regem
1339 5295 1407 5350 ad
1425 5294 1782 5354 invadendas
1799 5301 1988 5356 terras

338 5381 495 5438 beati
522 5380 678 5436 Petri
695 5394 1008 5452 nunquam,
1028 5383 1132 5436 nis:
1151 5397 1256 5439 suo
1271 5383 1520 5440 consilio
1533 5389 1591 5440 et
1609 5388 1989 5456 persuasione

341 5468 722 5537 animarctur,
757 5469 991 5523 Romam
1025 5469 1342 5528 transisse?
1384 5471 1672 5543 Numquid
1705 5489 1816 5531 non
1848 5475 1991 5533 deli-

2099 4599 2404 4673 pellerent,
2422 4611 2528 4652 nos
2546 4595 2950 4668 praenominati
2965 4611 3095 4652 cum
3117 4594 3370 4652 Ostiensi
3387 4595 3683 4668 episcopo
3695 4598 3755 4651 et

2102 4695 2432 4754 Witmundo
2473 4693 2754 4750 monacho
2793 4696 2849 4750 et
2877 4692 3224 4764 quibusdam
3272 4692 3403 4750 aliis
3433 4691 3754 4752 consilium

2099 4788 2692 4861 habuimus,qua1iter
2705 4789 2938 4846 astutiae
2954 4789 3112 4846 illius
3125 4789 3756 4846 contrairemus.Post-

2101 4904 2267 4962 quam
2294 4902 2433 4958 ergo
2465 4886 2722 4958 ipsejam
2749 4891 2991 4958 paratus
3013 4891 3140 4942 erat
3167 4885 3416 4956 insignia
3439 4886 3756 4957 pontifica-

2100 4994 2196 5044 tus
2230 4999 2548 5056 resumere,
2573 4989 2632 5040 et
2653 4985 2996 5042 electionem
3017 4985 3190 5041 etiam
3213 4984 3269 5040 in
3303 4984 3432 5056 ipso
3451 4990 3752 5042 conventu

2100 5083 2405 5141 multoties
2426 5083 2735 5140 refutatam
2757 5081 2967 5138 iterum
2994 5081 3048 5137 in
3069 5095 3134 5138 se
3151 5086 3522 5152 retorquere,
3539 5081 3753 5153 pradi-

2099 5186 2330 5240 ctorum
2371 5180 2638 5247 consilio,
2670 5195 2776 5238 nos
2821 5183 3040 5236 tantam
3075 5179 3327 5236 hominis
3355 5179 3666 5237 levitatem
3695 5185 3750 5236 et

2100 5278 2392 5354 propositi
2411 5279 2500 5336 sui
2525 5277 2974 5336 mutabilitatem
2996 5276 3414 5349 improbantes,
3437 5276 3754 5334 inaudien-

2100 5378 2182 5434 tia
2219 5376 2472 5434 omnium
2505 5391 2610 5434 nos
2659 5389 3022 5448 nequaquam
3055 5387 3358 5430 assensum
3391 5375 3750 5446 praebituros

2101 5473 2514 5542 diximus;nisi
2537 5473 2607 5530 de
2633 5473 2978 5546 quibusdam
3011 5475 3216 5530 contra
3249 5471 3460 5528 famam
3493 5486 3663 5530 suam
3691 5474 3747 5529 et

411 5652 562 5723 (lQi)
598 5649 687 5706 Cf.
725 5651 862 5710 cod.
900 5651 1156 5708 Uaau'ici
1190 5655 1251 5709 N.
1288 5655 1520 5712 CLXVI.
1567 5655 1622 5711 in
1654 5657 1749 5715 SS.
1783 5663 1826 5716 t.
1859 5572 2190 5734 V.N:T5E6;t.
2223 5659 2268 5717 l.
2310 5673 2460 5730 χιιι,
2495 5674 2628 5731 sqq.
