3894 6328
61 5116 69 5147 i

177 287 278 352 3H

1419 283 1926 389 CHRONIC'ON.
1970 323 2048 339 -
2098 292 2250 361 LIB.
2298 299 2370 365 II.

3478 305 3594 370 3’12

182 422 319 483 tanti
349 422 590 483 ordinis
604 423 973 497 dignitatem,
1004 439 1131 499 quae
1151 426 1283 499 post
1303 421 1649 485 electionem
1674 437 1837 484 suam
1864 419 1923 483 A
1953 425 2062 488 bus
2085 428 2156 490 de
2186 437 2382 494 monte
2416 435 2654 497 Cassino
2686 435 3008 512 qui.secum
3031 435 3274 496 aderant
3314 440 3589 513 praecepit

185 515 344 573 nobis
372 515 444 571 de
460 528 534 572 eo
558 515 961 586 innotuerant,
989 516 1234 588 primum
1255 513 1837 572 canoniceexamina-

184 606 259 662 tio
288 605 476 661 ﬁeret.
512 604 680 671 Quod
720 605 846 676 ipse
882 604 1115 675 indigne
1148 606 1358 675 ferens,
1392 619 1578 677 neque
1603 603 1674 660 ad
1705 618 1839 662 exa-

189 693 554 750 minationem
588 696 926 763 venturum,
957 708 1147 763 neque
1178 693 1524 750 electionem
1568 707 1834 764 umquam

182 787 594 854 suscepturum
629 797 711 849 se,
734 782 969 854 publice
1001 782 1328 854 afﬁrmavit,
1371 782 1579 855 (1087.)
1627 782 1835 853 Sicque

180 872 311 928 data
339 872 511 926 nobis
535 870 748 927 iterum
787 871 1020 926 licentia
1041 873 1112 927 ab
1149 887 1218 929 co
1236 886 1401 941 quem
1436 870 1837 927 vellemuscli-

172 975 335 1031 gere,
372 958 676 1016 excutiens
712 959 948 1015 brachia
980 974 1104 1023 sua,
1130 960 1283 1032 cepit
1315 975 1343 1016 a
1367 960 1535 1016 nobis
1552 958 1834 1015 recedere

172 1064 310 1107 cum
343 1048 721 1106 Witmundus
756 1066 828 1106 ηε.
846 1049 1091 1107 consilio
1124 1049 1408 1106 Ostiensis
1426 1047 1691 1121 episcopi
1737 1063 1836 1119 pu-

173 1139 337 1196 blice
360 1137 732 1209 exclamavit,
770 1138 1036 1196 infamem
1071 1155 1374 1211 personam
1410 1154 1520 1195 non
1548 1137 1834 1194 deberein

168 1228 515 1286 Romanum
545 1227 1025 1300 pontificemeligi
1058 1228 1438 1298 velordinari,
1462 1233 1837 1284 cumconsta-

167 1321 264 1372 ret
304 1331 443 1373 eum
467 1315 1177 1372 indubitanterinfamiam
1196 1316 1536 1383 incurrisse,
1565 1315 1833 1386 quoniam

166 1405 418 1476 quidem
439 1403 1098 1461 excommunicationem
1129 1403 1321 1461 domui
1377 1420 1539 1477 papze
1571 1403 1833 1473 Gregorii

164 1509 283 1566 per
318 1508 537 1550 annum
571 1493 861 1564 integrum
893 1497 949 1550 et
985 1494 1325 1550 continuum
1358 1499 1417 1549 et
1440 1510 1509 1550 eo
1556 1492 1683 1565 plus
1711 1492 1834 1547 sine

161 1581 468 1639 canonica
500 1581 821 1654 penitentia
838 1581 1241 1638 sustinuisset.
1280 1581 1839 1651 Taliteritaquedis:

156 1672 379 1729 soluto
410 1675 725 1741 conventu,
741 1673 799 1727 et
817 1670 949 1742 quia
968 1686 1081 1727 nox
1105 1671 1464 1741 imminebat,
1490 1672 1661 1727 nobis
1677 1685 1835 1726 rece-

1950 532 2013 575 se
2044 519 2144 579 illo
2176 524 2410 597 deferri,
2445 532 2505 583 et
2532 528 2588 584 in
2621 528 2882 601 capitulo
2917 542 3030 585 non
3084 533 3143 585 ut
3200 542 3423 601 papam,
3490 531 3590 587 sed

1949 614 2011 667 ut
2045 611 2313 670 abbatem
2348 614 2606 687 sepeliri.

2021 701 2140 768 (fol.
2171 701 2336 777 133’.)
2372 705 2472 761 His
2504 718 2643 776 ergo
2678 706 2757 762 ita
2784 705 3056 777 digestis,
3101 706 3232 777 quia
3290 707 3406 778 jam
3438 706 3509 762 ad
3535 706 3589 762 id

1948 789 2207 848 locorum
2232 791 2587 865 devenimus,
2626 799 2688 851 ut
2749 794 2818 850 de
2878 795 3348 867 peregrinatione
3391 800 3588 851 nostra

1947 878 2113 937 nobis
2144 882 2426 950 agendum
2460 884 2824 955 siuei-emus
2854 884 3031 957 Deum
3068 888 3126 940 ut
3172 884 3332 940 cordi
3385 888 3589 941 nostro

1946 968 2249 1025 scientiam
2276 971 2437 1027 verbi
2471 971 2755 1041 infundat,
2785 972 3351 1043 sapientiaagratiam
3379 972 3589 1043 largia-

1943 1059 2060 1126 tur,
2097 1062 2155 1113 ut
2193 1073 2391 1116 verum
2426 1061 2686 1117 dicentes
2720 1076 2829 1116 non
2864 1060 3210 1118 laboremus.
3242 1066 3439 1118 Annus
3462 1065 3589 1118 erat

1946 1146 2018 1201 ab
2051 1145 2161 1202 inc.
2188 1147 2346 1203 Dom.
2386 1152 2539 1219 1085,
2566 1154 2621 1205 et
2657 1149 2935 1207 ell‘eratus
2990 1150 3243 1222 impetus
3284 1152 3584 1209 Tcoderici

1947 1235 2330 1294 Virduneusis
2360 1238 2617 1309 episcopi
2653 1254 2756 1310 pro
2790 1239 3153 1295 defendenda
3186 1245 3243 1295 et
3265 1240 3584 1296 attollenda

1948 1326 2112 1394 parte
2146 1326 2417 1381 Witberti
2450 1328 2804 1384 Ravennatis
2834 1328 3077 1384 heretici
3127 1327 3286 1384 nullo
3339 1328 3585 1399 justitize

1947 1411 2338 1469 moderamine
2354 1414 2804 1485 reprimebatur,
2825 1416 3132 1487 quominus
3148 1416 3303 1473 illum
3319 1420 3583 1472 sanctum

1938 1498 2162 1569 justum
2195 1503 2544 1559 catholicum
2568 1508 2627 1559 et
2660 1504 2988 1575 pontiﬁcem
3034 1507 3347 1561 Romanum
3368 1520 3585 1561 annun-

1942 1589 2147 1659 ciaret,
2182 1594 2238 1645 et
2297 1592 2762 1648 annunciandum
2792 1593 3174 1665 praeciperet:
3220 1594 3365 1649 adeo
3398 1600 3461 1649 ut
3494 1609 3586 1650 so-

1946 1676 2205 1749 lempnes
2232 1695 2335 1751 pro
2359 1681 2497 1736 eoin
2525 1682 3360 1751 accclesiaorationesdiceret,
3388 1684 3494 1739 sub
3515 1697 3583 1737 co

166 1759 1133 1853 dentibusremahsitduitcumeo.
1154 1765 1384 1853 retento
1405 1774 1597 1853 secum
1615 1760 1835 1853 Ostien:
1860 1777 1914 1837 Β
1945 1768 2345 1825 ordinationes
2380 1771 2618 1841 faceret,
2641 1774 2698 1853 et
2724 1770 3006 1841 quidquid
3032 1770 3182 1839 juris
3200 1777 3401 1827 sancto
3420 1785 3583 1842 papae

171 1849 207 1905 si
225 1863 378 1905 cum
393 1846 615 1904 ceteris
626 1847 900 1903 Romanis
914 1848 1204 1919 epiSCOpis
1226 1854 1284 1904 et
1298 1847 1828 1904 cardinalibusllbi

171 1951 311 1993 cum
339 1936 442 1992 diu
476 1934 739 2005 rogando
771 1934 887 1991 dux
910 1936 1240 2004 institisset,
1286 1936 1648 2007 utqucndam
1683 1934 1830 1991 Alfa-

171 2038 313 2081 num
348 2023 407 2080 in
442 2023 871 2080 Salernitanum
903 2024 1243 2096 episcopum
1274 2028 1669 2081 consecraret.
1724 2026 1828 2081 sed

171 2111 440 2169 Ostiensi
475 2110 918 2169 contradicente
934 2113 1116 2168 abbas
1149 2112 1509 2169 voluntatem
1530 2113 1696 2169 ducis
1750 2114 1832 2169 in-

171 2201 347 2271 plere
369 2215 488 2256 non
522 2199 1074 2271 auderet,quoniam
1096 2200 1166 2256 de
1208 2202 1676 2257 manifestissima
1719 2216 1830 2257 am-

166 2288 408 2345 bitione
438 2287 1007 2347 Alfannsconvictus
1039 2292 1248 2359 fuerat,
1268 2291 1383 2347 dux
1407 2290 1831 2361 graviterindi-

164 2381 396 2446 gnatus
429 2377 681 2433 recessit
711 2376 783 2432 ab
807 2379 908 2434 eis.
946 2378 1140 2434 Abbas
1165 2379 1543 2449 igiturgratia
1587 2379 1830 2435 destitu-

1944 1856 2211 1927 dcbetur,
2247 1858 2378 1915 huic
2413 1863 2615 1913 contra
2634 1858 2731 1929 jus
2759 1863 2814 1915 et
2835 1860 2917 1914 fas
2942 1860 3013 1915 ab
3037 1859 3302 1916 omnibus
3318 1860 3584 1915 exsolve-

1943 1950 2124 2001 retur.
2163 1948 2283 2002 Non
2316 1946 2637 2018 potnithoc
2672 1947 2891 2004 diutius
2925 1949 3041 2018 pati
3070 1948 3302 2004 abbatis
3352 1947 3580 2003 Bodulfi

1940 2033 2305 2106 simplicitas,
2339 2035 2583 2091 maxime
2606 2050 2737 2092 cum
2769 2037 2825 2091 in
2856 2050 2986 2092 eum
3009 2036 3261 2092 omnium
3284 2035 3581 2107 praecipue

1941 2123 2276 2180 desevirent
2308 2124 2517 2194 omnia,
2564 2125 2730 2196 quasi
2765 2125 3083 2181 dolentium
3119 2125 3270 2197 quod
3302 2125 3462 2181 solus
3509 2127 3580 2181 ab

1938 2212 2024 2267 eis
2055 2212 2419 2281 dissentiret,
2444 2214 2539 2284 qui
2557 2213 2950 2271 unusillorum
2970 2220 3029 2269 et
3046 2213 3199 2270 inter
3216 2215 3577 2286 primosesse

1939 2300 2201 2372 deberet,
2234 2308 2295 2359 et
2326 2318 2479 2359 nunc
2513 2303 2583 2358 ad
2608 2303 2840 2359 illorum
2863 2302 3276 2360 contumeliam
3297 2318 3479 2360 novas
3500 2303 3577 2359 lc-

1937 2404 2058 2459 ges,
2094 2405 2273 2447 novas
2304 2390 2707 2448 institutiones
2724 2396 2925 2447 contra
2958 2391 3281 2463 principem
3315 2392 3475 2461 regni
3519 2397 3575 2447 et

75 5260 81 5273 .
174 5212 384 5285 judicio
413 5214 516 5273 Dei
551 5224 882 5286 percussus
899 5212 1377 5282 est.thuamvis
1407 5216 1599 5286 tarde,
1618 5232 1829 5288 cogno-

164 2471 289 2536 tus,
326 2464 603 2537 quoniam
665 2467 792 2522 sine
822 2480 889 2522 eo
928 2467 997 2523 ad
1046 2469 1362 2524 Romanum
1428 2468 1828 2539 pontificatum

160 2553 449 2626 aspirare
478 2554 852 2625 desperabat,
897 2555 1184 2626 profunda
1239 2556 1354 2626 jam
1396 2560 1567 2613 nocte
1600 2556 1830 2611 cunctis

160 2641 619 2699 dormientibus
634 2640 987 2711 legationem
1006 2645 1077 2699 ad
1095 2643 1299 2700 ducem
1318 2644 1707 2714 misit,sicque
1730 2644 1831 2700 du-

158 2745 229 2787 ce
276 2730 358 2787 ad
378 2730 652 2787 abbatem
670 2731 972 2799 redeunte,
990 2735 1048 2786 et
1077 2732 1258 2788 abbas
1291 2732 1538 2803 gratiam
1553 2733 1707 2803 apud
1730 2732 1831 2789 du-

159 2833 298 2876 cem
318 2823 555 2890 utpapa
581 2818 844 2887 ﬁeret,ct
893 2834 1010 2876 eux
1046 2821 1197 2890 quod
1244 2821 1530 2891 quercbat
1573 2821 1830 2893 optinuit

1940 2479 2278 2535 sacerdotes
2314 2484 2685 2551 proponeret.
2720 2481 2788 2536 Et
2824 2479 2956 2550 quia
2989 2484 3210 2537 tectum
3252 2480 3447 2537 odium
3507 2481 3579 2536 ad

1940 2571 2176 2638 apertas
2200 2567 2317 2637 jam
2335 2568 2669 2625 inimicitias
2688 2568 3062 2640 procedebat,
3090 2569 3412 2626 cedendum
3438 2575 3580 2626 tem-

1940 2654 2063 2725 pori
2094 2658 2259 2711 ratus
2291 2656 2685 2712 Flaviniacum
2720 2671 2781 2713 se
2823 2657 3093 2725 contulit,
3149 2672 3277 2728 quae
3309 2662 3400 2713 est
3431 2657 3568 2714 villa

1939 2741 2144 2798 ditioni
2177 2743 2446 2800 ecclesiae
2477 2744 2875 2801 sanctiVitoni
2907 2744 3163 2815 subdita,
3192 2746 3245 2800 in
3265 2746 3573 2802 territorio

1939 2830 2192 2887 Tullensi
2226 2832 2332 2888 sita
2369 2851 2380 2888 :
2415 2835 2498 2902 ut,
2535 2831 2957 2903 aliquantulum
2981 2832 3573 2904 semotusacivitate,

161 2906 651 2978 “Pndabbatem,
695 2911 758 2963 ιη
788 2906 1028 2964 “fanus
1078 2914 1527 2967 οοηδθονθνοῐυν
1560 2915 1829 2980 sequenti
1939 2923 2277 2990 expectaret
2311 2920 2356 2974 si
2390 2919 2519 2990 quis
2535 2919 2957 2976 dareturlocus
2974 2920 3234 2989 remedii,
3261 2920 3572 2977 utillisali-

157 2996 293 3066 die,
313 2994 973 3052 videlicetdominicain
990 2997 1220 3067 palmis,
1242 3013 1311 3053 ex
1340 3001 1831 3071 praeceptoabha-
1942 3008 2284 3080 quantisper
2313 3008 2532 3064 sedatis
2564 3008 2689 3080 ipse
2715 3008 2783 3064 ad
2821 3008 3032 3064 fratres
3052 3013 3252 3080 posset
3296 3009 3527 3077 regredi
3559 3027 3572 3073 ;

155 3084 863 3182 tisidsecunctisfacerc
880 3087 1387 3157 respondentibus.
1408 3087 1614 3145 Eadem
1634 3088 1830 3159 itaque
1861 3126 1913 3190 ο
1941 3095 2041 3152 sed
2073 3096 2364 3153 incassum
2398 3111 2490 3152 res
2522 3097 2821 3166 agebatur.
2857 3098 3449 3153 Tractaveratautem
3508 3097 3579 3152 de

156 3170 268 3228 die
286 3186 429 3228 cum
448 3177 582 3244 post
601 3172 904 3244 prandium
923 3174 1123 3245 abbas,
1145 3176 1330 3231 duxet
1349 3177 1640 3248 princeps,
1674 3181 1832 3233 uter-
1863 3170 1913 3190 υ
1941 3184 2031 3242 his
2063 3199 2249 3257 nuper
2269 3200 2400 3242 cum
2433 3185 2644 3242 abbate
2673 3184 3024 3256 Divionensi,
3059 3188 3113 3241 et
3158 3184 3389 3241 consilii
3418 3185 3579 3242 illius

155 3274 291 3331 que
307 3274 340 3316 a
359 3275 567 3318 somno
587 3260 906 3317 meridiano
921 3263 1337 3333 surrexissent,
1359 3263 1479 3320 sole
1500 3263 1829 3320 declinante
1940 3272 2063 3329 huic
2098 3272 2198 3329 fuit
2233 3272 2664 3341 determinatio,
2681 3273 3057 3330 vanissimum
3076 3288 3224 3343 esse,
3244 3273 3288 3330 si
3319 3289 3449 3330 cum
3467 3275 3577 3328 fra-

152 3348 233 3405 ad
255 3348 573 3420 inferiora,
606 3350 845 3405 setvino
864 3351 1165 3422 optinente
1181 3352 1500 3424 superiora,
1518 3352 1658 3409 heu!
1687 3352 1829 3424 proh
1941 3361 2149 3432 tribus,
2168 3366 2231 3418 ut
2247 3362 2637 3434 disposuerat,
2659 3361 3020 3433 peregrinari
3042 3360 3236 3433 vellet,
3258 3378 3388 3419 cum
3417 3378 3582 3434 aper-

150 3436 584 3494 dolorlabbas
600 3453 704 3510 pro
720 3440 1831 3498 mercedenefandissimaaconsecratio—
1939 3456 1997 3505 ta
2020 3452 2282 3507 essetvia
2304 3450 2633 3524 periculi,si
2654 3451 2869 3507 fratres
2904 3450 3149 3521 juvenes
3191 3454 3246 3507 et
3290 3451 3574 3521 moderni,

148 3525 277 3594 nis,
320 3524 521 3583 fultus
543 3526 900 3584 auctoritate
924 3527 1109 3597 ducis,
1127 3528 1442 3600 pluvialem
1460 3529 1571 3585 sibi
1593 3529 1755 3600 ipsei:

2023 3539 2035 3594 i
2051 3553 2120 3596 eo
2134 3543 2305 3596 tenus
2324 3539 2430 3596 sub
2448 3544 2572 3596 arta
2588 3538 2854 3596 custodia
2870 3539 2986 3595 Deo
3007 3539 3062 3595 in
3090 3540 3447 3596 monasterio
3461 3554 3583 3596 ser-

150 3612 410 3684 posnit,
439 3613 693 3671 Ostiensi
754 3617 815 3671 et
872 3617 1041 3672 nobis
1082 3617 1446 3688 inconsultis,
1490 3622 1545 3673 et
1588 3633 1829 3690 prorsus
1938 3628 2185 3698 vierant,
2213 3626 2409 3684 seculo
2430 3632 2891 3699 exponerentur;
2913 3627 2968 3683 id
2995 3627 3200 3685 melius
3224 3627 3443 3699 fore,ut
3488 3644 3582 3699 pa-

148 3701 618 3772 ignorantibus.
639 3703 1200 3776 Hisitagestis,cum
1219 3706 1828 3780 Ostiensisepiscopus
1940 3721 2031 3771 tcr
2053 3714 2367 3771 simulcum
2411 3714 2910 3786 filiis,quiainsuo
2955 3730 3088 3771 esse
3151 3715 3332 3786 quieti
3380 3718 3582 3786 nequi-

144 3792 495 3849 nobiscum
520 3793 662 3849 bene
687 3808 792 3865 per
816 3794 1005 3850 omnia
1022 3795 1404 3862 cucurrisset,
1429 3802 1492 3852 ut
1514 3796 1825 3867 viditquod
1939 3805 2096 3875 bant,
2116 3803 2367 3874 aliquem
2388 3802 2575 3860 locum
2619 3802 2900 3872 religione
2942 3802 3298 3859 nominatum
3349 3808 3584 3874 expete-

145 3880 825 3952 abbasperpotentiam
850 3882 1829 3954 principisJordaniadconsecran-
1945 3896 2095 3961 rent,
2116 3891 2171 3947 in
2197 3905 2310 3963 quo
2351 3892 2468 3947 Deo
2518 3906 2648 3947 cum
2688 3891 2875 3959 gratia
2919 3894 2979 3946 et
3035 3890 3231 3960 quiete
3264 3890 3576 3961 servirent,

145 3967 307 4025 dum
336 3982 413 4025 se
443 3969 676 4025 Romam
710 3969 797 4026 ire
827 3969 1187 4041 intendebat,
1240 3971 1613 4028 timensforle
1643 3987 1712 4028 ne
1736 3974 1824 4029 sui
1939 3980 2125 4036 donec
2151 3979 2401 4036 decurso
2423 3977 3133 4048 nubiloerrorisejusdem
3154 3976 3223 4033 ad
3241 3992 3343 4034 sua
3387 3977 3580 4035 redire

146 4058 474 4129 dignitate
498 4060 857 4131 privaretur,
885 4060 928 4117 si
958 4062 1030 4117 ab
1053 4059 1167 4117 alio
1188 4061 1370 4132 prima
1396 4077 1599 4120 manus
1625 4078 1826 4141 conse-
1941 4066 2435 4140 possent.Adjecit
2455 4065 2630 4122 etiam
2645 4065 2962 4137 praedictus
2976 4065 3157 4121 abbas
3172 4078 3233 4121 se
3257 4070 3470 4136 praesto
3493 4081 3581 4122 es-

145 4146 370 4203 cratio
404 4147 460 4202 et
486 4146 908 4218 imponeretur,
937 4154 1358 4205 conversusest
1385 4149 1439 4206 in
1457 4150 1549 4206 die
1569 4150 1704 4206 belli
1733 4155 1822 4215 :et
1938 4171 2000 4213 se
2016 4154 2382 4228 quihagcillis
2398 4169 2510 4211 non
2527 4153 2894 4225 negaret,qui
2909 4168 3021 4210 non
3040 4167 3142 4210 sua
3168 4154 3255 4209 eis
3270 4153 3456 4224 daret,
3479 4162 3581 4210 sed

148 4235 693 4293 immemorfactus
712 4236 1071 4308 propositiet
1098 4238 1264 4294 facta:
1288 4239 1456 4296 nobis
1473 4240 1822 4312 sponsionis,
1940 4260 2067 4316 quae
2102 4243 2334 4301 illorum
2364 4246 2531 4300 erant
2564 4241 2650 4299 eis
2682 4257 2810 4299 cum
2841 4242 3055 4313 gaudio
3087 4242 3581 4313 assignaret,quia

147 4325 328 4395 quod
369 4323 566 4381 dicere
592 4324 945 4397 pudet,cum
965 4325 1175 4383 abbate
1191 4340 1389 4399 pacem
1415 4328 1647 4397 faciens,
1668 4342 1828 4386 reve-
1942 4335 2089 4391 bona
2113 4331 2397 4389 :ecclesiaa
2413 4331 2683 4387 omnibus
2705 4329 2839 4387 ﬂliis
2869 4331 3136 4388 ecclesia:
3164 4336 3299 4388 sunt
3330 4345 3585 4387 commu-

150 4412 435 4469 rentiam
467 4413 519 4468 ei
539 4428 644 4485 per
671 4413 862 4470 omnia
886 4414 1039 4470 sicut
1060 4430 1221 4487 papa
1242 4416 1541 4488 persolvit.
1564 4417 1828 4483 Qualiter

152 4506 379 4558 autem
409 4501 505 4558 vel
527 4502 817 4573 quomodo
837 4503 1071 4559 Romam
1108 4505 1191 4559 ire
1206 4504 1500 4577 disponat,
1555 4507 1823 4577 quoniam

158 4590 731 4661 praesentiumla'tor
761 4595 819 4647 et
850 4593 1165 4664 peregrini,
1201 4593 1481 4664 quidquid
1522 4600 1826 4667 postquam

161 4695 197 4736 a
230 4679 416 4738 nobis
450 4685 830 4738 recesserunt
887 4695 989 4752 per
1046 4683 1296 4754 Capuam
1333 4688 1710 4741 transeuntes
1755 4687 1827 4743 de

165 4769 524 4840 hujnsmodi
557 4773 843 4841 apparatu
860 4769 984 4824 ﬁeri
1006 4768 1296 4840 viderunt,
1322 4770 1562 4828 velaliis
1577 4773 1829 4831 referen-

165 4857 338 4915 tibus
382 4858 742 4928 didicerunt,
779 4856 1007 4929 plenius
1030 4858 1198 4915 vobis
1257 4860 1479 4917 referre
1525 4865 1825 4933 poterunt,

172 4946 391 5004 inutile
414 4946 810 5017 indicavimus
842 4944 1103 5002 scribere
1131 4944 1305 5020 (192.)

243 5036 354 5092 Hic
383 5034 565 5107 igitur
587 5038 977 5091 consecratus
996 5034 1066 5090 ab
1102 5035 1350 5092 Ostiensi
1367 5037 1669 5110 episcopo,
1696 5054 1827 5097 cum

1940 4422 2033 4478 nia
2068 4439 2082 4489 ;
2114 4420 2517 4477 Divionensem
2554 4418 2875 4475 aecclesiam
2919 4419 3085 4475 bonis
3136 4419 3404 4475 omnibus
3443 4418 3586 4474 assi-

1938 4514 2194 4582 gnatam,
2221 4523 2349 4580 quze
2375 4508 2428 4562 in
2447 4522 2511 4564 ea
2538 4512 2735 4564 essent
2760 4507 2907 4563 bona
2932 4506 3274 4578 temporalia
3294 4505 3585 4574 religiosis

1938 4599 2206 4656 omnibus
2240 4611 2352 4653 non
2378 4596 2671 4652 defutura.
2709 4595 2921 4651 Aderat
2956 4599 3015 4649 et
3045 4600 3183 4649 tunc
3225 4594 3350 4664 ipse
3390 4592 3442 4647 in
3462 4607 3585 4662 pro-

1941 4688 2094 4744 ximo
2126 4685 2276 4757 apud
2302 4684 2700 4753 Bertiniacum
2725 4682 2955 4738 scilicet
2989 4681 3229 4737 fundum
3267 4680 3453 4750 ipsius
3493 4679 3584 4733 Di-

1940 4775 2236 4833 vionensis
2266 4772 2550 4830 {ecclesiae
2576 4771 2631 4826 in
2672 4768 3144 4827 eodemTullensi
3172 4767 3477 4823 territorio
3512 4767 3584 4822 si-

1937 4870 2082 4935 tum,
2115 4866 2357 4935 paratus
2388 4859 2558 4915 tidem
2593 4859 2782 4913 facere
2825 4856 3150 4927 promissis,
3197 4854 3364 4924 longa
3426 4870 3582 4910 mora

1942 4951 2289 5025 prasstolans
2322 4947 2631 5017 siveniret,
2666 4943 2967 5000 etcrcbris
3002 4943 3231 4999 nunciis
3265 4942 3584 4999 admonens

1942 5045 2004 5099 ut
2035 5040 2261 5096 veniret
2300 5036 2489 5108 ;quod
2520 5039 2580 5091 et
2606 5035 2687 5089 ita
2720 5034 2931 5089 factum
2957 5037 3065 5088 est.
3092 5032 3307 5087 Videns
3322 5030 3473 5086 enim
3489 5032 3585 5086 ab-

1944 5132 2045 5187 bas
2076 5127 2363 5184 Rodulfus
2418 5139 2643 5181 omnem
2695 5116 3046 5179 icversionis
3104 5120 3214 5177 sibi
3269 5118 3585 5176 intercludi

1942 5218 2184 5287 aditum,
2218 5214 2388 5271 malis
2403 5213 2658 5284 undique
2689 5209 3113 5283 multiplicatis,
3144 5208 3301 5265 venit
3354 5208 3423 5264 ad
3453 5222 3584 5263 eum

1943 5307 2013 5365 ad
2050 5303 2387 5379 przedictam
2420 5301 2614 5357 villam
2648 5300 3056 5368 Bertiniacum,
3112 5298 3238 5369 ipsa
3262 5295 3459 5366 vigilia
3491 5310 3587 5351 an-

180 5124 385 5184 missas
397 5126 553 5199 apud
571 5124 848 5179 Sanctum
863 5124 1097 5179 Petrum
1117 5123 1360 5194 diceret,
1378 5125 1523 5182 infra
1539 5127 1827 5186 actionem

185 5319 337 5363 Icens
369 5319 435 5362 se
450 5315 718 5369 errasse,
746 5313 808 5354 se
841 5298 965 5370 ipse
994 5299 1281 5372 deposuit,
1328 5306 1385 5358 et
1413 5304 1618 5362 accitis
1635 5307 1829 5365 fratri-

1774 5424 1994 5481 ΝΟΤιλΕ.

235 5509 383 5586 (192)Δ
412 5497 1281 5586 Atiargkfiqsgpjgepistolam
1328 5508 1463 5586 post
1488 5507 1702 5586 Urbani
1752 5513 1799 5567 Il
1850 5510 2196 5568 electionem
2244 5503 2315 5562 ad
2346 5486 2675 5560 Mathildam
2726 5500 2796 5556 de
2843 5501 3045 5557 eadem
3090 5515 3152 5557 re
3199 5498 3477 5572 scriptam
3514 5512 3585 5554 ex

174 5569 532 5645 chartu'lario
567 5569 950 5630 Cluniacensi
981 5569 1163 5629 edidit
1196 5569 1480 5648 d’Achery
1510 5579 1575 5633 II.
1613 5582 1684 5636 K.
