3894 6308
392 334 510 398 343
1352 329 1723 394 HUGONIS
1773 324 2121 390 ABB.\TIS
2163 325 2848 392 FLAVINIACENSIS
3681 335 3778 399 34f

395 468 788 530 nunciationis
808 468 1140 542 Dominicae,
1161 472 1221 528 et
1255 467 1466 530 festum
1499 468 1688 543 ipsum
1738 471 1908 528 nocte
1965 481 2057 526 ea-
2083 462 2140 527 A
2170 464 2390 525 servire
2419 465 2548 540 tibi,
2581 467 2714 540 quia
2729 466 2996 527 videbam
3021 465 3516 528 redundantemin
3539 470 3782 531 memiss-

396 561 525 618 dem
557 560 769 620 ibidem
802 560 1246 620 celebravimus.
1284 561 1340 616 In
1397 559 1658 617 crastino
1731 558 2058 630 Linguonas
2168 557 2482 615 ricordiam
2517 563 2673 615 tuam
2708 559 2778 616 ad
2805 557 3110 616 delendam
3145 558 3511 631 iniquitatem
3547 577 3714 619 meam
3733 568 3780 620 et

395 651 684 721 venimus,
715 656 775 709 et
805 651 892 708 sic
925 650 1017 707 die
1045 649 1226 707 tercia
1250 649 1545 706 Divionem
1573 648 2052 720 peraccessimus,
2165 647 2608 705 confortandam
2643 648 3038 706 humilitatem
3069 663 3272 704 meam.
3293 650 3352 704 ln
3377 649 3642 708 omnibus
3690 653 3779 709 tibi

398 740 497 797 ubi
531 739 847 798 honorifice
877 743 938 797 et
967 739 1213 796 caritate
1265 737 1549 810 suscepti,
1612 736 2053 808 congregationi
2165 737 2390 807 gratias
2422 737 2540 807 agit
2573 737 2744 794 exilis
2777 741 2834 793 et
2862 737 3052 793 infima
3085 737 3386 794 humilitas
3413 742 3628 808 nostra,
3668 741 3776 812 quia

402 829 747 887 monasterii
781 829 988 886 sociati
1018 844 1236 887 sumus.
2167 841 2256 882 me
2279 841 2308 882 a
2343 826 2640 883 consortio
2659 826 3100 896 malignantium
3124 826 3416 898 eripuisti,
3441 829 3542 882 eta
3569 829 3781 886 tribula-

471 919 734 976 Delectat
769 934 875 976 nos
908 919 1000 976 hic
1036 918 1336 990 paulisper
1361 916 1656 973 immorari
1690 915 2054 972 meditationi
2166 915 2426 972 tionibus
2455 930 2582 986 qua:
2608 914 2984 971 increverunt
3016 930 3191 985 super
3206 929 3410 970 servos
3437 919 3572 972 tuos
3597 917 3780 975 fratres

403 1009 701 1066 memoriae
735 1007 1088 1066 mirabilium
1120 1006 1364 1076 Domini,
1409 1021 1539 1077 qua:
1575 1005 1708 1062 fecit
1753 1004 2052 1060 nobiscum
2165 1007 2424 1075 nostros,
2462 1006 2769 1076 postquam
2800 1019 2831 1059 a
2864 1003 3372 1060 nobisdiscessum
3409 1011 3520 1076 est,
3551 1007 3778 1074 gratuita

404 1099 686 1155 Dominus
713 1099 886 1168 Deus,
947 1097 1046 1168 qui
1096 1101 1374 1169 Operatur
1419 1109 1620 1164 magna
1653 1094 1709 1150 in
1769 1108 2053 1164 pauperes
2166 1093 2386 1165 pietate
2419 1092 2701 1149 liherasti.
2742 1093 3095 1164 Captienim,
3129 1108 3259 1150 cum
3283 1094 3782 1164 exprobrationeet

403 1203 584 1246 suos:
621 1191 680 1244 ut
709 1187 1129 1244 confiteaturei
1164 1190 1286 1242 tota
1312 1183 1642 1242 substantia
1679 1186 1896 1250 nostra,
1921 1182 2052 1252 quia
2165 1181 2504 1253 inproperio
2521 1181 3783 1254 conspectuiVirdunensisilliusbestiaepraz-

410 1277 542 1333 fecit
577 1276 876 1334 nobiscum
910 1291 1022 1332 non
1057 1275 1376 1331 secundum
1413 1273 1618 1330 merita
1663 1277 1886 1341 nostra,
1951 1271 2053 1326 sed
2165 1273 2380 1326 scutati
2415 1275 2550 1328 sunt
2599 1271 3328 1340 quototussenatusurbis
3356 1275 3780 1341 convenerat,et

411 1367 731 1424 secundum
764 1365 1043 1422 beneficia
1075 1380 1200 1422 sua.
1235 1365 1402 1420 Juvat
1435 1378 1574 1432 ergo
1598 1361 1906 1417 memorati
1930 1359 2055 1416 dul-
2165 1359 2328 1430 quasi
2356 1359 2465 1416 fide
2498 1358 2568 1415 de
2597 1359 2842 1430 agendo,
2879 1375 3046 1430 quem
3082 1374 3288 1430 papam
3305 1360 3608 1430 haberent,
3635 1377 3778 1432 quem

409 1453 634 1512 cedinis
664 1453 1085 1510 misericordiae
1108 1453 1252 1522 ejus,
1277 1452 1543 1522 quoniam
1572 1451 1756 1506 bonus
1774 1455 1882 1518 est,
1915 1463 2056 1518 quo-
2166 1463 2360 1517 regem
2391 1452 2835 1518 venerarentur,
2865 1447 3210 1518 inquisitum
3230 1451 3339 1504 est.
3379 1448 3595 1514 Quibus
3633 1449 3782 1505 silen-

413 1543 566 1599 niam
599 1542 790 1600 dnlcis
821 1547 934 1614 est,
959 1543 1124 1614 cujus
1143 1542 1331 1612 gratia
1349 1539 1608 1610 gratuita
1631 1542 1740 1610 est,
1758 1537 2056 1608 cujuspic-
2167 1535 2346 1605 tibus,
2369 1535 2712 1592 adinaudita
2741 1551 2872 1591 mox
2889 1541 3218 1608 perrectum
3251 1541 3362 1592 est.
3389 1539 3598 1594 Textus
3635 1554 3781 1596 evan-

413 1635 504 1688 tas
535 1631 1034 1704 incomparabilis,
1067 1629 1467 1688 misericordia
1507 1627 1879 1693 inedicibilis,
1943 1641 2053 1696 qua
2164 1623 2301 1693 gelii
2336 1624 2390 1680 in
2425 1625 2616 1681 medio
2649 1625 2880 1697 positus
2906 1628 3018 1692 est,
3055 1623 3186 1680 inde
3219 1625 3354 1682 data
3387 1627 3664 1682 sententia
3694 1629 3777 1684 uta

413 1721 599 1777 salvat
633 1735 736 1777 eos
766 1719 940 1776 etiam
972 1720 1069 1790 qui
1105 1718 1351 1776 salutem
1382 1733 1492 1789 qua
1553 1716 1768 1773 salvari
1803 1717 2051 1772 debeant
2167 1713 2416 1770 maximo
2447 1727 2631 1784 usque
2663 1713 2733 1770 ad
2768 1713 3062 1770 minimum
3093 1729 3294 1771 omnes
3326 1715 3610 1785 jurarent,
3663 1717 3780 1772 Wit-

415 1808 732 1880 refugiunt,
768 1823 914 1879 quos
939 1812 1060 1877 tua,
1084 1807 1344 1877 Domine,
1369 1806 1554 1877 gratia
1579 1805 1650 1860 ad
1666 1805 1916 1862 salutem
1939 1808 2056 1859 tra-
2085 1821 2138 1882 B
2170 1801 2399 1858 bertum
2430 1807 2818 1870 cognomento
2854 1802 3204 1859 Clementem
3225 1817 3432 1875 papam
3452 1803 3778 1873 essejustum

417 1896 502 1952 hit
535 1897 713 1953 etiam
737 1895 970 1952 invitos.
997 1897 1175 1952 Tuum
1199 1899 1312 1965 est,
1344 1895 1602 1962 Domine,
1651 1909 1911 1964 regnum,
1957 1896 2055 1947 tua
2167 1891 2625 1962 etcatholicum,
2659 1891 2991 1948 Heinricum
3025 1892 3442 1964 imperatorem
3464 1907 3493 1948 a
3524 1895 3633 1950 Deo
3670 1893 3777 1950 εθιθ-

412 1984 622 2054 virtus,
651 1989 746 2042 tua
783 1985 1084 2057 potentia;
1121 1984 1224 2040 tibi
1258 1983 1368 2040 soli
1402 1999 1529 2040 cum
1555 1985 1730 2038 Patre
1761 1989 1816 2038 et
1837 1981 2056 2053 Spiritu
2169 1985 2327 2036 ctum
2357 1983 2412 2036 et
2445 1985 2789 2038 coronatum
2825 1981 3013 2052 ;quod
3034 1981 3130 2052 qui
3161 1997 3274 2038 non
3299 1981 3552 2053 fecisset,
3569 1982 3775 2040 cumde-

415 2077 615 2128 sancto
646 2073 832 2130 honor
863 2073 1114 2130 debetur
1129 2075 1186 2128 et
1210 2071 1417 2143 gloria,
1441 2071 1571 2128 laus
1609 2069 1972 2141 etjubilatio,
1999 2073 2060 2124 et
2171 2068 2381 2124 decore
2412 2073 2469 2124 et
2504 2069 2811 2144 ignominia
2847 2070 3112 2127 vestibus
3143 2070 3400 2128 nudatus
3430 2071 3500 2126 ab
3525 2071 3656 2127 urbe
3682 2070 3777 2142 pel-

414 2161 690 2230 perennis
718 2161 1042 2230 gratiarum
1077 2161 1250 2216 actio.
1275 2162 1353 2216 Tu
1407 2175 1514 2228 me,
1571 2159 1828 2229 Domine,
1890 2156 2062 2227 hujus
2170 2156 2414 2214 leretur.
2436 2159 2770 2216 Factumest
2798 2159 3560 2230 hoc,utprobatimanifesti
3582 2159 3774 2216 ﬁerent.

415 2249 504 2304 tui
538 2250 796 2305 muneris
814 2249 1158 2321 participem
1193 2249 1406 2317 fecisti,
1443 2253 1503 2305 tu
1540 2263 1627 2304 me
1684 2245 1970 2316 refugium
2001 2250 2057 2300 et
2172 2247 2418 2302 Noverat
2448 2248 2634 2318 pietas
2665 2251 2786 2318 tua,
2813 2247 3048 2305 Domine
3077 2250 3246 2315 Deus,
3302 2263 3531 2305 servum
3572 2247 3778 2304 tuumil-

418 2336 606 2393 aliena
640 2337 824 2408 magis
855 2341 1196 2409 querentem
1221 2342 1278 2393 et
1322 2339 1432 2394 sub
1463 2337 1659 2408 specie
1683 2334 1942 2392 discendi
1975 2349 2064 2388 sc-
2173 2334 2290 2392 lum
2313 2337 2544 2406 Rufum,
2576 2336 3023 2393 latenteminter
3045 2337 3270 2408 lapides
3303 2337 3774 2408 margaritamDei,

418 2425 553 2480 culo
585 2425 867 2482 adherere
891 2427 1184 2482 volentem
1214 2441 1318 2498 per
1347 2440 1576 2482 servum
1597 2428 1758 2480 tuum
1793 2423 2060 2478 abbatem
2175 2424 2268 2494 qui
2301 2425 2612 2496 spoliatus,
2647 2440 2844 2496 cesus,
2871 2426 3207 2495 fustigatus,
3235 2425 3776 2497 quiajurarenoluit,

423 2512 737 2570 Rodulfum
763 2529 792 2571 a
827 2515 1084 2572 vanitate
1116 2513 1297 2572 seculi
1360 2513 1730 2585 subripuisti,
1793 2517 1848 2568 et
1902 2526 2064 2582 pere-
2177 2529 2278 2584 per
2307 2514 2559 2571 medium
2593 2514 2753 2571 urbis
2773 2515 3022 2586 fugatus,
3048 2515 3422 2584 ignominiam
3453 2514 3636 2572 crucis
3663 2519 3774 2582 tua,

425 2601 774 2670 grinationis
805 2602 979 2673 hujus
1011 2603 1280 2660 comitem
1337 2601 1737 2669 constituisti;
1787 2598 2066 2670 multipli-
2176 2602 2430 2669 Christe,
2465 2603 2520 2658 in
2537 2618 2783 2674 corpore
2799 2608 3036 2675 portare
3059 2617 3168 2660 non
3184 2602 3776 2670 erubuit.Nuduserg0

426 2704 568 2746 cans
605 2691 852 2760 gratiam
884 2697 1041 2748 tuam
1072 2692 1127 2746 in
1161 2707 1268 2762 me,
1303 2695 1363 2747 nt
1393 2707 1499 2747 non
1533 2705 1620 2746 me
1660 2690 1906 2746 tzederct
1931 2689 2068 2744 ado-
2178 2705 2232 2745 in
2257 2689 2383 2746 sola
2406 2691 2676 2748 staminia
2710 2692 3117 2765 (193)perocto
3145 2692 3382 2759 fugatus
3398 2689 3650 2760 miliaria,
3668 2704 3772 2747 cum

427 2777 815 2836 lescentulum
849 2785 1040 2851 notos,
1066 2780 1282 2850 affines,
1318 2779 1588 2852 patriam,
1619 2783 1675 2835 et
1721 2779 1919 2834 nidum
1953 2792 2066 2848 quo
2178 2793 2208 2834 a
2234 2778 2577 2849 quibusdam
2602 2780 2788 2836 servis
2821 2781 2918 2835 Dei
2950 2779 3312 2850 aliquantula
3351 2784 3510 2837 veste
3563 2780 3776 2835 donatus

425 2865 756 2924 coalueram
786 2868 1119 2940 relinquere
1146 2887 1160 2935 ;
1187 2869 1359 2924 immo
1379 2869 1719 2939 gauderem,
1754 2873 1810 2924 et
1851 2865 2070 2935 gratias
2179 2871 2358 2934 esset,
2393 2868 2622 2924 tandem
2655 2869 2809 2924 venit
2845 2869 3162 2940 Divionem,
3188 2873 3248 2924 et
3278 2884 3412 2926 eum
3449 2867 3648 2938 gaudio
3677 2880 3777 2920 sus-

427 2969 678 3026 agerem,
715 2957 996 3030 quidquid
1029 2957 1370 3030 paternitati
1403 2958 1473 3013 de
1524 2972 1612 3014 me
1654 2955 1949 3025 libuisset,
2011 2956 2069 3008 et
2181 2960 2406 3026 ceptus,
2451 2955 2604 3012 etde
2635 2955 2836 3012 labore
2893 2948 3256 3014 refocillatus
3308 2962 3421 3014 est.
3480 2953 3781 3026 Multiplica-

428 3059 644 3117 corpus
688 3051 744 3102 et
797 3048 1045 3104 animam
1098 3052 1398 3118 totamque
1443 3046 1629 3102 nostri
1686 3043 2071 3102 substantiam
2185 3044 2613 3100 baturinterim
2645 3059 2920 3102 numerus
2953 3045 3716 3114 fratrumadvenientium,et
3735 3045 3779 3096 ut

431 3133 542 3190 tibi
595 3135 860 3204 gaudens
893 3135 1259 3204 devoverem,
1295 3139 1356 3189 et
1388 3135 1444 3190 in
1500 3137 1606 3190 tuo
1637 3133 1880 3190 servitio
1911 3132 2074 3204 quid-
2117 3202 2134 3204 _
2183 3132 2493 3189 concordia
2519 3133 2753 3204 etpacis
2769 3133 3287 3190 unanimitasinter
3310 3137 3783 3203 utrasqueturmas

437 3221 574 3292 quid
603 3202 835 3280 'virium
893 3227 1055 3280 esset
1096 3202 1374 3293 juvenilis
1431 3222 1696 3294 corporis
1743 3202 2073 3294 expendere
2101 3202 2150 3264 ἶ)
2184 3221 2372 3277 artius
2398 3202 2758 3292 servaretur,
2781 3221 2850 3278 de
2881 3222 3274 3293 promittenda
3305 3202 3786 3279 stabilitatemone-

437 3315 826 3383 praeoptarem
899 3311 1022 3383 (fol.
1111 3313 1258 3382 134.)
1313 3311 1602 3367 Addidisti
1691 3310 1930 3382 insuper
1993 3311 2076 3366 in-
2187 3311 2419 3366 bantur.
2454 3309 2618 3376 Quod
2642 3312 2880 3366 verbum
2915 3310 3045 3366 ideo
3069 3310 3186 3368 illis
3225 3317 3358 3368 erat
3402 3307 3782 3382 gravissimum,

438 3398 572 3454 fimo
596 3397 734 3455 mihi
789 3403 850 3456 et
882 3399 1171 3456 immerito
1201 3398 1447 3469 gratiam
1507 3403 1565 3455 et
1629 3386 2072 3455 benivolentiam
2187 3398 2320 3469 quia
2350 3398 2517 3468 quasi
2544 3399 3146 3470 abhorrebatarecto,
3165 3415 3234 3454 eo
3255 3400 3414 3470 quod
3464 3396 3785 3468 necprimam

439 3486 595 3542 servi
625 3486 710 3542 tui
735 3486 966 3544 abbatis
991 3487 1378 3558 Divionensrs,
1433 3501 1544 3558 qua
1574 3501 1706 3543 mox
1731 3491 1794 3543 ut
1825 3503 1914 3544 me
1933 3485 2075 3542 vidit
2189 3486 2709 3556 fideminfringere,
2730 3502 2834 3544 nec
2860 3488 3177 3544 secundam
3207 3488 3615 3559 professionem
3629 3485 3786 3539 facere

439 3576 496 3629 et
514 3575 769 3645 agnovit,
796 3576 1054 3633 totumin
1073 3580 1234 3645 se,te
1256 3575 1510 3646 volente,
1538 3579 1596 3630 te
1619 3577 1868 3646 favente,
1895 3580 2080 3632 trans-
2189 3590 2250 3631 se
2282 3590 2472 3646 posse,
2506 3575 2665 3631 salva
2685 3574 2864 3646 prima
2880 3590 3049 3646 quam
3071 3576 3355 3645 fecerant,
3401 3589 3594 3632 sanum
3630 3571 3705 3627 eis
3722 3567 3790 3622 vi-

441 3660 610 3728 fudit,
641 3677 886 3734 sperans
915 3669 971 3721 et
1004 3663 1253 3721 credens
1277 3669 1336 3720 ut
1373 3679 1522 3733 reor,
1569 3663 1788 3734 aliquid
1812 3663 1989 3719 bonia
2021 3668 2078 3719 te
2189 3663 2458 3718 debatur.
2497 3662 2799 3718 Timebant
2837 3663 2988 3719 enim
3029 3663 3279 3735 primum
3319 3670 3532 3722 votum.
3580 3659 3787 3732 primam

445 3754 809 3808 manaturum
843 3752 896 3808 in
945 3753 1128 3810 nobis.
1188 3753 1259 3809 Et
1308 3753 1526 3810 utinam
1583 3753 1736 3824 quod
1795 3753 2076 3824 speravit,
2188 3750 2609 3822 professionem
2641 3749 2880 3821 violare,
2906 3757 2961 3806 et
2997 3751 3128 3808 ideo
3172 3752 3242 3808 de
3283 3750 3531 3809 secunda
3562 3742 3788 3804 facienda

449 3838 600 3909 quod
633 3839 906 3910 credidit,
941 3840 1094 3912 quod
1115 3841 1774 3913 quesivitetqueritate
1797 3843 1868 3897 de
1893 3842 2076 3911 nobis,
2191 3839 2354 3894 nefas
2387 3839 2668 3909 putabant
2701 3838 2792 3895 vel
2823 3854 3149 3896 sermonem
3196 3839 3424 3905 audire,
3463 3853 3584 3896 cum
3629 3834 3678 3890 id
3719 3831 3790 3887 eis

447 3926 547 3983 fiat
580 3943 684 4000 per
713 3929 962 4000 gratiam
997 3933 1151 3987 tuam
1187 3932 1241 3987 in
1274 3931 1462 4000 nobis,
1501 3937 1562 3988 ut
1591 3931 1847 4002 gaudeat
1863 3929 1934 3986 de
1952 3944 2082 4001 pro-
2192 3926 2424 3983 omnino
2455 3925 2822 3984 intolerabile
2857 3927 3179 3999 videretur,
3204 3927 3609 3986 monasterium
3631 3923 3786 3991 inquo

447 4017 604 4075 fectu
633 4023 854 4088 nostro,
918 4033 1088 4089 quem
1111 4019 1349 4076 voluisti
1375 4021 1436 4076 ut
1495 4034 1604 4077 nos
1654 4019 1925 4090 diligeret
1979 4034 2084 4090 pro
2192 4015 2576 4070 stabilitatem
2609 4015 2723 4072 Deo
2746 4021 3044 4086 voverant,
3081 4018 3356 4073 deserere
3377 4015 3468 4073 vel
3497 4013 3562 4072 ad
3593 4013 3787 4071 horam;

447 4120 641 4163 amore
673 4109 794 4163 tuo.
829 4105 979 4172 Quid
1001 4107 1154 4162 enim
1173 4112 1298 4163 erat
1332 4107 1388 4163 in
1427 4109 1618 4178 nobis,
1679 4107 1834 4178 quod
1885 4110 2084 4162 tantus
2193 4103 2348 4174 quod
2371 4103 2605 4159 omnino
2623 4102 3000 4174 abnegarent,
3036 4105 3415 4162 sisecundam
3450 4099 3786 4160 stabilitatem

445 4193 538 4250 vir
567 4196 731 4250 tanto
754 4193 1022 4251 caritatis
1050 4194 1260 4252 affectu
1285 4193 1574 4268 diligeret,
1603 4196 1714 4253 nisi
1747 4201 1866 4266 tua,
1901 4194 2086 4251 Domi-
2193 4191 2247 4246 in
2263 4191 2449 4248 aliena
2478 4191 2749 4248 aecclesia
2788 4192 3104 4250 firmarent.
3157 4193 3462 4260 Quesierat
3511 4202 3672 4261 super
3703 4185 3788 4238 hac

448 4296 540 4351 ne,
599 4281 788 4351 gratia
848 4295 1020 4352 quam
1051 4283 1324 4354 sperabat
1355 4289 1413 4340 et
1457 4287 1803 4357 expectabat
1853 4299 1884 4342 a
1935 4285 2085 4341 tein
2195 4294 2256 4335 re
2289 4278 2598 4336 consilium
2631 4280 2812 4336 abbas
2864 4281 3146 4338 Rodulfus
3177 4296 3206 4337 a
3253 4278 3694 4354 quampluribus,
3742 4271 3787 4326 et

451 4369 662 4426 nobis?
691 4369 836 4440 Fiat,
863 4371 1119 4442 Domine,
1138 4385 1240 4442 per
1271 4374 1517 4442 gratiam
1556 4377 1714 4430 tuam
1754 4375 2087 4430 fructuosus
2195 4367 2550 4426 Lanfrancus
2575 4369 3017 4426 Cantuariorum
3041 4369 3516 4442 archiepiSCOpus
3535 4366 3637 4424 tale
3656 4362 3700 4418 ei
3721 4374 3789 4416 re-

452 4457 780 4516 devotionis
811 4457 937 4529 ejus
967 4458 1212 4516 affectus
1239 4460 1294 4516 in
1319 4461 1508 4534 nobis,
1552 4467 1612 4518 ut
1647 4462 1882 4518 laetetur
1905 4461 2090 4519 dulcis
2198 4472 2474 4528 sponsum
2499 4457 2857 4528 reddiderat,
2876 4458 3145 4515 scribens
3159 4459 3232 4515 ad
3245 4459 3446 4516 eumin
3468 4459 3580 4513 haec
3603 4450 3784 4508 verba:

453 4545 581 4617 ejus
611 4546 799 4604 anima
829 4561 1007 4618 super
1031 4547 1388 4618 benignitate
1408 4555 1524 4620 tua,
1558 4564 1686 4620 qua;
1717 4548 1990 4617 nosejusx

2269 4547 2330 4602 ι.
2344 4545 2692 4604 Centum-ire
2701 4545 3180 4619 archiepiscozms
3193 4547 3451 4621 Roduéfo
3463 4543 3647 4603 abbati
3663 4535 3791 4598 salta

454 4633 612 4704 ritis,
647 4637 747 4690 tua
761 4639 1118 4706 cooperante
1141 4635 1330 4704 gratia
1343 4637 1681 4692 confortare
1709 4639 1768 4690 et
1792 4650 1994 4705 regere
2007 4636 2090 4692 di-
2202 4634 3302 4707 temJndz'catumestmiltiguiademo
3315 4633 3647 4694 monasterio
3663 4637 3790 4686 rece-

451 4726 683 4793 gnetur,
711 4725 774 4780 ut
808 4722 864 4779 in
894 4722 994 4780 illo
1015 4725 1074 4780 et
1099 4723 1154 4779 in
1184 4723 1351 4780 nobis
1376 4722 1775 4780 misericordia
1823 4728 1923 4780 tua
1949 4741 2094 4796 prae-
2201 4723 2332 4780 dere
2348 4713 3790 4796 ei::depromissastabilitatesollicitus“Munda

452 4813 685 4870 dicetur
707 4816 766 4868 et
799 4811 1235 4868 honoriﬁcetur.
1267 4812 1412 4869 Nolo
1435 4811 1588 4868 enim
1631 4811 1930 4869 beneﬁciis
1975 4815 2094 4872 tuis
2202 4811 3518 4888 Deumplacaredebes,indeofendas.Deque
3537 4809 3790 4868 rationem

453 4901 717 4972 ingratus
747 4915 896 4970 esse,
931 4899 1062 4956 nolo
1085 4899 1272 4972 patris
1295 4899 1466 4971 hujus
1508 4899 1812 4970 beneficia,
1833 4916 1960 4972 quae
1991 4903 2094 4960 abs
2206 4900 3274 4972 talemostendo,etinostmdendome
3309 4897 3691 4972 z‘mzemplum
3719 4888 3790 4948 εἰσ

454 4994 514 5046 te
546 4994 704 5059 sunt,
729 4993 846 5046 tam
877 4989 1048 5060 longe
1083 4989 1393 5060 projicere,
1433 4995 1493 5045 ut
1523 4993 1692 5046 extra
1713 4995 2093 5062 conspectum
2204 4991 2295 5048 do.
2319 4991 2512 5062 Siego
2531 4992 3155 5064 mezmopropriame
3175 4993 3246 5050 de
3266 4977 3788 5064 αῖίᾳαοπηοηανςισνία

457 5078 593 5135 sint.
628 5078 773 5136 Volo
805 5082 867 5136 ut
893 5079 1167 5139 frequens
1198 5076 1295 5134 illa
1309 5078 1590 5148 cogitatio
1608 5084 1881 5136 exerceat
1909 5085 1970 5136 et
2011 5097 2099 5138 re-
2203 5063 3298 5153 nonrecessmwnjurasammiderem
3336 5063 3526 5138 autem
3560 5069 3700 5148 quod
3721 5063 3791 5123 ἰδέ

459 5171 656 5237 novet,
690 5171 1078 5238 utnumquam
1099 5167 1392 5224 memoriae
1415 5168 1564 5225 subd
1575 5172 1840 5239 ucantur,
1867 5184 1995 5240 quae
2014 5171 2098 5227 ni-
2206 5169 3660 5242 am‘mammeamsalearenonpossem,ewirem,nec
3679 5165 3790 5230 ρκ’

460 5253 578 5312 chil
608 5254 826 5327 perdit,
862 5255 974 5312 nisi
1005 5255 1078 5312 ad
1107 5255 1265 5326 quod
1285 5271 1396 5312 non
1445 5271 1581 5329 sepe
1621 5257 1970 5329 respexerit.
2037 5260 2096 5314 ln
2196 5258 2958 5331 juricrimenincrm-erem.
2980 5259 3386 5325 QuienimDeo
3401 5248 3792 5331 Ρνορΐθνῦθιιηι

459 5341 643 5413 prima
676 5345 843 5413 parte
865 5343 1038 5398 animi
1070 5347 1378 5414 ponantur,
1405 5348 1466 5402 ut
1489 5327 1736 5418 semper
1760 5351 2094 5404 occurrant.
2197 5327 3686 5420 alligatur-mausoleiturabipsomisiconlrafpwm
3701 5327 3793 5424 θοις

461 5429 658 5500 Delegi
673 5443 814 5498 ergo
838 5429 1202 5501 propensiori
1219 5430 1429 5490 affectu
1451 5437 1508 5489 et
1534 5433 1874 5491 ferventiori
1900 5435 2098 5492 studio
2195 5437 2406 5494 malum
2427 5437 2616 5493 Porro
2630 5435 3268 5510 abipsocontraipsum
3304 5428 3677 5495 constituitur,
3707 5427 3793 5490 ραι

530 5622 678 5696 (192)
710 5621 892 5679 Lanea
921 5621 1178 5680 camisia.
2048 5560 2268 5616 NOTAE.
