3894 6318
136 326 254 390 345

1383 329 1883 396 CHRONICON.
1931 366 2008 377 —-
2051 329 2206 393 LIB.
2254 331 2328 393 ΙΙ.

3448 322 3566 391 346

130 463 379 539 propter
410 476 681 524 amorem
710 465 859 538 ejus,
886 463 945 524 et
968 463 1037 525 ut
1063 464 1118 525 ei
1151 463 1290 525 bene
1296 464 1561 540 placeat,
1592 465 1804 539 aﬂliis
1836 470 1888 533 Α
1918 469 2033 528 cliil
2060 467 2178 527 tale
2195 468 2463 539 verebar,
2489 461 3161 540 pedemprotendissem,
3180 458 3392 535 utquid
3409 465 3567 521 esset

142 554 486 624 discordia,
508 554 825 626 superbire,
852 556 1214 628 diﬁdentiee,
1241 558 1313 626 et,
1340 558 1410 613 ut
1428 557 1696 628 apertius
1720 556 1807 613 (ti-

143 644 520 715 cam,aﬂliis
543 644 773 701 diaboli
794 646 1021 716 migrat
1041 646 1121 703 art
1144 646 1300 708 alios
1316 647 1513 717 pacis,
1530 646 1675 716 spei,
1694 645 1802 701 lm—

143 732 660 801 militatis,imm0
686 734 858 803 ﬁlios
894 734 1023 790 Dei.
1064 734 1179 799 Qui
1228 736 1384 790 enim
1430 736 1519 791 sic
1559 732 1802 801 transit,

142 822 579 895 wniiefugita
600 822 739 879 sede
762 822 999 879 diaboli
1021 823 1104 879 ad
1119 823 1313 880 sedem
1335 823 1492 880 Dei?
1524 823 1670 889 Qais
1700 837 1804 878 aa-

148 913 265 969 tem
284 910 527 981 judicet
546 910 725 966 illam
744 911 1207 983 danzpnandam,
1233 912 1339 984 qui
1368 913 1435 968 at
1452 913 1533 967 ad
1555 911 1804 982 patrem,

145 1001 219 1056 ut
242 1000 326 1056 ad
355 1000 543 1057 Deum
571 1002 630 1056 et
654 999 1127 1072 amicum,fagit
1153 1002 1233 1057 ad
1262 1004 1455 1072 ipsum
1475 1008 1500 1058 7
1523 1000 1807 1056 Preterea

146 1091 261 1162 qui
291 1088 383 1147 sic
406 1089 651 1157 transit,
678 1103 793 1145 non
813 1088 887 1146 ab
906 1091 1172 1146 (ecclesia
1195 1090 1277 1145 ad
1296 1089 1620 1146 (ecclesiam
1646 1089 1806 1145 tran-

143 1178 252 1235 sit.
277 1179 413 1237 Non
433 1178 577 1235 sunt
580 1178 792 1249 plures
813 1179 1107 1245 (ecclesiae,
1122 1178 1227 1235 sed
1254 1193 1375 1234 una
1404 1178 1493 1234 cst
1520 1178 1636 1233 toto
1668 1176 1805 1233 orbe

144 1264 406 1339 defusa,
422 1266 480 1322 et
493 1265 595 1321 imi
617 1267 739 1322 Deo
760 1265 900 1336 abiq
912 1280 979 1322 ae
998 1267 1278 1333 seri-«itur,
1301 1267 1403 1322 ltiti
1426 1266 1556 1336 regi
1578 1265 1806 1321 milita-

145 1356 250 1410 tur
264 1355 386 1421 (fol.
407 1361 428 1410 »ι
442 1353 566 1423 34’).
588 1354 895 1411 Postrema
908 1355 1152 1412 sanctas
1172 1355 1550 1423 Benedictus,
1570 1370 1601 1424 φ
1614 1355 1675 1413 ui
1688 1354 1805 1410 sta-

143 1442 451 1500 bilitatem
463 1442 1030 1514 pracipitﬁrmare,
1054 1442 1403 1499 ﬁlOIith/tltlil
1429 1442 1504 1498 ab
1548 1444 1652 1498 illo
1690 1456 1805 1497 mo-

142 1532 418 1588 nasterio
442 1531 709 1588 adaliad
720 1531 1472 1602 ceriieiilem.sascipijubet,
1489 1531 1560 1600 et,
1578 1532 1631 1588 si
1647 1530 1805 1588 bona

142 1621 285 1677 citae
290 1621 520 1693 fuerit,
544 1621 615 1676 at
643 1620 1037 1678 stabilitate/ii
1070 1621 1548 1685 firmetsaaderi.

223 1708 393 1765 Hiset
412 1708 543 1764 aliis
557 1707 1001 1779 quampluribus
1015 1708 1419 1780 probabilibus
1432 1708 1800 1777 argumentis

1919 575 2315 629 agnoscerem,
2341 558 2494 615 collo
2522 562 2796 629 protenso
2828 554 3012 611 hianti
3046 568 3145 610 ore
3180 566 3434 610 morsum
3468 550 3570 608 mi-

1918 654 2089 708 natus
2122 656 2233 706 est.
2271 652 2408 704 Cum
2442 647 2811 716 clamassem,
2839 649 2895 699 ct
2928 644 3169 713 gradum
3206 645 3369 697 retro
3402 640 3568 697 tulis-

1917 757 2035 798 sem
2055 742 2248 811 ;jussu
2274 740 2402 809 ejus
2428 738 2585 809 prior
2610 735 2951 803 adveniens,
2971 731 3116 804 pede
3133 730 3325 802 capite
3340 728 3568 785 colubri

1916 836 2325 901 conquassato,
2380 835 2667 883 mortuum
2722 823 2989 896 projecit,
3026 820 3311 875 clamante
3364 816 3568 873 eodem

1917 922 2041 977 viro
2070 922 2259 987 beato,
2278 922 2331 972 et
2359 918 2617 972 dicente:
2650 913 2876 977 Occide,
2897 912 2986 968 sic
3010 908 3307 967 moriatur
3328 919 3568 977 serpens

1915 1011 2023 1082 qui
2052 1008 2384 1066 insidiatur
2414 1004 2605 1064 saluti
2622 1004 2859 1077 fratris
2882 1000 3159 1071 Ilugoriis
3178 1006 3197 1052 ,θ
3223 1010 3309 1051 me
3334 1009 3567 1065 quoque

1917 1100 1972 1155 in
1996 1100 2172 1154 corde
2196 1096 2573 1159 assentiente,
2591 1099 2648 1149 et
2672 1092 2903 1147 dicente
2924 1110 2935 1144 :
2960 1087 3216 1159 Sicﬂat,
3235 1098 3423 1142 amen.
3444 1084 3568 1138 Sta-

1919 1189 2040 1256 tim,
2074 1190 2207 1242 Jesu
2243 1188 2410 1253 bone,
2446 1188 2505 1240 ut
2542 1184 2647 1237 hoc
2688 1181 2740 1235 in
2776 1180 2952 1236 corde
2996 1192 3121 1231 meo
3175 1174 3561 1230 deliberatum

1915 1282 2002 1332 est
2028 1282 2085 1330 et
2111 1290 2427 1337 assensum,
2449 1271 2696 1328 dulcedo
2722 1274 2816 1324 tua
2846 1268 2898 1321 in
2928 1281 3013 1321 me
3042 1265 3131 1336 pie
3160 1259 3479 1328 convaluit,
3504 1262 3560 1313 et

1917 1365 2073 1421 sensi
2106 1379 2357 1420 amorem
2394 1367 2554 1418 tuum
2587 1359 2748 1430 quasi
2797 1356 3125 1412 extinxisse
3162 1352 3217 1407 in
3250 1366 3337 1406 me
3373 1348 3559 1405 omnia

1916 1468 2129 1510 venena
2166 1452 2476 1523 serpentis,
2512 1466 2639 1520 quae
2674 1462 2761 1502 me
2812 1449 2881 1501 ab
2921 1441 3194 1515 inplenda
3227 1436 3562 1495 obedientia

1917 1542 2298 1613 professionis
2319 1538 2603 1611 inplenda;
2631 1535 3044 1607 impediebant.
3070 1529 3217 1597 Quid
3244 1542 3398 1583 mora
3421 1526 3443 1578 ?
3468 1524 3562 1580 die

1915 1632 2115 1686 eodem
2151 1630 2411 1685 sentiens
2444 1628 2530 1683 vir
2565 1627 2840 1698 praefatus
2871 1638 2974 1678 cor
3004 1626 3267 1676 nostrum
3316 1616 3563 1671 inmuta-

1916 1725 2058 1789 tum,
2081 1724 2137 1774 te
2163 1724 2222 1774 ut
2247 1717 2422 1773 credo
2446 1716 2769 1786 inspirante
2791 1712 2978 1768 solum
3006 1724 3093 1763 me
3113 1719 3425 1776 aggressus
3447 1706 3557 1770 est,

142 1802 204 1852 et
244 1796 574 1853 rationibus
599 1797 827 1867 muniti,
856 1801 1150 1868 praecepto
1179 1798 1361 1869 patris
1386 1797 1472 1852 sui
1504 1798 1801 1866 obtempe-

2005 1823 2133 1863 cum
2168 1806 2346 1862 multa
2381 1806 2451 1860 de
2486 1802 2859 1874 simplicitate
2896 1802 2951 1854 et
2996 1793 3281 1892 modestia
3326 1789 3562 1892 abbatis

143 1889 373 1953 rantes,
401 1885 635 1955 quidam
670 1885 1051 1942 stabilitatem
1084 1885 1351 1942 ecclesize
1384 1884 1716 1941 Divionensi
1744 1884 1797 1939 in

148 1974 475 2045 praesentia
511 1974 695 2045 patris
727 1975 1060 2030 monasterii
1115 1975 1359 2045 professi
1412 1979 1545 2028 sunt
1579 1978 1634 2029 et
1668 1974 1801 2028 obe-

147 2061 481 2127 dientiam;
516 2062 749 2132 quidam
784 2068 976 2118 autem
1008 2064 1447 2132 duliitaverunt,
1482 2067 1537 2117 et
1572 2061 1802 2131 adquie-

147 2164 323 2207 scere
359 2156 424 2207 nt
454 2151 871 2222 proﬁterentur
922 2152 1251 2207 noluerunt.
1291 2153 1405 2221 Ego
1456 2167 1632 2220 eram,
1666 2152 1801 2205 Jesu

148 2240 326 2309 bone,
352 2238 425 2295 de
449 2240 857 2296 dubitantibus
881 2256 1046 2308 unus,
1069 2256 1197 2296 cum
1224 2244 1320 2294 tua
1349 2241 1533 2310 pictas
1558 2256 1659 2311 per
1683 2254 1804 2294 scr-

146 2342 286 2383 vum
316 2332 480 2383 tuum
506 2328 775 2384 abbatem
810 2334 1069 2384 nostrum
1105 2328 1373 2397 mibijam
1401 2327 1799 2398 przecepisset,

147 2420 213 2471 ut
234 2415 395 2471 ﬁdeli
423 2419 543 2485 tuo,
562 2416 655 2472 cui
678 2416 1111 2487 complacuerat
1136 2417 1245 2471 sibi
1272 2417 1324 2471 in
1353 2431 1439 2471 me
1455 2416 1638 2470 anima
1655 2415 1800 2483 ejus,

145 2503 450 2560 cotidiana
480 2505 820 2560 adherercm
862 2505 1137 2560 instantia
1175 2525 1186 2559 :
1224 2519 1569 2575 quamquam
1604 2508 1659 2558 et
1699 2504 1803 2559 hoc

148 2592 277 2664 ipse
303 2592 592 2662 timerem,
612 2607 746 2663 quia
773 2593 877 2649 viri
904 2594 1266 2661 modestiam,
1294 2594 1570 2664 pietatem
1595 2596 1651 2646 et
1680 2591 1805 2647 dul-

147 2680 420 2737 cedinem
453 2695 566 2735 non
600 2695 872 2736 noveram
905 2700 917 2738 :
953 2682 1121 2751 cujus
1154 2681 1291 2736 licet
1328 2695 1561 2736 nossem
1595 2680 1806 2735 sancti-

148 2773 358 2837 tatem,
388 2770 727 2825 reverebar.
752 2771 822 2825 Et
846 2775 1033 2825 tamen
1060 2770 1407 2825 adherebam
1432 2770 1481 2824 ei
1511 2770 1580 2824 de
1614 2768 1801 2837 longe,

150 2862 212 2912 et
238 2857 665 2927 benignitatem
685 2857 811 2927 ejus
834 2858 1157 2930 multopere
1176 2858 1465 2927 sitiebam,
1484 2857 1616 2927 quia
1643 2856 1807 2912 bonis

151 2960 368 3002 coesse
405 2950 464 3000 et
496 2946 835 3001 cohabitare
861 2945 1289 3012 desiderabam,
1318 2946 1469 3017 quod
1495 2948 1679 3001 totum
1704 2946 1807 3000 abs

151 3038 214 3089 te
261 3038 414 3102 erat,
449 3033 679 3089 domine
729 3035 889 3089 Jesu.
926 3035 1260 3090 Venabatur
1313 3034 1410 3089 ille
1456 3033 1809 3089 discretione

155 3121 487 3193 praecipua,
516 3122 835 3200 ut.pcritns
865 3137 1096 3192 auceps,
1123 3122 1366 3177 animam
1394 3137 1594 3191 meam,
1618 3135 1811 3177 mune-

1915 1897 2099 1953 nostri
2136 1898 2493 1967 perorasset,
2528 1892 2773 1963 quedam
2804 1889 2978 1945 etiam
3039 1885 3110 1940 de
3166 1878 3556 1967 inreverentia

1915 1990 2113 2041 nostra
2139 1966 2193 2040 et
2221 1983 2551 2055 pertinatia,
2575 1995 2683 2051 qua
2710 1978 2948 2034 obedire
2975 1973 3120 2046 patri
3146 1966 3440 2042 spirituali
3470 1983 3557 2021 re-

1917 2074 2295 2143 fugiebamus,
2317 2066 2976 2143 replicuisset,(leducta
3003 2064 3056 2117 in
3084 2059 3335 2116 medium
3361 2059 3559 2112 aucto-

1915 2142 2090 2218 ritate
2152 2142 2395 2231 regulae,
2427 2174 2554 2231 quae
2612 2155 2873 2229 praicipit
2935 2148 3325 2208 obediendum
3381 2142 3557 2216 patri,

1914 2252 2142 2308 etiamsi
2169 2251 2311 2322 ipse,
2333 2249 2485 2321 quod
2510 2246 2691 2303 absit!
2720 2245 2890 2300 aliter
2912 2244 3064 2309 agat.
3087 2253 3191 2293 nec
3214 2248 3345 2290 esse
3369 2233 3565 2289 discu-

1911 2341 2172 2397 tiendum
2194 2321 2274 2394 ide
2307 2336 2639 2394 obedientia
2666 2355 2677 2389 :
2707 2333 2841 2389 vicit
2872 2346 2980 2399 me,
3000 2331 3208 2396 fateor,
3239 2321 3564 2381 auctoritas

1913 2430 2119 2497 viri,et
2143 2430 2231 2485 vis
2250 2428 2560 2484 verborum
2588 2423 2812 2480 ratione
2835 2426 2894 2476 et
2918 2417 3273 2475 auctoritate
3286 2411 3554 2478 subnixa,

1915 2518 2057 2574 illud
2091 2518 2286 2585 etiam,
2323 2515 2455 2586 quia
2489 2520 2546 2569 te
2592 2515 2912 2583 praestante
2953 2503 3186 2561 veritati
3233 2512 3559 2571 repugnare

1916 2606 2201 2661 nolebam.
2238 2607 2297 2660 In
2331 2603 2598 2659 onmibns
2629 2600 2756 2668 tibi,
2794 2600 2940 2653 bone
2969 2597 3126 2659 Jesu,
3159 2590 3381 2661 gratias
3428 2602 3556 2655 ago,

1917 2694 2048 2765 quia
2083 2693 2391 2764 protexisti
2418 2706 2505 2745 me
2531 2708 2544 2753 ;
2572 2689 2702 2759 quia
2729 2688 2834 2743 sub
2854 2685 3055 2740 umbra
3081 2680 3303 2737 alarum
3330 2684 3560 2765 tuarum

1919 2762 2116 2837 fovisti
2170 2796 2277 2851 me,
2331 2787 2386 2834 et
2436 2777 2622 2847 gratia
2675 2787 2972 2830 servorum
3022 2775 3254 2825 tuorum
3304 2762 3560 2819 ﬁdelium

1919 2871 2152 2925 donasti
2188 2886 2294 2925 me.
2333 2870 2533 2937 Itaque
2563 2880 2632 2921 eo
2662 2863 3008 2928 deducente,
3034 2855 3230 2912 abbati
3265 2857 3465 2909 nostro
3490 2851 3562 2905 de

1918 2959 2236 3030 pertinacia
2265 2955 2547 3021 satisfeci,
2573 2960 2629 3009 et
2657 2954 2709 3007 in
2745 2949 3003 3007 crastino
3025 2941 3341 3030 praeceptis
3362 2953 3559 2995 eorum

1919 3028 2170 3103 obedivi.
2202 3048 2310 3101 Per
2332 3044 2522 3101 omnia
2555 3040 2921 3098 benedictum
2954 3048 3159 3089 nomen
3188 3028 3389 3101 glorias
3424 3031 3559 3094 tum,

1922 3136 2018 3205 qui
2040 3135 2300 3207 disponis
2325 3132 2513 3189 omnia
2540 3132 2593 3187 in
2620 3125 3065 3198 tranquillitate.
3084 3122 3317 3187 Precor,
3335 3113 3563 3207 domine

158 3209 333 3265 ribus
366 3189 717 3280 quibusdam
750 3216 807 3265 et
842 3189 1144 3266 aﬂ‘ectione
1176 3209 1535 3279 multimoda,
1569 3189 1696 3280 qua:
1731 3214 1813 3264 ta-

1998 3239 2077 3293 su,
2115 3189 2225 3279 non
2261 3238 2349 3278 me
2383 3234 2657 3277 secernas
2689 3233 2718 3273 a
2756 3228 2994 3272 numero
3025 3216 3085 3266 et
3116 3203 3566 3293 consortioserf

155 3311 290 3354 men
327 3298 630 3368 religionis
661 3298 1020 3369 prepositum
1070 3314 1181 3354 non
1221 3298 1598 3367 excederent,
1632 3301 1813 3354 attra-

151 3383 352 3442 hendo
373 3390 433 3441 et
459 3387 623 3457 quasi
650 3386 1036 3458 inlaqueando
1063 3386 1429 3442 devotionem
1458 3401 1660 3457 meam,
1685 3400 1811 3456 quae

156 3472 463 3545 aliquanta
497 3478 624 3531 erat
655 3490 792 3544 erga
826 3475 985 3532 illum
1015 3475 1153 3537 :sed
1178 3491 1381 3531 rursus
1416 3475 1684 3530 timebam
1718 3474 1815 3529 lio-

158 3562 378 3618 minem
438 3578 608 3633 quem
671 3577 779 3618 non
840 3578 1132 3634 noveram,
1195 3578 1540 3634 quamquam
1590 3562 1706 3631 jam
1762 3562 1814 3617 ei

161 3655 380 3721 pectus
431 3654 693 3708 nostrum
738 3652 1115 3723 aperuissent,
1153 3657 1209 3708 et
1259 3652 1449 3708 omnia
1493 3652 1696 3707 animm
1731 3666 1817 3706 se-

160 3745 329 3795 creta
368 3740 741 3797 retexissem.
769 3740 914 3808 Quid
939 3746 1088 3811 erat,
1114 3740 1341 3796 domine
1370 3743 1528 3809 Jesu,
1554 3740 1608 3795 in
1643 3740 1817 3795 corde

164 3827 332 3884 illius
363 3828 557 3885 fidelis
588 3830 716 3886 tui?
751 3829 896 3896 Quid
928 3835 1074 3900 erat,
1102 3845 1231 3885 eum
1267 3846 1353 3883 me
1388 3829 1463 3884 ita
1495 3829 1817 3884 dimitteret

163 3915 459 3972 voluntati
476 3916 823 3989 preprize,ut
838 3919 1010 3974 etiam
1028 3918 1259 3990 publice
1277 3918 1637 3989 prohiberet,
1656 3916 1819 3987 quid-

166 4005 304 4074 quid
332 4006 606 4076 facerem,
624 4005 906 4077 quidquid
927 4006 1202 4076 dicerem,
1220 4022 1289 4061 ne
1307 4006 1437 4077 quis
1454 4005 1545 4075 obj
1559 4023 1586 4060 ιι
1598 4012 1812 4076 rgaret,

167 4106 237 4147 ne
270 4092 404 4164 quis
435 4093 630 4149 saltim
664 4094 718 4149 in
750 4094 1027 4166 eapitolio
1059 4094 1405 4151 reclamaret
1430 4095 1452 4148 ?
1476 4093 1622 4160 Quid
1666 4098 1813 4163 erat,

165 4196 296 4237 eum
325 4182 544 4238 cotidie
578 4182 742 4252 quasi
775 4182 1021 4254 pedibus
1066 4184 1190 4253 ejus
1242 4184 1646 4254 procumbens,
1682 4198 1814 4237 cum

162 4267 278 4338 jam
312 4270 475 4340 quasi
511 4274 758 4327 venatus
785 4286 995 4341 essem,
1032 4286 1257 4327 orarem
1292 4275 1351 4327 ut
1388 4286 1474 4327 me
1507 4270 1817 4340 reprehen-

168 4355 335 4413 deret
360 4363 417 4414 et
441 4359 745 4429 edoceret,
762 4365 821 4415 et
848 4359 968 4431 ipse
992 4376 1080 4415 me
1105 4360 1271 4430 quasi
1296 4359 1629 4431 repelleret,
1647 4363 1701 4413 et
1718 4372 1816 4429 op-

169 4445 388 4502 tionem
422 4447 590 4504 daret
626 4451 691 4504 ut
721 4447 1002 4519 quidquid
1034 4448 1238 4504 vellem
1274 4450 1566 4504 facerem?
1597 4449 1661 4502 Et
1698 4446 1812 4517 jam

1922 3288 2123 3367 verum
2160 3315 2412 3379 tuorum,
2448 3308 2543 3378 qui
2594 3302 3033 3374 dereliquerunt
3091 3295 3332 3369 gloriam
3367 3288 3562 3379 mundi

1924 3415 2053 3456 cum
2088 3400 2211 3457 suis
2243 3378 2780 3460 oblectationibus;
2814 3391 2944 3463 quia
2974 3394 3033 3444 et
3063 3403 3192 3457 ego,
3224 3397 3357 3439 cum
3388 3385 3450 3435 tu
3484 3378 3567 3432 in-

1924 3490 2215 3562 Spirasses
2244 3488 2406 3544 cordi
2434 3502 2579 3554 meo,
2606 3483 2868 3540 sceulum
2900 3483 2956 3535 et
2992 3492 3118 3548 quae
3150 3475 3276 3545 ejus
3310 3473 3444 3528 sunt
3469 3483 3566 3565 vo-

1925 3578 2152 3634 luntate
2202 3575 2637 3649 promptissima
2671 3567 2978 3644 postposui
3012 3571 3067 3621 et
3102 3568 3416 3636 postpono,
3451 3571 3568 3612 ani-

1925 3682 2071 3724 mam
2096 3672 2151 3722 et
2178 3682 2394 3738 corpus
2417 3679 2603 3720 meum
2637 3662 2740 3717 tibi
2772 3658 3005 3715 domino
3037 3657 3172 3722 Deo,
3200 3654 3353 3705 teste
3374 3654 3429 3703 et
3454 3660 3568 3701 me-

1927 3757 2173 3813 diatrice
2205 3757 2372 3811 beata
2406 3753 2598 3819 Maria,
2626 3748 2831 3806 devovi
2851 3751 2911 3801 et
2930 3758 3132 3811 voveo,
3159 3745 3214 3796 et
3239 3740 3295 3794 in
3319 3741 3421 3793 tuo
3446 3751 3567 3791 scr-

1926 3846 2070 3903 vitio
2100 3844 2278 3901 emori
2325 3845 2607 3914 prteopto,
2644 3838 2775 3908 quia
2803 3834 2912 3889 tibi
2944 3830 3166 3888 servire
3200 3828 3568 3914 regnareest

1928 3934 2048 4003 (fol.
2084 3936 2220 4003 13:5).
2250 3911 2527 3987 Mortillca
2561 3930 2615 3983 in
2651 3941 2758 3993 me,
2794 3921 3050 3987 Domine,
3087 3914 3369 3988 quidquid
3421 3911 3563 3967 illud

1925 4030 2015 4080 est
2037 4022 2191 4094 quod
2216 4036 2402 4091 neque
2421 4018 2566 4073 cibis
2586 4029 2772 4085 neque
2795 4008 3104 4068 sacrificiis
3130 4009 3327 4094 aptum
3360 4007 3473 4094 est,
3507 4005 3566 4055 et

1926 4114 1995 4170 da
2016 4089 2173 4168 Patri
2205 4089 2406 4166 nostro
2435 4122 2605 4163 servo
2641 4109 2738 4161 tuo
2769 4099 2964 4158 abbati
2998 4092 3328 4153 Divionensi
3370 4089 3567 4147 videre

1926 4216 2053 4273 quaa
2076 4203 2239 4272 Optat
2263 4198 2334 4255 de
2352 4196 2549 4262 nobis;
2575 4197 2636 4251 ut
2670 4189 2926 4248 lauderis
2959 4187 3014 4243 in
3049 4186 3172 4257 ipso
3200 4186 3258 4239 et
3294 4181 3348 4236 in
3373 4178 3565 4273 nobis,

1926 4270 2023 4363 qui
2055 4270 2127 4348 es
2150 4295 2377 4362 potens,
2403 4285 2714 4355 gloriosus,
2742 4276 3102 4337 admirabilis
3131 4279 3188 4331 et
3221 4270 3567 4329 benedictus

1926 4382 1981 4436 in
2010 4379 2285 4452 operibus
2313 4377 2448 4433 tuis.

1998 4447 2185 4541 (Anno
2216 4468 2287 4523 ab
2321 4466 2432 4521 inc.
2468 4466 2625 4519 Dom.
2664 4462 2846 4531 1088.)
2878 4457 3063 4528 Igitur
3094 4454 3185 4510 bis
3217 4451 3314 4522 qui
3348 4447 3568 4504 residui

177 4534 598 4604 professionem
634 4536 901 4607 feceram,
938 4537 1009 4592 ad
1037 4552 1206 4607 quam
1242 4536 1561 4592 faciendam
1593 4534 1695 4591 tali
1728 4549 1816 4591 ra-
1841 4543 1898 4607 D
1927 4534 2091 4615 eam
2127 4558 2195 4614 ad
2221 4554 2603 4613 obcdiendum
2630 4549 2948 4618 inclinatis,
2973 4560 3101 4602 cum
3129 4543 3182 4597 ίη
3207 4552 3347 4611 pace
3370 4542 3429 4593 οι
3453 4550 3569 4590 mo-

175 4622 327 4679 tione
359 4623 576 4682 ductus
609 4640 754 4680 sum.
794 4628 939 4681 Casu
964 4626 1034 4681 de
1057 4624 1320 4681 claustro
1340 4626 1659 4694 veniebam,
1686 4639 1815 4680 cum

176 4710 299 4782 ipse
329 4713 565 4769 sederet
602 4713 656 4767 in
690 4713 1042 4770 consistorio
1090 4729 1213 4783 suo,
1250 4718 1308 4769 ct
1355 4713 1558 4770 videns
1603 4727 1709 4782 me,
1746 4712 1816 4767 de

176 4801 543 4870 professione
576 4816 811 4858 monere
843 4802 1017 4873 cepit.
1052 4804 1170 4872 Ego
1211 4802 1410 4857 audito
1462 4800 1613 4871 quod
1664 4800 1819 4855 nole-

177 4888 328 4960 bam,
362 4890 594 4959 erubui,
622 4891 943 4959 etgradum
973 4890 1255 4961 repressi;
1282 4906 1411 4945 cum
1444 4906 1579 4945 ecce
1613 4888 1822 4944 colum-

177 4991 302 5047 pnze
334 4976 541 5048 ligneae
580 4978 957 5049 appropians,
977 4978 1279 5035 colubrmn
1303 4977 1511 5033 offendi
1537 4977 1689 5048 spira
1717 4991 1821 5032 sua

176 5064 513 5123 inrotatum.
554 5066 678 5136 Cui,
714 5082 845 5123 cum
881 5067 1146 5124 nesciens
1178 5066 1314 5137 quid
1363 5068 1541 5135 esset,
1578 5065 1709 5135 quia
1743 5064 1825 5119 ni-

247 5274 267 5295 ‘
290 5273 435 5330 Ηωσ
457 5272 531 5344 de
550 5270 718 5329 obitu
742 5270 1018 5344 Gregorii
1052 5274 1174 5330 VII
1208 5272 1488 5344 legantur
1527 5271 1593 5327 in
1631 5270 1829 5344 codice

179 5341 368 5401 Musei
406 5342 767 5400 Britannici
807 5341 966 5401 inter
1007 5341 1388 5401 Cottonianos
1427 5345 1582 5399 Nero
1625 5344 1687 5398 (κ’.
1768 5343 1821 5395 ν.

179 5413 562 5486 membr-Jac.
581 5413 678 5486 X1
693 5414 1129 5486 exeuntis/bu
1164 5433 1223 5468 :«
1249 5413 1525 5486 Volumus
1550 5428 1654 5469 vos
1676 5412 1827 5486 scire

181 5487 271 5557 qui
291 5484 742 5557 zecclesiasticai
767 5498 905 5541 cure
927 5482 1161 5557 solliciti
1185 5484 1524 5557 estis,qno_d
1550 5482 1829 5557 apostoli-

178 5553 278 5615 cus
300 5554 736 5614 Hiltebrandus
758 5556 977 5611 nuncin
992 5556 1271 5613 extremis
1284 5553 1490 5612 suisad
1514 5569 1577 5610 se
1591 5553 1830 5610 vocavit

182 5645 349 5687 unum
372 5628 448 5685 de
473 5625 789 5683 duodecim
810 5626 1205 5684 cardinalibus
1233 5642 1401 5699 quem
1435 5624 1678 5682 multum
1702 5622 1830 5678 dili-

1929 4649 2114 4704 destia
2146 4644 2325 4717 quieti
2362 4642 2609 4713 spiritus
2641 4641 2756 4694 Deo
2789 4638 2860 4692 ab
2901 4632 3170 4689 omnibus
3220 4625 3564 4722 serviretur,

1927 4751 2064 4792 ecce
2096 4737 2337 4805 repente
2370 4730 2439 4786 de
2472 4728 2633 4783 obitu
2662 4741 2821 4797 papa:
2843 4718 3101 4790 Gregorii
3124 4717 3216 4769 Vll
3244 4717 3455 4769 nuneio
3474 4725 3571 4805 ve-

1928 4825 2123 4880 niente
2148 4798 2204 4887 ‘u;
2232 4822 2472 4876 fratrum
2499 4815 2789 4888 praecipue
2819 4810 2995 4866 corda
3025 4805 3259 4862 turbata
3286 4804 3441 4867 sunt,
3468 4798 3572 4854 do-

1928 4913 2168 4969 lentium
2204 4907 2621 4965 desolationem
2655 4904 2869 4958 sancite
2909 4897 3009 4953 Dei
3056 4892 3341 4957 ecclesiae,
3378 4904 3572 4960 quam-

1934 5016 2101 5072 quam
2134 4994 2609 5067 congaudendum
2644 4990 2724 5044 illi
2758 4987 2997 5054 scirent,
3035 4998 3202 5072 quem
3238 4979 3439 5037 multis
3468 4978 3573 5072 tri-

1936 5067 2333 5146 bulationibus
2379 5084 2681 5156 probatum
2732 5091 2839 5133 suo
2884 5076 2999 5145 jam
3048 5070 3320 5127 Dominus
3349 5067 3575 5139 gremio

1935 5268 2107 5337 gebat
2142 5278 2242 5335 pre
2263 5261 2517 5337 caeteris,
2538 5264 2593 5316 et
2618 5258 3031 5337 confessus-est
3054 5248 3580 5337 omnipotentibeo

1937 5323 1995 5393 Et
2030 5323 2235 5391 sancto
2264 5336 2440 5388 Petro
2471 5323 2536 5387 ac
2569 5331 2674 5387 toti
2709 5326 2991 5400 :ecclesize
3024 5323 3506 5400 valderpcceasse
3526 5323 3581 5374 in

1940 5405 2217 5480 pastorali
2251 5418 2388 5480 cura
2423 5416 2549 5480 quae
2580 5402 2632 5456 ei
2667 5400 2737 5480 ad
2765 5397 3077 5480 regendum
3100 5399 3227 5480 erat
3249 5397 3579 5480 commissa,

1940 5461 2225 5535 suadente
2276 5461 2509 5530 diabolo
2558 5476 2761 5527 contra
2806 5461 3115 5526 Humanum
3162 5478 3345 5543 genus
3385 5461 3583 5519 odium

1940 5557 1999 5605 et
2060 5549 2203 5603 iram
2263 5545 2561 5613 incitasse,
2607 5544 2814 5613 Postea
2871 5554 3010 5596 vero
3061 5540 3409 5613 sententiam
3433 5544 3584 5613 quae

1944 5601 2000 5676 in
2030 5601 2230 5675 orbem
2262 5601 2559 5674 terrarum'
2578 5612 2759 5670 effusa
2790 5615 2902 5681 est,
2938 5625 3043 5684 pro
3074 5608 3383 5679 augmento
3425 5601 3585 5659 Chri-
