3894 6310
337 251 450 313 347
1291 252 1661 317 11ῐῖίίοΝῐὲ
1709 253 2058 318 ABBATIS

335 385 714 456 confoveret;
749 402 854 463 pro
885 386 1088 448 animm
1118 392 1314 448 tamen
1361 389 1489 464 ejus
1520 387 1890 450 absolutione
1920 396 1981 450 et
2010 391 2064 452 Α

339 478 541 550 requie
565 479 1142 535 consuetudinarimn
1171 495 1411 551 pensum
1439 481 1865 552 promptissima
1889 497 1982 538 vo-

339 566 568 625 luntate
603 567 1013 640 persolverunt
1044 569 1098 624 in
1124 569 1327 626 officiis
1347 574 1402 624 et
1430 569 1826 627 celebratione
1850 571 1984 627 mis-

340 670 534 712 sarum
566 663 626 713 et
669 655 978 727 largitione
1029 657 1498 715 elemosinarum.
1549 659 1795 728 Vigebat
1830 659 1980 716 enim

339 745 534 802 virtus
559 745 827 802 caritatis
856 746 910 802 in
944 749 1110 818 patre
1150 751 1350 803 nostro
1383 748 1594 803 abbate
1629 748 1977 819 llivionensi,

342 847 470 904 quae
498 837 659 890 tanta
689 840 836 905 erat,
866 840 928 892 ut
961 850 1304 907 quamquam
1337 851 1406 892 eo
1431 851 1578 892 anno
1604 837 1818 908 ubique
1844 846 1985 893 tem-

339 924 594 995 pcstatis
621 923 899 980 violentia
926 929 1166 982 maturae
1189 931 1419 996 segetes
1444 926 1496 980 in
1517 927 1693 998 spicis
1711 933 1768 983 et
1789 927 1980 984 vinum

341 1012 396 1068 in
428 1013 695 1085 racemis,
729 1014 918 1070 omnia
955 1018 1248 1086 prostrata
1281 1019 1336 1071 et
1383 1031 1628 1087 prorsus
1671 1015 2010 1088 dampnata’

339 1108 555 1171 essent,
574 1102 750 1158 nichil
773 1108 966 1159 tamen
991 1103 1180 1160 minus
1207 1105 1367 1160 fieret
1395 1106 1446 1160 in
1473 1105 1983 1162 refectorioetele-

343 1191 587 1257 mosina,
621 1207 749 1248 cum
785 1193 996 1248 fratres
1039 1194 1437 1249 centenarium:
1479 1194 1594 1250 fere
1627 1196 1984 1250 excederent

344 1293 669 1351 numerum,
703 1285 758 1336 ct
789 1280 878 1336 his
907 1281 1001 1351 qui
1035 1281 1104 1336 de
1143 1288 1294 1338 terra
1333 1282 1509 1338 fertili
1544 1287 1600 1336 ιι
1647 1281 1981 1353 plenissima

342 1373 646 1439 venerant,
671 1374 730 1424 et
748 1368 921 1426 nichil
954 1370 1143 1427 minus
1174 1376 1451 1426 noverant
1481 1387 1649 1442 quam
1683 1371 1981 1443 penuriam

343 1455 484 1526 pati,
517 1457 1016 1514 abundantissime
1053 1460 1106 1514 in
1139 1460 1406 1515 omnibus
1437 1461 1889 1528 ministraretur,
1923 1464 1981 1515 et

336 1547 436 1600 tua
458 1544 650 1616 pietas
673 1547 862 1602 omnia
887 1548 1216 1618 supplebat,
1236 1547 1464 1604 domine
1487 1551 1637 1604 Jesu.
1657 1551 1724 1604 Et
1750 1548 1980 1619 quidem

334 1632 518 1702 juste.
538 1635 780 1690 [labenti
805 1637 955 1691 enim
973 1638 1298 1705 caritatem,
1318 1637 1620 1693 dabituret
1639 1637 1977 1693 abundabit.

341 1720 478 1786 Qum
510 1729 703 1780 autem
736 1724 914 1792 major
945 1727 1138 1797 potuit
1164 1740 1293 1782 esse
1327 1727 1564 1795 karitas,
1591 1742 1757 1797 quam
1793 1726 1979 1782 virum
2012 1747 2065 1808 Β

337 1823 486 1866 anno
516 1811 744 1881 integro
777 1828 804 1867 a
840 1814 1190 1870 monasterio
1239 1819 1545 1884 semotum,
1581 1815 1712 1870 inde.
1757 1815 1825 1870 ad
1880 1827 1979 1870 sua

336 1897 674 1955 redeuntem
710 1901 897 1955 omnia
931 1901 1222 1957 invenisse
1255 1904 1494 1959 confusa
1525 1909 1580 1959 et
1618 1917 1858 1974 prorsus
1889 1901 1984 1957 ad-

336 1986 583 2056 nullata,
619 2003 748 2044 cum
797 1990 986 2045 omnia
1039 1991 1330 2057 deessent,
1382 1992 1564 2062 panis,
1600 1993 1820 2058 vinum,
1853 1991 1985 2047 sub-

341 2075 578 2146 stantia,
615 2079 682 2132 40
713 2078 924 2133 fratres
973 2094 1100 2133 cum
1152 2079 1472 2148 gratiarum
1526 2081 1754 2135 actione
1793 2093 1986 2136 susce-

343 2163 606 2234 pisse;et
643 2166 738 2236 qui
771 2167 893 2222 suis
926 2166 1086 2222 nul'o
1121 2173 1290 2238 pacto
1321 2169 1522 2237 quibat
1554 2170 1606 2222 in
1634 2169 1984 2226 necessariis

336 2253 625 2323 sufficere,
649 2254 802 2310 hunc
825 2270 932 2326 pro
956 2255 1044 2310 his
1067 2271 1212 2325 quos
1233 2270 1342 2310 non
1369 2261 1608 2312 noverat
1633 2256 1986 2314 deducendis

338 2339 408 2396 ad
444 2345 635 2397 terras
668 2349 980 2398 extraneas
1014 2343 1148 2412 isse,
1181 2349 1239 2398 et
1274 2345 1398 2399 suis
1443 2361 1548 2400 eos
1601 2346 1872 2415 expensis
1916 2346 1986 2402 ad

337 2443 506 2486 suum
541 2429 729 2485 locum
764 2430 1128 2488 deduxisse?
1157 2434 1272 2488 llee
1301 2437 1434 2488 sunt
1471 2439 1588 2504 tua,
1621 2435 1780 2502 Jesu,
1818 2433 1988 2489 mira-

343 2518 501 2589 bilia,
538 2519 644 2576 hec
678 2519 748 2576 de
786 2525 882 2577 tuo
913 2522 1066 2577 fonte
1093 2523 1706 2592 procedunt.Noverat
1730 2524 1826 2580 ille
1849 2528 1986 2582 tuus

341 2607 610 2678 famulus,
648 2613 705 2664 te
736 2609 856 2665 tuis
887 2624 996 2666 non
1032 2610 1249 2680 defore,
1287 2611 1382 2682 qui
1415 2613 1710 2668 consuesti
1742 2613 1906 2669 cibos
1931 2614 1986 2670 in

341 2695 578 2752 deserto
611 2711 839 2769 parare,
875 2703 932 2754 et
966 2699 1036 2755 de
1071 2701 1271 2770 paucis
1303 2701 1555 2772 panibus
1604 2701 1780 2758 multa
1831 2701 1988 2774 milia

337 2783 631 2842 hominum
677 2787 921 2843 saeiare.
956 2789 1068 2844 llec
1119 2789 1294 2844 etiam
1326 2789 1378 2844 ei
1413 2794 1514 2845 tua
1565 2790 1986 2862 omnipotentia

338 2873 684 2945 praevidisti,
705 2876 799 2946 qui
825 2881 883 2931 et
907 2877 1235 2933 necessaria
1251 2878 1302 2933 ei
1321 2878 1882 2949 subministrasti,et
1906 2879 1988 2935 in-

341 2976 517 3033 super
533 2967 690 3020 tanta
707 2964 760 3020 in
780 2966 1013 3037 praediis
1036 2973 1089 3022 et
1119 2967 1310 3024 fundis
1331 2967 1818 3025 :ecclesizeeidem
1838 2983 1987 3024 anno

336 3050 465 3122 ipso
495 3055 550 3106 et
578 3051 858 3124 deinceps
882 3053 1212 3125 contulisti,
1241 3059 1300 3110 ut
1322 3054 1660 3126 duplicatus
1682 3056 1990 3114 videretur

335 3153 550 3196 census
573 3139 878 3211 aecclesim,
903 3145 957 3197 et
985 3141 1227 3213 insuper
1252 3147 1308 3199 te
1333 3143 1604 3214 donante,
1632 3143 1991 3201 benedictio-

334 3242 463 3285 nem
487 3230 818 3286 hereditate
843 3231 1193 3302 possidebit,
1217 3232 1350 3302 quia
1378 3233 1432 3288 in
1457 3233 1684 3290 modico
1718 3233 1990 3290 inventus

333 3322 426 3374 est
458 3317 669 3374 fidelis.

407 3409 570 3464 Anno
603 3407 786 3478 igitur
816 3409 1106 3480 sequenti,
1129 3411 1586 3482 persequutione
1617 3412 1878 3468 lleinrici
1907 3419 1994 3486 ty-

331 3495 500 3552 ranni
535 3496 916 3554 Herimannus
945 3498 1163 3554 Mettnn
1195 3499 1358 3562 exiit.
1380 3505 1440 3556 et
1466 3500 1664 3556 sedem
1689 3501 1994 3559 cathedra:

331 3583 456 3654 ejus
486 3583 648 3640 Walo
681 3586 860 3642 abbas
893 3587 1076 3644 sancti
1129 3586 1352 3644 Arnulfi
1389 3588 1594 3644 illicite
1647 3591 1988 3662 usurpavit-

334 3673 539 3730 Actum
571 3679 664 3731 est
712 3673 834 3730 illic
883 3675 1028 3732 miro
1072 3675 1171 3732 Dei
1216 3675 1460 3748 judicio,
1495 3685 1559 3734 ut
1587 3692 1718 3734 cum
1749 3678 1821 3734 ad
1850 3692 1994 3735 exe-

2020 3099 2068 3162 C

330 3760 651 3816 orationem
684 3760 812 3831 ejus
842 3762 1054 3818 crisma
1079 3769 1450 3834 quereretur,
1480 3767 1536 3819 et
1561 3763 1801 3821 allatum
1827 3770 1995 3822 esset

329 3848 543 3906 crisma
567 3849 640 3906 ab
664 3849 1011 3907 Herimanno
1034 3853 1387 3922 confectum,
1414 3851 1744 3925 episcopus,
1777 3851 1982 3912 Virdu-

330 3938 529 3995 nensis
561 3939 936 4010 reprobatum
968 3940 1179 3998 crisma
1206 3941 1358 4011 quod
1384 3946 1647 3998 sanctum
1675 3946 1824 4012 erat,
1854 3957 1991 4014 pro-

331 4025 564 4096 jiceret,
597 4030 658 4083 et
687 4026 865 4082 allato
897 4043 1025 4098 suo,
1061 4029 1214 4099 quod
1249 4029 1374 4101 ipse
1424 4035 1630 4086 contra
1677 4031 1772 4100 jus
1805 4035 1865 4086 et
1905 4033 1992 4088 fas

340 4120 698 4186 sacraverat,
723 4115 856 4172 inde
875 4116 1187 4187 perliceret
1206 4118 1464 4174 Walonis
1489 4119 1900 4189 saerationem,
1919 4135 1991 4175 ne

339 4201 808 4258 benedictionem
844 4203 1027 4275 patris
1077 4203 1233 4260 filius
1281 4205 1586 4276 impudens
1634 4212 1982 4264 mereretur.

336 4290 507 4346 Wa'o
536 4293 750 4359 tamen,
776 4290 908 4362 quia
937 4292 1126 4363 patris
1153 4293 1350 4349 cubile
1379 4293 1670 4364 ascendit,
1697 4295 1988 4368 publicam

350 4378 726 4450 penitentiam
756 4380 896 4450 egit.
927 4380 1233 4438 Heinricus
1262 4381 1315 4438 in
1350 4381 1476 4440 loco
1508 4383 1635 4454 ejus
1668 4385 1988 4441 Brunonem

2099 253 2782 321 FIAVINIACENSIS
3624 264 3658 326 3
3673 266 3731 327 is

2097 403 2246 446 anno
2281 391 2405 449 0do
2436 389 2722 450 Ostiensis
2747 388 3060 466 episcopus
3095 388 3149 450 in
3193 407 3398 468 papam
3436 409 3734 456 consecra-

2095 483 2192 536 tus
2228 486 2338 551 est,
2377 485 2433 537 et
2467 483 2736 538 Urbanus
2767 482 2958 539 dictus
2987 488 3076 539 est
3109 483 3291 555 (1088,
3325 485 3489 543 Mart.
3527 489 3633 558 12).

2166 570 2280 626 Nos
2313 570 2495 639 igitur
2529 569 2824 641 loquuturi
2859 571 2929 628 de
2960 571 3123 628 obitu
3156 572 3349 630 domui
3381 575 3729 647 Herimanui,

2095 657 2393 715 videamus
2425 659 2613 730 primo
2645 659 3062 717 revelationem
3103 661 3314 718 factam
3366 663 3440 718 de
3493 664 3732 720 transla-

2095 748 2254 803 tione
2285 748 2548 818 corporis
2583 748 2734 805 beati
2768 748 3104 818 Clementis,
3135 750 3303 822 primi
3335 752 3635 810 Mettensis
3653 767 3732 810 ec-

2095 836 2291 893 clesiae
2320 836 2570 908 apostoli
2603 843 2659 893 et
2691 837 2974 908 episCOpi,
3000 841 3061 894 et
3085 837 3154 894 de
3189 839 3354 896 obitu
3385 841 3532 912 ejus.
3560 843 3730 914 Appa-

2096 925 2468 983 ruitsanctus
2493 925 2758 982 Clemens
2781 926 3008 983 cuidam
3035 941 3218 998 puero
3240 929 3469 998 llugoni
3493 930 3726 1000 nomine,

2095 1013 2420 1070 innocentis
2451 1019 2510 1070 et
2544 1014 2828 1086 simplicis
2859 1015 3014 1084 vitae,
3035 1019 3096 1071 et
3123 1017 3444 1073 ostendens
3474 1017 3529 1073 ei
3557 1017 3612 1074 in
3633 1033 3729 1076 tec-

2094 1101 2272 1158 clesia
2297 1105 2482 1160 sancti
2511 1103 2720 1160 Felicis
2744 1104 2934 1160 locum
2958 1103 3280 1176 sepulturae
3301 1120 3444 1176 suae,
3464 1107 3726 1180 praecepit

2096 1195 2157 1247 ut
2190 1191 2302 1246 iret
2331 1196 2390 1248 et
2421 1197 2643 1249 diceret
2674 1192 3022 1249 llerimanno
3052 1193 3318 1250 Mettensi
3351 1194 3647 1268 episcopo,
3672 1201 3728 1254 ut

2093 1279 2351 1337 elevaret
2385 1282 2515 1338 inde
2543 1296 2674 1338 ossa
2706 1282 2850 1352 ejus.
2888 1282 3223 1354 Adjungens
3254 1283 3432 1340 etiam
3481 1285 3615 1356 quia
3645 1285 3728 1342 die

2093 1371 2272 1426 tertio
2302 1375 2434 1442 post
2469 1373 2676 1428 factam
2725 1371 3143 1428 revelationem
3191 1373 3462 1445 corporis
3491 1375 3578 1430 sui
3611 1375 3722 1446 ipse

2096 1465 2443 1516 moreretur.
2480 1460 2734 1530 lnjunxit
2765 1460 2938 1516 etiam
2972 1460 3222 1532 puerulo
3264 1468 3328 1518 ut
3379 1467 3628 1519 mutaret
3655 1462 3730 1519 vi-

2097 1553 2209 1603 tam
2241 1553 2300 1603 et
2335 1564 2404 1605 ne
2437 1550 2572 1620 quid
2609 1548 2834 1621 puerile
2860 1553 3082 1619 ageret,
3108 1549 3209 1606 sed
3240 1550 3621 1608 monasticam
3645 1566 3730 1625 ap-

2097 1642 2302 1707 petens
2327 1637 2746 1707 indumentum,
2769 1639 2883 1695 Dco
2906 1638 3129 1694 servire
3151 1639 3442 1696 studeret.
3459 1641 3611 1696 Puer
3626 1641 3732 1698 evi-

2093 1725 2284 1794 gilans
2336 1725 2630 1782 dominum
2685 1727 2929 1783 advocat
2958 1758 3028 1768 —-
3068 1731 3237 1798 patre
3284 1728 3440 1783 enim
3471 1733 3528 1784 et
3561 1733 3728 1786 matre

2096 1816 2338 1872 orbatus
2370 1815 2519 1886 apud
2554 1830 2683 1872 eum
2717 1815 2813 1886 qui
2846 1829 3106 1872 sororem
3131 1830 3294 1872 suam
3320 1815 3594 1888 habebat,
3621 1831 3725 1874 mo-

2097 1905 2358 1974 rabatur,
2396 1935 2463 1944 —
2493 1907 2552 1959 et
2584 1903 2838 1959 venienti
2882 1904 3161 1960 visionem
3215 1903 3458 1961 indicat.
3494 1905 3644 1962 Petit
3673 1912 3728 1962 ut

2095 1991 2348 2048 ducatur
2380 1992 2450 2048 ad
2483 1993 2848 2064 epis00pum.
2881 1992 2989 2048 Sed
3037 1992 3306 2050 dominus
3351 1993 3481 2064 ejus
3509 1994 3724 2065 timens,

2095 2081 2260 2138 duxit
2291 2096 2419 2137 eum
2456 2081 2524 2137 ad
2557 2082 2837 2136 abbatem’
2856 2081 3044 2137 sancti
3068 2079 3295 2151 Felicis,
3322 2081 3418 2138 cui
3445 2096 3588 2154 puer
3607 2097 3720 2155 quas

2094 2169 2321 2226 viderat
2358 2171 2558 2226 refert.
2595 2169 2698 2226 Ille
2738 2168 3034 2238 religiosis
3083 2169 3354 2240 personis
3403 2169 3590 2226 omnia
3635 2184 3726 2242 per

2095 2257 2356 2314 ordinem
2409 2258 2632 2330 pandit,
2683 2255 2816 2313 inde
2865 2257 2980 2328 jam
3033 2271 3236 2330 omnes
3275 2256 3614 2330 episcopum
3664 2258 3725 2314 de

2097 2345 2485 2403 translatione
2521 2349 2868 2402 ammonent.
2895 2346 3047 2402 Puer
3076 2360 3214 2401 Vt'l‘O
3245 2343 3534 2402 sollicitus
3563 2345 3630 2401 de
3659 2345 3731 2402 in-

2099 2433 2306 2505 plenda
2329 2433 2686 2503 obedientia,
2713 2433 2891 2489 flebat
2920 2432 3152 2502 quidem
3187 2432 3318 2503 quia
3354 2446 3468 2488 non
3495 2445 3728 2504 praesen-

2098 2523 2336 2579 tabatur
2365 2522 2660 2595 episcopo.
2695 2521 2782 2576 illi
2815 2535 2955 2577 vero
3007 2520 3226 2577 Gallico
3274 2519 3610 2578 laborantes
3635 2534 3723 2576 co-

2099 2616 2292 2680 turno,
2354 2610 2549 2667 abbati
2607 2610 2796 2667 sancti
2858 2609 3066 2666 Felicis
3117 2608 3475 2680 inponebant
3533 2609 3723 2665 factam

2101 2699 2533 2769 revelationem,
2569 2699 2736 2770 quasi
2769 2703 2832 2754 ut
2863 2697 3099 2768 majoris
3145 2702 3302 2754 esset
3348 2697 3724 2768 auctoritatis,

2099 2789 2340 2847 silentes
2370 2788 2441 2845 de
2475 2803 2675 2861 puero.
2712 2785 2832 2856 (fol.
2875 2785 3012 2858 135’)
3041 2786 3370 2857 Requisivit
3403 2785 3577 2842 etiam
3625 2802 3728 2843 mo-

2099 2879 2385 2936 nasticum
2435 2877 2718 2947 habitum,
2753 2877 2908 2934 sicut
2961 2875 3012 2932 ei
3065 2875 3392 2946 injunctum
3445 2877 3646 2947 fuerat,
3677 2880 3729 2932 et

2097 2983 2226 3025 cum
2261 2983 2291 3022 a
2325 2965 2669 3037 quibusdam
2703 2965 2758 3021 in
2794 2964 3146 3022 monasterio
3197 2964 3389 3021 sancti
3435 2962 3727 3021 Clementis

2095 3053 2463 3124 judicaretur
2493 3053 2625 3124 poni
2661 3054 2894 3122 debere,
2923 3068 3022 3110 sua
3056 3052 3240 3125 ipsius
3259 3051 3578 3123 voluntate,
3605 3050 3724 3123 quia

2103 3143 2250 3200 duos
2283 3143 2496 3200 fratres
2529 3142 2582 3197 in
2615 3141 2969 3198 monasterio
2997 3140 3184 3198 sancti
3215 3139 3409 3197 Vitoni
3439 3140 3720 3210 habuerat,

2104 3231 2202 3302 qui
2227 3231 2342 3300 jam
2395 3228 2595 3286 seculo
2642 3233 3044 3299 excesserant,
3093 3227 3232 3284 illuc
3284 3227 3499 3286 ductus
3546 3231 3632 3284 est
3675 3230 3726 3282 et

2105 3323 2438 3392 susceptus.
2471 3321 2574 3375 Det
2609 3315 2693 3372 illi
2722 3317 2995 3374 Dominus
3026 3316 3200 3372 vitam
3233 3315 3288 3370 in
3332 3317 3484 3373 omni
3531 3315 3728 3373 sancti-

2105 3411 2229 3463 tate
2259 3412 2315 3464 et
2350 3406 2629 3477 religione
2653 3405 2970 3478 perfectam
2996 3404 3222 3460 meritis
3245 3409 3303 3460 et
3329 3403 3728 3461 intercessione

2105 3496 2294 3554 sancti
2323 3494 2653 3565 Clementis,
2687 3495 2748 3550 ut
2780 3491 2978 3549 videat
3009 3492 3159 3548 bona
3205 3493 3434 3549 Domini
3480 3493 3536 3549 in
3582 3497 3728 3548 terra

2107 3585 2442 3642 viventium.

2177 3675 2384 3747 (1090.)
2417 3673 2602 3744 Igitur
2657 3668 3015 3729 venerabilis
3071 3669 3456 3728 Herimannus
3501 3671 3553 3726 in
3600 3669 3728 3727 urbe

2104 3779 2206 3823 sua
2239 3766 2574 3835 susceptus,
2607 3759 2664 3818 in
2697 3759 3144 3831 quadragesima
3175 3758 3456 3816 infirmari
3485 3757 3653 3830 cepit,
3675 3759 3725 3813 et

2103 3857 2296 3910 tamen
2324 3852 2394 3909 ab
2420 3849 2740 3924 episcopali
2766 3849 2957 3906 officio
2981 3847 3180 3904 multis
3205 3847 3596 3905 infirmitatem
3615 3845 3728 3916 ejus

2102 3941 2552 4011 admirantibus,
2579 3954 2688 3996 non
2713 3937 2964 3995 destitit.
2992 3938 3061 3992 Et
3082 3937 3214 4008 quia
3239 3937 3442 3995 multis
3463 3937 3576 4008 jam
3599 3949 3728 4008 prai-

2102 4030 2450 4088 cedentibus
2481 4029 2646 4086 annis
2677 4043 2707 4084 a
2739 4027 3088 4098 quibusdam
3141 4025 3438 4097 religiosis
3485 4022 3726 4098 personis

2104 4119 2458 4176 ammonitus
2493 4118 2679 4174 fuerat
2709 4115 2780 4172 de
2813 4113 3196 4172 translatione
3225 4115 3380 4171 beati
3411 4111 3722 4179 Clementis,

2104 4207 2269 4268 urbis
2294 4207 2489 4264 Roma
2514 4204 2766 4277 patricii,
2787 4207 2988 4274 postea
3011 4201 3284 4275 discipuli
3308 4207 3368 4259 et
3393 4201 3565 4272 legati
3585 4196 3722 4258 beati

2102 4293 2280 4366 Petri,
2300 4294 2398 4366 qui
2421 4293 2494 4350 ab
2515 4292 2718 4349 eodem
2743 4291 2955 4348 missus
2981 4291 3201 4363 primus
3221 4289 3520 4346 Mettensis
3541 4287 3727 4346 aaccle-

2101 4383 2203 4440 size
2227 4381 2534 4456 apostolus
2555 4385 2612 4438 et
2635 4380 2947 4452 episcopus
2967 4379 3185 4450 extitit,
3203 4378 3548 4450 quibusdam
3565 4375 3722 4434 etiam

349 4467 654 4538 quemdam
685 4468 1092 4540 exepisCOpum
1125 4471 1369 4541 creavit,
1398 4472 1491 4544 qui
1528 4476 1729 4544 postea
1750 4474 1822 4530 ab
1845 4473 1989 4530 urbe
2019 4462 2072 4525 D
2103 4470 2505 4528 asserentibus
2523 4484 2628 4542 per
2653 4469 3064 4526 revelationem
3081 4465 3614 4539 satisprobabilem,
3628 4463 3722 4520 hoc

341 4570 471 4613 cum
505 4555 790 4614 dedecore
821 4561 880 4613 et
912 4557 1224 4629 ignominia
1259 4559 1468 4630 pulsus
1499 4565 1610 4631 est,
1638 4564 1694 4616 et
1721 4561 1802 4618 sic
1833 4561 1992 4617 [leri-

347 4660 594 4702 mannus
622 4651 750 4718 post
783 4645 964 4703 multa
987 4646 1208 4704 laboris
1229 4650 1285 4703 et
1310 4649 1418 4704 viae
1443 4647 1703 4720 pericula
1726 4663 1756 4704 a
1776 4649 1898 4706 suis
1921 4649 1991 4706 de

345 4734 763 4807 Langobardia,
798 4751 914 4807 quo
943 4751 1073 4792 cum
1105 4737 1378 4792 Mathilde
1435 4738 1793 4808 morabatur,
1829 4751 1992 4795 revo-

345 4828 535 4894 catus,
571 4828 604 4880 4
626 4840 776 4882 anno
808 4825 1169 4896 egressionis
1199 4841 1320 4882 suae
1338 4825 1530 4883 Mettis
1550 4825 1832 4898 recipitur
1861 4841 1990 4883 cum

346 4911 604 4969 omnium
637 4913 967 4985 affectione,
992 4927 1143 4970 anno
1172 4915 1244 4970 ab
1276 4913 1389 4970 inc.
1411 4915 1568 4969 Dom.
1598 4919 1752 4970 1080.
1781 4913 1991 4970 Eodem

339 5035 662 5110 stianitatis
689 5038 922 5110 cepisse
944 5037 1197 5094 diccbat.
1224 5037 1633 5110 Tuncgdemum
1660 5039 1820 5094 misit
1848 5052 1994 5110 praef

338 5105 561 5162 dictum
594 5105 998 5179 confessorem
1048 5123 1215 5164 suum
1261 5107 1348 5179 ad,
1381 5108 1792 5179 imperatorem
1827 5105 1886 5165 et
1919 5107 1990 5164 ad

337 5181 526 5260 totam
546 5175 892 5260 :ecclesiam,
913 5177 1376 5260 utoptarent‘illi
1399 5175 1840 5260 indulgentiam,
1857 5180 1989 5260 quia

337 5246 680 5321 finemvitae
711 5263 832 5304 suae
864 5246 1206 5321 aspiciebat,
1243 5253 1303 5321 et
1333 5254 1447 5304 tam
1467 5246 1592 5321 cito
1612 5246 1902 5321 induebat
1928 5265 1990 5308 se

335 5315 664 5388 angelicam
698 5315 948 5389 vestem,
978 5324 1038 5375 et
1070 5315 1289 5376 dimisit
1335 5333 1400 5376 ac
1444 5319 1716 5376 dissolvit
1759 5321 1990 5379 vincula

335 5389 664 5460 bannorum
696 5388 1003 5460 omnium
1036 5403 1271 5460 suorum
1331 5389 1671 5460 imperatori
1723 5396 1784 5448 et
1833 5391 1988 5448 omni

335 5456 560 5530 populo
579 5456 926 5530 christiano,
950 5459 1102 5530 vivis
1125 5463 1185 5514 et
1208 5456 1518 5530 defunctis,
1538 5459 1774 5517 clericis
1803 5477 1868 5519 ac
1891 5462 1993 5519 lai-

335 5525 448 5600 eis,
483 5531 543 5585 et
569 5525 755 5599 jussit
803 5525 942 5586 suos
985 5528 1149 5586 abire
1195 5529 1267 5587 de
1315 5525 1898 5604 domo'Theoderici,
1930 5539 1993 5590 et

2100 4574 2232 4617 esse
2265 4564 2630 4617 reservatum
2653 4571 2682 4614 a
2706 4559 2822 4613 Deo
2845 4554 3199 4628 implendum
3226 4554 3434 4612 diebus
3455 4554 3592 4624 ejus,
3611 4564 3724 4608 ora-

2098 4648 2295 4706 tiones
2325 4651 2386 4704 et
2409 4646 2714 4718 jejunium,
2750 4650 2814 4701 ut
2842 4647 2967 4700 erat
3011 4643 3166 4715 pius,
3203 4642 3295 4716 pie
3340 4641 3638 4709 ordinavit,
3668 4641 3721 4694 et

2099 4741 2235 4810 post
2269 4735 2484 4810 pascha
2512 4733 2961 4791 translationem
2994 4731 3248 4804 distulit,
3275 4737 3337 4789 et
3367 4731 3516 4788 diem
3549 4728 3724 4785 deter-

2102 4824 2361 4884 minavit.
2399 4824 2593 4880 Abbas
2623 4827 2817 4880 autem
2851 4821 3036 4879 sancti
3084 4819 3300 4878 Felicis
3328 4817 3722 4877 revelationem

2100 4915 2209 4973 sibi
2243 4929 2273 4972 a
2307 4926 2490 4986 puero
2518 4911 2763 4968 relatam
2796 4909 3008 4982 partim
3041 4908 3292 4982 aperuit,
3325 4907 3534 4980 partim
3570 4901 3722 4962 dissi-

2101 5039 2322 5096 amicos
2353 5035 2610 5094 Heinrici
2642 5035 2978 5091 ascendere.
3005 5035 3172 5091 Teste
3203 5031 3528 5105 Mogontino
3552 5024 3722 5086 archi-

2099 5123 2601 5232 (ΞρῇἓῇεὲὶίοΜ
2628 5177 2697 5232 in
2723 5175 2921 5232 codice
2952 5173 3390 5232 C’atalaunenst
3421 5175 3554 5232 (non
3588 5169 3720 5226 Lau-

2138 5175 2154 5182 ’
2173 5175 2601 5238 Narratione»:
2628 5177 2697 5234 in
2723 5175 2921 5233 codice
2952 5175 3390 5232 C’atalaunenst
3421 5175 3554 5243 (non
3588 5175 3716 5226 Lau-

2103 5250 2375 5329 ἀπωθέει)
2395 5247 2646 5329 αρ-Μις
2669 5245 2978 5329 scribitur)
3000 5245 3233 5329 οῡτέᾳρη
3251 5257 3436 5329 supra
3453 5243 3572 5329 8.5;.
3599 5235 3716 5329 ξεῖ,

2089 5335 2239 5398 pay:
2271 5315 2398 5392 563,
2430 5320 2539 5377 lin.
2574 5322 2643 5398 t2
2669 5331 2802 5398 sqq:
2836 5315 3034 5375 habes.
3079 5315 3182 5398 [ᾷὶ
3225 5316 3289 5373 et
3314 5315 3433 5398 lin.
3489 5315 3715 5398 inuigi-

2282 5385 2566 5521 θααῗςρνσεεα
2597 5385 2896 5462 tegimur,
2921 5401 3052 5460 quae
3071 5385 3170 5444 Ιιὶσ
3189 5400 3229 5444 ιι
3247 5385 3414 5444 nobis
3443 5385 3662 5450 εωεονίρ

2143 5477 2174 5521 ε
2218 5476 2302 5520 am
2379 5503 2392 5517 .

2143 5477 2392 5521 edamus.
