  <div class='ocr_page' id='page_1' title='image "/cluster/home/n/w/nwhite01/storage/ocr_20150623/154/uva.x000829797/182.png"; bbox 0 0 3894 6324; ppageno 0'>
   <div class='ocr_carea' id='block_1_1' title="bbox 105 290 239 358">
    <p class='ocr_par' dir='ltr' id='par_1_1' title="bbox 105 290 239 358">
     <span class='ocr_line' id='line_1_1' title="bbox 105 290 239 358; baseline 0.015 -2"><span class='ocrx_word' id='word_1_1' title='bbox 105 290 239 358; x_wconf 72' lang='grc'>349</span> 
     </span>
    </p>
   </div>
   <div class='ocr_carea' id='block_1_2' title="bbox 1332 289 2265 362">
    <p class='ocr_par' dir='ltr' id='par_1_2' title="bbox 1332 289 2265 362">
     <span class='ocr_line' id='line_1_2' title="bbox 1332 289 2265 362; baseline 0.003 -4"><span class='ocrx_word' id='word_1_2' title='bbox 1332 289 1825 359; x_wconf 80' lang='lat' dir='ltr'>CHRONICON.</span> <span class='ocrx_word' id='word_1_3' title='bbox 1873 330 1949 343; x_wconf 89' lang='lat'><strong>--</strong></span> <span class='ocrx_word' id='word_1_4' title='bbox 1992 297 2143 359; x_wconf 89' lang='lat' dir='ltr'>LIB.</span> <span class='ocrx_word' id='word_1_5' title='bbox 2193 299 2265 362; x_wconf 92' lang='lat' dir='ltr'>II.</span> 
     </span>
    </p>
   </div>
   <div class='ocr_carea' id='block_1_3' title="bbox 3436 292 3555 357">
    <p class='ocr_par' dir='ltr' id='par_1_3' title="bbox 3436 292 3555 357">
     <span class='ocr_line' id='line_1_3' title="bbox 3436 292 3555 357; baseline -0.017 0"><span class='ocrx_word' id='word_1_6' title='bbox 3436 292 3555 357; x_wconf 84' lang='lat'>350</span> 
     </span>
    </p>
   </div>
   <div class='ocr_carea' id='block_1_4' title="bbox 115 423 3554 506">
    <p class='ocr_par' dir='ltr' id='par_1_4' title="bbox 115 423 3554 506">
     <span class='ocr_line' id='line_1_4' title="bbox 115 423 3554 506; baseline 0.001 -18"><span class='ocrx_word' id='word_1_7' title='bbox 115 423 402 488; x_wconf 87' lang='lat' dir='ltr'>mulavit.</span> <span class='ocrx_word' id='word_1_8' title='bbox 435 425 651 488; x_wconf 84' lang='lat' dir='ltr'>Tacuit</span> <span class='ocrx_word' id='word_1_9' title='bbox 672 426 821 488; x_wconf 90' lang='lat' dir='ltr'>enim</span> <span class='ocrx_word' id='word_1_10' title='bbox 847 428 996 489; x_wconf 87' lang='lat' dir='ltr'>diem</span> <span class='ocrx_word' id='word_1_11' title='bbox 1021 428 1221 489; x_wconf 87' lang='lat' dir='ltr'>obitus</span> <span class='ocrx_word' id='word_1_12' title='bbox 1251 429 1376 503; x_wconf 86' lang='lat' dir='ltr'>ejus</span> <span class='ocrx_word' id='word_1_13' title='bbox 1404 431 1603 489; x_wconf 88' lang='lat' dir='ltr'>eadem</span> <span class='ocrx_word' id='word_1_14' title='bbox 1634 447 1795 488; x_wconf 86' lang='lat' dir='ltr'>reve-</span> <span class='ocrx_word' id='word_1_15' title='bbox 1824 435 1876 495; x_wconf 83' lang='lat' dir='ltr'>A</span> <span class='ocrx_word' id='word_1_16' title='bbox 1910 432 2106 506; x_wconf 88' lang='lat' dir='ltr'>paruit</span> <span class='ocrx_word' id='word_1_17' title='bbox 2132 431 2360 493; x_wconf 85' lang='lat' dir='ltr'>cuidam</span> <span class='ocrx_word' id='word_1_18' title='bbox 2391 430 2709 493; x_wconf 78' lang='lat' dir='ltr'>venerabili</span> <span class='ocrx_word' id='word_1_19' title='bbox 2732 431 2881 503; x_wconf 88' lang='lat' dir='ltr'>viro,</span> <span class='ocrx_word' id='word_1_20' title='bbox 2906 435 2967 490; x_wconf 90' lang='lat' dir='ltr'>et</span> <span class='ocrx_word' id='word_1_21' title='bbox 2989 430 3067 490; x_wconf 92' lang='lat' dir='ltr'>ait</span> <span class='ocrx_word' id='word_1_22' title='bbox 3094 450 3107 489; x_wconf 89' lang='lat'><strong>:</strong></span> <span class='ocrx_word' id='word_1_23' title='bbox 3132 428 3434 492; x_wconf 68' lang='lat' dir='ltr'>Mortam»</span> <span class='ocrx_word' id='word_1_24' title='bbox 3459 441 3554 491; x_wconf 80' lang='lat' dir='ltr'>me</span> 
     </span>
    </p>
   </div>
   <div class='ocr_carea' id='block_1_5' title="bbox 118 518 1792 595">
    <p class='ocr_par' dir='ltr' id='par_1_5' title="bbox 118 518 1792 595">
     <span class='ocr_line' id='line_1_5' title="bbox 118 518 1792 595; baseline 0.003 -20"><span class='ocrx_word' id='word_1_25' title='bbox 118 518 354 578; x_wconf 77' lang='lat' dir='ltr'>latione</span> <span class='ocrx_word' id='word_1_26' title='bbox 379 519 842 578; x_wconf 89' lang='lat' dir='ltr'>determinatum</span> <span class='ocrx_word' id='word_1_27' title='bbox 867 522 959 579; x_wconf 89' lang='lat' dir='ltr'>die</span> <span class='ocrx_word' id='word_1_28' title='bbox 982 523 1169 579; x_wconf 87' lang='lat' dir='ltr'>tercio</span> <span class='ocrx_word' id='word_1_29' title='bbox 1194 527 1324 595; x_wconf 83' lang='lat' dir='ltr'>post</span> <span class='ocrx_word' id='word_1_30' title='bbox 1346 522 1792 580; x_wconf 77' lang='lat' dir='ltr'>translationem</span> 
     </span>
    </p>
   </div>
   <div class='ocr_carea' id='block_1_6' title="bbox 120 609 1793 683">
    <p class='ocr_par' dir='ltr' id='par_1_6' title="bbox 120 609 1793 683">
     <span class='ocr_line' id='line_1_6' title="bbox 120 609 1793 683; baseline 0.001 -16"><span class='ocrx_word' id='word_1_31' title='bbox 120 610 395 681; x_wconf 86' lang='lat' dir='ltr'>ejusdem</span> <span class='ocrx_word' id='word_1_32' title='bbox 450 609 613 666; x_wconf 80' lang='lat' dir='ltr'>beati</span> <span class='ocrx_word' id='word_1_33' title='bbox 665 610 997 668; x_wconf 73' lang='lat' dir='ltr'>Clementis.</span> <span class='ocrx_word' id='word_1_34' title='bbox 1033 614 1091 667; x_wconf 89' lang='lat' dir='ltr'>In</span> <span class='ocrx_word' id='word_1_35' title='bbox 1127 627 1265 669; x_wconf 87' lang='lat' dir='ltr'>cena</span> <span class='ocrx_word' id='word_1_36' title='bbox 1309 612 1529 669; x_wconf 85' lang='lat' dir='ltr'>Domini</span> <span class='ocrx_word' id='word_1_37' title='bbox 1577 618 1793 683; x_wconf 89' lang='lat' dir='ltr'>quanto</span> 
     </span>
    </p>
   </div>
   <div class='ocr_carea' id='block_1_7' title="bbox 121 699 1793 774">
    <p class='ocr_par' dir='ltr' id='par_1_7' title="bbox 121 699 1793 774">
     <span class='ocr_line' id='line_1_7' title="bbox 121 699 1793 774; baseline 0 -17"><span class='ocrx_word' id='word_1_38' title='bbox 121 699 350 757; x_wconf 84' lang='lat' dir='ltr'>aﬂ‘ectu</span> <span class='ocrx_word' id='word_1_39' title='bbox 374 700 715 771; x_wconf 88' lang='lat' dir='ltr'>penitentes</span> <span class='ocrx_word' id='word_1_40' title='bbox 733 699 1224 771; x_wconf 88' lang='lat' dir='ltr'>reconciliaverit,</span> <span class='ocrx_word' id='word_1_41' title='bbox 1244 715 1413 774; x_wconf 89' lang='lat' dir='ltr'>quam</span> <span class='ocrx_word' id='word_1_42' title='bbox 1436 701 1706 758; x_wconf 88' lang='lat' dir='ltr'>devotum</span> <span class='ocrx_word' id='word_1_43' title='bbox 1732 716 1793 757; x_wconf 90' lang='lat' dir='ltr'>se</span> 
     </span>
    </p>
   </div>
   <div class='ocr_carea' id='block_1_8' title="bbox 124 787 1796 860">
    <p class='ocr_par' dir='ltr' id='par_1_8' title="bbox 124 787 1796 860">
     <span class='ocr_line' id='line_1_8' title="bbox 124 787 1796 860; baseline 0.001 -17"><span class='ocrx_word' id='word_1_44' title='bbox 124 789 187 843; x_wconf 90' lang='lat' dir='ltr'>in</span> <span class='ocrx_word' id='word_1_45' title='bbox 220 787 635 845; x_wconf 85' lang='lat' dir='ltr'>consecrando</span> <span class='ocrx_word' id='word_1_46' title='bbox 666 788 943 844; x_wconf 89' lang='lat' dir='ltr'>crismate</span> <span class='ocrx_word' id='word_1_47' title='bbox 982 788 1295 860; x_wconf 78' lang='lat' dir='ltr'>exibuerit,</span> <span class='ocrx_word' id='word_1_48' title='bbox 1333 790 1463 860; x_wconf 93' lang='lat' dir='ltr'>quis</span> <span class='ocrx_word' id='word_1_49' title='bbox 1496 790 1638 846; x_wconf 89' lang='lat' dir='ltr'>satis</span> <span class='ocrx_word' id='word_1_50' title='bbox 1669 804 1796 845; x_wconf 90' lang='lat' dir='ltr'>nar-</span> 
     </span>
    </p>
   </div>
   <div class='ocr_carea' id='block_1_9' title="bbox 127 876 1796 949">
    <p class='ocr_par' dir='ltr' id='par_1_9' title="bbox 127 876 1796 949">
     <span class='ocr_line' id='line_1_9' title="bbox 127 876 1796 949; baseline 0 -16"><span class='ocrx_word' id='word_1_51' title='bbox 127 891 272 934; x_wconf 84' lang='lat' dir='ltr'>rare</span> <span class='ocrx_word' id='word_1_52' title='bbox 303 876 533 948; x_wconf 90' lang='lat' dir='ltr'>possit;</span> <span class='ocrx_word' id='word_1_53' title='bbox 567 892 697 933; x_wconf 90' lang='lat' dir='ltr'>cum</span> <span class='ocrx_word' id='word_1_54' title='bbox 724 877 906 947; x_wconf 88' lang='lat' dir='ltr'>magis</span> <span class='ocrx_word' id='word_1_55' title='bbox 930 878 1171 946; x_wconf 80' lang='lat' dir='ltr'>angelus</span> <span class='ocrx_word' id='word_1_56' title='bbox 1196 894 1363 949; x_wconf 90' lang='lat' dir='ltr'>quam</span> <span class='ocrx_word' id='word_1_57' title='bbox 1388 880 1634 934; x_wconf 90' lang='lat' dir='ltr'>humana</span> <span class='ocrx_word' id='word_1_58' title='bbox 1670 892 1796 949; x_wconf 83' lang='lat' dir='ltr'>per-</span> 
     </span>
    </p>
   </div>
   <div class='ocr_carea' id='block_1_10' title="bbox 127 962 1796 1038">
    <p class='ocr_par' dir='ltr' id='par_1_10' title="bbox 127 962 1796 1038">
     <span class='ocr_line' id='line_1_10' title="bbox 127 962 1796 1038; baseline -0.001 -17"><span class='ocrx_word' id='word_1_59' title='bbox 127 978 281 1021; x_wconf 88' lang='lat' dir='ltr'>sona</span> <span class='ocrx_word' id='word_1_60' title='bbox 331 962 472 1021; x_wconf 85' lang='lat' dir='ltr'>ﬁliis</span> <span class='ocrx_word' id='word_1_61' title='bbox 518 964 785 1022; x_wconf 62' lang='lat' dir='ltr'>ecclesiae</span> <span class='ocrx_word' id='word_1_62' title='bbox 835 966 1165 1023; x_wconf 74' lang='lat' dir='ltr'>astantibus</span> <span class='ocrx_word' id='word_1_63' title='bbox 1197 967 1251 1022; x_wconf 90' lang='lat' dir='ltr'>in</span> <span class='ocrx_word' id='word_1_64' title='bbox 1283 967 1411 1038; x_wconf 91' lang='lat' dir='ltr'>ipso</span> <span class='ocrx_word' id='word_1_65' title='bbox 1453 967 1796 1023; x_wconf 77' lang='lat' dir='ltr'>remiserit?</span> 
     </span>
    </p>
   </div>
   <div class='ocr_carea' id='block_1_11' title="bbox 124 1052 1796 1124">
    <p class='ocr_par' dir='ltr' id='par_1_11' title="bbox 124 1052 1796 1124">
     <span class='ocr_line' id='line_1_11' title="bbox 124 1052 1796 1124; baseline 0.001 -16"><span class='ocrx_word' id='word_1_66' title='bbox 124 1053 461 1110; x_wconf 81' lang='lat' dir='ltr'>Inﬁrmitas</span> <span class='ocrx_word' id='word_1_67' title='bbox 482 1052 623 1110; x_wconf 90' lang='lat' dir='ltr'>licet</span> <span class='ocrx_word' id='word_1_68' title='bbox 643 1054 839 1124; x_wconf 82' lang='lat' dir='ltr'>gravis</span> <span class='ocrx_word' id='word_1_69' title='bbox 862 1054 1203 1124; x_wconf 88' lang='lat' dir='ltr'>dignitatem</span> <span class='ocrx_word' id='word_1_70' title='bbox 1222 1056 1422 1113; x_wconf 84' lang='lat' dir='ltr'>vultus</span> <span class='ocrx_word' id='word_1_71' title='bbox 1444 1060 1503 1112; x_wconf 91' lang='lat' dir='ltr'>et</span> <span class='ocrx_word' id='word_1_72' title='bbox 1520 1056 1639 1113; x_wconf 91' lang='lat' dir='ltr'>oris</span> <span class='ocrx_word' id='word_1_73' title='bbox 1661 1070 1796 1111; x_wconf 89' lang='lat' dir='ltr'>con-</span> 
     </span>
    </p>
   </div>
   <div class='ocr_carea' id='block_1_12' title="bbox 127 1142 1796 1216">
    <p class='ocr_par' dir='ltr' id='par_1_12' title="bbox 127 1142 1796 1216">
     <span class='ocr_line' id='line_1_12' title="bbox 127 1142 1796 1216; baseline 0.001 -19"><span class='ocrx_word' id='word_1_74' title='bbox 127 1143 365 1199; x_wconf 83' lang='lat' dir='ltr'>stantia</span> <span class='ocrx_word' id='word_1_75' title='bbox 400 1142 613 1198; x_wconf 90' lang='lat' dir='ltr'>mentis</span> <span class='ocrx_word' id='word_1_76' title='bbox 637 1144 694 1199; x_wconf 91' lang='lat' dir='ltr'>in</span> <span class='ocrx_word' id='word_1_77' title='bbox 718 1143 843 1214; x_wconf 90' lang='lat' dir='ltr'>ipso</span> <span class='ocrx_word' id='word_1_78' title='bbox 873 1144 1111 1200; x_wconf 89' lang='lat' dir='ltr'>turbare</span> <span class='ocrx_word' id='word_1_79' title='bbox 1135 1160 1244 1201; x_wconf 89' lang='lat' dir='ltr'>non</span> <span class='ocrx_word' id='word_1_80' title='bbox 1271 1146 1478 1216; x_wconf 90' lang='lat' dir='ltr'>potuit.</span> <span class='ocrx_word' id='word_1_81' title='bbox 1508 1148 1644 1201; x_wconf 88' lang='lat' dir='ltr'>Cum</span> <span class='ocrx_word' id='word_1_82' title='bbox 1677 1160 1796 1200; x_wconf 92' lang='lat' dir='ltr'>om-</span> 
     </span>
    </p>
   </div>
   <div class='ocr_carea' id='block_1_13' title="bbox 126 1230 1795 1304">
    <p class='ocr_par' dir='ltr' id='par_1_13' title="bbox 126 1230 1795 1304">
     <span class='ocr_line' id='line_1_13' title="bbox 126 1230 1795 1304; baseline 0.001 -18"><span class='ocrx_word' id='word_1_83' title='bbox 126 1231 316 1287; x_wconf 84' lang='lat' dir='ltr'>nibus</span> <span class='ocrx_word' id='word_1_84' title='bbox 365 1230 717 1302; x_wconf 64' lang='lat' dir='ltr'>praadicaret</span> <span class='ocrx_word' id='word_1_85' title='bbox 767 1232 1019 1304; x_wconf 89' lang='lat' dir='ltr'>publice,</span> <span class='ocrx_word' id='word_1_86' title='bbox 1055 1248 1166 1289; x_wconf 89' lang='lat' dir='ltr'>non</span> <span class='ocrx_word' id='word_1_87' title='bbox 1205 1235 1433 1289; x_wconf 83' lang='lat' dir='ltr'>tacebat</span> <span class='ocrx_word' id='word_1_88' title='bbox 1479 1234 1533 1289; x_wconf 89' lang='lat' dir='ltr'>in</span> <span class='ocrx_word' id='word_1_89' title='bbox 1566 1234 1795 1289; x_wconf 88' lang='lat' dir='ltr'>domino</span> 
     </span>
    </p>
   </div>
   <div class='ocr_carea' id='block_1_14' title="bbox 122 1319 1798 1391">
    <p class='ocr_par' dir='ltr' id='par_1_14' title="bbox 122 1319 1798 1391">
     <span class='ocr_line' id='line_1_14' title="bbox 122 1319 1798 1391; baseline 0.001 -16"><span class='ocrx_word' id='word_1_90' title='bbox 122 1320 254 1375; x_wconf 87' lang='lat' dir='ltr'>Deo</span> <span class='ocrx_word' id='word_1_91' title='bbox 289 1334 403 1376; x_wconf 90' lang='lat' dir='ltr'>suo</span> <span class='ocrx_word' id='word_1_92' title='bbox 435 1319 691 1377; x_wconf 83' lang='lat' dir='ltr'>confisus</span> <span class='ocrx_word' id='word_1_93' title='bbox 722 1321 794 1377; x_wconf 90' lang='lat' dir='ltr'>de</span> <span class='ocrx_word' id='word_1_94' title='bbox 827 1321 1079 1378; x_wconf 84' lang='lat' dir='ltr'>vitandis</span> <span class='ocrx_word' id='word_1_95' title='bbox 1108 1322 1580 1391; x_wconf 82' lang='lat' dir='ltr'>Symoniacorum</span> <span class='ocrx_word' id='word_1_96' title='bbox 1615 1328 1670 1377; x_wconf 87' lang='lat' dir='ltr'>et</span> <span class='ocrx_word' id='word_1_97' title='bbox 1705 1322 1798 1376; x_wconf 74' lang='lat' dir='ltr'>Ni-</span> 
     </span>
    </p>
   </div>
   <div class='ocr_carea' id='block_1_15' title="bbox 121 1406 1797 1481">
    <p class='ocr_par' dir='ltr' id='par_1_15' title="bbox 121 1406 1797 1481">
     <span class='ocr_line' id='line_1_15' title="bbox 121 1406 1797 1481; baseline 0.002 -18"><span class='ocrx_word' id='word_1_98' title='bbox 121 1406 535 1464; x_wconf 86' lang='lat' dir='ltr'>cholaitarum</span> <span class='ocrx_word' id='word_1_99' title='bbox 588 1409 915 1478; x_wconf 85' lang='lat' dir='ltr'>sacrificiis,</span> <span class='ocrx_word' id='word_1_100' title='bbox 948 1425 1245 1481; x_wconf 76' lang='lat' dir='ltr'>exponens</span> <span class='ocrx_word' id='word_1_101' title='bbox 1294 1412 1631 1467; x_wconf 75' lang='lat' dir='ltr'>Nicholaum</span> <span class='ocrx_word' id='word_1_102' title='bbox 1666 1412 1797 1466; x_wconf 88' lang='lat' dir='ltr'>ideo</span> 
     </span>
    </p>
   </div>
   <div class='ocr_carea' id='block_1_16' title="bbox 124 1498 1797 1570">
    <p class='ocr_par' dir='ltr' id='par_1_16' title="bbox 124 1498 1797 1570">
     <span class='ocr_line' id='line_1_16' title="bbox 124 1498 1797 1570; baseline 0.003 -20"><span class='ocrx_word' id='word_1_103' title='bbox 124 1498 469 1553; x_wconf 81' lang='lat' dir='ltr'>secundum</span> <span class='ocrx_word' id='word_1_104' title='bbox 499 1498 730 1553; x_wconf 83' lang='lat' dir='ltr'>beatum</span> <span class='ocrx_word' id='word_1_105' title='bbox 766 1501 1148 1565; x_wconf 70' lang='lat' dir='ltr'>Augustinum</span> <span class='ocrx_word' id='word_1_106' title='bbox 1177 1501 1245 1553; x_wconf 83' lang='lat' dir='ltr'>ab</span> <span class='ocrx_word' id='word_1_107' title='bbox 1272 1501 1553 1570; x_wconf 61' lang='lat' dir='ltr'>apistolis</span> <span class='ocrx_word' id='word_1_108' title='bbox 1586 1501 1797 1555; x_wconf 81' lang='lat' dir='ltr'>hereti-</span> 
     </span>
    </p>
   </div>
   <div class='ocr_carea' id='block_1_17' title="bbox 122 1585 1793 1659">
    <p class='ocr_par' dir='ltr' id='par_1_17' title="bbox 122 1585 1793 1659">
     <span class='ocr_line' id='line_1_17' title="bbox 122 1585 1793 1659; baseline 0.002 -19"><span class='ocrx_word' id='word_1_109' title='bbox 122 1602 266 1641; x_wconf 83' lang='lat' dir='ltr'>cum</span> <span class='ocrx_word' id='word_1_110' title='bbox 286 1585 647 1655; x_wconf 86' lang='lat' dir='ltr'>judicatum,</span> <span class='ocrx_word' id='word_1_111' title='bbox 667 1587 1086 1656; x_wconf 88' lang='lat' dir='ltr'>quiainordine</span> <span class='ocrx_word' id='word_1_112' title='bbox 1111 1588 1455 1645; x_wconf 85' lang='lat' dir='ltr'>diaconatus</span> <span class='ocrx_word' id='word_1_113' title='bbox 1474 1604 1601 1645; x_wconf 92' lang='lat' dir='ltr'>eum</span> <span class='ocrx_word' id='word_1_114' title='bbox 1624 1604 1793 1659; x_wconf 86' lang='lat' dir='ltr'>quem</span> 
     </span>
    </p>
   </div>
   <div class='ocr_carea' id='block_1_18' title="bbox 120 1674 1793 1748">
    <p class='ocr_par' dir='ltr' id='par_1_18' title="bbox 120 1674 1793 1748">
     <span class='ocr_line' id='line_1_18' title="bbox 120 1674 1793 1748; baseline 0.002 -19"><span class='ocrx_word' id='word_1_115' title='bbox 120 1675 307 1746; x_wconf 89' lang='lat' dir='ltr'>prius</span> <span class='ocrx_word' id='word_1_116' title='bbox 339 1674 628 1732; x_wconf 80' lang='lat' dir='ltr'>habuerat</span> <span class='ocrx_word' id='word_1_117' title='bbox 662 1676 862 1733; x_wconf 82' lang='lat' dir='ltr'>uxoris</span> <span class='ocrx_word' id='word_1_118' title='bbox 892 1691 1059 1733; x_wconf 90' lang='lat' dir='ltr'>usum</span> <span class='ocrx_word' id='word_1_119' title='bbox 1092 1678 1380 1748; x_wconf 87' lang='lat' dir='ltr'>apostolis</span> <span class='ocrx_word' id='word_1_120' title='bbox 1410 1679 1793 1747; x_wconf 84' lang='lat' dir='ltr'>arguentibus</span> 
     </span>
    </p>
   </div>
   <div class='ocr_carea' id='block_1_19' title="bbox 1910 521 3552 593">
    <p class='ocr_par' dir='ltr' id='par_1_19' title="bbox 1910 521 3552 593">
     <span class='ocr_line' id='line_1_19' title="bbox 1910 521 3552 593; baseline 0.001 -15"><span class='ocrx_word' id='word_1_121' title='bbox 1910 523 2134 593; x_wconf 73' lang='lat' dir='ltr'>dicunt,</span> <span class='ocrx_word' id='word_1_122' title='bbox 2154 524 2260 581; x_wconf 88' lang='lat' dir='ltr'>sed</span> <span class='ocrx_word' id='word_1_123' title='bbox 2274 525 2422 583; x_wconf 73' lang='lat' dir='ltr'>tiro.</span> <span class='ocrx_word' id='word_1_124' title='bbox 2444 526 2557 581; x_wconf 84' lang='lat' dir='ltr'>Hec</span> <span class='ocrx_word' id='word_1_125' title='bbox 2580 523 2890 581; x_wconf 87' lang='lat' dir='ltr'>abbatibus</span> <span class='ocrx_word' id='word_1_126' title='bbox 2913 522 3319 592; x_wconf 83' lang='lat' dir='ltr'>referentibus,</span> <span class='ocrx_word' id='word_1_127' title='bbox 3341 527 3400 579; x_wconf 89' lang='lat' dir='ltr'>et</span> <span class='ocrx_word' id='word_1_128' title='bbox 3420 521 3552 579; x_wconf 90' lang='lat' dir='ltr'>aliis</span> 
     </span>
    </p>
   </div>
   <div class='ocr_carea' id='block_1_20' title="bbox 1908 611 3551 683">
    <p class='ocr_par' dir='ltr' id='par_1_20' title="bbox 1908 611 3551 683">
     <span class='ocr_line' id='line_1_20' title="bbox 1908 611 3551 683; baseline -0.001 -18"><span class='ocrx_word' id='word_1_129' title='bbox 1908 613 2176 683; x_wconf 84' lang='lat' dir='ltr'>personis</span> <span class='ocrx_word' id='word_1_130' title='bbox 2211 629 2322 669; x_wconf 89' lang='lat' dir='ltr'>non</span> <span class='ocrx_word' id='word_1_131' title='bbox 2359 614 2606 682; x_wconf 85' lang='lat' dir='ltr'>levibus,</span> <span class='ocrx_word' id='word_1_132' title='bbox 2659 612 2955 681; x_wconf 83' lang='lat' dir='ltr'>cognitum</span> <span class='ocrx_word' id='word_1_133' title='bbox 3007 616 3115 667; x_wconf 91' lang='lat' dir='ltr'>est.</span> <span class='ocrx_word' id='word_1_134' title='bbox 3172 611 3329 666; x_wconf 84' lang='lat' dir='ltr'>Obiit</span> <span class='ocrx_word' id='word_1_135' title='bbox 3357 614 3551 667; x_wconf 89' lang='lat' dir='ltr'>autem</span> 
     </span>
    </p>
   </div>
   <div class='ocr_carea' id='block_1_21' title="bbox 1906 700 3549 768">
    <p class='ocr_par' dir='ltr' id='par_1_21' title="bbox 1906 700 3549 768">
     <span class='ocr_line' id='line_1_21' title="bbox 1906 700 3549 768; baseline -0.001 -12"><span class='ocrx_word' id='word_1_136' title='bbox 1906 702 2046 757; x_wconf 87' lang='lat' dir='ltr'>Non.</span> <span class='ocrx_word' id='word_1_137' title='bbox 2083 702 2211 757; x_wconf 85' lang='lat' dir='ltr'>Maii</span> <span class='ocrx_word' id='word_1_138' title='bbox 2244 703 2593 759; x_wconf 71' lang='lat' dir='ltr'>venerabilis</span> <span class='ocrx_word' id='word_1_139' title='bbox 2634 702 2884 757; x_wconf 87' lang='lat' dir='ltr'>antistes</span> <span class='ocrx_word' id='word_1_140' title='bbox 2914 700 3316 767; x_wconf 85' lang='lat' dir='ltr'>Hcrimannus,</span> <span class='ocrx_word' id='word_1_141' title='bbox 3353 714 3549 768; x_wconf 88' lang='lat' dir='ltr'>cruce,</span> 
     </span>
    </p>
   </div>
   <div class='ocr_carea' id='block_1_22' title="bbox 1908 787 3553 862">
    <p class='ocr_par' dir='ltr' id='par_1_22' title="bbox 1908 787 3553 862">
     <span class='ocr_line' id='line_1_22' title="bbox 1908 787 3553 862; baseline 0.001 -19"><span class='ocrx_word' id='word_1_142' title='bbox 1908 790 2077 845; x_wconf 88' lang='lat' dir='ltr'>mitra</span> <span class='ocrx_word' id='word_1_143' title='bbox 2108 795 2167 846; x_wconf 90' lang='lat' dir='ltr'>et</span> <span class='ocrx_word' id='word_1_144' title='bbox 2200 791 2376 862; x_wconf 88' lang='lat' dir='ltr'>pallio</span> <span class='ocrx_word' id='word_1_145' title='bbox 2410 792 2746 859; x_wconf 86' lang='lat' dir='ltr'>decoratus,</span> <span class='ocrx_word' id='word_1_146' title='bbox 2775 796 2830 846; x_wconf 89' lang='lat' dir='ltr'>et</span> <span class='ocrx_word' id='word_1_147' title='bbox 2857 790 2946 846; x_wconf 87' lang='lat' dir='ltr'>his</span> <span class='ocrx_word' id='word_1_148' title='bbox 2982 787 3250 860; x_wconf 90' lang='lat' dir='ltr'>sepultus</span> <span class='ocrx_word' id='word_1_149' title='bbox 3282 788 3553 859; x_wconf 86' lang='lat' dir='ltr'>insigniis</span> 
     </span>
    </p>
   </div>
   <div class='ocr_carea' id='block_1_23' title="bbox 1909 877 3477 937">
    <p class='ocr_par' dir='ltr' id='par_1_23' title="bbox 1909 877 3477 937">
     <span class='ocr_line' id='line_1_23' title="bbox 1909 877 3477 937; baseline 0.001 -5"><span class='ocrx_word' id='word_1_150' title='bbox 1909 877 1960 932; x_wconf 91' lang='lat' dir='ltr'>in</span> <span class='ocrx_word' id='word_1_151' title='bbox 1996 878 2237 935; x_wconf 83' lang='lat' dir='ltr'>ecclesia</span> <span class='ocrx_word' id='word_1_152' title='bbox 2272 881 2456 937; x_wconf 77' lang='lat' dir='ltr'>sancti</span> <span class='ocrx_word' id='word_1_153' title='bbox 2492 882 2647 936; x_wconf 67' lang='lat' dir='ltr'>Petri</span> <span class='ocrx_word' id='word_1_154' title='bbox 2693 895 2838 936; x_wconf 91' lang='lat' dir='ltr'>anno</span> <span class='ocrx_word' id='word_1_155' title='bbox 2872 880 2943 935; x_wconf 89' lang='lat' dir='ltr'>ab</span> <span class='ocrx_word' id='word_1_156' title='bbox 2976 879 3085 934; x_wconf 90' lang='lat' dir='ltr'>inc.</span> <span class='ocrx_word' id='word_1_157' title='bbox 3123 879 3282 934; x_wconf 87' lang='lat' dir='ltr'>Dom.</span> <span class='ocrx_word' id='word_1_158' title='bbox 3320 877 3477 934; x_wconf 82' lang='lat'>1090.</span> 
     </span>
    </p>
   </div>
   <div class='ocr_carea' id='block_1_24' title="bbox 1980 966 3552 1045">
    <p class='ocr_par' dir='ltr' id='par_1_24' title="bbox 1980 966 3552 1045">
     <span class='ocr_line' id='line_1_24' title="bbox 1980 966 3552 1045; baseline -0.001 -20"><span class='ocrx_word' id='word_1_159' title='bbox 1980 971 2160 1039; x_wconf 74' lang='lat' dir='ltr'>(less,</span> <span class='ocrx_word' id='word_1_160' title='bbox 2189 973 2311 1027; x_wconf 84' lang='lat' dir='ltr'>Mai.</span> <span class='ocrx_word' id='word_1_161' title='bbox 2340 974 2417 1043; x_wconf 89' lang='lat'>7.)</span> <span class='ocrx_word' id='word_1_162' title='bbox 2454 976 2613 1029; x_wconf 82' lang='lat' dir='ltr'>Anno</span> <span class='ocrx_word' id='word_1_163' title='bbox 2640 973 2941 1045; x_wconf 66' lang='lat' dir='ltr'>praeterito</span> <span class='ocrx_word' id='word_1_164' title='bbox 2964 970 3316 1027; x_wconf 86' lang='lat' dir='ltr'>Teodoricus</span> <span class='ocrx_word' id='word_1_165' title='bbox 3347 966 3552 1025; x_wconf 86' lang='lat' dir='ltr'>Virdu-</span> 
     </span>
    </p>
   </div>
   <div class='ocr_carea' id='block_1_25' title="bbox 1905 1058 3549 1131">
    <p class='ocr_par' dir='ltr' id='par_1_25' title="bbox 1905 1058 3549 1131">
     <span class='ocr_line' id='line_1_25' title="bbox 1905 1058 3549 1131; baseline -0.002 -16"><span class='ocrx_word' id='word_1_166' title='bbox 1905 1061 2106 1115; x_wconf 91' lang='lat' dir='ltr'>nensis</span> <span class='ocrx_word' id='word_1_167' title='bbox 2153 1062 2465 1118; x_wconf 87' lang='lat' dir='ltr'>defunctus</span> <span class='ocrx_word' id='word_1_168' title='bbox 2513 1068 2635 1119; x_wconf 88' lang='lat' dir='ltr'>erat</span> <span class='ocrx_word' id='word_1_169' title='bbox 2681 1065 2712 1117; x_wconf 85' lang='grc'>4</span> <span class='ocrx_word' id='word_1_170' title='bbox 2750 1064 2889 1118; x_wconf 76' lang='lat' dir='ltr'>Non.</span> <span class='ocrx_word' id='word_1_171' title='bbox 2927 1063 3052 1131; x_wconf 84' lang='lat' dir='ltr'>Mai,</span> <span class='ocrx_word' id='word_1_172' title='bbox 3110 1060 3204 1131; x_wconf 90' lang='lat' dir='ltr'>qui</span> <span class='ocrx_word' id='word_1_173' title='bbox 3257 1064 3449 1115; x_wconf 89' lang='lat' dir='ltr'>tamen</span> <span class='ocrx_word' id='word_1_174' title='bbox 3494 1058 3549 1112; x_wconf 92' lang='lat' dir='ltr'>in</span> 
     </span>
    </p>
   </div>
   <div class='ocr_carea' id='block_1_26' title="bbox 1906 1144 3552 1217">
    <p class='ocr_par' dir='ltr' id='par_1_26' title="bbox 1906 1144 3552 1217">
     <span class='ocr_line' id='line_1_26' title="bbox 1906 1144 3552 1217; baseline -0.001 -15"><span class='ocrx_word' id='word_1_175' title='bbox 1906 1147 2244 1205; x_wconf 83' lang='lat' dir='ltr'>infirmitate</span> <span class='ocrx_word' id='word_1_176' title='bbox 2280 1151 2349 1207; x_wconf 90' lang='lat' dir='ltr'>de</span> <span class='ocrx_word' id='word_1_177' title='bbox 2380 1152 2786 1207; x_wconf 89' lang='lat' dir='ltr'>communione</span> <span class='ocrx_word' id='word_1_178' title='bbox 2825 1150 3096 1206; x_wconf 84' lang='lat' dir='ltr'>Witberti</span> <span class='ocrx_word' id='word_1_179' title='bbox 3140 1154 3196 1206; x_wconf 89' lang='lat' dir='ltr'>et</span> <span class='ocrx_word' id='word_1_180' title='bbox 3240 1148 3311 1205; x_wconf 87' lang='lat' dir='ltr'>de</span> <span class='ocrx_word' id='word_1_181' title='bbox 3351 1144 3552 1217; x_wconf 79' lang='lat' dir='ltr'>expul-</span> 
     </span>
    </p>
   </div>
   <div class='ocr_carea' id='block_1_27' title="bbox 1905 1239 3551 1312">
    <p class='ocr_par' dir='ltr' id='par_1_27' title="bbox 1905 1239 3551 1312">
     <span class='ocr_line' id='line_1_27' title="bbox 1905 1239 3551 1312; baseline -0.002 -20"><span class='ocrx_word' id='word_1_182' title='bbox 1905 1239 2065 1294; x_wconf 85' lang='lat' dir='ltr'>sione</span> <span class='ocrx_word' id='word_1_183' title='bbox 2108 1240 2352 1296; x_wconf 80' lang='lat' dir='ltr'>fratrum</span> <span class='ocrx_word' id='word_1_184' title='bbox 2398 1241 2772 1312; x_wconf 82' lang='lat' dir='ltr'>penitentiam</span> <span class='ocrx_word' id='word_1_185' title='bbox 2807 1242 2945 1309; x_wconf 84' lang='lat' dir='ltr'>egit,</span> <span class='ocrx_word' id='word_1_186' title='bbox 2985 1239 3213 1310; x_wconf 84' lang='lat' dir='ltr'>culpam</span> <span class='ocrx_word' id='word_1_187' title='bbox 3248 1239 3551 1308; x_wconf 79' lang='lat' dir='ltr'>professus</span> 
     </span>
    </p>
   </div>
   <div class='ocr_carea' id='block_1_28' title="bbox 1904 1325 3551 1399">
    <p class='ocr_par' dir='ltr' id='par_1_28' title="bbox 1904 1325 3551 1399">
     <span class='ocr_line' id='line_1_28' title="bbox 1904 1325 3551 1399; baseline -0.003 -17"><span class='ocrx_word' id='word_1_188' title='bbox 1904 1333 2029 1391; x_wconf 85' lang='lat' dir='ltr'>est;</span> <span class='ocrx_word' id='word_1_189' title='bbox 2062 1328 2183 1389; x_wconf 72' lang='lat' dir='ltr'>(fel.</span> <span class='ocrx_word' id='word_1_190' title='bbox 2221 1334 2341 1399; x_wconf 77' lang='lat' dir='ltr'>13d)</span> <span class='ocrx_word' id='word_1_191' title='bbox 2377 1335 2431 1384; x_wconf 91' lang='lat' dir='ltr'>ct</span> <span class='ocrx_word' id='word_1_192' title='bbox 2467 1345 2495 1385; x_wconf 94' lang='lat' dir='ltr'>a</span> <span class='ocrx_word' id='word_1_193' title='bbox 2532 1329 2780 1399; x_wconf 85' lang='lat' dir='ltr'>quodam</span> <span class='ocrx_word' id='word_1_194' title='bbox 2816 1330 2996 1384; x_wconf 89' lang='lat' dir='ltr'>fratre</span> <span class='ocrx_word' id='word_1_195' title='bbox 3032 1326 3287 1383; x_wconf 85' lang='lat' dir='ltr'>Gerardo</span> <span class='ocrx_word' id='word_1_196' title='bbox 3323 1325 3551 1380; x_wconf 74' lang='lat' dir='ltr'>nomine</span> 
     </span>
    </p>
   </div>
   <div class='ocr_carea' id='block_1_29' title="bbox 1908 1414 3551 1487">
    <p class='ocr_par' dir='ltr' id='par_1_29' title="bbox 1908 1414 3551 1487">
     <span class='ocr_line' id='line_1_29' title="bbox 1908 1414 3551 1487; baseline -0.002 -16"><span class='ocrx_word' id='word_1_197' title='bbox 1908 1419 2195 1487; x_wconf 73' lang='lat' dir='ltr'>quondam</span> <span class='ocrx_word' id='word_1_198' title='bbox 2255 1418 2539 1474; x_wconf 84' lang='lat' dir='ltr'>canonico</span> <span class='ocrx_word' id='word_1_199' title='bbox 2590 1424 2645 1473; x_wconf 91' lang='lat' dir='ltr'>et</span> <span class='ocrx_word' id='word_1_200' title='bbox 2699 1419 3110 1473; x_wconf 65' lang='lat' dir='ltr'>archidiacono</span> <span class='ocrx_word' id='word_1_201' title='bbox 3168 1414 3551 1471; x_wconf 72' lang='lat' dir='ltr'>Virdunensis</span> 
     </span>
    </p>
   </div>
   <div class='ocr_carea' id='block_1_30' title="bbox 1907 1505 3549 1575">
    <p class='ocr_par' dir='ltr' id='par_1_30' title="bbox 1907 1505 3549 1575">
     <span class='ocr_line' id='line_1_30' title="bbox 1907 1505 3549 1575; baseline -0.003 -13"><span class='ocrx_word' id='word_1_202' title='bbox 1907 1506 2209 1575; x_wconf 63' lang='lat' dir='ltr'>zecclesiaa,</span> <span class='ocrx_word' id='word_1_203' title='bbox 2237 1512 2373 1563; x_wconf 90' lang='lat' dir='ltr'>tunc</span> <span class='ocrx_word' id='word_1_204' title='bbox 2398 1512 2589 1563; x_wconf 88' lang='lat' dir='ltr'>autem</span> <span class='ocrx_word' id='word_1_205' title='bbox 2619 1508 2898 1564; x_wconf 84' lang='lat' dir='ltr'>monacho</span> <span class='ocrx_word' id='word_1_206' title='bbox 2929 1506 3115 1563; x_wconf 89' lang='lat' dir='ltr'>sancti</span> <span class='ocrx_word' id='word_1_207' title='bbox 3137 1505 3354 1573; x_wconf 70' lang='lat' dir='ltr'>VitJIIi,</span> <span class='ocrx_word' id='word_1_208' title='bbox 3382 1516 3549 1573; x_wconf 90' lang='lat' dir='ltr'>quem</span> 
     </span>
    </p>
   </div>
   <div class='ocr_carea' id='block_1_31' title="bbox 1907 1591 3550 1669">
    <p class='ocr_par' dir='ltr' id='par_1_31' title="bbox 1907 1591 3550 1669">
     <span class='ocr_line' id='line_1_31' title="bbox 1907 1591 3550 1669; baseline -0.002 -19"><span class='ocrx_word' id='word_1_209' title='bbox 1907 1594 2192 1652; x_wconf 80' lang='lat' dir='ltr'>Rodulfns</span> <span class='ocrx_word' id='word_1_210' title='bbox 2259 1598 2438 1652; x_wconf 84' lang='lat' dir='ltr'>abbas</span> <span class='ocrx_word' id='word_1_211' title='bbox 2496 1598 2587 1669; x_wconf 89' lang='lat' dir='ltr'>pia</span> <span class='ocrx_word' id='word_1_212' title='bbox 2653 1596 3050 1653; x_wconf 88' lang='lat' dir='ltr'>sollicitudine</span> <span class='ocrx_word' id='word_1_213' title='bbox 3108 1610 3211 1666; x_wconf 90' lang='lat' dir='ltr'>pro</span> <span class='ocrx_word' id='word_1_214' title='bbox 3280 1593 3388 1648; x_wconf 87' lang='lat' dir='ltr'>hoc</span> <span class='ocrx_word' id='word_1_215' title='bbox 3450 1591 3550 1646; x_wconf 91' lang='lat' dir='ltr'>illo</span> 
     </span>
    </p>
   </div>
   <div class='ocr_carea' id='block_1_32' title="bbox 1910 1681 3554 1756">
    <p class='ocr_par' dir='ltr' id='par_1_32' title="bbox 1910 1681 3554 1756">
     <span class='ocr_line' id='line_1_32' title="bbox 1910 1681 3554 1756; baseline -0.003 -18"><span class='ocrx_word' id='word_1_216' title='bbox 1910 1684 2169 1753; x_wconf 86' lang='lat' dir='ltr'>miserat,</span> <span class='ocrx_word' id='word_1_217' title='bbox 2216 1688 2511 1756; x_wconf 62' lang='lat' dir='ltr'>praecepto</span> <span class='ocrx_word' id='word_1_218' title='bbox 2563 1685 2819 1755; x_wconf 80' lang='lat' dir='ltr'>ejusdem</span> <span class='ocrx_word' id='word_1_219' title='bbox 2862 1684 3112 1752; x_wconf 86' lang='lat' dir='ltr'>abbatis,</span> <span class='ocrx_word' id='word_1_220' title='bbox 3157 1681 3252 1753; x_wconf 87' lang='lat' dir='ltr'>qui</span> <span class='ocrx_word' id='word_1_221' title='bbox 3298 1684 3554 1752; x_wconf 88' lang='lat' dir='ltr'>potesta-</span> 
     </span>
    </p>
   </div>
   <div class='ocr_carea' id='block_1_33' title="bbox 123 1762 3553 1855">
    <p class='ocr_par' dir='ltr' id='par_1_33' title="bbox 123 1762 3553 1855">
     <span class='ocr_line' id='line_1_33' title="bbox 123 1762 3553 1855; baseline -0.001 -29"><span class='ocrx_word' id='word_1_222' title='bbox 123 1762 450 1821; x_wconf 74' lang='lat' dir='ltr'>dimittel‘e</span> <span class='ocrx_word' id='word_1_223' title='bbox 478 1764 684 1820; x_wconf 71' lang='lat' dir='ltr'>noluit.</span> <span class='ocrx_word' id='word_1_224' title='bbox 714 1766 770 1820; x_wconf 82' lang='lat' dir='ltr'>In</span> <span class='ocrx_word' id='word_1_225' title='bbox 797 1766 1008 1837; x_wconf 80' lang='lat' dir='ltr'>pascha</span> <span class='ocrx_word' id='word_1_226' title='bbox 1034 1765 1331 1822; x_wconf 75' lang='lat' dir='ltr'>celebrato</span> <span class='ocrx_word' id='word_1_227' title='bbox 1356 1766 1552 1822; x_wconf 66' lang='lat' dir='ltr'>divino</span> <span class='ocrx_word' id='word_1_228' title='bbox 1582 1767 1791 1836; x_wconf 74' lang='lat' dir='ltr'>OmciO,</span> <span class='ocrx_word' id='word_1_229' title='bbox 1830 1797 1875 1855; x_wconf 73' lang='grc' dir='ltr'>Β</span> <span class='ocrx_word' id='word_1_230' title='bbox 1910 1778 2023 1829; x_wconf 89' lang='lat' dir='ltr'>tem</span> <span class='ocrx_word' id='word_1_231' title='bbox 2065 1775 2401 1830; x_wconf 78' lang='lat' dir='ltr'>absolvendi</span> <span class='ocrx_word' id='word_1_232' title='bbox 2443 1790 2564 1844; x_wconf 88' lang='lat' dir='ltr'>eos,</span> <span class='ocrx_word' id='word_1_233' title='bbox 2608 1775 2703 1845; x_wconf 89' lang='lat' dir='ltr'>qui</span> <span class='ocrx_word' id='word_1_234' title='bbox 2738 1776 2808 1830; x_wconf 91' lang='lat' dir='ltr'>ab</span> <span class='ocrx_word' id='word_1_235' title='bbox 2841 1771 3359 1829; x_wconf 78' lang='lat' dir='ltr'>excommunicatis</span> <span class='ocrx_word' id='word_1_236' title='bbox 3402 1768 3553 1824; x_wconf 91' lang='lat' dir='ltr'>redi-</span> 
     </span>
    </p>
   </div>
   <div class='ocr_carea' id='block_1_34' title="bbox 126 1854 1792 1927">
    <p class='ocr_par' dir='ltr' id='par_1_34' title="bbox 126 1854 1792 1927">
     <span class='ocr_line' id='line_1_34' title="bbox 126 1854 1792 1927; baseline 0.001 -19"><span class='ocrx_word' id='word_1_237' title='bbox 126 1867 196 1909; x_wconf 90' lang='lat' dir='ltr'>se</span> <span class='ocrx_word' id='word_1_238' title='bbox 230 1858 295 1910; x_wconf 89' lang='lat' dir='ltr'>et</span> <span class='ocrx_word' id='word_1_239' title='bbox 328 1868 476 1910; x_wconf 90' lang='lat' dir='ltr'>oves</span> <span class='ocrx_word' id='word_1_240' title='bbox 506 1854 621 1911; x_wconf 88' lang='lat' dir='ltr'>sibi</span> <span class='ocrx_word' id='word_1_241' title='bbox 653 1855 994 1911; x_wconf 88' lang='lat' dir='ltr'>commissas</span> <span class='ocrx_word' id='word_1_242' title='bbox 1035 1860 1400 1911; x_wconf 89' lang='lat' dir='ltr'>sacramento</span> <span class='ocrx_word' id='word_1_243' title='bbox 1441 1856 1706 1927; x_wconf 88' lang='lat' dir='ltr'>corporis</span> <span class='ocrx_word' id='word_1_244' title='bbox 1735 1860 1792 1911; x_wconf 88' lang='lat' dir='ltr'>et</span> 
     </span>
    </p>
   </div>
   <div class='ocr_carea' id='block_1_35' title="bbox 127 1942 1793 2015">
    <p class='ocr_par' dir='ltr' id='par_1_35' title="bbox 127 1942 1793 2015">
     <span class='ocr_line' id='line_1_35' title="bbox 127 1942 1793 2015; baseline 0.002 -19"><span class='ocrx_word' id='word_1_245' title='bbox 127 1942 449 2012; x_wconf 79' lang='lat' dir='ltr'>sanguinis</span> <span class='ocrx_word' id='word_1_246' title='bbox 496 1943 597 1998; x_wconf 89' lang='lat' dir='ltr'>Dei</span> <span class='ocrx_word' id='word_1_247' title='bbox 651 1944 912 1999; x_wconf 81' lang='lat' dir='ltr'>munivit.</span> <span class='ocrx_word' id='word_1_248' title='bbox 970 1943 1179 1999; x_wconf 86' lang='lat' dir='ltr'>Eadem</span> <span class='ocrx_word' id='word_1_249' title='bbox 1232 1944 1323 1999; x_wconf 91' lang='lat' dir='ltr'>die</span> <span class='ocrx_word' id='word_1_250' title='bbox 1373 1943 1441 1999; x_wconf 90' lang='lat' dir='ltr'>ad</span> <span class='ocrx_word' id='word_1_251' title='bbox 1492 1960 1793 2015; x_wconf 85' lang='lat' dir='ltr'>vesperam</span> 
     </span>
    </p>
   </div>
   <div class='ocr_carea' id='block_1_36' title="bbox 128 2030 1799 2103">
    <p class='ocr_par' dir='ltr' id='par_1_36' title="bbox 128 2030 1799 2103">
     <span class='ocr_line' id='line_1_36' title="bbox 128 2030 1799 2103; baseline 0.002 -19"><span class='ocrx_word' id='word_1_252' title='bbox 128 2030 385 2098; x_wconf 78' lang='lat' dir='ltr'>gravius</span> <span class='ocrx_word' id='word_1_253' title='bbox 439 2030 721 2086; x_wconf 87' lang='lat' dir='ltr'>inﬁrmari</span> <span class='ocrx_word' id='word_1_254' title='bbox 760 2032 934 2102; x_wconf 86' lang='lat' dir='ltr'>cepit.</span> <span class='ocrx_word' id='word_1_255' title='bbox 985 2032 1503 2103; x_wconf 79' lang='lat' dir='ltr'>Appropinquante</span> <span class='ocrx_word' id='word_1_256' title='bbox 1537 2049 1673 2090; x_wconf 89' lang='lat' dir='ltr'>vero</span> <span class='ocrx_word' id='word_1_257' title='bbox 1707 2033 1799 2088; x_wconf 89' lang='lat' dir='ltr'>die</span> 
     </span>
    </p>
   </div>
   <div class='ocr_carea' id='block_1_37' title="bbox 129 2120 1794 2192">
    <p class='ocr_par' dir='ltr' id='par_1_37' title="bbox 129 2120 1794 2192">
     <span class='ocr_line' id='line_1_37' title="bbox 129 2120 1794 2192; baseline 0.002 -17"><span class='ocrx_word' id='word_1_258' title='bbox 129 2120 543 2175; x_wconf 85' lang='lat' dir='ltr'>determinato</span> <span class='ocrx_word' id='word_1_259' title='bbox 561 2120 1086 2177; x_wconf 88' lang='lat' dir='ltr'>adtransferendas</span> <span class='ocrx_word' id='word_1_260' title='bbox 1112 2122 1474 2177; x_wconf 82' lang='lat' dir='ltr'>venerabiles</span> <span class='ocrx_word' id='word_1_261' title='bbox 1498 2123 1794 2192; x_wconf 82' lang='lat' dir='ltr'>reliquias,</span> 
     </span>
    </p>
   </div>
   <div class='ocr_carea' id='block_1_38' title="bbox 129 2209 1801 2281">
    <p class='ocr_par' dir='ltr' id='par_1_38' title="bbox 129 2209 1801 2281">
     <span class='ocr_line' id='line_1_38' title="bbox 129 2209 1801 2281; baseline 0.002 -18"><span class='ocrx_word' id='word_1_262' title='bbox 129 2209 299 2265; x_wconf 90' lang='lat' dir='ltr'>vires</span> <span class='ocrx_word' id='word_1_263' title='bbox 321 2214 537 2265; x_wconf 84' lang='lat' dir='ltr'>tenues</span> <span class='ocrx_word' id='word_1_264' title='bbox 557 2210 794 2265; x_wconf 87' lang='lat' dir='ltr'>Domino</span> <span class='ocrx_word' id='word_1_265' title='bbox 817 2214 1105 2266; x_wconf 88' lang='lat' dir='ltr'>annuente</span> <span class='ocrx_word' id='word_1_266' title='bbox 1134 2212 1374 2281; x_wconf 83' lang='lat' dir='ltr'>recepit.</span> <span class='ocrx_word' id='word_1_267' title='bbox 1398 2216 1453 2264; x_wconf 87' lang='lat' dir='ltr'>et</span> <span class='ocrx_word' id='word_1_268' title='bbox 1476 2212 1526 2264; x_wconf 88' lang='lat' dir='ltr'>in</span> <span class='ocrx_word' id='word_1_269' title='bbox 1554 2214 1801 2266; x_wconf 70' lang='lat' dir='ltr'>transfe-</span> 
     </span>
    </p>
   </div>
   <div class='ocr_carea' id='block_1_39' title="bbox 128 2296 1798 2355">
    <p class='ocr_par' dir='ltr' id='par_1_39' title="bbox 128 2296 1798 2355">
     <span class='ocr_line' id='line_1_39' title="bbox 128 2296 1798 2355; baseline 0.002 -4"><span class='ocrx_word' id='word_1_270' title='bbox 128 2296 331 2353; x_wconf 85' lang='lat' dir='ltr'>rendo</span> <span class='ocrx_word' id='word_1_271' title='bbox 380 2298 561 2354; x_wconf 88' lang='lat' dir='ltr'>beato</span> <span class='ocrx_word' id='word_1_272' title='bbox 603 2297 900 2353; x_wconf 87' lang='lat' dir='ltr'>Clemente</span> <span class='ocrx_word' id='word_1_273' title='bbox 932 2298 1049 2354; x_wconf 80' lang='lat' dir='ltr'>Kal.</span> <span class='ocrx_word' id='word_1_274' title='bbox 1087 2299 1211 2353; x_wconf 79' lang='lat' dir='ltr'>Maii</span> <span class='ocrx_word' id='word_1_275' title='bbox 1242 2316 1368 2355; x_wconf 75' lang='lat' dir='ltr'>Clllll</span> <span class='ocrx_word' id='word_1_276' title='bbox 1403 2315 1621 2355; x_wconf 89' lang='lat' dir='ltr'>summa</span> <span class='ocrx_word' id='word_1_277' title='bbox 1656 2301 1798 2355; x_wconf 88' lang='lat' dir='ltr'>eleri</span> 
     </span>
    </p>
   </div>
   <div class='ocr_carea' id='block_1_40' title="bbox 132 2385 1858 2457">
    <p class='ocr_par' dir='ltr' id='par_1_40' title="bbox 132 2385 1858 2457">
     <span class='ocr_line' id='line_1_40' title="bbox 132 2385 1858 2457; baseline 0.003 -17"><span class='ocrx_word' id='word_1_278' title='bbox 132 2385 462 2456; x_wconf 89' lang='lat' dir='ltr'>plebisque</span> <span class='ocrx_word' id='word_1_279' title='bbox 496 2386 810 2442; x_wconf 87' lang='lat' dir='ltr'>devotione</span> <span class='ocrx_word' id='word_1_280' title='bbox 843 2387 1035 2442; x_wconf 89' lang='lat' dir='ltr'>divina</span> <span class='ocrx_word' id='word_1_281' title='bbox 1068 2388 1255 2456; x_wconf 85' lang='lat' dir='ltr'>gratia</span> <span class='ocrx_word' id='word_1_282' title='bbox 1290 2388 1643 2442; x_wconf 73' lang='lat' dir='ltr'>desiderium</span> <span class='ocrx_word' id='word_1_283' title='bbox 1676 2389 1802 2457; x_wconf 86' lang='lat' dir='ltr'>ejus</span> <span class='ocrx_word' id='word_1_284' title='bbox 1852 2419 1858 2424; x_wconf 66' lang='grc' dir='ltr'><strong><em>ε</em></strong></span> 
     </span>
    </p>
   </div>
   <div class='ocr_carea' id='block_1_41' title="bbox 136 2472 1798 2545">
    <p class='ocr_par' dir='ltr' id='par_1_41' title="bbox 136 2472 1798 2545">
     <span class='ocr_line' id='line_1_41' title="bbox 136 2472 1798 2545; baseline 0.002 -18"><span class='ocrx_word' id='word_1_285' title='bbox 136 2472 418 2545; x_wconf 83' lang='lat' dir='ltr'>inplevit,</span> <span class='ocrx_word' id='word_1_286' title='bbox 444 2478 503 2531; x_wconf 87' lang='lat' dir='ltr'>et</span> <span class='ocrx_word' id='word_1_287' title='bbox 530 2480 651 2530; x_wconf 88' lang='lat' dir='ltr'>tota</span> <span class='ocrx_word' id='word_1_288' title='bbox 678 2475 838 2545; x_wconf 87' lang='lat' dir='ltr'>urbe,</span> <span class='ocrx_word' id='word_1_289' title='bbox 864 2475 1034 2531; x_wconf 88' lang='lat' dir='ltr'>immo</span> <span class='ocrx_word' id='word_1_290' title='bbox 1059 2481 1177 2530; x_wconf 85' lang='lat' dir='ltr'>tota</span> <span class='ocrx_word' id='word_1_291' title='bbox 1206 2476 1438 2543; x_wconf 59' lang='lat' dir='ltr'>regione</span> <span class='ocrx_word' id='word_1_292' title='bbox 1463 2476 1532 2530; x_wconf 85' lang='lat' dir='ltr'>ad</span> <span class='ocrx_word' id='word_1_293' title='bbox 1559 2478 1798 2531; x_wconf 81' lang='lat' dir='ltr'>verbum</span> 
     </span>
    </p>
   </div>
   <div class='ocr_carea' id='block_1_42' title="bbox 138 2562 1802 2634">
    <p class='ocr_par' dir='ltr' id='par_1_42' title="bbox 138 2562 1802 2634">
     <span class='ocr_line' id='line_1_42' title="bbox 138 2562 1802 2634; baseline 0.002 -16"><span class='ocrx_word' id='word_1_294' title='bbox 138 2562 589 2634; x_wconf 75' lang='lat' dir='ltr'>prmdicationis</span> <span class='ocrx_word' id='word_1_295' title='bbox 618 2564 744 2634; x_wconf 89' lang='lat' dir='ltr'>ejus</span> <span class='ocrx_word' id='word_1_296' title='bbox 776 2567 1026 2634; x_wconf 85' lang='lat' dir='ltr'>astante,</span> <span class='ocrx_word' id='word_1_297' title='bbox 1061 2570 1120 2619; x_wconf 90' lang='lat' dir='ltr'>et</span> <span class='ocrx_word' id='word_1_298' title='bbox 1152 2564 1221 2619; x_wconf 91' lang='lat' dir='ltr'>de</span> <span class='ocrx_word' id='word_1_299' title='bbox 1254 2580 1351 2619; x_wconf 85' lang='lat' dir='ltr'>ore</span> <span class='ocrx_word' id='word_1_300' title='bbox 1386 2564 1509 2633; x_wconf 73' lang='lat' dir='ltr'>ejus</span> <span class='ocrx_word' id='word_1_301' title='bbox 1542 2580 1672 2620; x_wconf 88' lang='lat' dir='ltr'>rore</span> <span class='ocrx_word' id='word_1_302' title='bbox 1707 2582 1802 2621; x_wconf 91' lang='lat' dir='ltr'>su-</span> 
     </span>
    </p>
   </div>
   <div class='ocr_carea' id='block_1_43' title="bbox 138 2651 1802 2721">
    <p class='ocr_par' dir='ltr' id='par_1_43' title="bbox 138 2651 1802 2721">
     <span class='ocr_line' id='line_1_43' title="bbox 138 2651 1802 2721; baseline 0 -14"><span class='ocrx_word' id='word_1_303' title='bbox 138 2664 345 2721; x_wconf 62' lang='lat' dir='ltr'>perna:</span> <span class='ocrx_word' id='word_1_304' title='bbox 381 2651 713 2707; x_wconf 77' lang='lat' dir='ltr'>dulcedinis</span> <span class='ocrx_word' id='word_1_305' title='bbox 738 2651 1079 2719; x_wconf 86' lang='lat' dir='ltr'>distillante,</span> <span class='ocrx_word' id='word_1_306' title='bbox 1107 2653 1375 2708; x_wconf 83' lang='lat' dir='ltr'>omnibus</span> <span class='ocrx_word' id='word_1_307' title='bbox 1401 2653 1706 2719; x_wconf 85' lang='lat' dir='ltr'>absolutis,</span> <span class='ocrx_word' id='word_1_308' title='bbox 1742 2657 1802 2707; x_wconf 91' lang='lat' dir='ltr'>et</span> 
     </span>
    </p>
   </div>
   <div class='ocr_carea' id='block_1_44' title="bbox 140 2739 1797 2811">
    <p class='ocr_par' dir='ltr' id='par_1_44' title="bbox 140 2739 1797 2811">
     <span class='ocr_line' id='line_1_44' title="bbox 140 2739 1797 2811; baseline -0.002 -15"><span class='ocrx_word' id='word_1_309' title='bbox 140 2742 217 2796; x_wconf 90' lang='lat' dir='ltr'>ab</span> <span class='ocrx_word' id='word_1_310' title='bbox 248 2739 526 2796; x_wconf 89' lang='lat' dir='ltr'>omnibus</span> <span class='ocrx_word' id='word_1_311' title='bbox 560 2739 725 2810; x_wconf 90' lang='lat' dir='ltr'>quasi</span> <span class='ocrx_word' id='word_1_312' title='bbox 759 2741 829 2795; x_wconf 90' lang='lat' dir='ltr'>ab</span> <span class='ocrx_word' id='word_1_313' title='bbox 869 2740 994 2811; x_wconf 89' lang='lat' dir='ltr'>ipso</span> <span class='ocrx_word' id='word_1_314' title='bbox 1037 2742 1150 2795; x_wconf 89' lang='lat' dir='ltr'>Deo</span> <span class='ocrx_word' id='word_1_315' title='bbox 1194 2741 1295 2796; x_wconf 86' lang='lat' dir='ltr'>abs</span> <span class='ocrx_word' id='word_1_316' title='bbox 1322 2740 1560 2795; x_wconf 72' lang='grc' dir='ltr'>&gt;1υῐί&lt;&gt;ηθ</span> <span class='ocrx_word' id='word_1_317' title='bbox 1596 2741 1797 2810; x_wconf 75' lang='lat' dir='ltr'>petita,</span> 
     </span>
    </p>
   </div>
   <div class='ocr_carea' id='block_1_45' title="bbox 140 2828 1799 2893">
    <p class='ocr_par' dir='ltr' id='par_1_45' title="bbox 140 2828 1799 2893">
     <span class='ocr_line' id='line_1_45' title="bbox 140 2828 1799 2893; baseline 0 -9"><span class='ocrx_word' id='word_1_318' title='bbox 140 2829 384 2884; x_wconf 88' lang='lat' dir='ltr'>tandem</span> <span class='ocrx_word' id='word_1_319' title='bbox 430 2828 485 2884; x_wconf 92' lang='lat' dir='ltr'>in</span> <span class='ocrx_word' id='word_1_320' title='bbox 533 2828 775 2884; x_wconf 88' lang='lat' dir='ltr'>auribus</span> <span class='ocrx_word' id='word_1_321' title='bbox 823 2828 1075 2884; x_wconf 90' lang='lat' dir='ltr'>omnium</span> <span class='ocrx_word' id='word_1_322' title='bbox 1125 2828 1501 2893; x_wconf 80' lang='lat' dir='ltr'>desideravit,</span> <span class='ocrx_word' id='word_1_323' title='bbox 1553 2829 1799 2885; x_wconf 87' lang='lat' dir='ltr'>dicens:</span> 
     </span>
    </p>
   </div>
   <div class='ocr_carea' id='block_1_46' title="bbox 139 2916 1810 2989">
    <p class='ocr_par' dir='ltr' id='par_1_46' title="bbox 139 2916 1810 2989">
     <span class='ocr_line' id='line_1_46' title="bbox 139 2916 1810 2989; baseline -0.001 -14"><span class='ocrx_word' id='word_1_324' title='bbox 139 2917 395 2987; x_wconf 70' lang='lat' dir='ltr'>Suﬁcit</span> <span class='ocrx_word' id='word_1_325' title='bbox 431 2916 619 2974; x_wconf 69' lang='lat' dir='ltr'>mihi!</span> <span class='ocrx_word' id='word_1_326' title='bbox 670 2918 715 2973; x_wconf 91' lang='grc' dir='ltr'><em>Ο</em></span> <span class='ocrx_word' id='word_1_327' title='bbox 753 2916 985 2973; x_wconf 74' lang='lat' dir='ltr'>utinam</span> <span class='ocrx_word' id='word_1_328' title='bbox 1015 2918 1305 2989; x_wconf 68' lang='lat' dir='ltr'>respiciat</span> <span class='ocrx_word' id='word_1_329' title='bbox 1329 2919 1507 2988; x_wconf 76' lang='lat' dir='ltr'>Beas,</span> <span class='ocrx_word' id='word_1_330' title='bbox 1542 2918 1600 2974; x_wconf 85' lang='lat' dir='ltr'>et</span> <span class='ocrx_word' id='word_1_331' title='bbox 1612 2918 1810 2989; x_wconf 69' lang='lat' dir='ltr'>ﬁniat</span> 
     </span>
    </p>
   </div>
   <div class='ocr_carea' id='block_1_47' title="bbox 147 3005 1805 3078">
    <p class='ocr_par' dir='ltr' id='par_1_47' title="bbox 147 3005 1805 3078">
     <span class='ocr_line' id='line_1_47' title="bbox 147 3005 1805 3078; baseline -0.001 -16"><span class='ocrx_word' id='word_1_332' title='bbox 147 3005 384 3064; x_wconf 78' lang='lat' dir='ltr'>labores</span> <span class='ocrx_word' id='word_1_333' title='bbox 420 3019 593 3075; x_wconf 84' lang='lat' dir='ltr'>meos,</span> <span class='ocrx_word' id='word_1_334' title='bbox 627 3006 690 3062; x_wconf 84' lang='lat' dir='ltr'>et</span> <span class='ocrx_word' id='word_1_335' title='bbox 710 3006 1007 3076; x_wconf 72' lang='lat' dir='ltr'>suscipiat</span> <span class='ocrx_word' id='word_1_336' title='bbox 1034 3008 1099 3062; x_wconf 77' lang='lat' dir='ltr'>in</span> <span class='ocrx_word' id='word_1_337' title='bbox 1120 3021 1273 3077; x_wconf 68' lang='lat' dir='ltr'>pace</span> <span class='ocrx_word' id='word_1_338' title='bbox 1302 3008 1583 3078; x_wconf 72' lang='lat' dir='ltr'>spiritum</span> <span class='ocrx_word' id='word_1_339' title='bbox 1617 3021 1805 3062; x_wconf 74' lang='lat' dir='ltr'>meum</span> 
     </span>
    </p>
   </div>
   <div class='ocr_carea' id='block_1_48' title="bbox 132 3094 1881 3178">
    <p class='ocr_par' dir='ltr' id='par_1_48' title="bbox 132 3094 1881 3178">
     <span class='ocr_line' id='line_1_48' title="bbox 132 3094 1881 3178; baseline 0.001 -27"><span class='ocrx_word' id='word_1_340' title='bbox 132 3108 250 3167; x_wconf 72' lang='lat' dir='ltr'>per</span> <span class='ocrx_word' id='word_1_341' title='bbox 280 3095 768 3151; x_wconf 74' lang='lat' dir='ltr'>intercessionem</span> <span class='ocrx_word' id='word_1_342' title='bbox 806 3094 1004 3152; x_wconf 70' lang='lat' dir='ltr'>sancti</span> <span class='ocrx_word' id='word_1_343' title='bbox 1035 3095 1375 3159; x_wconf 76' lang='lat' dir='ltr'>Clementis,</span> <span class='ocrx_word' id='word_1_344' title='bbox 1406 3097 1577 3166; x_wconf 71' lang='lat' dir='ltr'>cujus</span> <span class='ocrx_word' id='word_1_345' title='bbox 1605 3110 1806 3153; x_wconf 84' lang='lat' dir='ltr'>sacra-</span> <span class='ocrx_word' id='word_1_346' title='bbox 1838 3152 1881 3178; x_wconf 56' lang='grc' dir='ltr'>η</span> 
     </span>
    </p>
   </div>
   <div class='ocr_carea' id='block_1_49' title="bbox 147 3182 1884 3255">
    <p class='ocr_par' dir='ltr' id='par_1_49' title="bbox 147 3182 1884 3255">
     <span class='ocr_line' id='line_1_49' title="bbox 147 3182 1884 3255; baseline 0.001 -16"><span class='ocrx_word' id='word_1_347' title='bbox 147 3184 458 3241; x_wconf 81' lang='lat' dir='ltr'>tissimum</span> <span class='ocrx_word' id='word_1_348' title='bbox 500 3196 711 3255; x_wconf 74' lang='lat' dir='ltr'>corpus</span> <span class='ocrx_word' id='word_1_349' title='bbox 755 3182 928 3240; x_wconf 76' lang='lat' dir='ltr'>liodie</span> <span class='ocrx_word' id='word_1_350' title='bbox 970 3184 1194 3251; x_wconf 78' lang='lat' dir='ltr'>cidere,</span> <span class='ocrx_word' id='word_1_351' title='bbox 1224 3185 1493 3255; x_wconf 74' lang='lat' dir='ltr'>palpare,</span> <span class='ocrx_word' id='word_1_352' title='bbox 1529 3185 1589 3240; x_wconf 87' lang='lat' dir='ltr'>et</span> <span class='ocrx_word' id='word_1_353' title='bbox 1612 3184 1806 3241; x_wconf 76' lang='lat' dir='ltr'>traas-</span> <span class='ocrx_word' id='word_1_354' title='bbox 1840 3188 1884 3214; x_wconf 53' lang='grc' dir='ltr'>κ’</span> 
     </span>
    </p>
   </div>
   <div class='ocr_carea' id='block_1_50' title="bbox 136 3270 1808 3343">
    <p class='ocr_par' dir='ltr' id='par_1_50' title="bbox 136 3270 1808 3343">
     <span class='ocr_line' id='line_1_50' title="bbox 136 3270 1808 3343; baseline 0 -15"><span class='ocrx_word' id='word_1_355' title='bbox 136 3272 320 3343; x_wconf 79' lang='lat' dir='ltr'>ferre</span> <span class='ocrx_word' id='word_1_356' title='bbox 348 3272 672 3342; x_wconf 70' lang='lat' dir='ltr'>magniﬁco</span> <span class='ocrx_word' id='word_1_357' title='bbox 692 3285 930 3327; x_wconf 74' lang='lat' dir='ltr'>munere</span> <span class='ocrx_word' id='word_1_358' title='bbox 949 3270 1117 3328; x_wconf 68' lang='lat' dir='ltr'>nobis</span> <span class='ocrx_word' id='word_1_359' title='bbox 1140 3272 1209 3327; x_wconf 86' lang='lat' dir='ltr'>de</span> <span class='ocrx_word' id='word_1_360' title='bbox 1230 3273 1364 3328; x_wconf 55' lang='lat' dir='ltr'>caelo</span> <span class='ocrx_word' id='word_1_361' title='bbox 1388 3273 1668 3328; x_wconf 71' lang='lat' dir='ltr'>donatam</span> <span class='ocrx_word' id='word_1_362' title='bbox 1689 3273 1808 3329; x_wconf 83' lang='lat' dir='ltr'>est!</span> 
     </span>
    </p>
   </div>
   <div class='ocr_carea' id='block_1_51' title="bbox 155 3357 1807 3430">
    <p class='ocr_par' dir='ltr' id='par_1_51' title="bbox 155 3357 1807 3430">
     <span class='ocr_line' id='line_1_51' title="bbox 155 3357 1807 3430; baseline 0.001 -17"><span class='ocrx_word' id='word_1_363' title='bbox 155 3359 277 3415; x_wconf 87' lang='lat' dir='ltr'>Sub</span> <span class='ocrx_word' id='word_1_364' title='bbox 312 3358 420 3414; x_wconf 90' lang='lat' dir='ltr'>hac</span> <span class='ocrx_word' id='word_1_365' title='bbox 444 3373 585 3415; x_wconf 89' lang='lat' dir='ltr'>voce</span> <span class='ocrx_word' id='word_1_366' title='bbox 617 3357 866 3429; x_wconf 90' lang='lat' dir='ltr'>populus</span> <span class='ocrx_word' id='word_1_367' title='bbox 898 3359 1199 3427; x_wconf 75' lang='lat' dir='ltr'>ingemuit,</span> <span class='ocrx_word' id='word_1_368' title='bbox 1223 3365 1281 3415; x_wconf 91' lang='lat' dir='ltr'>et</span> <span class='ocrx_word' id='word_1_369' title='bbox 1306 3360 1489 3415; x_wconf 88' lang='lat' dir='ltr'>fracto</span> <span class='ocrx_word' id='word_1_370' title='bbox 1522 3360 1807 3430; x_wconf 88' lang='lat' dir='ltr'>finemque</span> 
     </span>
    </p>
   </div>
   <div class='ocr_carea' id='block_1_52' title="bbox 152 3445 1809 3518">
    <p class='ocr_par' dir='ltr' id='par_1_52' title="bbox 152 3445 1809 3518">
     <span class='ocr_line' id='line_1_52' title="bbox 152 3445 1809 3518; baseline 0.001 -17"><span class='ocrx_word' id='word_1_371' title='bbox 152 3445 425 3503; x_wconf 88' lang='lat' dir='ltr'>laborum</span> <span class='ocrx_word' id='word_1_372' title='bbox 452 3446 766 3518; x_wconf 74' lang='lat' dir='ltr'>imploranti</span> <span class='ocrx_word' id='word_1_373' title='bbox 792 3447 1112 3503; x_wconf 90' lang='lat' dir='ltr'>condoluit.</span> <span class='ocrx_word' id='word_1_374' title='bbox 1142 3449 1375 3504; x_wconf 88' lang='lat' dir='ltr'>Duobus</span> <span class='ocrx_word' id='word_1_375' title='bbox 1401 3449 1607 3505; x_wconf 87' lang='lat' dir='ltr'>diebus</span> <span class='ocrx_word' id='word_1_376' title='bbox 1632 3449 1809 3503; x_wconf 84' lang='lat' dir='ltr'>inter-</span> 
     </span>
    </p>
   </div>
   <div class='ocr_carea' id='block_1_53' title="bbox 151 3535 1811 3607">
    <p class='ocr_par' dir='ltr' id='par_1_53' title="bbox 151 3535 1811 3607">
     <span class='ocr_line' id='line_1_53' title="bbox 151 3535 1811 3607; baseline 0.001 -16"><span class='ocrx_word' id='word_1_377' title='bbox 151 3535 510 3592; x_wconf 85' lang='lat' dir='ltr'>cedentibus</span> <span class='ocrx_word' id='word_1_378' title='bbox 553 3536 715 3607; x_wconf 87' lang='lat' dir='ltr'>quasi</span> <span class='ocrx_word' id='word_1_379' title='bbox 757 3538 1038 3607; x_wconf 63' lang='lat' dir='ltr'>praesagis</span> <span class='ocrx_word' id='word_1_380' title='bbox 1077 3537 1285 3593; x_wconf 88' lang='lat' dir='ltr'>vicinis</span> <span class='ocrx_word' id='word_1_381' title='bbox 1328 3538 1636 3607; x_wconf 86' lang='lat' dir='ltr'>transitus,</span> <span class='ocrx_word' id='word_1_382' title='bbox 1675 3540 1811 3593; x_wconf 77' lang='lat' dir='ltr'>fide-</span> 
     </span>
    </p>
   </div>
   <div class='ocr_carea' id='block_1_54' title="bbox 151 3622 1815 3696">
    <p class='ocr_par' dir='ltr' id='par_1_54' title="bbox 151 3622 1815 3696">
     <span class='ocr_line' id='line_1_54' title="bbox 151 3622 1815 3696; baseline 0.002 -17"><span class='ocrx_word' id='word_1_383' title='bbox 151 3622 315 3681; x_wconf 85' lang='lat' dir='ltr'>libus</span> <span class='ocrx_word' id='word_1_384' title='bbox 346 3624 611 3681; x_wconf 76' lang='lat' dir='ltr'>ecclesiae</span> <span class='ocrx_word' id='word_1_385' title='bbox 647 3625 767 3680; x_wconf 82' lang='lat' dir='ltr'>ﬁeri</span> <span class='ocrx_word' id='word_1_386' title='bbox 799 3625 1084 3696; x_wconf 86' lang='lat' dir='ltr'>epistolas</span> <span class='ocrx_word' id='word_1_387' title='bbox 1116 3626 1312 3696; x_wconf 82' lang='lat' dir='ltr'>jussit,</span> <span class='ocrx_word' id='word_1_388' title='bbox 1351 3641 1526 3682; x_wconf 88' lang='lat' dir='ltr'>orans</span> <span class='ocrx_word' id='word_1_389' title='bbox 1560 3633 1615 3681; x_wconf 89' lang='lat' dir='ltr'>et</span> <span class='ocrx_word' id='word_1_390' title='bbox 1652 3627 1815 3696; x_wconf 87' lang='lat' dir='ltr'>adju-</span> 
     </span>
    </p>
   </div>
   <div class='ocr_carea' id='block_1_55' title="bbox 155 3714 1812 3785">
    <p class='ocr_par' dir='ltr' id='par_1_55' title="bbox 155 3714 1812 3785">
     <span class='ocr_line' id='line_1_55' title="bbox 155 3714 1812 3785; baseline 0.001 -15"><span class='ocrx_word' id='word_1_391' title='bbox 155 3728 298 3770; x_wconf 87' lang='lat' dir='ltr'>rans</span> <span class='ocrx_word' id='word_1_392' title='bbox 345 3729 450 3784; x_wconf 82' lang='lat' dir='ltr'>per</span> <span class='ocrx_word' id='word_1_393' title='bbox 501 3714 793 3769; x_wconf 88' lang='lat' dir='ltr'>viventem</span> <span class='ocrx_word' id='word_1_394' title='bbox 842 3714 894 3769; x_wconf 91' lang='lat' dir='ltr'>in</span> <span class='ocrx_word' id='word_1_395' title='bbox 943 3714 1138 3770; x_wconf 86' lang='lat' dir='ltr'>secula</span> <span class='ocrx_word' id='word_1_396' title='bbox 1173 3715 1526 3785; x_wconf 85' lang='lat' dir='ltr'>seculorum,</span> <span class='ocrx_word' id='word_1_397' title='bbox 1581 3720 1640 3771; x_wconf 89' lang='lat' dir='ltr'>ut</span> <span class='ocrx_word' id='word_1_398' title='bbox 1690 3716 1812 3771; x_wconf 88' lang='lat' dir='ltr'>sine</span> 
     </span>
    </p>
   </div>
   <div class='ocr_carea' id='block_1_56' title="bbox 157 3802 1811 3873">
    <p class='ocr_par' dir='ltr' id='par_1_56' title="bbox 157 3802 1811 3873">
     <span class='ocr_line' id='line_1_56' title="bbox 157 3802 1811 3873; baseline 0.001 -15"><span class='ocrx_word' id='word_1_399' title='bbox 157 3802 320 3872; x_wconf 91' lang='lat' dir='ltr'>dolo,</span> <span class='ocrx_word' id='word_1_400' title='bbox 338 3803 464 3859; x_wconf 87' lang='lat' dir='ltr'>sine</span> <span class='ocrx_word' id='word_1_401' title='bbox 479 3802 850 3859; x_wconf 89' lang='lat' dir='ltr'>simulatione</span> <span class='ocrx_word' id='word_1_402' title='bbox 870 3807 1189 3859; x_wconf 87' lang='lat' dir='ltr'>tractarent</span> <span class='ocrx_word' id='word_1_403' title='bbox 1210 3803 1510 3873; x_wconf 81' lang='lat' dir='ltr'>negocium</span> <span class='ocrx_word' id='word_1_404' title='bbox 1527 3803 1811 3859; x_wconf 70' lang='lat' dir='ltr'>zecclcsize</span> 
     </span>
    </p>
   </div>
   <div class='ocr_carea' id='block_1_57' title="bbox 155 3890 1811 3963">
    <p class='ocr_par' dir='ltr' id='par_1_57' title="bbox 155 3890 1811 3963">
     <span class='ocr_line' id='line_1_57' title="bbox 155 3890 1811 3963; baseline 0 -16"><span class='ocrx_word' id='word_1_405' title='bbox 155 3891 212 3948; x_wconf 84' lang='lat' dir='ltr'>in</span> <span class='ocrx_word' id='word_1_406' title='bbox 247 3890 500 3963; x_wconf 88' lang='lat' dir='ltr'>simplici</span> <span class='ocrx_word' id='word_1_407' title='bbox 532 3897 591 3947; x_wconf 88' lang='lat' dir='ltr'>et</span> <span class='ocrx_word' id='word_1_408' title='bbox 624 3892 778 3947; x_wconf 91' lang='lat' dir='ltr'>nuda</span> <span class='ocrx_word' id='word_1_409' title='bbox 830 3892 1097 3961; x_wconf 87' lang='lat' dir='ltr'>veritate,</span> <span class='ocrx_word' id='word_1_410' title='bbox 1134 3896 1190 3947; x_wconf 91' lang='lat' dir='ltr'>et</span> <span class='ocrx_word' id='word_1_411' title='bbox 1224 3893 1495 3948; x_wconf 89' lang='lat' dir='ltr'>omnibus</span> <span class='ocrx_word' id='word_1_412' title='bbox 1544 3893 1811 3949; x_wconf 88' lang='lat' dir='ltr'>ultimum</span> 
     </span>
    </p>
   </div>
   <div class='ocr_carea' id='block_1_58' title="bbox 160 3979 1815 4049">
    <p class='ocr_par' dir='ltr' id='par_1_58' title="bbox 160 3979 1815 4049">
     <span class='ocr_line' id='line_1_58' title="bbox 160 3979 1815 4049; baseline 0.001 -14"><span class='ocrx_word' id='word_1_413' title='bbox 160 3979 288 4037; x_wconf 86' lang='lat' dir='ltr'>vale</span> <span class='ocrx_word' id='word_1_414' title='bbox 323 3980 490 4049; x_wconf 82' lang='lat' dir='ltr'>dixit,</span> <span class='ocrx_word' id='word_1_415' title='bbox 524 3995 653 4036; x_wconf 91' lang='lat' dir='ltr'>eum</span> <span class='ocrx_word' id='word_1_416' title='bbox 691 3980 939 4035; x_wconf 88' lang='lat' dir='ltr'>mirabili</span> <span class='ocrx_word' id='word_1_417' title='bbox 981 3982 1290 4036; x_wconf 88' lang='lat' dir='ltr'>verborum</span> <span class='ocrx_word' id='word_1_418' title='bbox 1325 3985 1380 4035; x_wconf 87' lang='lat' dir='ltr'>et</span> <span class='ocrx_word' id='word_1_419' title='bbox 1414 3980 1612 4037; x_wconf 87' lang='lat' dir='ltr'>vultus</span> <span class='ocrx_word' id='word_1_420' title='bbox 1645 3982 1815 4037; x_wconf 85' lang='lat' dir='ltr'>afl‘cc-</span> 
     </span>
    </p>
   </div>
   <div class='ocr_carea' id='block_1_59' title="bbox 161 4067 1816 4139">
    <p class='ocr_par' dir='ltr' id='par_1_59' title="bbox 161 4067 1816 4139">
     <span class='ocr_line' id='line_1_59' title="bbox 161 4067 1816 4139; baseline 0.002 -16"><span class='ocrx_word' id='word_1_421' title='bbox 161 4068 344 4124; x_wconf 88' lang='lat' dir='ltr'>tione.</span> <span class='ocrx_word' id='word_1_422' title='bbox 396 4067 494 4125; x_wconf 90' lang='lat' dir='ltr'>Die</span> <span class='ocrx_word' id='word_1_423' title='bbox 542 4067 732 4124; x_wconf 90' lang='lat' dir='ltr'>tercio</span> <span class='ocrx_word' id='word_1_424' title='bbox 785 4069 940 4123; x_wconf 89' lang='lat' dir='ltr'>circa</span> <span class='ocrx_word' id='word_1_425' title='bbox 992 4069 1192 4124; x_wconf 89' lang='lat' dir='ltr'>horam</span> <span class='ocrx_word' id='word_1_426' title='bbox 1239 4084 1445 4125; x_wconf 88' lang='lat' dir='ltr'>nouam</span> <span class='ocrx_word' id='word_1_427' title='bbox 1481 4070 1816 4139; x_wconf 74' lang='lat' dir='ltr'>intelligens</span> 
     </span>
    </p>
   </div>
   <div class='ocr_carea' id='block_1_60' title="bbox 162 4156 1808 4229">
    <p class='ocr_par' dir='ltr' id='par_1_60' title="bbox 162 4156 1808 4229">
     <span class='ocr_line' id='line_1_60' title="bbox 162 4156 1808 4229; baseline -0.001 -15"><span class='ocrx_word' id='word_1_428' title='bbox 162 4171 331 4214; x_wconf 89' lang='lat' dir='ltr'>suum</span> <span class='ocrx_word' id='word_1_429' title='bbox 353 4156 669 4229; x_wconf 82' lang='lat' dir='ltr'>transitum</span> <span class='ocrx_word' id='word_1_430' title='bbox 695 4156 1014 4227; x_wconf 89' lang='lat' dir='ltr'>imminere,</span> <span class='ocrx_word' id='word_1_431' title='bbox 1037 4160 1346 4213; x_wconf 90' lang='lat' dir='ltr'>convocari</span> <span class='ocrx_word' id='word_1_432' title='bbox 1375 4163 1589 4213; x_wconf 83' lang='lat' dir='ltr'>lratres</span> <span class='ocrx_word' id='word_1_433' title='bbox 1607 4159 1808 4229; x_wconf 89' lang='lat' dir='ltr'>jussit,</span> 
     </span>
    </p>
   </div>
   <div class='ocr_carea' id='block_1_61' title="bbox 163 4226 1815 4317">
    <p class='ocr_par' dir='ltr' id='par_1_61' title="bbox 163 4226 1815 4317">
     <span class='ocr_line' id='line_1_61' title="bbox 163 4226 1815 4317; baseline 0.001 -16"><span class='ocrx_word' id='word_1_434' title='bbox 163 4249 222 4301; x_wconf 84' lang='lat' dir='ltr'>et</span> <span class='ocrx_word' id='word_1_435' title='bbox 256 4244 407 4302; x_wconf 84' lang='lat' dir='ltr'>filios</span> <span class='ocrx_word' id='word_1_436' title='bbox 438 4226 707 4301; x_wconf 69' lang='lat' dir='ltr'>astantes</span> <span class='ocrx_word' id='word_1_437' title='bbox 732 4259 802 4301; x_wconf 91' lang='lat' dir='ltr'>ne</span> <span class='ocrx_word' id='word_1_438' title='bbox 825 4226 1092 4301; x_wconf 87' lang='lat' dir='ltr'>dolerent</span> <span class='ocrx_word' id='word_1_439' title='bbox 1123 4261 1264 4302; x_wconf 91' lang='lat' dir='ltr'>voce</span> <span class='ocrx_word' id='word_1_440' title='bbox 1294 4250 1351 4302; x_wconf 88' lang='lat' dir='ltr'>et</span> <span class='ocrx_word' id='word_1_441' title='bbox 1384 4261 1552 4302; x_wconf 89' lang='lat' dir='ltr'>manu</span> <span class='ocrx_word' id='word_1_442' title='bbox 1586 4226 1815 4317; x_wconf 82' lang='lat' dir='ltr'>compe-</span> 
     </span>
    </p>
   </div>
   <div class='ocr_carea' id='block_1_62' title="bbox 164 4332 1816 4406">
    <p class='ocr_par' dir='ltr' id='par_1_62' title="bbox 164 4332 1816 4406">
     <span class='ocr_line' id='line_1_62' title="bbox 164 4332 1816 4406; baseline 0.001 -17"><span class='ocrx_word' id='word_1_443' title='bbox 164 4332 334 4390; x_wconf 83' lang='lat' dir='ltr'>seuit.</span> <span class='ocrx_word' id='word_1_444' title='bbox 368 4335 413 4390; x_wconf 79' lang='grc' dir='ltr'><strong>Α</strong></span> <span class='ocrx_word' id='word_1_445' title='bbox 445 4334 667 4406; x_wconf 89' lang='lat' dir='ltr'>quibus</span> <span class='ocrx_word' id='word_1_446' title='bbox 703 4347 832 4389; x_wconf 91' lang='lat' dir='ltr'>cum</span> <span class='ocrx_word' id='word_1_447' title='bbox 878 4333 1364 4404; x_wconf 89' lang='lat' dir='ltr'>interrogaretur,</span> <span class='ocrx_word' id='word_1_448' title='bbox 1400 4335 1489 4390; x_wconf 91' lang='lat' dir='ltr'>cui</span> <span class='ocrx_word' id='word_1_449' title='bbox 1522 4350 1621 4392; x_wconf 90' lang='lat' dir='ltr'>eos</span> <span class='ocrx_word' id='word_1_450' title='bbox 1653 4335 1816 4391; x_wconf 89' lang='lat' dir='ltr'>deso-</span> 
     </span>
    </p>
   </div>
   <div class='ocr_carea' id='block_1_63' title="bbox 164 4418 1815 4493">
    <p class='ocr_par' dir='ltr' id='par_1_63' title="bbox 164 4418 1815 4493">
     <span class='ocr_line' id='line_1_63' title="bbox 164 4418 1815 4493; baseline 0.003 -19"><span class='ocrx_word' id='word_1_451' title='bbox 164 4418 317 4478; x_wconf 86' lang='lat' dir='ltr'>latos</span> <span class='ocrx_word' id='word_1_452' title='bbox 344 4421 732 4493; x_wconf 88' lang='lat' dir='ltr'>relinqueret,</span> <span class='ocrx_word' id='word_1_453' title='bbox 768 4421 905 4491; x_wconf 91' lang='lat' dir='ltr'>quid</span> <span class='ocrx_word' id='word_1_454' title='bbox 935 4426 1021 4478; x_wconf 90' lang='lat' dir='ltr'>eis</span> <span class='ocrx_word' id='word_1_455' title='bbox 1050 4422 1402 4492; x_wconf 62' lang='lat' dir='ltr'>praecineret</span> <span class='ocrx_word' id='word_1_456' title='bbox 1427 4441 1439 4477; x_wconf 93' lang='lat'>:</span> <span class='ocrx_word' id='word_1_457' title='bbox 1469 4423 1815 4480; x_wconf 74' lang='lat' dir='ltr'>Commendo</span> 
     </span>
    </p>
   </div>
   <div class='ocr_carea' id='block_1_64' title="bbox 1910 1858 3546 1934">
    <p class='ocr_par' dir='ltr' id='par_1_64' title="bbox 1910 1858 3546 1934">
     <span class='ocr_line' id='line_1_64' title="bbox 1910 1858 3546 1934; baseline -0.004 -17"><span class='ocrx_word' id='word_1_458' title='bbox 1910 1863 2068 1932; x_wconf 90' lang='lat' dir='ltr'>bant,</span> <span class='ocrx_word' id='word_1_459' title='bbox 2105 1863 2176 1917; x_wconf 87' lang='lat' dir='ltr'>ab</span> <span class='ocrx_word' id='word_1_460' title='bbox 2209 1864 2531 1934; x_wconf 86' lang='lat' dir='ltr'>apostolica</span> <span class='ocrx_word' id='word_1_461' title='bbox 2560 1864 2691 1918; x_wconf 89' lang='lat' dir='ltr'>sedc</span> <span class='ocrx_word' id='word_1_462' title='bbox 2716 1863 3071 1934; x_wconf 88' lang='lat' dir='ltr'>optinuerat,</span> <span class='ocrx_word' id='word_1_463' title='bbox 3099 1858 3406 1916; x_wconf 88' lang='lat' dir='ltr'>absolutus</span> <span class='ocrx_word' id='word_1_464' title='bbox 3434 1862 3546 1913; x_wconf 89' lang='lat' dir='ltr'>est.</span> 
     </span>
    </p>
   </div>
   <div class='ocr_carea' id='block_1_65' title="bbox 1911 1948 3554 2007">
    <p class='ocr_par' dir='ltr' id='par_1_65' title="bbox 1911 1948 3554 2007">
     <span class='ocr_line' id='line_1_65' title="bbox 1911 1948 3554 2007; baseline -0.004 -1"><span class='ocrx_word' id='word_1_465' title='bbox 1911 1953 1989 2006; x_wconf 71' lang='lat' dir='ltr'>Fx</span> <span class='ocrx_word' id='word_1_466' title='bbox 2030 1955 2168 2006; x_wconf 88' lang='lat' dir='ltr'>tunc</span> <span class='ocrx_word' id='word_1_467' title='bbox 2212 1952 2393 2007; x_wconf 10' lang='lat' dir='ltr'>ablutas</span> <span class='ocrx_word' id='word_1_468' title='bbox 2434 1952 2716 2007; x_wconf 72' lang='lat' dir='ltr'>Itolnlfus</span> <span class='ocrx_word' id='word_1_469' title='bbox 2758 1968 2888 2007; x_wconf 86' lang='lat' dir='ltr'>eum</span> <span class='ocrx_word' id='word_1_470' title='bbox 2932 1949 3211 2006; x_wconf 87' lang='lat' dir='ltr'>fratribus</span> <span class='ocrx_word' id='word_1_471' title='bbox 3254 1948 3324 2004; x_wconf 88' lang='lat' dir='ltr'>ad</span> <span class='ocrx_word' id='word_1_472' title='bbox 3364 1961 3554 2003; x_wconf 70' lang='lat' dir='ltr'>emno-</span> 
     </span>
    </p>
   </div>
   <div class='ocr_carea' id='block_1_66' title="bbox 1910 2037 3553 2107">
    <p class='ocr_par' dir='ltr' id='par_1_66' title="bbox 1910 2037 3553 2107">
     <span class='ocr_line' id='line_1_66' title="bbox 1910 2037 3553 2107; baseline -0.004 -13"><span class='ocrx_word' id='word_1_473' title='bbox 1910 2039 2064 2095; x_wconf 89' lang='lat' dir='ltr'>bium</span> <span class='ocrx_word' id='word_1_474' title='bbox 2126 2040 2237 2094; x_wconf 91' lang='lat' dir='ltr'>sibi</span> <span class='ocrx_word' id='word_1_475' title='bbox 2293 2041 2666 2095; x_wconf 82' lang='lat' dir='ltr'>commissum</span> <span class='ocrx_word' id='word_1_476' title='bbox 2712 2043 3020 2096; x_wconf 88' lang='lat' dir='ltr'>revocatus</span> <span class='ocrx_word' id='word_1_477' title='bbox 3079 2042 3188 2107; x_wconf 88' lang='lat' dir='ltr'>est,</span> <span class='ocrx_word' id='word_1_478' title='bbox 3248 2050 3377 2092; x_wconf 90' lang='lat' dir='ltr'>cum</span> <span class='ocrx_word' id='word_1_479' title='bbox 3420 2037 3553 2105; x_wconf 91' lang='lat' dir='ltr'>post</span> 
     </span>
    </p>
   </div>
   <div class='ocr_carea' id='block_1_67' title="bbox 1909 2125 3553 2197">
    <p class='ocr_par' dir='ltr' id='par_1_67' title="bbox 1909 2125 3553 2197">
     <span class='ocr_line' id='line_1_67' title="bbox 1909 2125 3553 2197; baseline -0.002 -16"><span class='ocrx_word' id='word_1_480' title='bbox 1909 2127 2226 2184; x_wconf 75' lang='lat' dir='ltr'>discessum</span> <span class='ocrx_word' id='word_1_481' title='bbox 2267 2128 2391 2197; x_wconf 87' lang='lat' dir='ltr'>ejus</span> <span class='ocrx_word' id='word_1_482' title='bbox 2432 2128 2749 2183; x_wconf 84' lang='lat' dir='ltr'>intrassent</span> <span class='ocrx_word' id='word_1_483' title='bbox 2786 2128 2837 2182; x_wconf 91' lang='lat' dir='ltr'>in</span> <span class='ocrx_word' id='word_1_484' title='bbox 2872 2126 3014 2182; x_wconf 87' lang='lat' dir='ltr'>illud</span> <span class='ocrx_word' id='word_1_485' title='bbox 3058 2125 3179 2197; x_wconf 90' lang='lat' dir='ltr'>lupi</span> <span class='ocrx_word' id='word_1_486' title='bbox 3209 2125 3278 2157; x_wconf 84' lang='grc'>⁸²⁰</span> <span class='ocrx_word' id='word_1_487' title='bbox 3307 2138 3553 2194; x_wconf 87' lang='lat' dir='ltr'>rapaces</span> 
     </span>
    </p>
   </div>
   <div class='ocr_carea' id='block_1_68' title="bbox 1911 2214 3553 2287">
    <p class='ocr_par' dir='ltr' id='par_1_68' title="bbox 1911 2214 3553 2287">
     <span class='ocr_line' id='line_1_68' title="bbox 1911 2214 3553 2287; baseline -0.002 -17"><span class='ocrx_word' id='word_1_488' title='bbox 1911 2216 2037 2272; x_wconf 85' lang='lat' dir='ltr'>loco</span> <span class='ocrx_word' id='word_1_489' title='bbox 2100 2232 2209 2271; x_wconf 90' lang='lat' dir='ltr'>non</span> <span class='ocrx_word' id='word_1_490' title='bbox 2272 2226 2601 2287; x_wconf 80' lang='lat' dir='ltr'>parcentes,</span> <span class='ocrx_word' id='word_1_491' title='bbox 2645 2222 2703 2272; x_wconf 91' lang='lat' dir='ltr'>et</span> <span class='ocrx_word' id='word_1_492' title='bbox 2744 2218 2920 2272; x_wconf 88' lang='lat' dir='ltr'>Deum</span> <span class='ocrx_word' id='word_1_493' title='bbox 2979 2220 3034 2271; x_wconf 91' lang='lat' dir='ltr'>et</span> <span class='ocrx_word' id='word_1_494' title='bbox 3095 2214 3382 2269; x_wconf 89' lang='lat' dir='ltr'>hominem</span> <span class='ocrx_word' id='word_1_495' title='bbox 3443 2226 3553 2267; x_wconf 87' lang='lat' dir='ltr'>non</span> 
     </span>
    </p>
   </div>
   <div class='ocr_carea' id='block_1_69' title="bbox 1913 2303 3554 2375">
    <p class='ocr_par' dir='ltr' id='par_1_69' title="bbox 1913 2303 3554 2375">
     <span class='ocr_line' id='line_1_69' title="bbox 1913 2303 3554 2375; baseline -0.004 -16"><span class='ocrx_word' id='word_1_496' title='bbox 1913 2310 2269 2375; x_wconf 82' lang='lat' dir='ltr'>reverentcs,</span> <span class='ocrx_word' id='word_1_497' title='bbox 2308 2321 2334 2361; x_wconf 93' lang='lat' dir='ltr'>a</span> <span class='ocrx_word' id='word_1_498' title='bbox 2370 2307 2582 2375; x_wconf 86' lang='lat' dir='ltr'>quibus</span> <span class='ocrx_word' id='word_1_499' title='bbox 2639 2309 2716 2361; x_wconf 89' lang='lat' dir='ltr'>ita</span> <span class='ocrx_word' id='word_1_500' title='bbox 2777 2304 2965 2359; x_wconf 88' lang='lat' dir='ltr'>omnia</span> <span class='ocrx_word' id='word_1_501' title='bbox 3022 2304 3259 2360; x_wconf 89' lang='lat' dir='ltr'>confusa</span> <span class='ocrx_word' id='word_1_502' title='bbox 3320 2304 3457 2357; x_wconf 91' lang='lat' dir='ltr'>sunt</span> <span class='ocrx_word' id='word_1_503' title='bbox 3495 2303 3554 2355; x_wconf 90' lang='lat' dir='ltr'>et</span> 
     </span>
    </p>
   </div>
   <div class='ocr_carea' id='block_1_70' title="bbox 1912 2389 3556 2465">
    <p class='ocr_par' dir='ltr' id='par_1_70' title="bbox 1912 2389 3556 2465">
     <span class='ocr_line' id='line_1_70' title="bbox 1912 2389 3556 2465; baseline -0.004 -17"><span class='ocrx_word' id='word_1_504' title='bbox 1912 2394 2239 2465; x_wconf 88' lang='lat' dir='ltr'>destructa,</span> <span class='ocrx_word' id='word_1_505' title='bbox 2274 2400 2333 2449; x_wconf 92' lang='lat' dir='ltr'>ut</span> <span class='ocrx_word' id='word_1_506' title='bbox 2365 2394 2636 2449; x_wconf 87' lang='lat' dir='ltr'>memoria</span> <span class='ocrx_word' id='word_1_507' title='bbox 2669 2393 3025 2450; x_wconf 90' lang='lat' dir='ltr'>confusionis</span> <span class='ocrx_word' id='word_1_508' title='bbox 3057 2397 3116 2447; x_wconf 92' lang='lat' dir='ltr'>et</span> <span class='ocrx_word' id='word_1_509' title='bbox 3146 2389 3556 2462; x_wconf 89' lang='lat' dir='ltr'>pessundatio-</span> 
     </span>
    </p>
   </div>
   <div class='ocr_carea' id='block_1_71' title="bbox 1911 2477 3557 2551">
    <p class='ocr_par' dir='ltr' id='par_1_71' title="bbox 1911 2477 3557 2551">
     <span class='ocr_line' id='line_1_71' title="bbox 1911 2477 3557 2551; baseline -0.002 -17"><span class='ocrx_word' id='word_1_510' title='bbox 1911 2482 2000 2535; x_wconf 83' lang='lat' dir='ltr'>nis</span> <span class='ocrx_word' id='word_1_511' title='bbox 2050 2483 2207 2537; x_wconf 87' lang='lat' dir='ltr'>illius</span> <span class='ocrx_word' id='word_1_512' title='bbox 2249 2482 2536 2551; x_wconf 85' lang='lat' dir='ltr'>hodieque</span> <span class='ocrx_word' id='word_1_513' title='bbox 2587 2482 2917 2538; x_wconf 88' lang='lat' dir='ltr'>oblitterari</span> <span class='ocrx_word' id='word_1_514' title='bbox 2953 2496 3063 2536; x_wconf 92' lang='lat' dir='ltr'>non</span> <span class='ocrx_word' id='word_1_515' title='bbox 3096 2480 3307 2535; x_wconf 89' lang='lat' dir='ltr'>valeat.</span> <span class='ocrx_word' id='word_1_516' title='bbox 3343 2477 3467 2544; x_wconf 87' lang='lat' dir='ltr'>Quo</span> <span class='ocrx_word' id='word_1_517' title='bbox 3504 2478 3557 2531; x_wconf 91' lang='lat' dir='ltr'>in</span> 
     </span>
    </p>
   </div>
   <div class='ocr_carea' id='block_1_72' title="bbox 1914 2567 3558 2641">
    <p class='ocr_par' dir='ltr' id='par_1_72' title="bbox 1914 2567 3558 2641">
     <span class='ocr_line' id='line_1_72' title="bbox 1914 2567 3558 2641; baseline -0.001 -18"><span class='ocrx_word' id='word_1_518' title='bbox 1914 2572 2065 2624; x_wconf 85' lang='lat' dir='ltr'>facto</span> <span class='ocrx_word' id='word_1_519' title='bbox 2096 2571 2367 2625; x_wconf 86' lang='lat' dir='ltr'>admirari</span> <span class='ocrx_word' id='word_1_520' title='bbox 2396 2572 2535 2625; x_wconf 71' lang='lat' dir='ltr'>libet</span> <span class='ocrx_word' id='word_1_521' title='bbox 2564 2570 2928 2641; x_wconf 88' lang='lat' dir='ltr'>prudentiam</span> <span class='ocrx_word' id='word_1_522' title='bbox 2952 2576 3010 2624; x_wconf 89' lang='lat' dir='ltr'>et</span> <span class='ocrx_word' id='word_1_523' title='bbox 3034 2569 3337 2625; x_wconf 89' lang='lat' dir='ltr'>caritatem</span> <span class='ocrx_word' id='word_1_524' title='bbox 3373 2567 3558 2637; x_wconf 88' lang='lat' dir='ltr'>patris</span> 
     </span>
    </p>
   </div>
   <div class='ocr_carea' id='block_1_73' title="bbox 1912 2656 3560 2733">
    <p class='ocr_par' dir='ltr' id='par_1_73' title="bbox 1912 2656 3560 2733">
     <span class='ocr_line' id='line_1_73' title="bbox 1912 2656 3560 2733; baseline -0.002 -20"><span class='ocrx_word' id='word_1_525' title='bbox 1912 2659 2095 2713; x_wconf 83' lang='lat' dir='ltr'>nostri</span> <span class='ocrx_word' id='word_1_526' title='bbox 2134 2660 2363 2713; x_wconf 82' lang='lat' dir='ltr'>abbatis</span> <span class='ocrx_word' id='word_1_527' title='bbox 2406 2659 2786 2725; x_wconf 85' lang='lat' dir='ltr'>Divioncnsis,</span> <span class='ocrx_word' id='word_1_528' title='bbox 2821 2659 2916 2728; x_wconf 90' lang='lat' dir='ltr'>qui</span> <span class='ocrx_word' id='word_1_529' title='bbox 2950 2658 3097 2713; x_wconf 87' lang='lat' dir='ltr'>tales</span> <span class='ocrx_word' id='word_1_530' title='bbox 3126 2662 3185 2713; x_wconf 89' lang='lat' dir='ltr'>et</span> <span class='ocrx_word' id='word_1_531' title='bbox 3215 2661 3415 2711; x_wconf 90' lang='lat' dir='ltr'>tantos</span> <span class='ocrx_word' id='word_1_532' title='bbox 3450 2656 3560 2733; x_wconf 84' lang='lat' dir='ltr'>fra-</span> 
     </span>
    </p>
   </div>
   <div class='ocr_carea' id='block_1_74' title="bbox 1914 2743 3553 2815">
    <p class='ocr_par' dir='ltr' id='par_1_74' title="bbox 1914 2743 3553 2815">
     <span class='ocr_line' id='line_1_74' title="bbox 1914 2743 3553 2815; baseline -0.002 -14"><span class='ocrx_word' id='word_1_533' title='bbox 1914 2751 2035 2802; x_wconf 89' lang='lat' dir='ltr'>tres</span> <span class='ocrx_word' id='word_1_534' title='bbox 2063 2763 2191 2801; x_wconf 90' lang='lat' dir='ltr'>eum</span> <span class='ocrx_word' id='word_1_535' title='bbox 2225 2748 2498 2815; x_wconf 83' lang='lat' dir='ltr'>suscepit,</span> <span class='ocrx_word' id='word_1_536' title='bbox 2555 2747 2772 2803; x_wconf 87' lang='lat' dir='ltr'>letatus</span> <span class='ocrx_word' id='word_1_537' title='bbox 2800 2752 2909 2815; x_wconf 88' lang='lat' dir='ltr'>est,</span> <span class='ocrx_word' id='word_1_538' title='bbox 2947 2762 3076 2802; x_wconf 88' lang='lat' dir='ltr'>cum</span> <span class='ocrx_word' id='word_1_539' title='bbox 3127 2744 3354 2800; x_wconf 88' lang='lat' dir='ltr'>remisit</span> <span class='ocrx_word' id='word_1_540' title='bbox 3402 2743 3553 2812; x_wconf 85' lang='lat' dir='ltr'>loco,</span> 
     </span>
    </p>
   </div>
   <div class='ocr_carea' id='block_1_75' title="bbox 1911 2831 3560 2905">
    <p class='ocr_par' dir='ltr' id='par_1_75' title="bbox 1911 2831 3560 2905">
     <span class='ocr_line' id='line_1_75' title="bbox 1911 2831 3560 2905; baseline -0.002 -17"><span class='ocrx_word' id='word_1_541' title='bbox 1911 2835 2244 2903; x_wconf 80' lang='lat' dir='ltr'>gratulatus</span> <span class='ocrx_word' id='word_1_542' title='bbox 2267 2842 2378 2889; x_wconf 85' lang='lat' dir='ltr'>est.</span> <span class='ocrx_word' id='word_1_543' title='bbox 2404 2836 2615 2905; x_wconf 74' lang='lat' dir='ltr'>Utique</span> <span class='ocrx_word' id='word_1_544' title='bbox 2640 2834 2799 2891; x_wconf 90' lang='lat' dir='ltr'>solus</span> <span class='ocrx_word' id='word_1_545' title='bbox 2828 2834 3193 2905; x_wconf 87' lang='lat' dir='ltr'>temporibus</span> <span class='ocrx_word' id='word_1_546' title='bbox 3224 2831 3443 2888; x_wconf 88' lang='lat' dir='ltr'>nostris</span> <span class='ocrx_word' id='word_1_547' title='bbox 3478 2832 3560 2885; x_wconf 91' lang='lat' dir='ltr'>in-</span> 
     </span>
    </p>
   </div>
   <div class='ocr_carea' id='block_1_76' title="bbox 1914 2919 3560 2994">
    <p class='ocr_par' dir='ltr' id='par_1_76' title="bbox 1914 2919 3560 2994">
     <span class='ocr_line' id='line_1_76' title="bbox 1914 2919 3560 2994; baseline -0.002 -17"><span class='ocrx_word' id='word_1_548' title='bbox 1914 2928 2123 2979; x_wconf 86' lang='lat' dir='ltr'>ventus</span> <span class='ocrx_word' id='word_1_549' title='bbox 2153 2929 2264 2991; x_wconf 90' lang='lat' dir='ltr'>est,</span> <span class='ocrx_word' id='word_1_550' title='bbox 2311 2925 2406 2994; x_wconf 88' lang='lat' dir='ltr'>qui</span> <span class='ocrx_word' id='word_1_551' title='bbox 2453 2925 2665 2979; x_wconf 84' lang='lat' dir='ltr'>fratres</span> <span class='ocrx_word' id='word_1_552' title='bbox 2706 2939 2851 2993; x_wconf 89' lang='lat' dir='ltr'>quos</span> <span class='ocrx_word' id='word_1_553' title='bbox 2881 2928 3141 2994; x_wconf 89' lang='lat' dir='ltr'>tempore</span> <span class='ocrx_word' id='word_1_554' title='bbox 3183 2919 3560 2976; x_wconf 75' lang='lat' dir='ltr'>necessitatis</span> 
     </span>
    </p>
   </div>
   <div class='ocr_carea' id='block_1_77' title="bbox 1915 3008 3556 3084">
    <p class='ocr_par' dir='ltr' id='par_1_77' title="bbox 1915 3008 3556 3084">
     <span class='ocr_line' id='line_1_77' title="bbox 1915 3008 3556 3084; baseline -0.004 -17"><span class='ocrx_word' id='word_1_555' title='bbox 1915 3012 2262 3082; x_wconf 86' lang='lat' dir='ltr'>retinuerat,</span> <span class='ocrx_word' id='word_1_556' title='bbox 2314 3012 2473 3083; x_wconf 88' lang='lat' dir='ltr'>pacis</span> <span class='ocrx_word' id='word_1_557' title='bbox 2507 3018 2767 3084; x_wconf 89' lang='lat' dir='ltr'>tempore</span> <span class='ocrx_word' id='word_1_558' title='bbox 2796 3012 3141 3079; x_wconf 90' lang='lat' dir='ltr'>dimitteret,</span> <span class='ocrx_word' id='word_1_559' title='bbox 3177 3025 3279 3065; x_wconf 91' lang='lat' dir='ltr'>nec</span> <span class='ocrx_word' id='word_1_560' title='bbox 3308 3008 3556 3064; x_wconf 83' lang='lat' dir='ltr'>doleret.</span> 
     </span>
    </p>
   </div>
   <div class='ocr_carea' id='block_1_78' title="bbox 1916 3099 3566 3172">
    <p class='ocr_par' dir='ltr' id='par_1_78' title="bbox 1916 3099 3566 3172">
     <span class='ocr_line' id='line_1_78' title="bbox 1916 3099 3566 3172; baseline -0.003 -15"><span class='ocrx_word' id='word_1_561' title='bbox 1916 3100 2078 3166; x_wconf 84' lang='lat' dir='ltr'>Quod</span> <span class='ocrx_word' id='word_1_562' title='bbox 2103 3101 2251 3155; x_wconf 82' lang='lat' dir='ltr'>enim</span> <span class='ocrx_word' id='word_1_563' title='bbox 2278 3117 2377 3156; x_wconf 88' lang='lat' dir='ltr'>eos</span> <span class='ocrx_word' id='word_1_564' title='bbox 2401 3101 2680 3172; x_wconf 90' lang='lat' dir='ltr'>suscepit,</span> <span class='ocrx_word' id='word_1_565' title='bbox 2704 3105 2763 3155; x_wconf 90' lang='lat' dir='ltr'>et</span> <span class='ocrx_word' id='word_1_566' title='bbox 2784 3099 3297 3169; x_wconf 82' lang='lat' dir='ltr'>congregationem</span> <span class='ocrx_word' id='word_1_567' title='bbox 3321 3110 3566 3167; x_wconf 87' lang='lat' dir='ltr'>congre-</span> 
     </span>
    </p>
   </div>
   <div class='ocr_carea' id='block_1_79' title="bbox 1915 3185 3557 3258">
    <p class='ocr_par' dir='ltr' id='par_1_79' title="bbox 1915 3185 3557 3258">
     <span class='ocr_line' id='line_1_79' title="bbox 1915 3185 3557 3258; baseline -0.003 -16"><span class='ocrx_word' id='word_1_568' title='bbox 1915 3187 2133 3255; x_wconf 86' lang='lat' dir='ltr'>gationi</span> <span class='ocrx_word' id='word_1_569' title='bbox 2168 3188 2428 3255; x_wconf 89' lang='lat' dir='ltr'>sociavit,</span> <span class='ocrx_word' id='word_1_570' title='bbox 2461 3189 2686 3258; x_wconf 81' lang='lat' dir='ltr'>signum</span> <span class='ocrx_word' id='word_1_571' title='bbox 2722 3189 2825 3244; x_wconf 89' lang='lat' dir='ltr'>fuit</span> <span class='ocrx_word' id='word_1_572' title='bbox 2856 3188 2951 3244; x_wconf 87' lang='lat' dir='ltr'>cui</span> <span class='ocrx_word' id='word_1_573' title='bbox 2983 3185 3411 3244; x_wconf 89' lang='lat' dir='ltr'>eontradictum</span> <span class='ocrx_word' id='word_1_574' title='bbox 3444 3187 3557 3252; x_wconf 90' lang='lat' dir='ltr'>est,</span> 
     </span>
    </p>
   </div>
   <div class='ocr_carea' id='block_1_80' title="bbox 1917 3272 3556 3345">
    <p class='ocr_par' dir='ltr' id='par_1_80' title="bbox 1917 3272 3556 3345">
     <span class='ocr_line' id='line_1_80' title="bbox 1917 3272 3556 3345; baseline -0.004 -14"><span class='ocrx_word' id='word_1_575' title='bbox 1917 3277 2061 3332; x_wconf 89' lang='lat' dir='ltr'>adeo</span> <span class='ocrx_word' id='word_1_576' title='bbox 2082 3282 2144 3332; x_wconf 90' lang='lat' dir='ltr'>ut</span> <span class='ocrx_word' id='word_1_577' title='bbox 2168 3292 2367 3333; x_wconf 91' lang='lat' dir='ltr'>omnes</span> <span class='ocrx_word' id='word_1_578' title='bbox 2391 3281 2661 3345; x_wconf 81' lang='lat' dir='ltr'>regarent</span> <span class='ocrx_word' id='word_1_579' title='bbox 2680 3277 2733 3332; x_wconf 89' lang='lat' dir='ltr'>in</span> <span class='ocrx_word' id='word_1_580' title='bbox 2753 3279 2964 3333; x_wconf 90' lang='lat' dir='ltr'>bonum</span> <span class='ocrx_word' id='word_1_581' title='bbox 2988 3278 3246 3331; x_wconf 87' lang='lat' dir='ltr'>monstra</span> <span class='ocrx_word' id='word_1_582' title='bbox 3269 3272 3556 3330; x_wconf 90' lang='lat' dir='ltr'>converti.</span> 
     </span>
    </p>
   </div>
   <div class='ocr_carea' id='block_1_81' title="bbox 1917 3362 3562 3432">
    <p class='ocr_par' dir='ltr' id='par_1_81' title="bbox 1917 3362 3562 3432">
     <span class='ocr_line' id='line_1_81' title="bbox 1917 3362 3562 3432; baseline -0.003 -13"><span class='ocrx_word' id='word_1_583' title='bbox 1917 3366 2054 3420; x_wconf 79' lang='lat' dir='ltr'>Nam</span> <span class='ocrx_word' id='word_1_584' title='bbox 2090 3370 2148 3419; x_wconf 89' lang='lat' dir='ltr'>et</span> <span class='ocrx_word' id='word_1_585' title='bbox 2183 3364 2580 3421; x_wconf 86' lang='lat' dir='ltr'>Cluniacensis</span> <span class='ocrx_word' id='word_1_586' title='bbox 2620 3366 2801 3421; x_wconf 89' lang='lat' dir='ltr'>abbas</span> <span class='ocrx_word' id='word_1_587' title='bbox 2843 3366 3086 3421; x_wconf 77' lang='lat' dir='ltr'>domnus</span> <span class='ocrx_word' id='word_1_588' title='bbox 3124 3365 3288 3432; x_wconf 82' lang='lat' dir='ltr'>llugo</span> <span class='ocrx_word' id='word_1_589' title='bbox 3314 3376 3443 3418; x_wconf 90' lang='lat' dir='ltr'>cum</span> <span class='ocrx_word' id='word_1_590' title='bbox 3480 3362 3562 3416; x_wconf 83' lang='lat' dir='ltr'>in-</span> 
     </span>
    </p>
   </div>
   <div class='ocr_carea' id='block_1_82' title="bbox 1920 3451 3564 3525">
    <p class='ocr_par' dir='ltr' id='par_1_82' title="bbox 1920 3451 3564 3525">
     <span class='ocr_line' id='line_1_82' title="bbox 1920 3451 3564 3525; baseline -0.002 -17"><span class='ocrx_word' id='word_1_591' title='bbox 1920 3455 2227 3524; x_wconf 89' lang='lat' dir='ltr'>probasset</span> <span class='ocrx_word' id='word_1_592' title='bbox 2263 3454 2474 3509; x_wconf 88' lang='lat' dir='ltr'>factum</span> <span class='ocrx_word' id='word_1_593' title='bbox 2508 3453 2651 3523; x_wconf 89' lang='lat' dir='ltr'>ejus,</span> <span class='ocrx_word' id='word_1_594' title='bbox 2679 3454 2881 3510; x_wconf 88' lang='lat' dir='ltr'>dicens</span> <span class='ocrx_word' id='word_1_595' title='bbox 2910 3451 3251 3525; x_wconf 89' lang='lat' dir='ltr'>inpossibile</span> <span class='ocrx_word' id='word_1_596' title='bbox 3284 3451 3405 3506; x_wconf 87' lang='lat' dir='ltr'>fore</span> <span class='ocrx_word' id='word_1_597' title='bbox 3440 3454 3564 3505; x_wconf 90' lang='lat' dir='ltr'>tres</span> 
     </span>
    </p>
   </div>
   <div class='ocr_carea' id='block_1_83' title="bbox 1919 3538 3561 3611">
    <p class='ocr_par' dir='ltr' id='par_1_83' title="bbox 1919 3538 3561 3611">
     <span class='ocr_line' id='line_1_83' title="bbox 1919 3538 3561 3611; baseline -0.002 -15"><span class='ocrx_word' id='word_1_598' title='bbox 1919 3542 2405 3611; x_wconf 67' lang='lat' dir='ltr'>congregationes</span> <span class='ocrx_word' id='word_1_599' title='bbox 2460 3542 2703 3598; x_wconf 90' lang='lat' dir='ltr'>invicem</span> <span class='ocrx_word' id='word_1_600' title='bbox 2763 3557 2894 3597; x_wconf 90' lang='lat' dir='ltr'>esse</span> <span class='ocrx_word' id='word_1_601' title='bbox 2944 3540 3290 3609; x_wconf 88' lang='lat' dir='ltr'>concordes,</span> <span class='ocrx_word' id='word_1_602' title='bbox 3344 3539 3459 3594; x_wconf 88' lang='lat' dir='ltr'>tale</span> <span class='ocrx_word' id='word_1_603' title='bbox 3510 3538 3561 3593; x_wconf 90' lang='lat' dir='ltr'>ei</span> 
     </span>
    </p>
   </div>
   <div class='ocr_carea' id='block_1_84' title="bbox 1921 3626 3563 3700">
    <p class='ocr_par' dir='ltr' id='par_1_84' title="bbox 1921 3626 3563 3700">
     <span class='ocr_line' id='line_1_84' title="bbox 1921 3626 3563 3700; baseline -0.001 -16"><span class='ocrx_word' id='word_1_604' title='bbox 1921 3630 2084 3685; x_wconf 87' lang='lat' dir='ltr'>dedit</span> <span class='ocrx_word' id='word_1_605' title='bbox 2107 3631 2440 3700; x_wconf 89' lang='lat' dir='ltr'>concilium,</span> <span class='ocrx_word' id='word_1_606' title='bbox 2463 3634 2526 3686; x_wconf 90' lang='lat' dir='ltr'>ut</span> <span class='ocrx_word' id='word_1_607' title='bbox 2550 3631 2597 3686; x_wconf 91' lang='lat' dir='ltr'>si</span> <span class='ocrx_word' id='word_1_608' title='bbox 2622 3630 2799 3686; x_wconf 90' lang='lat' dir='ltr'>vellet</span> <span class='ocrx_word' id='word_1_609' title='bbox 2821 3629 3085 3685; x_wconf 72' lang='lat' dir='ltr'>ecclesiae</span> <span class='ocrx_word' id='word_1_610' title='bbox 3108 3627 3217 3684; x_wconf 92' lang='lat' dir='ltr'>sibi</span> <span class='ocrx_word' id='word_1_611' title='bbox 3241 3626 3563 3683; x_wconf 78' lang='lat' dir='ltr'>commissae</span> 
     </span>
    </p>
   </div>
   <div class='ocr_carea' id='block_1_85' title="bbox 1923 3714 3566 3790">
    <p class='ocr_par' dir='ltr' id='par_1_85' title="bbox 1923 3714 3566 3790">
     <span class='ocr_line' id='line_1_85' title="bbox 1923 3714 3566 3790; baseline -0.003 -17"><span class='ocrx_word' id='word_1_612' title='bbox 1923 3733 2119 3790; x_wconf 88' lang='lat' dir='ltr'>pacem</span> <span class='ocrx_word' id='word_1_613' title='bbox 2164 3721 2495 3790; x_wconf 85' lang='lat' dir='ltr'>adquirere,</span> <span class='ocrx_word' id='word_1_614' title='bbox 2530 3734 2633 3775; x_wconf 89' lang='lat' dir='ltr'>eos</span> <span class='ocrx_word' id='word_1_615' title='bbox 2666 3718 2762 3789; x_wconf 90' lang='lat' dir='ltr'>qui</span> <span class='ocrx_word' id='word_1_616' title='bbox 2797 3718 3016 3773; x_wconf 87' lang='lat' dir='ltr'>vellent</span> <span class='ocrx_word' id='word_1_617' title='bbox 3052 3715 3334 3773; x_wconf 67' lang='lat' dir='ltr'>mcclesnse</span> <span class='ocrx_word' id='word_1_618' title='bbox 3375 3714 3566 3771; x_wconf 90' lang='lat' dir='ltr'>Divio-</span> 
     </span>
    </p>
   </div>
   <div class='ocr_carea' id='block_1_86' title="bbox 1921 3804 3562 3878">
    <p class='ocr_par' dir='ltr' id='par_1_86' title="bbox 1921 3804 3562 3878">
     <span class='ocr_line' id='line_1_86' title="bbox 1921 3804 3562 3878; baseline -0.002 -18"><span class='ocrx_word' id='word_1_619' title='bbox 1921 3807 2096 3862; x_wconf 90' lang='lat' dir='ltr'>nensi</span> <span class='ocrx_word' id='word_1_620' title='bbox 2132 3807 2555 3878; x_wconf 88' lang='lat' dir='ltr'>perpetualitcr</span> <span class='ocrx_word' id='word_1_621' title='bbox 2583 3806 2964 3862; x_wconf 83' lang='lat' dir='ltr'>stabilitatem</span> <span class='ocrx_word' id='word_1_622' title='bbox 3000 3804 3228 3860; x_wconf 84' lang='lat' dir='ltr'>firmare</span> <span class='ocrx_word' id='word_1_623' title='bbox 3257 3804 3562 3872; x_wconf 90' lang='lat' dir='ltr'>retineret,</span> 
     </span>
    </p>
   </div>
   <div class='ocr_carea' id='block_1_87' title="bbox 1924 3890 3563 3965">
    <p class='ocr_par' dir='ltr' id='par_1_87' title="bbox 1924 3890 3563 3965">
     <span class='ocr_line' id='line_1_87' title="bbox 1924 3890 3563 3965; baseline -0.003 -15"><span class='ocrx_word' id='word_1_624' title='bbox 1924 3896 2019 3965; x_wconf 92' lang='lat' dir='ltr'>qui</span> <span class='ocrx_word' id='word_1_625' title='bbox 2050 3910 2187 3951; x_wconf 87' lang='lat' dir='ltr'>vero</span> <span class='ocrx_word' id='word_1_626' title='bbox 2214 3894 2434 3950; x_wconf 89' lang='lat' dir='ltr'>nollent</span> <span class='ocrx_word' id='word_1_627' title='bbox 2455 3909 2484 3950; x_wconf 92' lang='lat' dir='ltr'>a</span> <span class='ocrx_word' id='word_1_628' title='bbox 2505 3910 2566 3949; x_wconf 89' lang='lat' dir='ltr'>se</span> <span class='ocrx_word' id='word_1_629' title='bbox 2591 3894 2823 3949; x_wconf 90' lang='lat' dir='ltr'>omnino</span> <span class='ocrx_word' id='word_1_630' title='bbox 2846 3892 3191 3947; x_wconf 88' lang='lat' dir='ltr'>dimitteret.</span> <span class='ocrx_word' id='word_1_631' title='bbox 3229 3890 3413 3946; x_wconf 85' lang='lat' dir='ltr'>Aliter</span> <span class='ocrx_word' id='word_1_632' title='bbox 3437 3894 3563 3946; x_wconf 88' lang='lat' dir='ltr'>tuta</span> 
     </span>
    </p>
   </div>
   <div class='ocr_carea' id='block_1_88' title="bbox 1922 3978 3568 4052">
    <p class='ocr_par' dir='ltr' id='par_1_88' title="bbox 1922 3978 3568 4052">
     <span class='ocr_line' id='line_1_88' title="bbox 1922 3978 3568 4052; baseline -0.004 -15"><span class='ocrx_word' id='word_1_633' title='bbox 1922 3996 2055 4037; x_wconf 90' lang='lat' dir='ltr'>esse</span> <span class='ocrx_word' id='word_1_634' title='bbox 2090 3995 2201 4052; x_wconf 80' lang='lat' dir='ltr'>pax</span> <span class='ocrx_word' id='word_1_635' title='bbox 2234 3980 2517 4036; x_wconf 73' lang='lat' dir='ltr'>mcclcsize</span> <span class='ocrx_word' id='word_1_636' title='bbox 2550 3995 2659 4036; x_wconf 92' lang='lat' dir='ltr'>non</span> <span class='ocrx_word' id='word_1_637' title='bbox 2691 3985 2917 4050; x_wconf 88' lang='lat' dir='ltr'>posset,</span> <span class='ocrx_word' id='word_1_638' title='bbox 2954 3994 3082 4035; x_wconf 90' lang='lat' dir='ltr'>eum</span> <span class='ocrx_word' id='word_1_639' title='bbox 3123 3978 3207 4033; x_wconf 89' lang='lat' dir='ltr'>illi</span> <span class='ocrx_word' id='word_1_640' title='bbox 3237 3978 3332 4048; x_wconf 91' lang='lat' dir='ltr'>qui</span> <span class='ocrx_word' id='word_1_641' title='bbox 3365 3979 3568 4032; x_wconf 90' lang='lat' dir='ltr'>essent</span> 
     </span>
    </p>
   </div>
   <div class='ocr_carea' id='block_1_89' title="bbox 1923 4064 3566 4140">
    <p class='ocr_par' dir='ltr' id='par_1_89' title="bbox 1923 4064 3566 4140">
     <span class='ocr_line' id='line_1_89' title="bbox 1923 4064 3566 4140; baseline -0.001 -15"><span class='ocrx_word' id='word_1_642' title='bbox 1923 4069 2181 4140; x_wconf 87' lang='lat' dir='ltr'>suscepti</span> <span class='ocrx_word' id='word_1_643' title='bbox 2208 4069 2296 4124; x_wconf 90' lang='lat' dir='ltr'>vel</span> <span class='ocrx_word' id='word_1_644' title='bbox 2321 4068 2524 4124; x_wconf 89' lang='lat' dir='ltr'>nutriti</span> <span class='ocrx_word' id='word_1_645' title='bbox 2553 4069 2607 4123; x_wconf 90' lang='lat' dir='ltr'>in</span> <span class='ocrx_word' id='word_1_646' title='bbox 2633 4068 2921 4139; x_wconf 77' lang='lat' dir='ltr'>zecclesia,</span> <span class='ocrx_word' id='word_1_647' title='bbox 2948 4068 3328 4125; x_wconf 88' lang='lat' dir='ltr'>dissentirent</span> <span class='ocrx_word' id='word_1_648' title='bbox 3350 4066 3421 4121; x_wconf 89' lang='lat' dir='ltr'>ab</span> <span class='ocrx_word' id='word_1_649' title='bbox 3446 4064 3566 4123; x_wconf 86' lang='lat' dir='ltr'>illis</span> 
     </span>
    </p>
   </div>
   <div class='ocr_carea' id='block_1_90' title="bbox 1926 4155 3566 4229">
    <p class='ocr_par' dir='ltr' id='par_1_90' title="bbox 1926 4155 3566 4229">
     <span class='ocr_line' id='line_1_90' title="bbox 1926 4155 3566 4229; baseline -0.002 -15"><span class='ocrx_word' id='word_1_650' title='bbox 1926 4158 2020 4229; x_wconf 91' lang='lat' dir='ltr'>qui</span> <span class='ocrx_word' id='word_1_651' title='bbox 2045 4158 2263 4229; x_wconf 90' lang='lat' dir='ltr'>suscipi</span> <span class='ocrx_word' id='word_1_652' title='bbox 2287 4158 2640 4227; x_wconf 83' lang='lat' dir='ltr'>refugerent,</span> <span class='ocrx_word' id='word_1_653' title='bbox 2660 4157 2813 4228; x_wconf 90' lang='lat' dir='ltr'>quod</span> <span class='ocrx_word' id='word_1_654' title='bbox 2835 4156 3099 4228; x_wconf 85' lang='lat' dir='ltr'>religioni</span> <span class='ocrx_word' id='word_1_655' title='bbox 3121 4155 3566 4212; x_wconf 87' lang='lat' dir='ltr'>adversabatur.</span> 
     </span>
    </p>
   </div>
   <div class='ocr_carea' id='block_1_91' title="bbox 1926 4244 3571 4317">
    <p class='ocr_par' dir='ltr' id='par_1_91' title="bbox 1926 4244 3571 4317">
     <span class='ocr_line' id='line_1_91' title="bbox 1926 4244 3571 4317; baseline -0.001 -14"><span class='ocrx_word' id='word_1_656' title='bbox 1926 4250 2231 4303; x_wconf 83' lang='lat' dir='ltr'>Attestans</span> <span class='ocrx_word' id='word_1_657' title='bbox 2272 4262 2334 4304; x_wconf 91' lang='lat' dir='ltr'>se</span> <span class='ocrx_word' id='word_1_658' title='bbox 2379 4246 2434 4302; x_wconf 89' lang='lat' dir='ltr'>id</span> <span class='ocrx_word' id='word_1_659' title='bbox 2477 4248 2789 4317; x_wconf 88' lang='lat' dir='ltr'>facturum,</span> <span class='ocrx_word' id='word_1_660' title='bbox 2834 4246 2881 4303; x_wconf 91' lang='lat' dir='ltr'>si</span> <span class='ocrx_word' id='word_1_661' title='bbox 2923 4245 3131 4303; x_wconf 91' lang='lat' dir='ltr'>similis</span> <span class='ocrx_word' id='word_1_662' title='bbox 3161 4245 3212 4301; x_wconf 90' lang='lat' dir='ltr'>ei</span> <span class='ocrx_word' id='word_1_663' title='bbox 3245 4244 3571 4301; x_wconf 89' lang='lat' dir='ltr'>necessitas</span> 
     </span>
    </p>
   </div>
   <div class='ocr_carea' id='block_1_92' title="bbox 1925 4335 3569 4407">
    <p class='ocr_par' dir='ltr' id='par_1_92' title="bbox 1925 4335 3569 4407">
     <span class='ocr_line' id='line_1_92' title="bbox 1925 4335 3569 4407; baseline -0.002 -16"><span class='ocrx_word' id='word_1_664' title='bbox 1925 4335 2306 4392; x_wconf 88' lang='lat' dir='ltr'>incumberet.</span> <span class='ocrx_word' id='word_1_665' title='bbox 2337 4338 2452 4392; x_wconf 87' lang='lat' dir='ltr'>lloe</span> <span class='ocrx_word' id='word_1_666' title='bbox 2479 4337 2603 4407; x_wconf 92' lang='lat' dir='ltr'>ipse</span> <span class='ocrx_word' id='word_1_667' title='bbox 2627 4336 2698 4392; x_wconf 92' lang='lat' dir='ltr'>ab</span> <span class='ocrx_word' id='word_1_668' title='bbox 2722 4336 2848 4406; x_wconf 90' lang='lat' dir='ltr'>ejus</span> <span class='ocrx_word' id='word_1_669' title='bbox 2866 4351 2965 4391; x_wconf 86' lang='lat' dir='ltr'>ore</span> <span class='ocrx_word' id='word_1_670' title='bbox 2985 4335 3203 4405; x_wconf 91' lang='lat' dir='ltr'>audivi,</span> <span class='ocrx_word' id='word_1_671' title='bbox 3228 4347 3358 4390; x_wconf 90' lang='lat' dir='ltr'>cum</span> <span class='ocrx_word' id='word_1_672' title='bbox 3384 4347 3569 4389; x_wconf 89' lang='lat' dir='ltr'>essem</span> 
     </span>
    </p>
   </div>
   <div class='ocr_carea' id='block_1_93' title="bbox 1925 4423 3569 4497">
    <p class='ocr_par' dir='ltr' id='par_1_93' title="bbox 1925 4423 3569 4497">
     <span class='ocr_line' id='line_1_93' title="bbox 1925 4423 3569 4497; baseline -0.003 -16"><span class='ocrx_word' id='word_1_673' title='bbox 1925 4440 2054 4481; x_wconf 88' lang='lat' dir='ltr'>cum</span> <span class='ocrx_word' id='word_1_674' title='bbox 2107 4425 2307 4481; x_wconf 91' lang='lat' dir='ltr'>eodem</span> <span class='ocrx_word' id='word_1_675' title='bbox 2357 4430 2521 4497; x_wconf 91' lang='lat' dir='ltr'>patre</span> <span class='ocrx_word' id='word_1_676' title='bbox 2572 4430 2777 4481; x_wconf 88' lang='lat' dir='ltr'>nostro</span> <span class='ocrx_word' id='word_1_677' title='bbox 2829 4424 3106 4481; x_wconf 89' lang='lat' dir='ltr'>Cluniaci.</span> <span class='ocrx_word' id='word_1_678' title='bbox 3141 4426 3262 4480; x_wconf 88' lang='lat' dir='ltr'>.lam</span> <span class='ocrx_word' id='word_1_679' title='bbox 3294 4423 3446 4478; x_wconf 90' lang='lat' dir='ltr'>enim</span> <span class='ocrx_word' id='word_1_680' title='bbox 3480 4435 3569 4477; x_wconf 90' lang='lat' dir='ltr'>me</span> 
     </span>
    </p>
   </div>
   <div class='ocr_carea' id='block_1_94' title="bbox 162 4508 3564 4585">
    <p class='ocr_par' dir='ltr' id='par_1_94' title="bbox 162 4508 3564 4585">
     <span class='ocr_line' id='line_1_94' title="bbox 162 4508 3564 4585; baseline 0 -20"><span class='ocrx_word' id='word_1_681' title='bbox 162 4522 281 4580; x_wconf 70' lang='lat' dir='ltr'>tos,</span> <span class='ocrx_word' id='word_1_682' title='bbox 314 4512 411 4579; x_wconf 91' lang='lat' dir='ltr'>ait,</span> <span class='ocrx_word' id='word_1_683' title='bbox 445 4511 602 4577; x_wconf 85' lang='lat' dir='ltr'>Deo;</span> <span class='ocrx_word' id='word_1_684' title='bbox 630 4508 789 4566; x_wconf 88' lang='lat' dir='ltr'>state</span> <span class='ocrx_word' id='word_1_685' title='bbox 816 4510 1028 4581; x_wconf 72' lang='lat' dir='ltr'>infide</span> <span class='ocrx_word' id='word_1_686' title='bbox 1048 4511 1106 4566; x_wconf 89' lang='lat' dir='ltr'>et</span> <span class='ocrx_word' id='word_1_687' title='bbox 1125 4511 1399 4567; x_wconf 74' lang='lat' dir='ltr'>doctrina</span> <span class='ocrx_word' id='word_1_688' title='bbox 1431 4509 1589 4567; x_wconf 77' lang='lat' dir='ltr'>beati</span> <span class='ocrx_word' id='word_1_689' title='bbox 1619 4510 1810 4581; x_wconf 81' lang='lat' dir='ltr'>Petri,</span> <span class='ocrx_word' id='word_1_690' title='bbox 1844 4511 1898 4572; x_wconf 92' lang='lat' dir='ltr'>D</span> <span class='ocrx_word' id='word_1_691' title='bbox 1927 4529 2125 4569; x_wconf 88' lang='lat' dir='ltr'>secum</span> <span class='ocrx_word' id='word_1_692' title='bbox 2158 4513 2431 4583; x_wconf 89' lang='lat' dir='ltr'>ducebat,</span> <span class='ocrx_word' id='word_1_693' title='bbox 2471 4519 2528 4570; x_wconf 93' lang='lat' dir='ltr'>ut</span> <span class='ocrx_word' id='word_1_694' title='bbox 2564 4514 2822 4570; x_wconf 89' lang='lat' dir='ltr'>viderem</span> <span class='ocrx_word' id='word_1_695' title='bbox 2861 4528 2988 4585; x_wconf 72' lang='lat' dir='ltr'>quae</span> <span class='ocrx_word' id='word_1_696' title='bbox 3028 4514 3185 4569; x_wconf 89' lang='lat' dir='ltr'>circa</span> <span class='ocrx_word' id='word_1_697' title='bbox 3215 4527 3346 4568; x_wconf 89' lang='lat' dir='ltr'>eum</span> <span class='ocrx_word' id='word_1_698' title='bbox 3376 4513 3564 4579; x_wconf 89' lang='lat' dir='ltr'>erant,</span> 
     </span>
    </p>
   </div>
   <div class='ocr_carea' id='block_1_95' title="bbox 163 4597 1815 4669">
    <p class='ocr_par' dir='ltr' id='par_1_95' title="bbox 163 4597 1815 4669">
     <span class='ocr_line' id='line_1_95' title="bbox 163 4597 1815 4669; baseline 0.001 -14"><span class='ocrx_word' id='word_1_699' title='bbox 163 4598 321 4655; x_wconf 72' lang='lat' dir='ltr'>sicut</span> <span class='ocrx_word' id='word_1_700' title='bbox 337 4612 376 4655; x_wconf 89' lang='lat' dir='ltr'>a</span> <span class='ocrx_word' id='word_1_701' title='bbox 395 4597 838 4657; x_wconf 75' lang='lat' dir='ltr'>successoribus</span> <span class='ocrx_word' id='word_1_702' title='bbox 867 4600 998 4669; x_wconf 83' lang='lat' dir='ltr'>ejus</span> <span class='ocrx_word' id='word_1_703' title='bbox 1020 4600 1077 4654; x_wconf 89' lang='lat' dir='ltr'>et</span> <span class='ocrx_word' id='word_1_704' title='bbox 1093 4600 1337 4656; x_wconf 66' lang='lat' dir='ltr'>vidistis</span> <span class='ocrx_word' id='word_1_705' title='bbox 1359 4600 1415 4654; x_wconf 83' lang='lat' dir='ltr'>et</span> <span class='ocrx_word' id='word_1_706' title='bbox 1433 4600 1714 4657; x_wconf 80' lang='lat' dir='ltr'>audistis.</span> <span class='ocrx_word' id='word_1_707' title='bbox 1747 4602 1815 4656; x_wconf 83' lang='lat' dir='ltr'>Et</span> 
     </span>
    </p>
   </div>
   <div class='ocr_carea' id='block_1_96' title="bbox 168 4686 1817 4758">
    <p class='ocr_par' dir='ltr' id='par_1_96' title="bbox 168 4686 1817 4758">
     <span class='ocr_line' id='line_1_96' title="bbox 168 4686 1817 4758; baseline 0 -15"><span class='ocrx_word' id='word_1_708' title='bbox 168 4691 299 4758; x_wconf 88' lang='lat' dir='ltr'>post</span> <span class='ocrx_word' id='word_1_709' title='bbox 328 4686 434 4744; x_wconf 88' lang='lat' dir='ltr'>hec</span> <span class='ocrx_word' id='word_1_710' title='bbox 466 4701 673 4744; x_wconf 87' lang='lat' dir='ltr'>omnes</span> <span class='ocrx_word' id='word_1_711' title='bbox 706 4686 1077 4755; x_wconf 87' lang='lat' dir='ltr'>benedicens,</span> <span class='ocrx_word' id='word_1_712' title='bbox 1112 4688 1278 4757; x_wconf 87' lang='lat' dir='ltr'>signo</span> <span class='ocrx_word' id='word_1_713' title='bbox 1307 4689 1507 4743; x_wconf 88' lang='lat' dir='ltr'>erucis</span> <span class='ocrx_word' id='word_1_714' title='bbox 1540 4703 1601 4743; x_wconf 89' lang='lat' dir='ltr'>se</span> <span class='ocrx_word' id='word_1_715' title='bbox 1634 4689 1817 4745; x_wconf 88' lang='lat' dir='ltr'>muni-</span> 
     </span>
    </p>
   </div>
   <div class='ocr_carea' id='block_1_97' title="bbox 166 4775 1816 4845">
    <p class='ocr_par' dir='ltr' id='par_1_97' title="bbox 166 4775 1816 4845">
     <span class='ocr_line' id='line_1_97' title="bbox 166 4775 1816 4845; baseline 0.002 -16"><span class='ocrx_word' id='word_1_716' title='bbox 166 4775 265 4844; x_wconf 90' lang='lat' dir='ltr'>vit,</span> <span class='ocrx_word' id='word_1_717' title='bbox 298 4778 354 4830; x_wconf 88' lang='lat' dir='ltr'>et</span> <span class='ocrx_word' id='word_1_718' title='bbox 390 4775 661 4833; x_wconf 89' lang='lat' dir='ltr'>invocata</span> <span class='ocrx_word' id='word_1_719' title='bbox 696 4779 899 4830; x_wconf 89' lang='lat' dir='ltr'>sancta</span> <span class='ocrx_word' id='word_1_720' title='bbox 930 4776 1228 4845; x_wconf 87' lang='lat' dir='ltr'>Trinitate,</span> <span class='ocrx_word' id='word_1_721' title='bbox 1266 4782 1485 4833; x_wconf 63' lang='lat' dir='ltr'>sanctae</span> <span class='ocrx_word' id='word_1_722' title='bbox 1519 4777 1708 4832; x_wconf 84' lang='lat' dir='ltr'>Mariae</span> <span class='ocrx_word' id='word_1_723' title='bbox 1753 4793 1816 4832; x_wconf 93' lang='lat' dir='ltr'>se</span> 
     </span>
    </p>
   </div>
   <div class='ocr_carea' id='block_1_98' title="bbox 169 4864 1818 4935">
    <p class='ocr_par' dir='ltr' id='par_1_98' title="bbox 169 4864 1818 4935">
     <span class='ocr_line' id='line_1_98' title="bbox 169 4864 1818 4935; baseline -0.001 -15"><span class='ocrx_word' id='word_1_724' title='bbox 169 4864 603 4932; x_wconf 88' lang='lat' dir='ltr'>commendans,</span> <span class='ocrx_word' id='word_1_725' title='bbox 637 4877 942 4919; x_wconf 90' lang='lat' dir='ltr'>commune</span> <span class='ocrx_word' id='word_1_726' title='bbox 968 4865 1352 4935; x_wconf 91' lang='lat' dir='ltr'>patrocinium</span> <span class='ocrx_word' id='word_1_727' title='bbox 1377 4871 1710 4920; x_wconf 90' lang='lat' dir='ltr'>sanctorum</span> <span class='ocrx_word' id='word_1_728' title='bbox 1738 4866 1818 4919; x_wconf 91' lang='lat' dir='ltr'>in-</span> 
     </span>
    </p>
   </div>
   <div class='ocr_carea' id='block_1_99' title="bbox 167 4950 1816 5024">
    <p class='ocr_par' dir='ltr' id='par_1_99' title="bbox 167 4950 1816 5024">
     <span class='ocr_line' id='line_1_99' title="bbox 167 4950 1816 5024; baseline 0.002 -17"><span class='ocrx_word' id='word_1_729' title='bbox 167 4950 420 5024; x_wconf 89' lang='lat' dir='ltr'>plorans,</span> <span class='ocrx_word' id='word_1_730' title='bbox 456 4950 651 5008; x_wconf 89' lang='lat' dir='ltr'>oculis</span> <span class='ocrx_word' id='word_1_731' title='bbox 682 4955 743 5006; x_wconf 93' lang='lat' dir='ltr'>et</span> <span class='ocrx_word' id='word_1_732' title='bbox 784 4952 1121 5009; x_wconf 90' lang='lat' dir='ltr'>manibusin</span> <span class='ocrx_word' id='word_1_733' title='bbox 1149 4953 1360 5010; x_wconf 81' lang='lat' dir='ltr'>ccelum</span> <span class='ocrx_word' id='word_1_734' title='bbox 1393 4953 1658 5021; x_wconf 88' lang='lat' dir='ltr'>elevatis,</span> <span class='ocrx_word' id='word_1_735' title='bbox 1694 4954 1816 5010; x_wconf 89' lang='lat' dir='ltr'>sine</span> 
     </span>
    </p>
   </div>
   <div class='ocr_carea' id='block_1_100' title="bbox 167 5039 1818 5113">
    <p class='ocr_par' dir='ltr' id='par_1_100' title="bbox 167 5039 1818 5113">
     <span class='ocr_line' id='line_1_100' title="bbox 167 5039 1818 5113; baseline 0.001 -17"><span class='ocrx_word' id='word_1_736' title='bbox 167 5040 280 5097; x_wconf 91' lang='lat' dir='ltr'>ullo</span> <span class='ocrx_word' id='word_1_737' title='bbox 311 5040 571 5113; x_wconf 87' lang='lat' dir='ltr'>strepitu</span> <span class='ocrx_word' id='word_1_738' title='bbox 605 5039 771 5095; x_wconf 90' lang='lat' dir='ltr'>vocis</span> <span class='ocrx_word' id='word_1_739' title='bbox 802 5044 862 5094; x_wconf 93' lang='lat' dir='ltr'>et</span> <span class='ocrx_word' id='word_1_740' title='bbox 895 5046 1050 5099; x_wconf 90' lang='lat' dir='ltr'>motu</span> <span class='ocrx_word' id='word_1_741' title='bbox 1081 5042 1369 5113; x_wconf 88' lang='lat' dir='ltr'>corporis,</span> <span class='ocrx_word' id='word_1_742' title='bbox 1409 5042 1569 5112; x_wconf 85' lang='lat' dir='ltr'>quasi</span> <span class='ocrx_word' id='word_1_743' title='bbox 1606 5042 1818 5098; x_wconf 89' lang='lat' dir='ltr'>obdor-</span> 
     </span>
    </p>
   </div>
   <div class='ocr_carea' id='block_1_101' title="bbox 168 5127 1818 5201">
    <p class='ocr_par' dir='ltr' id='par_1_101' title="bbox 168 5127 1818 5201">
     <span class='ocr_line' id='line_1_101' title="bbox 168 5127 1818 5201; baseline 0 -16"><span class='ocrx_word' id='word_1_744' title='bbox 168 5130 344 5186; x_wconf 87' lang='lat' dir='ltr'>miens</span> <span class='ocrx_word' id='word_1_745' title='bbox 367 5129 653 5201; x_wconf 86' lang='lat' dir='ltr'>spiritum</span> <span class='ocrx_word' id='word_1_746' title='bbox 678 5127 892 5184; x_wconf 90' lang='lat' dir='ltr'>emisit.</span> <span class='ocrx_word' id='word_1_747' title='bbox 918 5129 1188 5200; x_wconf 85' lang='lat' dir='ltr'>Sequenti</span> <span class='ocrx_word' id='word_1_748' title='bbox 1215 5135 1382 5186; x_wconf 85' lang='lat' dir='ltr'>nocte</span> <span class='ocrx_word' id='word_1_749' title='bbox 1403 5131 1674 5201; x_wconf 89' lang='lat' dir='ltr'>apparuit</span> <span class='ocrx_word' id='word_1_750' title='bbox 1697 5131 1818 5186; x_wconf 89' lang='lat' dir='ltr'>eui-</span> 
     </span>
    </p>
   </div>
   <div class='ocr_carea' id='block_1_102' title="bbox 167 5216 1815 5289">
    <p class='ocr_par' dir='ltr' id='par_1_102' title="bbox 167 5216 1815 5289">
     <span class='ocr_line' id='line_1_102' title="bbox 167 5216 1815 5289; baseline -0.001 -15"><span class='ocrx_word' id='word_1_751' title='bbox 167 5217 285 5274; x_wconf 88' lang='lat' dir='ltr'>dam</span> <span class='ocrx_word' id='word_1_752' title='bbox 331 5216 556 5275; x_wconf 88' lang='lat' dir='ltr'>dilecto</span> <span class='ocrx_word' id='word_1_753' title='bbox 585 5231 717 5284; x_wconf 90' lang='lat' dir='ltr'>suo,</span> <span class='ocrx_word' id='word_1_754' title='bbox 756 5230 923 5285; x_wconf 87' lang='lat' dir='ltr'>quem</span> <span class='ocrx_word' id='word_1_755' title='bbox 960 5218 1012 5272; x_wconf 91' lang='lat' dir='ltr'>in</span> <span class='ocrx_word' id='word_1_756' title='bbox 1046 5219 1223 5275; x_wconf 83' lang='lat' dir='ltr'>filium</span> <span class='ocrx_word' id='word_1_757' title='bbox 1258 5219 1664 5289; x_wconf 86' lang='lat' dir='ltr'>adoptaverat,</span> <span class='ocrx_word' id='word_1_758' title='bbox 1717 5220 1815 5289; x_wconf 88' lang='lat' dir='ltr'>qui</span> 
     </span>
    </p>
   </div>
   <div class='ocr_carea' id='block_1_103' title="bbox 166 5306 1812 5380">
    <p class='ocr_par' dir='ltr' id='par_1_103' title="bbox 166 5306 1812 5380">
     <span class='ocr_line' id='line_1_103' title="bbox 166 5306 1812 5380; baseline -0.001 -17"><span class='ocrx_word' id='word_1_759' title='bbox 166 5322 279 5363; x_wconf 89' lang='lat' dir='ltr'>cum</span> <span class='ocrx_word' id='word_1_760' title='bbox 303 5306 515 5380; x_wconf 89' lang='lat' dir='ltr'>psalmi</span> <span class='ocrx_word' id='word_1_761' title='bbox 542 5308 951 5375; x_wconf 89' lang='lat' dir='ltr'>cantarentur,</span> <span class='ocrx_word' id='word_1_762' title='bbox 979 5321 1096 5377; x_wconf 67' lang='lat' dir='ltr'>pl‘iB</span> <span class='ocrx_word' id='word_1_763' title='bbox 1121 5307 1363 5362; x_wconf 85' lang='lat' dir='ltr'>tristitia</span> <span class='ocrx_word' id='word_1_764' title='bbox 1395 5307 1812 5377; x_wconf 83' lang='lat' dir='ltr'>cbdormierat,</span> 
     </span>
    </p>
   </div>
   <div class='ocr_carea' id='block_1_104' title="bbox 161 5390 1819 5467">
    <p class='ocr_par' dir='ltr' id='par_1_104' title="bbox 161 5390 1819 5467">
     <span class='ocr_line' id='line_1_104' title="bbox 161 5390 1819 5467; baseline -0.001 -15"><span class='ocrx_word' id='word_1_765' title='bbox 161 5402 213 5452; x_wconf 85' lang='lat' dir='ltr'>et</span> <span class='ocrx_word' id='word_1_766' title='bbox 236 5397 309 5453; x_wconf 87' lang='lat' dir='ltr'>ait</span> <span class='ocrx_word' id='word_1_767' title='bbox 334 5395 422 5452; x_wconf 91' lang='lat' dir='ltr'>illi</span> <span class='ocrx_word' id='word_1_768' title='bbox 453 5414 466 5449; x_wconf 90' lang='lat'>:</span> <span class='ocrx_word' id='word_1_769' title='bbox 489 5392 646 5453; x_wconf 80' lang='lat' dir='ltr'>Noti</span> <span class='ocrx_word' id='word_1_770' title='bbox 665 5390 892 5449; x_wconf 78' lang='lat' dir='ltr'>mestus</span> <span class='ocrx_word' id='word_1_771' title='bbox 912 5405 1052 5467; x_wconf 83' lang='lat' dir='ltr'>esse,</span> <span class='ocrx_word' id='word_1_772' title='bbox 1073 5395 1280 5453; x_wconf 65' lang='lat' dir='ltr'>salsas</span> <span class='ocrx_word' id='word_1_773' title='bbox 1298 5409 1445 5453; x_wconf 77' lang='lat' dir='ltr'>sum.</span> <span class='ocrx_word' id='word_1_774' title='bbox 1482 5396 1695 5450; x_wconf 87' lang='lat' dir='ltr'>lterum</span> <span class='ocrx_word' id='word_1_775' title='bbox 1721 5409 1819 5466; x_wconf 89' lang='lat' dir='ltr'>ap-</span> 
     </span>
    </p>
   </div>
   <div class='ocr_carea' id='block_1_105' title="bbox 1927 4594 3571 4673">
    <p class='ocr_par' dir='ltr' id='par_1_105' title="bbox 1927 4594 3571 4673">
     <span class='ocr_line' id='line_1_105' title="bbox 1927 4594 3571 4673; baseline -0.002 -16"><span class='ocrx_word' id='word_1_776' title='bbox 1927 4606 1986 4657; x_wconf 89' lang='lat' dir='ltr'>et</span> <span class='ocrx_word' id='word_1_777' title='bbox 2021 4602 2362 4673; x_wconf 89' lang='lat' dir='ltr'>perfectioni</span> <span class='ocrx_word' id='word_1_778' title='bbox 2398 4617 2632 4673; x_wconf 88' lang='lat' dir='ltr'>operam</span> <span class='ocrx_word' id='word_1_779' title='bbox 2667 4603 2894 4668; x_wconf 88' lang='lat' dir='ltr'>darem;</span> <span class='ocrx_word' id='word_1_780' title='bbox 2928 4616 3058 4657; x_wconf 92' lang='lat' dir='ltr'>cum</span> <span class='ocrx_word' id='word_1_781' title='bbox 3091 4601 3236 4671; x_wconf 89' lang='lat' dir='ltr'>ipse,</span> <span class='ocrx_word' id='word_1_782' title='bbox 3272 4594 3571 4654; x_wconf 86' lang='lat' dir='ltr'>humiliter</span> 
     </span>
    </p>
   </div>
   <div class='ocr_carea' id='block_1_106' title="bbox 1929 4685 3570 4762">
    <p class='ocr_par' dir='ltr' id='par_1_106' title="bbox 1929 4685 3570 4762">
     <span class='ocr_line' id='line_1_106' title="bbox 1929 4685 3570 4762; baseline -0.003 -16"><span class='ocrx_word' id='word_1_783' title='bbox 1929 4690 2249 4762; x_wconf 83' lang='lat' dir='ltr'>requisitus</span> <span class='ocrx_word' id='word_1_784' title='bbox 2279 4706 2308 4746; x_wconf 90' lang='lat' dir='ltr'>a</span> <span class='ocrx_word' id='word_1_785' title='bbox 2343 4706 2432 4746; x_wconf 91' lang='lat' dir='ltr'>me</span> <span class='ocrx_word' id='word_1_786' title='bbox 2464 4705 2642 4760; x_wconf 89' lang='lat' dir='ltr'>quare</span> <span class='ocrx_word' id='word_1_787' title='bbox 2676 4695 2836 4746; x_wconf 90' lang='lat' dir='ltr'>tanto</span> <span class='ocrx_word' id='word_1_788' title='bbox 2871 4695 3129 4760; x_wconf 88' lang='lat' dir='ltr'>tempore</span> <span class='ocrx_word' id='word_1_789' title='bbox 3163 4685 3448 4742; x_wconf 87' lang='lat' dir='ltr'>voluntati</span> <span class='ocrx_word' id='word_1_790' title='bbox 3481 4699 3570 4741; x_wconf 89' lang='lat' dir='ltr'>me</span> 
     </span>
    </p>
   </div>
   <div class='ocr_carea' id='block_1_107' title="bbox 1929 4772 3573 4850">
    <p class='ocr_par' dir='ltr' id='par_1_107' title="bbox 1929 4772 3573 4850">
     <span class='ocr_line' id='line_1_107' title="bbox 1929 4772 3573 4850; baseline -0.004 -16"><span class='ocrx_word' id='word_1_791' title='bbox 1929 4780 2180 4850; x_wconf 68' lang='lat' dir='ltr'>prepriae</span> <span class='ocrx_word' id='word_1_792' title='bbox 2233 4779 2571 4847; x_wconf 87' lang='lat' dir='ltr'>dimisisset,</span> <span class='ocrx_word' id='word_1_793' title='bbox 2619 4778 2876 4833; x_wconf 89' lang='lat' dir='ltr'>breviter</span> <span class='ocrx_word' id='word_1_794' title='bbox 2906 4774 3255 4847; x_wconf 90' lang='lat' dir='ltr'>respondit:</span> <span class='ocrx_word' id='word_1_795' title='bbox 3305 4772 3573 4829; x_wconf 74' lang='lat' dir='ltr'>Volebam</span> 
     </span>
    </p>
   </div>
   <div class='ocr_carea' id='block_1_108' title="bbox 1928 4862 3569 4937">
    <p class='ocr_par' dir='ltr' id='par_1_108' title="bbox 1928 4862 3569 4937">
     <span class='ocr_line' id='line_1_108' title="bbox 1928 4862 3569 4937; baseline -0.002 -17"><span class='ocrx_word' id='word_1_796' title='bbox 1928 4866 2210 4937; x_wconf 85' lang='lat' dir='ltr'>inquiens,</span> <span class='ocrx_word' id='word_1_797' title='bbox 2245 4868 2399 4923; x_wconf 85' lang='lat' dir='ltr'>scire</span> <span class='ocrx_word' id='word_1_798' title='bbox 2417 4867 2473 4923; x_wconf 88' lang='lat' dir='ltr'>si</span> <span class='ocrx_word' id='word_1_799' title='bbox 2496 4866 2657 4921; x_wconf 84' lang='lat' dir='ltr'>terra</span> <span class='ocrx_word' id='word_1_800' title='bbox 2690 4866 2793 4921; x_wconf 82' lang='lat' dir='ltr'>taa</span> <span class='ocrx_word' id='word_1_801' title='bbox 2820 4878 3015 4921; x_wconf 78' lang='lat' dir='ltr'>semen</span> <span class='ocrx_word' id='word_1_802' title='bbox 3042 4862 3204 4919; x_wconf 70' lang='lat' dir='ltr'>verbi</span> <span class='ocrx_word' id='word_1_803' title='bbox 3223 4862 3569 4933; x_wconf 62' lang='lat' dir='ltr'>susciperet,</span> 
     </span>
    </p>
   </div>
   <div class='ocr_carea' id='block_1_109' title="bbox 1925 4951 3575 5024">
    <p class='ocr_par' dir='ltr' id='par_1_109' title="bbox 1925 4951 3575 5024">
     <span class='ocr_line' id='line_1_109' title="bbox 1925 4951 3575 5024; baseline -0.003 -14"><span class='ocrx_word' id='word_1_804' title='bbox 1925 4954 1980 5010; x_wconf 88' lang='lat' dir='ltr'>si</span> <span class='ocrx_word' id='word_1_805' title='bbox 2002 4953 2262 5023; x_wconf 62' lang='lat' dir='ltr'>saseepto</span> <span class='ocrx_word' id='word_1_806' title='bbox 2282 4954 2504 5011; x_wconf 70' lang='lat' dir='ltr'>semine</span> <span class='ocrx_word' id='word_1_807' title='bbox 2510 4953 2790 5024; x_wconf 75' lang='lat' dir='ltr'>fructum</span> <span class='ocrx_word' id='word_1_808' title='bbox 2795 4951 3053 5023; x_wconf 79' lang='lat' dir='ltr'>faceret,</span> <span class='ocrx_word' id='word_1_809' title='bbox 3078 4964 3149 5006; x_wconf 74' lang='lat' dir='ltr'>ne</span> <span class='ocrx_word' id='word_1_810' title='bbox 3170 4951 3473 5007; x_wconf 74' lang='lat' dir='ltr'>incassum</span> <span class='ocrx_word' id='word_1_811' title='bbox 3487 4962 3575 5005; x_wconf 87' lang='lat' dir='ltr'>se-</span> 
     </span>
    </p>
   </div>
   <div class='ocr_carea' id='block_1_110' title="bbox 1918 5036 3574 5111">
    <p class='ocr_par' dir='ltr' id='par_1_110' title="bbox 1918 5036 3574 5111">
     <span class='ocr_line' id='line_1_110' title="bbox 1918 5036 3574 5111; baseline -0.003 -14"><span class='ocrx_word' id='word_1_812' title='bbox 1918 5036 2164 5097; x_wconf 75' lang='lat' dir='ltr'>mentem</span> <span class='ocrx_word' id='word_1_813' title='bbox 2186 5042 2508 5111; x_wconf 53' lang='lat' dir='ltr'>jaci’arem,</span> <span class='ocrx_word' id='word_1_814' title='bbox 2534 5053 2605 5095; x_wconf 73' lang='lat' dir='ltr'>ne</span> <span class='ocrx_word' id='word_1_815' title='bbox 2630 5040 2794 5096; x_wconf 83' lang='lat' dir='ltr'>labor</span> <span class='ocrx_word' id='word_1_816' title='bbox 2817 5039 2872 5096; x_wconf 88' lang='lat' dir='ltr'>et</span> <span class='ocrx_word' id='word_1_817' title='bbox 2893 5040 3140 5110; x_wconf 76' lang='lat' dir='ltr'>inpensa</span> <span class='ocrx_word' id='word_1_818' title='bbox 3165 5037 3406 5109; x_wconf 79' lang='lat' dir='ltr'>periret.</span> <span class='ocrx_word' id='word_1_819' title='bbox 3440 5036 3574 5103; x_wconf 82' lang='lat' dir='ltr'>Qui-</span> 
     </span>
    </p>
   </div>
   <div class='ocr_carea' id='block_1_111' title="bbox 1930 5124 3574 5199">
    <p class='ocr_par' dir='ltr' id='par_1_111' title="bbox 1930 5124 3574 5199">
     <span class='ocr_line' id='line_1_111' title="bbox 1930 5124 3574 5199; baseline -0.002 -14"><span class='ocrx_word' id='word_1_820' title='bbox 1930 5129 2039 5184; x_wconf 87' lang='lat' dir='ltr'>bus</span> <span class='ocrx_word' id='word_1_821' title='bbox 2081 5128 2207 5199; x_wconf 87' lang='lat' dir='ltr'>cjus</span> <span class='ocrx_word' id='word_1_822' title='bbox 2250 5129 2443 5185; x_wconf 90' lang='lat' dir='ltr'>verbis</span> <span class='ocrx_word' id='word_1_823' title='bbox 2474 5144 2544 5183; x_wconf 83' lang='lat' dir='ltr'>ex</span> <span class='ocrx_word' id='word_1_824' title='bbox 2575 5125 2884 5183; x_wconf 88' lang='lat' dir='ltr'>devotione</span> <span class='ocrx_word' id='word_1_825' title='bbox 2917 5126 3204 5196; x_wconf 76' lang='lat' dir='ltr'>affectum,</span> <span class='ocrx_word' id='word_1_826' title='bbox 3259 5140 3330 5180; x_wconf 79' lang='lat' dir='ltr'>ex</span> <span class='ocrx_word' id='word_1_827' title='bbox 3361 5124 3574 5182; x_wconf 80' lang='lat' dir='ltr'>affectu</span> 
     </span>
    </p>
   </div>
   <div class='ocr_carea' id='block_1_112' title="bbox 1929 5216 3570 5287">
    <p class='ocr_par' dir='ltr' id='par_1_112' title="bbox 1929 5216 3570 5287">
     <span class='ocr_line' id='line_1_112' title="bbox 1929 5216 3570 5287; baseline -0.001 -16"><span class='ocrx_word' id='word_1_828' title='bbox 1929 5216 2294 5273; x_wconf 88' lang='lat' dir='ltr'>devotionem</span> <span class='ocrx_word' id='word_1_829' title='bbox 2312 5217 2619 5287; x_wconf 88' lang='lat' dir='ltr'>colligens,</span> <span class='ocrx_word' id='word_1_830' title='bbox 2644 5216 2771 5274; x_wconf 92' lang='lat' dir='ltr'>tibi.</span> <span class='ocrx_word' id='word_1_831' title='bbox 2796 5216 3046 5284; x_wconf 71' lang='lat' dir='ltr'>Christe,</span> <span class='ocrx_word' id='word_1_832' title='bbox 3070 5216 3289 5285; x_wconf 89' lang='lat' dir='ltr'>gratias</span> <span class='ocrx_word' id='word_1_833' title='bbox 3309 5216 3570 5284; x_wconf 88' lang='lat' dir='ltr'>agebam,</span> 
     </span>
    </p>
   </div>
   <div class='ocr_carea' id='block_1_113' title="bbox 1927 5302 3575 5376">
    <p class='ocr_par' dir='ltr' id='par_1_113' title="bbox 1927 5302 3575 5376">
     <span class='ocr_line' id='line_1_113' title="bbox 1927 5302 3575 5376; baseline -0.002 -15"><span class='ocrx_word' id='word_1_834' title='bbox 1927 5310 1987 5361; x_wconf 90' lang='lat' dir='ltr'>et</span> <span class='ocrx_word' id='word_1_835' title='bbox 2018 5313 2077 5361; x_wconf 93' lang='lat' dir='ltr'>ut</span> <span class='ocrx_word' id='word_1_836' title='bbox 2111 5306 2495 5363; x_wconf 85' lang='lat' dir='ltr'>fructificaret</span> <span class='ocrx_word' id='word_1_837' title='bbox 2520 5306 2571 5360; x_wconf 90' lang='lat' dir='ltr'>in</span> <span class='ocrx_word' id='word_1_838' title='bbox 2601 5321 2686 5362; x_wconf 89' lang='lat' dir='ltr'>me</span> <span class='ocrx_word' id='word_1_839' title='bbox 2715 5304 2903 5376; x_wconf 90' lang='lat' dir='ltr'>gratia</span> <span class='ocrx_word' id='word_1_840' title='bbox 2938 5309 3071 5371; x_wconf 92' lang='lat' dir='ltr'>tua;</span> <span class='ocrx_word' id='word_1_841' title='bbox 3108 5309 3172 5360; x_wconf 93' lang='lat' dir='ltr'>ut</span> <span class='ocrx_word' id='word_1_842' title='bbox 3202 5305 3487 5360; x_wconf 87' lang='lat' dir='ltr'>letaretur</span> <span class='ocrx_word' id='word_1_843' title='bbox 3517 5302 3575 5357; x_wconf 90' lang='lat' dir='ltr'>in</span> 
     </span>
    </p>
   </div>
   <div class='ocr_carea' id='block_1_114' title="bbox 1929 5389 3574 5465">
    <p class='ocr_par' dir='ltr' id='par_1_114' title="bbox 1929 5389 3574 5465">
     <span class='ocr_line' id='line_1_114' title="bbox 1929 5389 3574 5465; baseline -0.003 -16"><span class='ocrx_word' id='word_1_844' title='bbox 1929 5399 1985 5449; x_wconf 89' lang='lat' dir='ltr'>te</span> <span class='ocrx_word' id='word_1_845' title='bbox 2006 5394 2076 5449; x_wconf 90' lang='lat' dir='ltr'>de</span> <span class='ocrx_word' id='word_1_846' title='bbox 2096 5394 2265 5449; x_wconf 89' lang='lat' dir='ltr'>nobis</span> <span class='ocrx_word' id='word_1_847' title='bbox 2290 5393 2473 5450; x_wconf 90' lang='lat' dir='ltr'>multo</span> <span class='ocrx_word' id='word_1_848' title='bbox 2498 5394 2708 5452; x_wconf 82' lang='lat' dir='ltr'>affectu</span> <span class='ocrx_word' id='word_1_849' title='bbox 2734 5395 2991 5465; x_wconf 87' lang='lat' dir='ltr'>orabam,</span> <span class='ocrx_word' id='word_1_850' title='bbox 3012 5397 3069 5449; x_wconf 91' lang='lat' dir='ltr'>et</span> <span class='ocrx_word' id='word_1_851' title='bbox 3090 5394 3278 5451; x_wconf 90' lang='lat' dir='ltr'>adhuc</span> <span class='ocrx_word' id='word_1_852' title='bbox 3298 5392 3351 5449; x_wconf 91' lang='lat' dir='ltr'>in</span> <span class='ocrx_word' id='word_1_853' title='bbox 3371 5389 3574 5447; x_wconf 88' lang='lat' dir='ltr'>eodem</span> 
     </span>
    </p>
   </div>
   <div class='ocr_carea' id='block_1_115' title="bbox 1524 5524 2200 5583">
    <p class='ocr_par' dir='ltr' id='par_1_115' title="bbox 1524 5524 2200 5583">
     <span class='ocr_line' id='line_1_115' title="bbox 1524 5524 2200 5583; baseline -0.001 -2"><span class='ocrx_word' id='word_1_854' title='bbox 1524 5526 1760 5583; x_wconf 76' lang='lat' dir='ltr'>VARI/E</span> <span class='ocrx_word' id='word_1_855' title='bbox 1801 5524 2200 5583; x_wconf 76' lang='lat' dir='ltr'>LECTIONES.</span> 
     </span>
    </p>
   </div>
   <div class='ocr_carea' id='block_1_116' title="bbox 219 5598 578 5700">
    <p class='ocr_par' dir='ltr' id='par_1_116' title="bbox 219 5598 578 5700">
     <span class='ocr_line' id='line_1_116' title="bbox 219 5598 578 5700; baseline -0.019 -16"><span class='ocrx_word' id='word_1_856' title='bbox 219 5627 279 5667; x_wconf 65' lang='grc' dir='ltr'>σευ</span> <span class='ocrx_word' id='word_1_857' title='bbox 304 5623 473 5700; x_wconf 87' lang='lat' dir='ltr'>rupi.</span> <span class='ocrx_word' id='word_1_858' title='bbox 515 5598 578 5680; x_wconf 63' lang='grc' dir='ltr'>θ’.</span> 
     </span>
    </p>
   </div>
  </div>
