  <div class='ocr_page' id='page_1' title='image "/cluster/home/n/w/nwhite01/storage/ocr_20150623/154/uva.x000829797/183.png"; bbox 0 0 3894 6310; ppageno 0'>
   <div class='ocr_carea' id='block_1_1' title="bbox 358 289 469 358">
    <p class='ocr_par' dir='ltr' id='par_1_1' title="bbox 358 289 469 358">
     <span class='ocr_line' id='line_1_1' title="bbox 358 289 469 358; baseline 0.027 -3"><span class='ocrx_word' id='word_1_1' title='bbox 358 289 469 358; x_wconf 80' lang='grc'><strong>851</strong></span> 
     </span>
    </p>
   </div>
   <div class='ocr_carea' id='block_1_2' title="bbox 1325 307 2810 386">
    <p class='ocr_par' dir='ltr' id='par_1_2' title="bbox 1325 307 2810 386">
     <span class='ocr_line' id='line_1_2' title="bbox 1325 307 2810 386; baseline 0.009 -14"><span class='ocrx_word' id='word_1_2' title='bbox 1325 307 1692 374; x_wconf 87' lang='lat' dir='ltr'>HUGONIS</span> <span class='ocrx_word' id='word_1_3' title='bbox 1739 310 2087 377; x_wconf 81' lang='lat' dir='ltr'><strong>ABBATIS</strong></span> <span class='ocrx_word' id='word_1_4' title='bbox 2131 313 2810 386; x_wconf 74' lang='lat' dir='ltr'><strong>FLAVINIACENSIS</strong></span> 
     </span>
    </p>
   </div>
   <div class='ocr_carea' id='block_1_3' title="bbox 3640 300 3765 388">
    <p class='ocr_par' dir='ltr' id='par_1_3' title="bbox 3640 300 3765 388">
     <span class='ocr_line' id='line_1_3' title="bbox 3640 300 3765 388; baseline 0.016 -2"><span class='ocrx_word' id='word_1_5' title='bbox 3640 300 3765 388; x_wconf 41' lang='lat'><strong>352‘</strong></span> 
     </span>
    </p>
   </div>
   <div class='ocr_carea' id='block_1_4' title="bbox 356 433 3744 528">
    <p class='ocr_par' dir='ltr' id='par_1_4' title="bbox 356 433 3744 528">
     <span class='ocr_line' id='line_1_4' title="bbox 356 433 3744 528; baseline 0.008 -39"><span class='ocrx_word' id='word_1_6' title='bbox 356 444 561 528; x_wconf 76' lang='lat' dir='ltr'><strong>maneo</strong></span> <span class='ocrx_word' id='word_1_7' title='bbox 584 433 900 528; x_wconf 82' lang='lat' dir='ltr'><strong>desiderio.</strong></span> <span class='ocrx_word' id='word_1_8' title='bbox 925 437 1262 512; x_wconf 84' lang='lat' dir='ltr'><strong>supplicans</strong></span> <span class='ocrx_word' id='word_1_9' title='bbox 1285 445 1345 499; x_wconf 91' lang='lat' dir='ltr'><strong>ut</strong></span> <span class='ocrx_word' id='word_1_10' title='bbox 1365 443 1521 500; x_wconf 80' lang='lat' dir='ltr'><strong>adsit</strong></span> <span class='ocrx_word' id='word_1_11' title='bbox 1545 444 1714 504; x_wconf 91' lang='lat' dir='ltr'><strong>nobis</strong></span> <span class='ocrx_word' id='word_1_12' title='bbox 1739 443 1998 518; x_wconf 81' lang='lat' dir='ltr'><strong>dignatio</strong></span> <span class='ocrx_word' id='word_1_13' title='bbox 2029 446 2084 508; x_wconf 86' lang='lat' dir='ltr'><strong>A</strong></span> <span class='ocrx_word' id='word_1_14' title='bbox 2113 454 2201 510; x_wconf 91' lang='lat' dir='ltr'><strong>est</strong></span> <span class='ocrx_word' id='word_1_15' title='bbox 2237 449 2386 524; x_wconf 88' lang='lat' dir='ltr'><strong>apud</strong></span> <span class='ocrx_word' id='word_1_16' title='bbox 2419 449 2637 511; x_wconf 86' lang='lat' dir='ltr'><strong>Eduam</strong></span> <span class='ocrx_word' id='word_1_17' title='bbox 2671 456 2738 511; x_wconf 73' lang='lat'><strong>32</strong></span> <span class='ocrx_word' id='word_1_18' title='bbox 2767 451 3182 527; x_wconf 87' lang='lat' dir='ltr'><strong>episcoporum</strong></span> <span class='ocrx_word' id='word_1_19' title='bbox 3215 467 3246 512; x_wconf 90' lang='lat' dir='ltr'><strong>a</strong></span> <span class='ocrx_word' id='word_1_20' title='bbox 3277 452 3485 514; x_wconf 87' lang='lat' dir='ltr'><strong>domno</strong></span> <span class='ocrx_word' id='word_1_21' title='bbox 3518 455 3744 528; x_wconf 83' lang='lat' dir='ltr'><strong>Hugone</strong></span> 
     </span>
    </p>
   </div>
   <div class='ocr_carea' id='block_1_5' title="bbox 355 524 2000 608">
    <p class='ocr_par' dir='ltr' id='par_1_5' title="bbox 355 524 2000 608">
     <span class='ocr_line' id='line_1_5' title="bbox 355 524 2000 608; baseline 0.011 -32"><span class='ocrx_word' id='word_1_22' title='bbox 355 524 476 590; x_wconf 90' lang='lat' dir='ltr'><strong>tua,</strong></span> <span class='ocrx_word' id='word_1_23' title='bbox 509 539 637 594; x_wconf 69' lang='lat' dir='ltr'><strong>quae</strong></span> <span class='ocrx_word' id='word_1_24' title='bbox 670 539 774 581; x_wconf 91' lang='lat' dir='ltr'><strong>nos</strong></span> <span class='ocrx_word' id='word_1_25' title='bbox 807 526 1014 597; x_wconf 89' lang='lat' dir='ltr'><strong>dignos</strong></span> <span class='ocrx_word' id='word_1_26' title='bbox 1049 531 1221 586; x_wconf 79' lang='lat' dir='ltr'><strong>faciat</strong></span> <span class='ocrx_word' id='word_1_27' title='bbox 1253 534 1668 605; x_wconf 87' lang='lat' dir='ltr'><strong>propitiatione</strong></span> <span class='ocrx_word' id='word_1_28' title='bbox 1701 540 1797 593; x_wconf 91' lang='lat' dir='ltr'><strong>tua</strong></span> <span class='ocrx_word' id='word_1_29' title='bbox 1825 556 1837 592; x_wconf 88' lang='lat'>:</span> <span class='ocrx_word' id='word_1_30' title='bbox 1864 552 2000 608; x_wconf 81' lang='lat' dir='ltr'><strong>qua-</strong></span> 
     </span>
    </p>
   </div>
   <div class='ocr_carea' id='block_1_6' title="bbox 357 609 2000 696">
    <p class='ocr_par' dir='ltr' id='par_1_6' title="bbox 357 609 2000 696">
     <span class='ocr_line' id='line_1_6' title="bbox 357 609 2000 696; baseline 0.012 -32"><span class='ocrx_word' id='word_1_31' title='bbox 357 609 517 668; x_wconf 90' lang='lat' dir='ltr'><strong>tinus</strong></span> <span class='ocrx_word' id='word_1_32' title='bbox 547 619 828 685; x_wconf 83' lang='lat' dir='ltr'><strong>operante</strong></span> <span class='ocrx_word' id='word_1_33' title='bbox 852 617 905 672; x_wconf 90' lang='lat' dir='ltr'><strong>in</strong></span> <span class='ocrx_word' id='word_1_34' title='bbox 933 619 1098 676; x_wconf 87' lang='lat' dir='ltr'><strong>nobis</strong></span> <span class='ocrx_word' id='word_1_35' title='bbox 1131 621 1530 679; x_wconf 84' lang='lat' dir='ltr'><strong>misericordia</strong></span> <span class='ocrx_word' id='word_1_36' title='bbox 1564 629 1682 696; x_wconf 91' lang='lat' dir='ltr'><strong>tua,</strong></span> <span class='ocrx_word' id='word_1_37' title='bbox 1715 627 1888 682; x_wconf 79' lang='lat' dir='ltr'><strong>alieni</strong></span> <span class='ocrx_word' id='word_1_38' title='bbox 1919 627 2000 683; x_wconf 92' lang='lat' dir='ltr'><strong>in-</strong></span> 
     </span>
    </p>
   </div>
   <div class='ocr_carea' id='block_1_7' title="bbox 357 700 1999 787">
    <p class='ocr_par' dir='ltr' id='par_1_7' title="bbox 357 700 1999 787">
     <span class='ocr_line' id='line_1_7' title="bbox 357 700 1999 787; baseline 0.011 -32"><span class='ocrx_word' id='word_1_39' title='bbox 357 700 658 758; x_wconf 89' lang='lat' dir='ltr'><strong>veniamur</strong></span> <span class='ocrx_word' id='word_1_40' title='bbox 689 705 760 759; x_wconf 90' lang='lat' dir='ltr'><strong>ab</strong></span> <span class='ocrx_word' id='word_1_41' title='bbox 789 707 938 762; x_wconf 91' lang='lat' dir='ltr'><strong>omni</strong></span> <span class='ocrx_word' id='word_1_42' title='bbox 993 708 1322 781; x_wconf 86' lang='lat' dir='ltr'><strong>iniquitate,</strong></span> <span class='ocrx_word' id='word_1_43' title='bbox 1360 719 1419 768; x_wconf 93' lang='lat' dir='ltr'><strong>ut</strong></span> <span class='ocrx_word' id='word_1_44' title='bbox 1455 713 1672 771; x_wconf 89' lang='lat' dir='ltr'><strong>letetur</strong></span> <span class='ocrx_word' id='word_1_45' title='bbox 1721 722 1999 787; x_wconf 88' lang='lat' dir='ltr'><strong>paternus</strong></span> 
     </span>
    </p>
   </div>
   <div class='ocr_carea' id='block_1_8' title="bbox 357 787 1999 873">
    <p class='ocr_par' dir='ltr' id='par_1_8' title="bbox 357 787 1999 873">
     <span class='ocr_line' id='line_1_8' title="bbox 357 787 1999 873; baseline 0.013 -31"><span class='ocrx_word' id='word_1_46' title='bbox 357 787 483 858; x_wconf 87' lang='lat' dir='ltr'><strong>ejus</strong></span> <span class='ocrx_word' id='word_1_47' title='bbox 511 791 755 850; x_wconf 77' lang='lat' dir='ltr'><strong>affectus</strong></span> <span class='ocrx_word' id='word_1_48' title='bbox 777 794 846 850; x_wconf 92' lang='lat' dir='ltr'><strong>de</strong></span> <span class='ocrx_word' id='word_1_49' title='bbox 872 795 1151 854; x_wconf 84' lang='lat' dir='ltr'><strong>liliatione</strong></span> <span class='ocrx_word' id='word_1_50' title='bbox 1177 805 1398 857; x_wconf 87' lang='lat' dir='ltr'><strong>nostra.</strong></span> <span class='ocrx_word' id='word_1_51' title='bbox 1427 803 1470 857; x_wconf 93' lang='grc' dir='ltr'>Ο</span> <span class='ocrx_word' id='word_1_52' title='bbox 1495 805 1662 873; x_wconf 88' lang='lat' dir='ltr'><strong>Deus,</strong></span> <span class='ocrx_word' id='word_1_53' title='bbox 1692 811 1752 860; x_wconf 92' lang='lat' dir='ltr'><strong>et</strong></span> <span class='ocrx_word' id='word_1_54' title='bbox 1773 820 1806 861; x_wconf 92' lang='grc' dir='ltr'>ο</span> <span class='ocrx_word' id='word_1_55' title='bbox 1831 807 1999 864; x_wconf 89' lang='lat' dir='ltr'><strong>beata</strong></span> 
     </span>
    </p>
   </div>
   <div class='ocr_carea' id='block_1_9' title="bbox 359 881 2001 968">
    <p class='ocr_par' dir='ltr' id='par_1_9' title="bbox 359 881 2001 968">
     <span class='ocr_line' id='line_1_9' title="bbox 359 881 2001 968; baseline 0.012 -35"><span class='ocrx_word' id='word_1_56' title='bbox 359 884 544 968; x_wconf 81' lang='lat' dir='ltr'><strong>mater</strong></span> <span class='ocrx_word' id='word_1_57' title='bbox 575 881 720 952; x_wconf 91' lang='lat' dir='ltr'><strong>ejus,</strong></span> <span class='ocrx_word' id='word_1_58' title='bbox 753 885 1037 956; x_wconf 89' lang='lat' dir='ltr'><strong>suscipite</strong></span> <span class='ocrx_word' id='word_1_59' title='bbox 1077 887 1362 946; x_wconf 90' lang='lat' dir='ltr'><strong>clamores</strong></span> <span class='ocrx_word' id='word_1_60' title='bbox 1389 893 1584 950; x_wconf 85' lang='lat' dir='ltr'><strong>cordis</strong></span> <span class='ocrx_word' id='word_1_61' title='bbox 1611 895 1737 965; x_wconf 90' lang='lat' dir='ltr'><strong>ejus</strong></span> <span class='ocrx_word' id='word_1_62' title='bbox 1766 909 1872 968; x_wconf 88' lang='lat' dir='ltr'><strong>pro</strong></span> <span class='ocrx_word' id='word_1_63' title='bbox 1905 911 2001 952; x_wconf 88' lang='lat' dir='ltr'><strong>no-</strong></span> 
     </span>
    </p>
   </div>
   <div class='ocr_carea' id='block_1_10' title="bbox 359 966 1998 1054">
    <p class='ocr_par' dir='ltr' id='par_1_10' title="bbox 359 966 1998 1054">
     <span class='ocr_line' id='line_1_10' title="bbox 359 966 1998 1054; baseline 0.012 -33"><span class='ocrx_word' id='word_1_64' title='bbox 359 966 470 1037; x_wconf 87' lang='lat' dir='ltr'><strong>bis,</strong></span> <span class='ocrx_word' id='word_1_65' title='bbox 504 975 563 1024; x_wconf 91' lang='lat' dir='ltr'><strong>et</strong></span> <span class='ocrx_word' id='word_1_66' title='bbox 594 969 890 1029; x_wconf 71' lang='lat' dir='ltr'><strong>lzetilieate</strong></span> <span class='ocrx_word' id='word_1_67' title='bbox 942 976 1185 1033; x_wconf 89' lang='lat' dir='ltr'><strong>animam</strong></span> <span class='ocrx_word' id='word_1_68' title='bbox 1237 980 1364 1050; x_wconf 89' lang='lat' dir='ltr'><strong>ejus</strong></span> <span class='ocrx_word' id='word_1_69' title='bbox 1401 982 1472 1036; x_wconf 93' lang='lat' dir='ltr'><strong>de</strong></span> <span class='ocrx_word' id='word_1_70' title='bbox 1517 984 1698 1054; x_wconf 85' lang='lat' dir='ltr'><strong>nobis,</strong></span> <span class='ocrx_word' id='word_1_71' title='bbox 1731 966 1795 1040; x_wconf 86' lang='lat' dir='ltr'><strong>ut</strong></span> <span class='ocrx_word' id='word_1_72' title='bbox 1827 983 1998 1041; x_wconf 90' lang='lat' dir='ltr'><strong>simul</strong></span> 
     </span>
    </p>
   </div>
   <div class='ocr_carea' id='block_1_11' title="bbox 358 1055 2002 1142">
    <p class='ocr_par' dir='ltr' id='par_1_11' title="bbox 358 1055 2002 1142">
     <span class='ocr_line' id='line_1_11' title="bbox 358 1055 2002 1142; baseline 0.012 -32"><span class='ocrx_word' id='word_1_73' title='bbox 358 1055 720 1116; x_wconf 81' lang='lat' dir='ltr'><strong>inveniamur</strong></span> <span class='ocrx_word' id='word_1_74' title='bbox 749 1061 802 1117; x_wconf 91' lang='lat' dir='ltr'><strong>in</strong></span> <span class='ocrx_word' id='word_1_75' title='bbox 835 1071 996 1119; x_wconf 85' lang='lat' dir='ltr'><strong>sorte</strong></span> <span class='ocrx_word' id='word_1_76' title='bbox 1044 1064 1248 1134; x_wconf 80' lang='lat' dir='ltr'><strong>gloriae</strong></span> <span class='ocrx_word' id='word_1_77' title='bbox 1301 1069 1549 1127; x_wconf 82' lang='lat' dir='ltr'><strong>ﬁliorum</strong></span> <span class='ocrx_word' id='word_1_78' title='bbox 1582 1073 1700 1128; x_wconf 88' lang='lat' dir='ltr'><strong>Dei.</strong></span> <span class='ocrx_word' id='word_1_79' title='bbox 1735 1074 2002 1142; x_wconf 86' lang='lat' dir='ltr'><strong>Ingratus</strong></span> 
     </span>
    </p>
   </div>
   <div class='ocr_carea' id='block_1_12' title="bbox 357 1144 2001 1230">
    <p class='ocr_par' dir='ltr' id='par_1_12' title="bbox 357 1144 2001 1230">
     <span class='ocr_line' id='line_1_12' title="bbox 357 1144 2001 1230; baseline 0.013 -31"><span class='ocrx_word' id='word_1_80' title='bbox 357 1144 508 1201; x_wconf 89' lang='lat' dir='ltr'><strong>enim</strong></span> <span class='ocrx_word' id='word_1_81' title='bbox 552 1148 705 1218; x_wconf 89' lang='lat' dir='ltr'><strong>patri</strong></span> <span class='ocrx_word' id='word_1_82' title='bbox 748 1151 1026 1208; x_wconf 84' lang='lat' dir='ltr'><strong>beneﬁcia</strong></span> <span class='ocrx_word' id='word_1_83' title='bbox 1067 1155 1226 1211; x_wconf 89' lang='lat' dir='ltr'><strong>danti</strong></span> <span class='ocrx_word' id='word_1_84' title='bbox 1268 1172 1400 1214; x_wconf 89' lang='lat' dir='ltr'><strong>esse</strong></span> <span class='ocrx_word' id='word_1_85' title='bbox 1433 1159 1584 1230; x_wconf 88' lang='lat' dir='ltr'><strong>nolo,</strong></span> <span class='ocrx_word' id='word_1_86' title='bbox 1619 1175 1722 1217; x_wconf 90' lang='lat' dir='ltr'><strong>nec</strong></span> <span class='ocrx_word' id='word_1_87' title='bbox 1755 1163 2001 1220; x_wconf 79' lang='lat' dir='ltr'><strong>remotis</strong></span> 
     </span>
    </p>
   </div>
   <div class='ocr_carea' id='block_1_13' title="bbox 361 1234 1999 1310">
    <p class='ocr_par' dir='ltr' id='par_1_13' title="bbox 361 1234 1999 1310">
     <span class='ocr_line' id='line_1_13' title="bbox 361 1234 1999 1310; baseline 0.012 -22"><span class='ocrx_word' id='word_1_88' title='bbox 361 1234 601 1292; x_wconf 86' lang='lat' dir='ltr'><strong>arbitris</strong></span> <span class='ocrx_word' id='word_1_89' title='bbox 650 1253 822 1308; x_wconf 85' lang='lat' dir='ltr'><strong>agere</strong></span> <span class='ocrx_word' id='word_1_90' title='bbox 873 1243 1116 1310; x_wconf 82' lang='lat' dir='ltr'><strong>gratias.</strong></span> <span class='ocrx_word' id='word_1_91' title='bbox 1171 1247 1240 1300; x_wconf 84' lang='lat' dir='ltr'><strong>Et</strong></span> <span class='ocrx_word' id='word_1_92' title='bbox 1269 1245 1406 1302; x_wconf 83' lang='lat' dir='ltr'><strong>licet</strong></span> <span class='ocrx_word' id='word_1_93' title='bbox 1449 1250 1502 1303; x_wconf 92' lang='lat' dir='ltr'><strong>in</strong></span> <span class='ocrx_word' id='word_1_94' title='bbox 1547 1250 1999 1308; x_wconf 81' lang='lat' dir='ltr'><strong>adolescentiam</strong></span> 
     </span>
    </p>
   </div>
   <div class='ocr_carea' id='block_1_14' title="bbox 358 1321 1996 1413">
    <p class='ocr_par' dir='ltr' id='par_1_14' title="bbox 358 1321 1996 1413">
     <span class='ocr_line' id='line_1_14' title="bbox 358 1321 1996 1413; baseline 0.014 -38"><span class='ocrx_word' id='word_1_95' title='bbox 358 1321 572 1380; x_wconf 87' lang='lat' dir='ltr'><strong>collata</strong></span> <span class='ocrx_word' id='word_1_96' title='bbox 608 1334 867 1395; x_wconf 84' lang='lat' dir='ltr'><strong>pereant,</strong></span> <span class='ocrx_word' id='word_1_97' title='bbox 915 1332 1046 1400; x_wconf 91' lang='lat' dir='ltr'><strong>quia</strong></span> <span class='ocrx_word' id='word_1_98' title='bbox 1082 1333 1203 1404; x_wconf 82' lang='lat' dir='ltr'><strong>ipsa</strong></span> <span class='ocrx_word' id='word_1_99' title='bbox 1238 1351 1546 1407; x_wconf 87' lang='lat' dir='ltr'><strong>numquam</strong></span> <span class='ocrx_word' id='word_1_100' title='bbox 1581 1343 1996 1413; x_wconf 88' lang='lat' dir='ltr'><strong>retractentur,</strong></span> 
     </span>
    </p>
   </div>
   <div class='ocr_carea' id='block_1_15' title="bbox 357 1413 1998 1508">
    <p class='ocr_par' dir='ltr' id='par_1_15' title="bbox 357 1413 1998 1508">
     <span class='ocr_line' id='line_1_15' title="bbox 357 1413 1998 1508; baseline 0.014 -43"><span class='ocrx_word' id='word_1_101' title='bbox 357 1423 467 1508; x_wconf 82' lang='lat' dir='ltr'><strong>ego</strong></span> <span class='ocrx_word' id='word_1_102' title='bbox 487 1413 582 1483; x_wconf 87' lang='lat' dir='ltr'><strong>qui</strong></span> <span class='ocrx_word' id='word_1_103' title='bbox 609 1415 948 1475; x_wconf 82' lang='lat' dir='ltr'><strong>beneﬁcium</strong></span> <span class='ocrx_word' id='word_1_104' title='bbox 981 1421 1169 1478; x_wconf 87' lang='lat' dir='ltr'><strong>inveni</strong></span> <span class='ocrx_word' id='word_1_105' title='bbox 1204 1424 1522 1497; x_wconf 87' lang='lat' dir='ltr'><strong>impensum</strong></span> <span class='ocrx_word' id='word_1_106' title='bbox 1556 1434 1722 1498; x_wconf 82' lang='lat' dir='ltr'><strong>grate</strong></span> <span class='ocrx_word' id='word_1_107' title='bbox 1755 1431 1998 1505; x_wconf 90' lang='lat' dir='ltr'><strong>accipio,</strong></span> 
     </span>
    </p>
   </div>
   <div class='ocr_carea' id='block_1_16' title="bbox 365 1509 2001 1587">
    <p class='ocr_par' dir='ltr' id='par_1_16' title="bbox 365 1509 2001 1587">
     <span class='ocr_line' id='line_1_16' title="bbox 365 1509 2001 1587; baseline 0.015 -35"><span class='ocrx_word' id='word_1_108' title='bbox 365 1514 604 1570; x_wconf 81' lang='lat' dir='ltr'><strong>primam</strong></span> <span class='ocrx_word' id='word_1_109' title='bbox 653 1509 779 1572; x_wconf 83' lang='lat' dir='ltr'><strong>ejus</strong></span> <span class='ocrx_word' id='word_1_110' title='bbox 825 1509 1154 1577; x_wconf 88' lang='lat' dir='ltr'><strong>pensionem</strong></span> <span class='ocrx_word' id='word_1_111' title='bbox 1199 1514 1377 1585; x_wconf 88' lang='lat' dir='ltr'><strong>solvo,</strong></span> <span class='ocrx_word' id='word_1_112' title='bbox 1415 1518 1565 1586; x_wconf 92' lang='lat' dir='ltr'><strong>quod</strong></span> <span class='ocrx_word' id='word_1_113' title='bbox 1595 1523 1762 1587; x_wconf 81' lang='lat' dir='ltr'><strong>grate</strong></span> <span class='ocrx_word' id='word_1_114' title='bbox 1794 1519 1864 1574; x_wconf 88' lang='lat' dir='ltr'><strong>ad</strong></span> <span class='ocrx_word' id='word_1_115' title='bbox 1897 1535 2001 1576; x_wconf 91' lang='lat' dir='ltr'><strong>nos</strong></span> 
     </span>
    </p>
   </div>
   <div class='ocr_carea' id='block_1_17' title="bbox 362 1592 2002 1677">
    <p class='ocr_par' dir='ltr' id='par_1_17' title="bbox 362 1592 2002 1677">
     <span class='ocr_line' id='line_1_17' title="bbox 362 1592 2002 1677; baseline 0.015 -35"><span class='ocrx_word' id='word_1_116' title='bbox 362 1592 736 1657; x_wconf 86' lang='lat' dir='ltr'><strong>pervenerint</strong></span> <span class='ocrx_word' id='word_1_117' title='bbox 790 1596 988 1654; x_wconf 88' lang='lat' dir='ltr'><strong>ell&#39;usis</strong></span> <span class='ocrx_word' id='word_1_118' title='bbox 1047 1601 1353 1660; x_wconf 69' lang='lat' dir='ltr'><strong>affectibus</strong></span> <span class='ocrx_word' id='word_1_119' title='bbox 1399 1605 1736 1677; x_wconf 83' lang='lat' dir='ltr'><strong>judicando,</strong></span> <span class='ocrx_word' id='word_1_120' title='bbox 1789 1613 1848 1664; x_wconf 89' lang='lat' dir='ltr'><strong>et</strong></span> <span class='ocrx_word' id='word_1_121' title='bbox 1895 1609 2002 1666; x_wconf 92' lang='lat' dir='ltr'><strong>hoc</strong></span> 
     </span>
    </p>
   </div>
   <div class='ocr_carea' id='block_1_18' title="bbox 363 1677 1996 1768">
    <p class='ocr_par' dir='ltr' id='par_1_18' title="bbox 363 1677 1996 1768">
     <span class='ocr_line' id='line_1_18' title="bbox 363 1677 1996 1768; baseline 0.014 -38"><span class='ocrx_word' id='word_1_122' title='bbox 363 1677 578 1768; x_wconf 72' lang='lat' dir='ltr'><strong>ubique</strong></span> <span class='ocrx_word' id='word_1_123' title='bbox 611 1683 902 1741; x_wconf 87' lang='lat' dir='ltr'><strong>testando.</strong></span> <span class='ocrx_word' id='word_1_124' title='bbox 931 1688 1000 1742; x_wconf 86' lang='lat' dir='ltr'><strong>Et</strong></span> <span class='ocrx_word' id='word_1_125' title='bbox 1023 1689 1070 1743; x_wconf 92' lang='lat' dir='ltr'><strong>si</strong></span> <span class='ocrx_word' id='word_1_126' title='bbox 1095 1692 1314 1746; x_wconf 83' lang='lat' dir='ltr'><strong>referre</strong></span> <span class='ocrx_word' id='word_1_127' title='bbox 1345 1693 1592 1761; x_wconf 81' lang='lat' dir='ltr'><strong>gratiam</strong></span> <span class='ocrx_word' id='word_1_128' title='bbox 1627 1711 1737 1750; x_wconf 91' lang='lat' dir='ltr'><strong>non</strong></span> <span class='ocrx_word' id='word_1_129' title='bbox 1773 1702 1996 1768; x_wconf 90' lang='lat' dir='ltr'><strong>potero,</strong></span> 
     </span>
    </p>
   </div>
   <div class='ocr_carea' id='block_1_19' title="bbox 361 1763 2084 1865">
    <p class='ocr_par' dir='ltr' id='par_1_19' title="bbox 361 1763 2084 1865">
     <span class='ocr_line' id='line_1_19' title="bbox 361 1763 2084 1865; baseline 0.015 -46"><span class='ocrx_word' id='word_1_130' title='bbox 361 1763 504 1821; x_wconf 90' lang='lat' dir='ltr'><strong>illud</strong></span> <span class='ocrx_word' id='word_1_131' title='bbox 528 1774 689 1825; x_wconf 91' lang='lat' dir='ltr'><strong>certe</strong></span> <span class='ocrx_word' id='word_1_132' title='bbox 713 1786 823 1827; x_wconf 90' lang='lat' dir='ltr'><strong>non</strong></span> <span class='ocrx_word' id='word_1_133' title='bbox 845 1773 1098 1832; x_wconf 84' lang='lat' dir='ltr'><strong>desinam</strong></span> <span class='ocrx_word' id='word_1_134' title='bbox 1127 1779 1338 1850; x_wconf 91' lang='lat' dir='ltr'><strong>ubique</strong></span> <span class='ocrx_word' id='word_1_135' title='bbox 1361 1782 1649 1853; x_wconf 87' lang='lat' dir='ltr'><strong>conﬁteri,</strong></span> <span class='ocrx_word' id='word_1_136' title='bbox 1670 1799 1756 1840; x_wconf 90' lang='lat' dir='ltr'><strong>me</strong></span> <span class='ocrx_word' id='word_1_137' title='bbox 1774 1763 2000 1843; x_wconf 75' lang='lat' dir='ltr'><strong>referre</strong></span> <span class='ocrx_word' id='word_1_138' title='bbox 2029 1803 2084 1865; x_wconf 80' lang='grc' dir='ltr'>Β</span> 
     </span>
    </p>
   </div>
   <div class='ocr_carea' id='block_1_20' title="bbox 362 1868 699 1926">
    <p class='ocr_par' dir='ltr' id='par_1_20' title="bbox 362 1868 699 1926">
     <span class='ocr_line' id='line_1_20' title="bbox 362 1868 699 1926; baseline 0.015 -18"><span class='ocrx_word' id='word_1_139' title='bbox 362 1868 470 1910; x_wconf 91' lang='lat' dir='ltr'><strong>non</strong></span> <span class='ocrx_word' id='word_1_140' title='bbox 506 1871 699 1926; x_wconf 91' lang='lat' dir='ltr'><strong>posse.</strong></span> 
     </span>
    </p>
   </div>
   <div class='ocr_carea' id='block_1_21' title="bbox 434 1943 2001 2034">
    <p class='ocr_par' dir='ltr' id='par_1_21' title="bbox 434 1943 2001 2034">
     <span class='ocr_line' id='line_1_21' title="bbox 434 1943 2001 2034; baseline 0.015 -39"><span class='ocrx_word' id='word_1_141' title='bbox 434 1943 664 2034; x_wconf 77' lang='lat' dir='ltr'><strong>Fratres</strong></span> <span class='ocrx_word' id='word_1_142' title='bbox 703 1947 880 2016; x_wconf 83' lang='lat' dir='ltr'><strong>igitur</strong></span> <span class='ocrx_word' id='word_1_143' title='bbox 921 1958 1086 2022; x_wconf 73' lang='lat' dir='ltr'><strong>pater</strong></span> <span class='ocrx_word' id='word_1_144' title='bbox 1127 1961 1326 2012; x_wconf 79' lang='lat' dir='ltr'><strong>noster</strong></span> <span class='ocrx_word' id='word_1_145' title='bbox 1354 1963 1412 2013; x_wconf 92' lang='lat' dir='ltr'><strong>et</strong></span> <span class='ocrx_word' id='word_1_146' title='bbox 1440 1960 1701 2028; x_wconf 85' lang='lat' dir='ltr'><strong>gaudens</strong></span> <span class='ocrx_word' id='word_1_147' title='bbox 1739 1963 2001 2034; x_wconf 89' lang='lat' dir='ltr'><strong>suscepit</strong></span> 
     </span>
    </p>
   </div>
   <div class='ocr_carea' id='block_1_22' title="bbox 359 2030 2002 2116">
    <p class='ocr_par' dir='ltr' id='par_1_22' title="bbox 359 2030 2002 2116">
     <span class='ocr_line' id='line_1_22' title="bbox 359 2030 2002 2116; baseline 0.015 -34"><span class='ocrx_word' id='word_1_148' title='bbox 359 2030 736 2104; x_wconf 84' lang='lat' dir='ltr'><strong>gaudensque</strong></span> <span class='ocrx_word' id='word_1_149' title='bbox 770 2039 1011 2110; x_wconf 83' lang='lat' dir='ltr'><strong>remisit,</strong></span> <span class='ocrx_word' id='word_1_150' title='bbox 1049 2043 1181 2111; x_wconf 85' lang='lat' dir='ltr'><strong>quia</strong></span> <span class='ocrx_word' id='word_1_151' title='bbox 1211 2046 1540 2116; x_wconf 87' lang='lat' dir='ltr'><strong>depositum</strong></span> <span class='ocrx_word' id='word_1_152' title='bbox 1572 2049 1667 2103; x_wconf 88' lang='lat' dir='ltr'><strong>Dei</strong></span> <span class='ocrx_word' id='word_1_153' title='bbox 1699 2064 1828 2105; x_wconf 90' lang='lat' dir='ltr'><strong>esse</strong></span> <span class='ocrx_word' id='word_1_154' title='bbox 1860 2030 2002 2106; x_wconf 82' lang='lat' dir='ltr'><strong>scie-</strong></span> 
     </span>
    </p>
   </div>
   <div class='ocr_carea' id='block_1_23' title="bbox 361 2118 2000 2196">
    <p class='ocr_par' dir='ltr' id='par_1_23' title="bbox 361 2118 2000 2196">
     <span class='ocr_line' id='line_1_23' title="bbox 361 2118 2000 2196; baseline 0.015 -24"><span class='ocrx_word' id='word_1_155' title='bbox 361 2118 478 2186; x_wconf 90' lang='lat' dir='ltr'><strong>bat,</strong></span> <span class='ocrx_word' id='word_1_156' title='bbox 503 2125 562 2174; x_wconf 89' lang='lat' dir='ltr'><strong>et</strong></span> <span class='ocrx_word' id='word_1_157' title='bbox 583 2121 711 2178; x_wconf 90' lang='lat' dir='ltr'><strong>ideo</strong></span> <span class='ocrx_word' id='word_1_158' title='bbox 735 2125 789 2180; x_wconf 92' lang='lat' dir='ltr'><strong>in</strong></span> <span class='ocrx_word' id='word_1_159' title='bbox 815 2130 1103 2186; x_wconf 89' lang='lat' dir='ltr'><strong>servando</strong></span> <span class='ocrx_word' id='word_1_160' title='bbox 1129 2131 1228 2187; x_wconf 73' lang='lat' dir='ltr'><strong>illo</strong></span> <span class='ocrx_word' id='word_1_161' title='bbox 1251 2138 1305 2188; x_wconf 86' lang='lat' dir='ltr'><strong>et</strong></span> <span class='ocrx_word' id='word_1_162' title='bbox 1334 2135 1683 2192; x_wconf 89' lang='lat' dir='ltr'><strong>remittendo</strong></span> <span class='ocrx_word' id='word_1_163' title='bbox 1713 2137 2000 2196; x_wconf 86' lang='lat' dir='ltr'><strong>voluntati</strong></span> 
     </span>
    </p>
   </div>
   <div class='ocr_carea' id='block_1_24' title="bbox 357 2206 2003 2287">
    <p class='ocr_par' dir='ltr' id='par_1_24' title="bbox 357 2206 2003 2287">
     <span class='ocr_line' id='line_1_24' title="bbox 357 2206 2003 2287; baseline 0.015 -28"><span class='ocrx_word' id='word_1_164' title='bbox 357 2206 580 2263; x_wconf 91' lang='lat' dir='ltr'><strong>Domini</strong></span> <span class='ocrx_word' id='word_1_165' title='bbox 611 2212 701 2266; x_wconf 91' lang='lat' dir='ltr'><strong>sui</strong></span> <span class='ocrx_word' id='word_1_166' title='bbox 732 2212 919 2270; x_wconf 89' lang='lat' dir='ltr'><strong>libens</strong></span> <span class='ocrx_word' id='word_1_167' title='bbox 949 2221 1211 2287; x_wconf 85' lang='lat' dir='ltr'><strong>parebat.</strong></span> <span class='ocrx_word' id='word_1_168' title='bbox 1247 2223 1318 2276; x_wconf 88' lang='lat' dir='ltr'><strong>Ut</strong></span> <span class='ocrx_word' id='word_1_169' title='bbox 1348 2223 1495 2278; x_wconf 81' lang='lat' dir='ltr'><strong>enim</strong></span> <span class='ocrx_word' id='word_1_170' title='bbox 1527 2225 1607 2279; x_wconf 87' lang='lat' dir='ltr'><strong>ait</strong></span> <span class='ocrx_word' id='word_1_171' title='bbox 1641 2227 1844 2282; x_wconf 89' lang='lat' dir='ltr'><strong>beatus</strong></span> <span class='ocrx_word' id='word_1_172' title='bbox 1875 2229 2003 2282; x_wconf 86' lang='lat' dir='ltr'><strong>Am-</strong></span> 
     </span>
    </p>
   </div>
   <div class='ocr_carea' id='block_1_25' title="bbox 363 2294 1996 2386">
    <p class='ocr_par' dir='ltr' id='par_1_25' title="bbox 363 2294 1996 2386">
     <span class='ocr_line' id='line_1_25' title="bbox 363 2294 1996 2386; baseline 0.015 -38"><span class='ocrx_word' id='word_1_173' title='bbox 363 2294 598 2386; x_wconf 83' lang='lat' dir='ltr'><strong>brosius</strong></span> <span class='ocrx_word' id='word_1_174' title='bbox 633 2299 686 2353; x_wconf 92' lang='lat' dir='ltr'><strong>in</strong></span> <span class='ocrx_word' id='word_1_175' title='bbox 719 2299 869 2358; x_wconf 89' lang='lat' dir='ltr'><strong>libro</strong></span> <span class='ocrx_word' id='word_1_176' title='bbox 899 2304 969 2358; x_wconf 88' lang='lat' dir='ltr'><strong>de</strong></span> <span class='ocrx_word' id='word_1_177' title='bbox 1001 2320 1246 2364; x_wconf 64' lang='lat' dir='ltr'><strong>excessu</strong></span> <span class='ocrx_word' id='word_1_178' title='bbox 1279 2310 1478 2366; x_wconf 85' lang='lat' dir='ltr'><strong>fratris</strong></span> <span class='ocrx_word' id='word_1_179' title='bbox 1512 2314 1707 2370; x_wconf 70' lang='lat' dir='ltr'><strong>nichil</strong></span> <span class='ocrx_word' id='word_1_180' title='bbox 1733 2315 1996 2386; x_wconf 73' lang='lat' dir='ltr'><strong>interest,</strong></span> 
     </span>
    </p>
   </div>
   <div class='ocr_carea' id='block_1_26' title="bbox 358 2383 1996 2468">
    <p class='ocr_par' dir='ltr' id='par_1_26' title="bbox 358 2383 1996 2468">
     <span class='ocr_line' id='line_1_26' title="bbox 358 2383 1996 2468; baseline 0.013 -32"><span class='ocrx_word' id='word_1_181' title='bbox 358 2383 563 2440; x_wconf 75' lang='lat' dir='ltr'><strong>utrum</strong></span> <span class='ocrx_word' id='word_1_182' title='bbox 604 2386 846 2456; x_wconf 71' lang='lat' dir='ltr'><strong>abjm&#39;es</strong></span> <span class='ocrx_word' id='word_1_183' title='bbox 890 2392 1238 2468; x_wconf 77' lang='lat' dir='ltr'><strong>depositzmz,</strong></span> <span class='ocrx_word' id='word_1_184' title='bbox 1283 2413 1364 2454; x_wconf 74' lang='lat' dir='ltr'><strong>cm</strong></span> <span class='ocrx_word' id='word_1_185' title='bbox 1406 2400 1607 2457; x_wconf 74' lang='lat' dir='ltr'><strong>doleas</strong></span> <span class='ocrx_word' id='word_1_186' title='bbox 1634 2383 1996 2460; x_wconf 74' lang='lat' dir='ltr'><strong>restitutum.</strong></span> 
     </span>
    </p>
   </div>
   <div class='ocr_carea' id='block_1_27' title="bbox 360 2471 2004 2557">
    <p class='ocr_par' dir='ltr' id='par_1_27' title="bbox 360 2471 2004 2557">
     <span class='ocr_line' id='line_1_27' title="bbox 360 2471 2004 2557; baseline 0.015 -33"><span class='ocrx_word' id='word_1_187' title='bbox 360 2471 480 2526; x_wconf 82' lang='lat' dir='ltr'><strong>Non</strong></span> <span class='ocrx_word' id='word_1_188' title='bbox 526 2473 704 2541; x_wconf 81' lang='lat' dir='ltr'><strong>igitur</strong></span> <span class='ocrx_word' id='word_1_189' title='bbox 741 2478 926 2535; x_wconf 89' lang='lat' dir='ltr'><strong>doluit</strong></span> <span class='ocrx_word' id='word_1_190' title='bbox 971 2485 1330 2555; x_wconf 88' lang='lat' dir='ltr'><strong>restitutum,</strong></span> <span class='ocrx_word' id='word_1_191' title='bbox 1380 2488 1514 2557; x_wconf 88' lang='lat' dir='ltr'><strong>quia</strong></span> <span class='ocrx_word' id='word_1_192' title='bbox 1555 2489 1777 2546; x_wconf 90' lang='lat' dir='ltr'><strong>sciebat</strong></span> <span class='ocrx_word' id='word_1_193' title='bbox 1814 2492 2004 2547; x_wconf 92' lang='lat' dir='ltr'><strong>Domi-</strong></span> 
     </span>
    </p>
   </div>
   <div class='ocr_carea' id='block_1_28' title="bbox 361 2565 1995 2650">
    <p class='ocr_par' dir='ltr' id='par_1_28' title="bbox 361 2565 1995 2650">
     <span class='ocr_line' id='line_1_28' title="bbox 361 2565 1995 2650; baseline 0.013 -37"><span class='ocrx_word' id='word_1_194' title='bbox 361 2573 527 2650; x_wconf 72' lang='lat' dir='ltr'><strong>num;</strong></span> <span class='ocrx_word' id='word_1_195' title='bbox 569 2568 627 2618; x_wconf 91' lang='lat' dir='ltr'><strong>et</strong></span> <span class='ocrx_word' id='word_1_196' title='bbox 670 2565 954 2623; x_wconf 90' lang='lat' dir='ltr'><strong>voluntati</strong></span> <span class='ocrx_word' id='word_1_197' title='bbox 999 2569 1154 2628; x_wconf 90' lang='lat' dir='ltr'><strong>illius</strong></span> <span class='ocrx_word' id='word_1_198' title='bbox 1191 2575 1484 2630; x_wconf 90' lang='lat' dir='ltr'><strong>contraire</strong></span> <span class='ocrx_word' id='word_1_199' title='bbox 1527 2579 1687 2633; x_wconf 81' lang='lat' dir='ltr'><strong>nefas</strong></span> <span class='ocrx_word' id='word_1_200' title='bbox 1733 2581 1995 2650; x_wconf 88' lang='lat' dir='ltr'><strong>putabat.</strong></span> 
     </span>
    </p>
   </div>
   <div class='ocr_carea' id='block_1_29' title="bbox 363 2647 2001 2723">
    <p class='ocr_par' dir='ltr' id='par_1_29' title="bbox 363 2647 2001 2723">
     <span class='ocr_line' id='line_1_29' title="bbox 363 2647 2001 2723; baseline 0.013 -22"><span class='ocrx_word' id='word_1_201' title='bbox 363 2647 650 2707; x_wconf 83' lang='lat' dir='ltr'><strong>Reversus</strong></span> <span class='ocrx_word' id='word_1_202' title='bbox 679 2658 773 2708; x_wconf 86' lang='lat' dir='ltr'><strong>est</strong></span> <span class='ocrx_word' id='word_1_203' title='bbox 802 2659 993 2713; x_wconf 78' lang='lat' dir='ltr'><strong>autem</strong></span> <span class='ocrx_word' id='word_1_204' title='bbox 1015 2659 1084 2714; x_wconf 90' lang='lat' dir='ltr'><strong>ad</strong></span> <span class='ocrx_word' id='word_1_205' title='bbox 1109 2663 1436 2719; x_wconf 87' lang='lat' dir='ltr'><strong>coenobium</strong></span> <span class='ocrx_word' id='word_1_206' title='bbox 1457 2679 1624 2720; x_wconf 91' lang='lat' dir='ltr'><strong>suum</strong></span> <span class='ocrx_word' id='word_1_207' title='bbox 1650 2647 1778 2722; x_wconf 86' lang='lat' dir='ltr'><strong>cum</strong></span> <span class='ocrx_word' id='word_1_208' title='bbox 1811 2668 2001 2723; x_wconf 85' lang='lat' dir='ltr'><strong>fratri-</strong></span> 
     </span>
    </p>
   </div>
   <div class='ocr_carea' id='block_1_30' title="bbox 369 2735 1997 2813">
    <p class='ocr_par' dir='ltr' id='par_1_30' title="bbox 369 2735 1997 2813">
     <span class='ocr_line' id='line_1_30' title="bbox 369 2735 1997 2813; baseline 0.015 -25"><span class='ocrx_word' id='word_1_209' title='bbox 369 2735 476 2790; x_wconf 88' lang='lat' dir='ltr'><strong>bus</strong></span> <span class='ocrx_word' id='word_1_210' title='bbox 521 2738 646 2794; x_wconf 89' lang='lat' dir='ltr'><strong>suis</strong></span> <span class='ocrx_word' id='word_1_211' title='bbox 693 2740 938 2799; x_wconf 91' lang='lat' dir='ltr'><strong>domnus</strong></span> <span class='ocrx_word' id='word_1_212' title='bbox 996 2747 1176 2804; x_wconf 84' lang='lat' dir='ltr'><strong>abbas</strong></span> <span class='ocrx_word' id='word_1_213' title='bbox 1233 2750 1519 2807; x_wconf 80' lang='lat' dir='ltr'><strong>Rodulfus</strong></span> <span class='ocrx_word' id='word_1_214' title='bbox 1569 2768 1718 2810; x_wconf 91' lang='lat' dir='ltr'><strong>anno</strong></span> <span class='ocrx_word' id='word_1_215' title='bbox 1766 2756 1838 2811; x_wconf 90' lang='lat' dir='ltr'><strong>ab</strong></span> <span class='ocrx_word' id='word_1_216' title='bbox 1883 2757 1997 2813; x_wconf 90' lang='lat' dir='ltr'><strong>inc.</strong></span> 
     </span>
    </p>
   </div>
   <div class='ocr_carea' id='block_1_31' title="bbox 363 2823 2001 2902">
    <p class='ocr_par' dir='ltr' id='par_1_31' title="bbox 363 2823 2001 2902">
     <span class='ocr_line' id='line_1_31' title="bbox 363 2823 2001 2902; baseline 0.015 -26"><span class='ocrx_word' id='word_1_217' title='bbox 363 2823 522 2880; x_wconf 92' lang='lat' dir='ltr'><strong>Dom.</strong></span> <span class='ocrx_word' id='word_1_218' title='bbox 558 2831 712 2883; x_wconf 75' lang='lat'><strong>1092.</strong></span> <span class='ocrx_word' id='word_1_219' title='bbox 743 2846 872 2886; x_wconf 92' lang='lat' dir='ltr'><strong>cum</strong></span> <span class='ocrx_word' id='word_1_220' title='bbox 899 2832 1014 2902; x_wconf 89' lang='lat' dir='ltr'><strong>jam</strong></span> <span class='ocrx_word' id='word_1_221' title='bbox 1047 2837 1312 2895; x_wconf 65' lang='lat' dir='ltr'><strong>ecclesiae</strong></span> <span class='ocrx_word' id='word_1_222' title='bbox 1343 2839 1684 2899; x_wconf 87' lang='lat' dir='ltr'><strong>Virdunensi</strong></span> <span class='ocrx_word' id='word_1_223' title='bbox 1718 2843 2001 2900; x_wconf 82' lang='lat' dir='ltr'><strong>Richerus</strong></span> 
     </span>
    </p>
   </div>
   <div class='ocr_carea' id='block_1_32' title="bbox 366 2913 2002 3001">
    <p class='ocr_par' dir='ltr' id='par_1_32' title="bbox 366 2913 2002 3001">
     <span class='ocr_line' id='line_1_32' title="bbox 366 2913 2002 3001; baseline 0.013 -34"><span class='ocrx_word' id='word_1_224' title='bbox 366 2913 645 3001; x_wconf 79' lang='lat' dir='ltr'><strong>przelatus</strong></span> <span class='ocrx_word' id='word_1_225' title='bbox 674 2925 853 2990; x_wconf 87' lang='lat' dir='ltr'><strong>esset,</strong></span> <span class='ocrx_word' id='word_1_226' title='bbox 876 2921 930 2976; x_wconf 89' lang='lat' dir='ltr'><strong>in</strong></span> <span class='ocrx_word' id='word_1_227' title='bbox 951 2924 1430 2984; x_wconf 87' lang='lat' dir='ltr'><strong>aecelesia-saneti</strong></span> <span class='ocrx_word' id='word_1_228' title='bbox 1463 2931 1738 3001; x_wconf 87' lang='lat' dir='ltr'><strong>Stephani</strong></span> <span class='ocrx_word' id='word_1_229' title='bbox 1763 2933 2002 2988; x_wconf 87' lang='lat' dir='ltr'><strong>Metten-</strong></span> 
     </span>
    </p>
   </div>
   <div class='ocr_carea' id='block_1_33' title="bbox 365 2998 2001 3078">
    <p class='ocr_par' dir='ltr' id='par_1_33' title="bbox 365 2998 2001 3078">
     <span class='ocr_line' id='line_1_33' title="bbox 365 2998 2001 3078; baseline 0.015 -24"><span class='ocrx_word' id='word_1_230' title='bbox 365 2998 448 3056; x_wconf 91' lang='lat' dir='ltr'><strong>sis</strong></span> <span class='ocrx_word' id='word_1_231' title='bbox 477 3001 680 3060; x_wconf 89' lang='lat' dir='ltr'><strong>decani</strong></span> <span class='ocrx_word' id='word_1_232' title='bbox 723 3008 957 3067; x_wconf 83' lang='lat' dir='ltr'><strong>functus</strong></span> <span class='ocrx_word' id='word_1_233' title='bbox 1001 3014 1210 3070; x_wconf 82' lang='lat' dir='ltr'><strong>omeio.</strong></span> <span class='ocrx_word' id='word_1_234' title='bbox 1245 2998 1580 3074; x_wconf 32' lang='lat' dir='ltr'><strong>Mettenses—</strong></span> <span class='ocrx_word' id='word_1_235' title='bbox 1607 3033 1744 3075; x_wconf 92' lang='lat' dir='ltr'><strong>vero</strong></span> <span class='ocrx_word' id='word_1_236' title='bbox 1793 3019 2001 3078; x_wconf 92' lang='lat' dir='ltr'><strong>domno</strong></span> 
     </span>
    </p>
   </div>
   <div class='ocr_carea' id='block_1_34' title="bbox 369 3087 2002 3176">
    <p class='ocr_par' dir='ltr' id='par_1_34' title="bbox 369 3087 2002 3176">
     <span class='ocr_line' id='line_1_34' title="bbox 369 3087 2002 3176; baseline 0.014 -35"><span class='ocrx_word' id='word_1_237' title='bbox 369 3087 716 3176; x_wconf 81' lang='lat' dir='ltr'><strong>llerimanno</strong></span> <span class='ocrx_word' id='word_1_238' title='bbox 760 3096 1004 3169; x_wconf 87' lang='lat' dir='ltr'><strong>viduati,</strong></span> <span class='ocrx_word' id='word_1_239' title='bbox 1051 3101 1356 3171; x_wconf 86' lang='lat' dir='ltr'><strong>elegerunt</strong></span> <span class='ocrx_word' id='word_1_240' title='bbox 1395 3107 1681 3176; x_wconf 90' lang='lat' dir='ltr'><strong>quendam</strong></span> <span class='ocrx_word' id='word_1_241' title='bbox 1723 3108 2002 3166; x_wconf 90' lang='lat' dir='ltr'><strong>clericum</strong></span> 
     </span>
    </p>
   </div>
   <div class='ocr_carea' id='block_1_35' title="bbox 365 3157 2084 3264">
    <p class='ocr_par' dir='ltr' id='par_1_35' title="bbox 365 3157 2084 3264">
     <span class='ocr_line' id='line_1_35' title="bbox 365 3157 2084 3264; baseline 0.016 -35"><span class='ocrx_word' id='word_1_242' title='bbox 365 3175 762 3238; x_wconf 87' lang='lat' dir='ltr'><strong>Trevirenscm</strong></span> <span class='ocrx_word' id='word_1_243' title='bbox 807 3186 1136 3258; x_wconf 88' lang='lat' dir='ltr'><strong>Popponem</strong></span> <span class='ocrx_word' id='word_1_244' title='bbox 1179 3157 1427 3264; x_wconf 60' lang='lat' dir='ltr'><strong>nomine:</strong></span> <span class='ocrx_word' id='word_1_245' title='bbox 1473 3195 1707 3251; x_wconf 80' lang='lat' dir='ltr'><strong>fratrem</strong></span> <span class='ocrx_word' id='word_1_246' title='bbox 1753 3197 2004 3254; x_wconf 85' lang='lat' dir='ltr'><strong>Hcinrici</strong></span> <span class='ocrx_word' id='word_1_247' title='bbox 2035 3157 2084 3221; x_wconf 67' lang='grc' dir='ltr'>Ο</span> 
     </span>
    </p>
   </div>
   <div class='ocr_carea' id='block_1_36' title="bbox 365 3267 2005 3350">
    <p class='ocr_par' dir='ltr' id='par_1_36' title="bbox 365 3267 2005 3350">
     <span class='ocr_line' id='line_1_36' title="bbox 365 3267 2005 3350; baseline 0.014 -31"><span class='ocrx_word' id='word_1_248' title='bbox 365 3267 598 3324; x_wconf 89' lang='lat' dir='ltr'><strong>comitis</strong></span> <span class='ocrx_word' id='word_1_249' title='bbox 619 3271 881 3342; x_wconf 88' lang='lat' dir='ltr'><strong>palatini,</strong></span> <span class='ocrx_word' id='word_1_250' title='bbox 898 3280 955 3330; x_wconf 92' lang='lat' dir='ltr'><strong>et</strong></span> <span class='ocrx_word' id='word_1_251' title='bbox 977 3277 1194 3348; x_wconf 85' lang='lat' dir='ltr'><strong>absque</strong></span> <span class='ocrx_word' id='word_1_252' title='bbox 1213 3280 1374 3350; x_wconf 89' lang='lat' dir='ltr'><strong>regio</strong></span> <span class='ocrx_word' id='word_1_253' title='bbox 1397 3283 1549 3338; x_wconf 92' lang='lat' dir='ltr'><strong>dono</strong></span> <span class='ocrx_word' id='word_1_254' title='bbox 1573 3283 1697 3341; x_wconf 87' lang='lat' dir='ltr'><strong>sola</strong></span> <span class='ocrx_word' id='word_1_255' title='bbox 1719 3285 2005 3342; x_wconf 90' lang='lat' dir='ltr'><strong>electione</strong></span> 
     </span>
    </p>
   </div>
   <div class='ocr_carea' id='block_1_37' title="bbox 369 3364 2007 3438">
    <p class='ocr_par' dir='ltr' id='par_1_37' title="bbox 369 3364 2007 3438">
     <span class='ocr_line' id='line_1_37' title="bbox 369 3364 2007 3438; baseline 0.015 -30"><span class='ocrx_word' id='word_1_256' title='bbox 369 3364 776 3426; x_wconf 72' lang='lat' dir='ltr'><strong>praeponentes</strong></span> <span class='ocrx_word' id='word_1_257' title='bbox 813 3377 942 3418; x_wconf 91' lang='lat' dir='ltr'><strong>eum</strong></span> <span class='ocrx_word' id='word_1_258' title='bbox 982 3365 1282 3438; x_wconf 66' lang='lat' dir='ltr'><strong>aecelcsiaa,</strong></span> <span class='ocrx_word' id='word_1_259' title='bbox 1314 3369 1384 3426; x_wconf 91' lang='lat' dir='ltr'><strong>de</strong></span> <span class='ocrx_word' id='word_1_260' title='bbox 1416 3373 1858 3430; x_wconf 86' lang='lat' dir='ltr'><strong>consecratione</strong></span> <span class='ocrx_word' id='word_1_261' title='bbox 1889 3378 2007 3431; x_wconf 87' lang='lat' dir='ltr'><strong>tra-</strong></span> 
     </span>
    </p>
   </div>
   <div class='ocr_carea' id='block_1_38' title="bbox 367 3445 2007 3532">
    <p class='ocr_par' dir='ltr' id='par_1_38' title="bbox 367 3445 2007 3532">
     <span class='ocr_line' id='line_1_38' title="bbox 367 3445 2007 3532; baseline 0.013 -37"><span class='ocrx_word' id='word_1_262' title='bbox 367 3445 528 3532; x_wconf 80' lang='lat' dir='ltr'><strong>ctare</strong></span> <span class='ocrx_word' id='word_1_263' title='bbox 561 3457 883 3518; x_wconf 85' lang='lat' dir='ltr'><strong>coeperunt.</strong></span> <span class='ocrx_word' id='word_1_264' title='bbox 917 3453 984 3508; x_wconf 87' lang='lat' dir='ltr'><strong>Et</strong></span> <span class='ocrx_word' id='word_1_265' title='bbox 1006 3455 1138 3524; x_wconf 88' lang='lat' dir='ltr'><strong>quia</strong></span> <span class='ocrx_word' id='word_1_266' title='bbox 1167 3456 1526 3516; x_wconf 88' lang='lat' dir='ltr'><strong>Trevirensis</strong></span> <span class='ocrx_word' id='word_1_267' title='bbox 1554 3460 1868 3532; x_wconf 89' lang='lat' dir='ltr'><strong>episcopus</strong></span> <span class='ocrx_word' id='word_1_268' title='bbox 1895 3463 2007 3519; x_wconf 90' lang='lat' dir='ltr'><strong>Wi-</strong></span> 
     </span>
    </p>
   </div>
   <div class='ocr_carea' id='block_1_39' title="bbox 369 3529 2002 3621">
    <p class='ocr_par' dir='ltr' id='par_1_39' title="bbox 369 3529 2002 3621">
     <span class='ocr_line' id='line_1_39' title="bbox 369 3529 2002 3621; baseline 0.014 -37"><span class='ocrx_word' id='word_1_269' title='bbox 369 3529 747 3621; x_wconf 80' lang='lat' dir='ltr'><strong>bcrtistarum</strong></span> <span class='ocrx_word' id='word_1_270' title='bbox 817 3543 1217 3601; x_wconf 82' lang='lat' dir='ltr'><strong>communione</strong></span> <span class='ocrx_word' id='word_1_271' title='bbox 1281 3529 1711 3606; x_wconf 82' lang='lat' dir='ltr'><strong>contaminatus</strong></span> <span class='ocrx_word' id='word_1_272' title='bbox 1759 3529 1915 3621; x_wconf 80' lang='lat' dir='ltr'><strong>erat,</strong></span> <span class='ocrx_word' id='word_1_273' title='bbox 1974 3566 2002 3607; x_wconf 91' lang='lat' dir='ltr'><strong>a</strong></span> 
     </span>
    </p>
   </div>
   <div class='ocr_carea' id='block_1_40' title="bbox 369 3618 2004 3708">
    <p class='ocr_par' dir='ltr' id='par_1_40' title="bbox 369 3618 2004 3708">
     <span class='ocr_line' id='line_1_40' title="bbox 369 3618 2004 3708; baseline 0.013 -36"><span class='ocrx_word' id='word_1_274' title='bbox 369 3618 581 3679; x_wconf 88' lang='lat' dir='ltr'><strong>domno</strong></span> <span class='ocrx_word' id='word_1_275' title='bbox 619 3624 985 3686; x_wconf 71' lang='lat' dir='ltr'><strong>Lugdunensi</strong></span> <span class='ocrx_word' id='word_1_276' title='bbox 1023 3633 1466 3708; x_wconf 88' lang='lat' dir='ltr'><strong>archiepiscopo</strong></span> <span class='ocrx_word' id='word_1_277' title='bbox 1505 3639 1834 3694; x_wconf 87' lang='lat' dir='ltr'><strong>consecrari</strong></span> <span class='ocrx_word' id='word_1_278' title='bbox 1873 3618 2004 3696; x_wconf 83' lang='lat' dir='ltr'><strong>eum</strong></span> 
     </span>
    </p>
   </div>
   <div class='ocr_carea' id='block_1_41' title="bbox 367 3711 2004 3793">
    <p class='ocr_par' dir='ltr' id='par_1_41' title="bbox 367 3711 2004 3793">
     <span class='ocr_line' id='line_1_41' title="bbox 367 3711 2004 3793; baseline 0.013 -32"><span class='ocrx_word' id='word_1_279' title='bbox 367 3711 760 3784; x_wconf 80' lang='lat' dir='ltr'><strong>expetierunt,</strong></span> <span class='ocrx_word' id='word_1_280' title='bbox 785 3716 1059 3789; x_wconf 90' lang='lat' dir='ltr'><strong>imposito</strong></span> <span class='ocrx_word' id='word_1_281' title='bbox 1077 3724 1313 3793; x_wconf 79' lang='lat' dir='ltr'><strong>negotio</strong></span> <span class='ocrx_word' id='word_1_282' title='bbox 1333 3724 1438 3780; x_wconf 90' lang='lat' dir='ltr'><strong>hoc</strong></span> <span class='ocrx_word' id='word_1_283' title='bbox 1459 3726 1794 3782; x_wconf 86' lang='lat' dir='ltr'><strong>strenuitati</strong></span> <span class='ocrx_word' id='word_1_284' title='bbox 1815 3725 2004 3784; x_wconf 90' lang='lat' dir='ltr'><strong>domni</strong></span> 
     </span>
    </p>
   </div>
   <div class='ocr_carea' id='block_1_42' title="bbox 365 3795 2004 3883">
    <p class='ocr_par' dir='ltr' id='par_1_42' title="bbox 365 3795 2004 3883">
     <span class='ocr_line' id='line_1_42' title="bbox 365 3795 2004 3883; baseline 0.014 -33"><span class='ocrx_word' id='word_1_285' title='bbox 365 3795 596 3856; x_wconf 88' lang='lat' dir='ltr'><strong>abbatis</strong></span> <span class='ocrx_word' id='word_1_286' title='bbox 617 3802 1005 3880; x_wconf 88' lang='lat' dir='ltr'><strong>Divionensis,</strong></span> <span class='ocrx_word' id='word_1_287' title='bbox 1026 3809 1095 3866; x_wconf 94' lang='lat' dir='ltr'><strong>de</strong></span> <span class='ocrx_word' id='word_1_288' title='bbox 1110 3812 1280 3883; x_wconf 89' lang='lat' dir='ltr'><strong>cujus</strong></span> <span class='ocrx_word' id='word_1_289' title='bbox 1299 3813 1588 3870; x_wconf 91' lang='lat' dir='ltr'><strong>industria</strong></span> <span class='ocrx_word' id='word_1_290' title='bbox 1611 3814 2004 3873; x_wconf 81' lang='lat' dir='ltr'><strong>confidebant.</strong></span> 
     </span>
    </p>
   </div>
   <div class='ocr_carea' id='block_1_43' title="bbox 366 3883 2005 3972">
    <p class='ocr_par' dir='ltr' id='par_1_43' title="bbox 366 3883 2005 3972">
     <span class='ocr_line' id='line_1_43' title="bbox 366 3883 2005 3972; baseline 0.013 -32"><span class='ocrx_word' id='word_1_291' title='bbox 366 3883 474 3972; x_wconf 82' lang='lat' dir='ltr'><strong>Qui</strong></span> <span class='ocrx_word' id='word_1_292' title='bbox 506 3889 685 3946; x_wconf 89' lang='lat' dir='ltr'><strong>nichil</strong></span> <span class='ocrx_word' id='word_1_293' title='bbox 715 3900 1048 3969; x_wconf 89' lang='lat' dir='ltr'><strong>cunctatus,</strong></span> <span class='ocrx_word' id='word_1_294' title='bbox 1093 3901 1362 3958; x_wconf 83' lang='lat' dir='ltr'><strong>domuum</strong></span> <span class='ocrx_word' id='word_1_295' title='bbox 1404 3903 1844 3972; x_wconf 83' lang='lat' dir='ltr'><strong>Lugdunensem</strong></span> <span class='ocrx_word' id='word_1_296' title='bbox 1876 3919 2005 3961; x_wconf 90' lang='lat' dir='ltr'><strong>cum</strong></span> 
     </span>
    </p>
   </div>
   <div class='ocr_carea' id='block_1_44' title="bbox 368 3971 2006 4058">
    <p class='ocr_par' dir='ltr' id='par_1_44' title="bbox 368 3971 2006 4058">
     <span class='ocr_line' id='line_1_44' title="bbox 368 3971 2006 4058; baseline 0.012 -30"><span class='ocrx_word' id='word_1_297' title='bbox 368 3971 596 4034; x_wconf 91' lang='lat' dir='ltr'><strong>duobus</strong></span> <span class='ocrx_word' id='word_1_298' title='bbox 634 3981 756 4038; x_wconf 88' lang='lat' dir='ltr'><strong>suis</strong></span> <span class='ocrx_word' id='word_1_299' title='bbox 797 3985 1201 4058; x_wconf 73' lang='lat' dir='ltr'><strong>sulfraganeis,</strong></span> <span class='ocrx_word' id='word_1_300' title='bbox 1247 3971 1663 4047; x_wconf 82' lang='lat' dir='ltr'><strong>Matisconense</strong></span> <span class='ocrx_word' id='word_1_301' title='bbox 1694 3991 1916 4049; x_wconf 89' lang='lat' dir='ltr'><strong>scilicet</strong></span> <span class='ocrx_word' id='word_1_302' title='bbox 1949 3997 2006 4050; x_wconf 91' lang='lat' dir='ltr'><strong>et</strong></span> 
     </span>
    </p>
   </div>
   <div class='ocr_carea' id='block_1_45' title="bbox 371 4060 2010 4155">
    <p class='ocr_par' dir='ltr' id='par_1_45' title="bbox 371 4060 2010 4155">
     <span class='ocr_line' id='line_1_45' title="bbox 371 4060 2010 4155; baseline 0.01 -38"><span class='ocrx_word' id='word_1_303' title='bbox 371 4060 787 4155; x_wconf 76' lang='lat' dir='ltr'><strong>Linguonense,</strong></span> <span class='ocrx_word' id='word_1_304' title='bbox 822 4087 928 4141; x_wconf 90' lang='lat' dir='ltr'><strong>per</strong></span> <span class='ocrx_word' id='word_1_305' title='bbox 960 4075 1110 4132; x_wconf 89' lang='lat' dir='ltr'><strong>bella</strong></span> <span class='ocrx_word' id='word_1_306' title='bbox 1134 4081 1190 4131; x_wconf 90' lang='lat' dir='ltr'><strong>et</strong></span> <span class='ocrx_word' id='word_1_307' title='bbox 1213 4077 1462 4147; x_wconf 80' lang='lat' dir='ltr'><strong>gladios,</strong></span> <span class='ocrx_word' id='word_1_308' title='bbox 1495 4093 1623 4155; x_wconf 83' lang='lat' dir='ltr'><strong>cum</strong></span> <span class='ocrx_word' id='word_1_309' title='bbox 1648 4079 1836 4135; x_wconf 89' lang='lat' dir='ltr'><strong>omnia</strong></span> <span class='ocrx_word' id='word_1_310' title='bbox 1862 4094 2010 4134; x_wconf 91' lang='lat' dir='ltr'><strong>mor-</strong></span> 
     </span>
    </p>
   </div>
   <div class='ocr_carea' id='block_1_46' title="bbox 367 4151 2006 4236">
    <p class='ocr_par' dir='ltr' id='par_1_46' title="bbox 367 4151 2006 4236">
     <span class='ocr_line' id='line_1_46' title="bbox 367 4151 2006 4236; baseline 0.013 -34"><span class='ocrx_word' id='word_1_311' title='bbox 367 4153 484 4204; x_wconf 89' lang='lat' dir='ltr'><strong>tem</strong></span> <span class='ocrx_word' id='word_1_312' title='bbox 505 4151 797 4212; x_wconf 87' lang='lat' dir='ltr'><strong>intentare</strong></span> <span class='ocrx_word' id='word_1_313' title='bbox 820 4159 1180 4231; x_wconf 85' lang='lat' dir='ltr'><strong>viderentur,</strong></span> <span class='ocrx_word' id='word_1_314' title='bbox 1208 4165 1425 4220; x_wconf 81' lang='lat' dir='ltr'><strong>Mettim</strong></span> <span class='ocrx_word' id='word_1_315' title='bbox 1459 4151 1644 4236; x_wconf 86' lang='lat' dir='ltr'><strong>usque</strong></span> <span class='ocrx_word' id='word_1_316' title='bbox 1675 4167 1944 4235; x_wconf 84' lang='lat' dir='ltr'><strong>deduxit;</strong></span> <span class='ocrx_word' id='word_1_317' title='bbox 1976 4184 2006 4224; x_wconf 90' lang='lat' dir='ltr'><strong>a</strong></span> 
     </span>
    </p>
   </div>
   <div class='ocr_carea' id='block_1_47' title="bbox 371 4245 2012 4330">
    <p class='ocr_par' dir='ltr' id='par_1_47' title="bbox 371 4245 2012 4330">
     <span class='ocr_line' id='line_1_47' title="bbox 371 4245 2012 4330; baseline 0.013 -39"><span class='ocrx_word' id='word_1_318' title='bbox 371 4251 486 4306; x_wconf 90' lang='lat' dir='ltr'><strong>quo</strong></span> <span class='ocrx_word' id='word_1_319' title='bbox 505 4245 565 4294; x_wconf 88' lang='lat' dir='ltr'><strong>et</strong></span> <span class='ocrx_word' id='word_1_320' title='bbox 581 4253 964 4304; x_wconf 88' lang='lat' dir='ltr'><strong>consecratus</strong></span> <span class='ocrx_word' id='word_1_321' title='bbox 985 4255 1074 4305; x_wconf 92' lang='lat' dir='ltr'><strong>est</strong></span> <span class='ocrx_word' id='word_1_322' title='bbox 1097 4251 1277 4322; x_wconf 88' lang='lat' dir='ltr'><strong>prima</strong></span> <span class='ocrx_word' id='word_1_323' title='bbox 1297 4253 1620 4330; x_wconf 29' lang='lat' dir='ltr'><strong>ebdomada,</strong></span> <span class='ocrx_word' id='word_1_324' title='bbox 1639 4255 2012 4326; x_wconf 86' lang='lat' dir='ltr'><strong>quadragesi-</strong></span> 
     </span>
    </p>
   </div>
   <div class='ocr_carea' id='block_1_48' title="bbox 370 4331 2010 4412">
    <p class='ocr_par' dir='ltr' id='par_1_48' title="bbox 370 4331 2010 4412">
     <span class='ocr_line' id='line_1_48' title="bbox 370 4331 2010 4412; baseline 0.015 -33"><span class='ocrx_word' id='word_1_325' title='bbox 370 4339 476 4381; x_wconf 65' lang='lat' dir='ltr'><strong>ma:</strong></span> <span class='ocrx_word' id='word_1_326' title='bbox 496 4342 624 4383; x_wconf 91' lang='lat' dir='ltr'><strong>cum</strong></span> <span class='ocrx_word' id='word_1_327' title='bbox 649 4331 856 4404; x_wconf 90' lang='lat' dir='ltr'><strong>gloria,</strong></span> <span class='ocrx_word' id='word_1_328' title='bbox 876 4339 937 4391; x_wconf 89' lang='lat' dir='ltr'><strong>et</strong></span> <span class='ocrx_word' id='word_1_329' title='bbox 955 4337 1040 4394; x_wconf 92' lang='lat' dir='ltr'><strong>sic</strong></span> <span class='ocrx_word' id='word_1_330' title='bbox 1059 4339 1304 4396; x_wconf 90' lang='lat' dir='ltr'><strong>domnus</strong></span> <span class='ocrx_word' id='word_1_331' title='bbox 1327 4342 1726 4412; x_wconf 85' lang='lat' dir='ltr'><strong>Lugdunensis</strong></span> <span class='ocrx_word' id='word_1_332' title='bbox 1741 4360 1869 4401; x_wconf 87' lang='lat' dir='ltr'><strong>cum</strong></span> <span class='ocrx_word' id='word_1_333' title='bbox 1889 4346 2010 4403; x_wconf 91' lang='lat' dir='ltr'><strong>suis</strong></span> 
     </span>
    </p>
   </div>
   <div class='ocr_carea' id='block_1_49' title="bbox 367 4421 2008 4500">
    <p class='ocr_par' dir='ltr' id='par_1_49' title="bbox 367 4421 2008 4500">
     <span class='ocr_line' id='line_1_49' title="bbox 367 4421 2008 4500; baseline 0.015 -33"><span class='ocrx_word' id='word_1_334' title='bbox 367 4427 642 4474; x_wconf 89' lang='lat' dir='ltr'><strong>reversus</strong></span> <span class='ocrx_word' id='word_1_335' title='bbox 657 4424 748 4476; x_wconf 90' lang='lat' dir='ltr'><strong>est</strong></span> <span class='ocrx_word' id='word_1_336' title='bbox 768 4421 837 4478; x_wconf 92' lang='lat' dir='ltr'><strong>ad</strong></span> <span class='ocrx_word' id='word_1_337' title='bbox 859 4427 1116 4498; x_wconf 88' lang='lat' dir='ltr'><strong>propria.</strong></span> <span class='ocrx_word' id='word_1_338' title='bbox 1145 4429 1418 4500; x_wconf 89' lang='lat' dir='ltr'><strong>Sequenti</strong></span> <span class='ocrx_word' id='word_1_339' title='bbox 1444 4445 1592 4488; x_wconf 90' lang='lat' dir='ltr'><strong>anno</strong></span> <span class='ocrx_word' id='word_1_340' title='bbox 1617 4432 1919 4490; x_wconf 80' lang='lat' dir='ltr'><strong>Richerius</strong></span> <span class='ocrx_word' id='word_1_341' title='bbox 1940 4433 2008 4468; x_wconf 80' lang='grc'><strong>⁴²¹</strong></span> 
     </span>
    </p>
   </div>
   <div class='ocr_carea' id='block_1_50' title="bbox 368 4500 2225 4592">
    <p class='ocr_par' dir='ltr' id='par_1_50' title="bbox 368 4500 2225 4592">
     <span class='ocr_line' id='line_1_50' title="bbox 368 4500 2225 4592; baseline 0.012 -34"><span class='ocrx_word' id='word_1_342' title='bbox 368 4516 474 4574; x_wconf 89' lang='lat' dir='ltr'><strong>pro</strong></span> <span class='ocrx_word' id='word_1_343' title='bbox 497 4511 942 4570; x_wconf 89' lang='lat' dir='ltr'><strong>consecratione</strong></span> <span class='ocrx_word' id='word_1_344' title='bbox 975 4530 1076 4573; x_wconf 91' lang='lat' dir='ltr'><strong>sua</strong></span> <span class='ocrx_word' id='word_1_345' title='bbox 1108 4517 1444 4588; x_wconf 89' lang='lat' dir='ltr'><strong>Lugdunum</strong></span> <span class='ocrx_word' id='word_1_346' title='bbox 1479 4521 1736 4592; x_wconf 89' lang='lat' dir='ltr'><strong>veniens,</strong></span> <span class='ocrx_word' id='word_1_347' title='bbox 1768 4537 1897 4578; x_wconf 90' lang='lat' dir='ltr'><strong>cum</strong></span> <span class='ocrx_word' id='word_1_348' title='bbox 1921 4536 2008 4580; x_wconf 88' lang='lat' dir='ltr'><strong>sa-</strong></span> <span class='ocrx_word' id='word_1_349' title='bbox 2033 4513 2090 4578; x_wconf 92' lang='lat' dir='ltr'><strong>D</strong></span> <span class='ocrx_word' id='word_1_350' title='bbox 2119 4500 2225 4557; x_wconf 69' lang='lat' dir='ltr'><strong>c&#39;s’</strong></span> 
     </span>
    </p>
   </div>
   <div class='ocr_carea' id='block_1_51' title="bbox 368 4600 2006 4679">
    <p class='ocr_par' dir='ltr' id='par_1_51' title="bbox 368 4600 2006 4679">
     <span class='ocr_line' id='line_1_51' title="bbox 368 4600 2006 4679; baseline 0.013 -33"><span class='ocrx_word' id='word_1_351' title='bbox 368 4601 666 4654; x_wconf 87' lang='lat' dir='ltr'><strong>cramento</strong></span> <span class='ocrx_word' id='word_1_352' title='bbox 704 4615 768 4657; x_wconf 90' lang='lat' dir='ltr'><strong>se</strong></span> <span class='ocrx_word' id='word_1_353' title='bbox 811 4600 881 4658; x_wconf 90' lang='lat' dir='ltr'><strong>de</strong></span> <span class='ocrx_word' id='word_1_354' title='bbox 921 4603 1162 4662; x_wconf 89' lang='lat' dir='ltr'><strong>simonia</strong></span> <span class='ocrx_word' id='word_1_355' title='bbox 1204 4613 1538 4679; x_wconf 85' lang='lat' dir='ltr'><strong>purgasset,</strong></span> <span class='ocrx_word' id='word_1_356' title='bbox 1581 4609 1636 4665; x_wconf 90' lang='lat' dir='ltr'><strong>in</strong></span> <span class='ocrx_word' id='word_1_357' title='bbox 1679 4609 1774 4666; x_wconf 93' lang='lat' dir='ltr'><strong>die</strong></span> <span class='ocrx_word' id='word_1_358' title='bbox 1805 4615 2006 4667; x_wconf 91' lang='lat' dir='ltr'><strong>sancto</strong></span> 
     </span>
    </p>
   </div>
   <div class='ocr_carea' id='block_1_52' title="bbox 367 4683 2010 4770">
    <p class='ocr_par' dir='ltr' id='par_1_52' title="bbox 367 4683 2010 4770">
     <span class='ocr_line' id='line_1_52' title="bbox 367 4683 2010 4770; baseline 0.01 -32"><span class='ocrx_word' id='word_1_359' title='bbox 367 4683 596 4752; x_wconf 69' lang='lat' dir='ltr'><strong>paschae</strong></span> <span class='ocrx_word' id='word_1_360' title='bbox 619 4695 998 4750; x_wconf 90' lang='lat' dir='ltr'><strong>consecratus</strong></span> <span class='ocrx_word' id='word_1_361' title='bbox 1019 4699 1111 4751; x_wconf 91' lang='lat' dir='ltr'><strong>est</strong></span> <span class='ocrx_word' id='word_1_362' title='bbox 1132 4697 1205 4752; x_wconf 90' lang='lat' dir='ltr'><strong>ab</strong></span> <span class='ocrx_word' id='word_1_363' title='bbox 1225 4697 1450 4768; x_wconf 89' lang='lat' dir='ltr'><strong>eodem,</strong></span> <span class='ocrx_word' id='word_1_364' title='bbox 1478 4698 1868 4769; x_wconf 75' lang='lat' dir='ltr'><strong>praesentibus</strong></span> <span class='ocrx_word' id='word_1_365' title='bbox 1889 4699 2010 4770; x_wconf 90' lang='lat' dir='ltr'><strong>epi-</strong></span> 
     </span>
    </p>
   </div>
   <div class='ocr_carea' id='block_1_53' title="bbox 367 4777 2010 4856">
    <p class='ocr_par' dir='ltr' id='par_1_53' title="bbox 367 4777 2010 4856">
     <span class='ocr_line' id='line_1_53' title="bbox 367 4777 2010 4856; baseline 0.009 -30"><span class='ocrx_word' id='word_1_366' title='bbox 367 4783 563 4844; x_wconf 79' lang='lat' dir='ltr'><strong>scopis</strong></span> <span class='ocrx_word' id='word_1_367' title='bbox 595 4777 1022 4853; x_wconf 85' lang='lat' dir='ltr'><strong>Matisconensi,</strong></span> <span class='ocrx_word' id='word_1_368' title='bbox 1059 4785 1452 4856; x_wconf 88' lang='lat' dir='ltr'><strong>Cabilonensi,</strong></span> <span class='ocrx_word' id='word_1_369' title='bbox 1486 4786 1857 4855; x_wconf 83' lang='lat' dir='ltr'><strong>Auguslensi,</strong></span> <span class='ocrx_word' id='word_1_370' title='bbox 1881 4786 2010 4844; x_wconf 92' lang='lat' dir='ltr'><strong>&#39;lul-</strong></span> 
     </span>
    </p>
   </div>
   <div class='ocr_carea' id='block_1_54' title="bbox 365 4857 2010 4943">
    <p class='ocr_par' dir='ltr' id='par_1_54' title="bbox 365 4857 2010 4943">
     <span class='ocr_line' id='line_1_54' title="bbox 365 4857 2010 4943; baseline 0.011 -29"><span class='ocrx_word' id='word_1_371' title='bbox 365 4857 532 4934; x_wconf 90' lang='lat' dir='ltr'><strong>lensi,</strong></span> <span class='ocrx_word' id='word_1_372' title='bbox 557 4879 688 4923; x_wconf 90' lang='lat' dir='ltr'><strong>cum</strong></span> <span class='ocrx_word' id='word_1_373' title='bbox 715 4867 850 4926; x_wconf 80' lang='lat' dir='ltr'><strong>[iliis</strong></span> <span class='ocrx_word' id='word_1_374' title='bbox 875 4871 1258 4930; x_wconf 86' lang='lat' dir='ltr'><strong>Virdunensis</strong></span> <span class='ocrx_word' id='word_1_375' title='bbox 1275 4873 1575 4943; x_wconf 69' lang='lat' dir='ltr'><strong>:ecclesite,</strong></span> <span class='ocrx_word' id='word_1_376' title='bbox 1596 4879 1655 4930; x_wconf 88' lang='lat' dir='ltr'><strong>et</strong></span> <span class='ocrx_word' id='word_1_377' title='bbox 1674 4873 1890 4930; x_wconf 90' lang='lat' dir='ltr'><strong>litteris</strong></span> <span class='ocrx_word' id='word_1_378' title='bbox 1911 4875 2010 4932; x_wconf 89' lang='lat' dir='ltr'><strong>do-</strong></span> 
     </span>
    </p>
   </div>
   <div class='ocr_carea' id='block_1_55' title="bbox 365 4949 1862 5031">
    <p class='ocr_par' dir='ltr' id='par_1_55' title="bbox 365 4949 1862 5031">
     <span class='ocr_line' id='line_1_55' title="bbox 365 4949 1862 5031; baseline 0.009 -27"><span class='ocrx_word' id='word_1_379' title='bbox 365 4949 479 5006; x_wconf 88' lang='lat' dir='ltr'><strong>mni</strong></span> <span class='ocrx_word' id='word_1_380' title='bbox 511 4953 814 5016; x_wconf 80' lang='lat' dir='ltr'><strong>Mettensis</strong></span> <span class='ocrx_word' id='word_1_381' title='bbox 835 4959 906 5016; x_wconf 91' lang='lat' dir='ltr'><strong>de</strong></span> <span class='ocrx_word' id='word_1_382' title='bbox 925 4960 1051 5031; x_wconf 88' lang='lat' dir='ltr'><strong>ejus</strong></span> <span class='ocrx_word' id='word_1_383' title='bbox 1074 4960 1365 5018; x_wconf 89' lang='lat' dir='ltr'><strong>electione</strong></span> <span class='ocrx_word' id='word_1_384' title='bbox 1395 4961 1862 5020; x_wconf 88' lang='lat' dir='ltr'><strong>concinentibus.</strong></span> 
     </span>
    </p>
   </div>
   <div class='ocr_carea' id='block_1_56' title="bbox 437 5040 2007 5124">
    <p class='ocr_par' dir='ltr' id='par_1_56' title="bbox 437 5040 2007 5124">
     <span class='ocr_line' id='line_1_56' title="bbox 437 5040 2007 5124; baseline 0.009 -30"><span class='ocrx_word' id='word_1_385' title='bbox 437 5040 600 5100; x_wconf 82' lang='lat' dir='ltr'><strong>Anno</strong></span> <span class='ocrx_word' id='word_1_386' title='bbox 631 5047 704 5102; x_wconf 90' lang='lat' dir='ltr'><strong>ab</strong></span> <span class='ocrx_word' id='word_1_387' title='bbox 727 5046 837 5103; x_wconf 90' lang='lat' dir='ltr'><strong>inc.</strong></span> <span class='ocrx_word' id='word_1_388' title='bbox 863 5049 1022 5106; x_wconf 79' lang='lat' dir='ltr'><strong>Dom.</strong></span> <span class='ocrx_word' id='word_1_389' title='bbox 1058 5053 1192 5108; x_wconf 88' lang='grc'>1094</span> <span class='ocrx_word' id='word_1_390' title='bbox 1213 5050 1384 5124; x_wconf 81' lang='grc'>(194),</span> <span class='ocrx_word' id='word_1_391' title='bbox 1409 5049 1716 5108; x_wconf 91' lang='lat' dir='ltr'><strong>concilium</strong></span> <span class='ocrx_word' id='word_1_392' title='bbox 1747 5051 2007 5108; x_wconf 90' lang='lat' dir='ltr'><strong>habitum</strong></span> 
     </span>
    </p>
   </div>
   <div class='ocr_carea' id='block_1_57' title="bbox 2115 541 3748 616">
    <p class='ocr_par' dir='ltr' id='par_1_57' title="bbox 2115 541 3748 616">
     <span class='ocr_line' id='line_1_57' title="bbox 2115 541 3748 616; baseline 0.005 -21"><span class='ocrx_word' id='word_1_393' title='bbox 2115 541 2480 612; x_wconf 86' lang='lat' dir='ltr'><strong>Lugdunensi</strong></span> <span class='ocrx_word' id='word_1_394' title='bbox 2511 542 2664 613; x_wconf 79' lang='lat' dir='ltr'><strong>(Oct.</strong></span> <span class='ocrx_word' id='word_1_395' title='bbox 2693 547 2802 616; x_wconf 77' lang='grc'>15),</span> <span class='ocrx_word' id='word_1_396' title='bbox 2834 543 2926 601; x_wconf 90' lang='lat' dir='ltr'><strong>cui</strong></span> <span class='ocrx_word' id='word_1_397' title='bbox 2956 543 3131 600; x_wconf 90' lang='lat' dir='ltr'><strong>etiam</strong></span> <span class='ocrx_word' id='word_1_398' title='bbox 3161 542 3552 602; x_wconf 82' lang='lat' dir='ltr'><strong>interfuerunt</strong></span> <span class='ocrx_word' id='word_1_399' title='bbox 3586 547 3748 602; x_wconf 84' lang='lat' dir='ltr'><strong>abha-</strong></span> 
     </span>
    </p>
   </div>
   <div class='ocr_carea' id='block_1_58' title="bbox 2113 631 3192 704">
    <p class='ocr_par' dir='ltr' id='par_1_58' title="bbox 2113 631 3192 704">
     <span class='ocr_line' id='line_1_58' title="bbox 2113 631 3192 704; baseline 0.004 -20"><span class='ocrx_word' id='word_1_400' title='bbox 2113 633 2203 686; x_wconf 91' lang='lat' dir='ltr'><strong>tes</strong></span> <span class='ocrx_word' id='word_1_401' title='bbox 2235 631 2642 704; x_wconf 89' lang='lat' dir='ltr'><strong>quamplurimi</strong></span> <span class='ocrx_word' id='word_1_402' title='bbox 2676 641 2736 690; x_wconf 91' lang='lat' dir='ltr'><strong>et</strong></span> <span class='ocrx_word' id='word_1_403' title='bbox 2764 632 2874 689; x_wconf 91' lang='lat' dir='ltr'><strong>viri</strong></span> <span class='ocrx_word' id='word_1_404' title='bbox 2916 633 3192 703; x_wconf 88' lang='lat' dir='ltr'><strong>religiosi.</strong></span> 
     </span>
    </p>
   </div>
   <div class='ocr_carea' id='block_1_59' title="bbox 2185 721 3740 793">
    <p class='ocr_par' dir='ltr' id='par_1_59' title="bbox 2185 721 3740 793">
     <span class='ocr_line' id='line_1_59' title="bbox 2185 721 3740 793; baseline 0.003 -18"><span class='ocrx_word' id='word_1_405' title='bbox 2185 721 2348 778; x_wconf 82' lang='lat' dir='ltr'><strong>Anno</strong></span> <span class='ocrx_word' id='word_1_406' title='bbox 2379 722 2451 776; x_wconf 89' lang='lat' dir='ltr'><strong>ab</strong></span> <span class='ocrx_word' id='word_1_407' title='bbox 2484 721 2593 778; x_wconf 91' lang='lat' dir='ltr'><strong>inc.</strong></span> <span class='ocrx_word' id='word_1_408' title='bbox 2630 724 2974 790; x_wconf 74' lang='lat' dir='ltr'><strong>Dom,1095,</strong></span> <span class='ocrx_word' id='word_1_409' title='bbox 3013 722 3154 778; x_wconf 81' lang='lat' dir='ltr'><strong>feria</strong></span> <span class='ocrx_word' id='word_1_410' title='bbox 3180 724 3230 792; x_wconf 83' lang='grc'>4,</span> <span class='ocrx_word' id='word_1_411' title='bbox 3257 721 3389 780; x_wconf 89' lang='lat' dir='ltr'><strong>luna</strong></span> <span class='ocrx_word' id='word_1_412' title='bbox 3411 726 3502 793; x_wconf 76' lang='lat'><strong>25,</strong></span> <span class='ocrx_word' id='word_1_413' title='bbox 3528 728 3578 780; x_wconf 73' lang='lat'><strong>2.</strong></span> <span class='ocrx_word' id='word_1_414' title='bbox 3615 725 3740 781; x_wconf 79' lang='lat' dir='ltr'><strong>Non.</strong></span> 
     </span>
    </p>
   </div>
   <div class='ocr_carea' id='block_1_60' title="bbox 2113 809 3742 881">
    <p class='ocr_par' dir='ltr' id='par_1_60' title="bbox 2113 809 3742 881">
     <span class='ocr_line' id='line_1_60' title="bbox 2113 809 3742 881; baseline 0.004 -17"><span class='ocrx_word' id='word_1_415' title='bbox 2113 809 2328 880; x_wconf 83' lang='lat' dir='ltr'><strong>Aprilis</strong></span> <span class='ocrx_word' id='word_1_416' title='bbox 2351 825 2380 866; x_wconf 90' lang='lat' dir='ltr'><strong>a</strong></span> <span class='ocrx_word' id='word_1_417' title='bbox 2407 811 2596 866; x_wconf 89' lang='lat' dir='ltr'><strong>noctis</strong></span> <span class='ocrx_word' id='word_1_418' title='bbox 2630 809 2815 866; x_wconf 89' lang='lat' dir='ltr'><strong>medio</strong></span> <span class='ocrx_word' id='word_1_419' title='bbox 2848 825 3031 881; x_wconf 89' lang='lat' dir='ltr'><strong>usque</strong></span> <span class='ocrx_word' id='word_1_420' title='bbox 3064 810 3132 867; x_wconf 91' lang='lat' dir='ltr'><strong>ad</strong></span> <span class='ocrx_word' id='word_1_421' title='bbox 3167 825 3430 868; x_wconf 88' lang='lat' dir='ltr'><strong>auroram</strong></span> <span class='ocrx_word' id='word_1_422' title='bbox 3466 811 3653 870; x_wconf 64' lang='lat' dir='ltr'><strong>stellae</strong></span> <span class='ocrx_word' id='word_1_423' title='bbox 3682 813 3742 870; x_wconf 91' lang='lat' dir='ltr'><strong>de</strong></span> 
     </span>
    </p>
   </div>
   <div class='ocr_carea' id='block_1_61' title="bbox 2111 881 3743 954">
    <p class='ocr_par' dir='ltr' id='par_1_61' title="bbox 2111 881 3743 954">
     <span class='ocr_line' id='line_1_61' title="bbox 2111 881 3743 954; baseline 0.004 -20"><span class='ocrx_word' id='word_1_424' title='bbox 2111 881 2238 936; x_wconf 93' lang='lat' dir='ltr'><strong>celo</strong></span> <span class='ocrx_word' id='word_1_425' title='bbox 2278 881 2490 937; x_wconf 85' lang='lat' dir='ltr'><strong>cadere</strong></span> <span class='ocrx_word' id='word_1_426' title='bbox 2527 882 2666 938; x_wconf 57' lang='lat' dir='ltr'><strong>visae</strong></span> <span class='ocrx_word' id='word_1_427' title='bbox 2708 889 2862 952; x_wconf 90' lang='lat' dir='ltr'><strong>sunt,</strong></span> <span class='ocrx_word' id='word_1_428' title='bbox 2907 889 2965 937; x_wconf 93' lang='lat' dir='ltr'><strong>et</strong></span> <span class='ocrx_word' id='word_1_429' title='bbox 3007 883 3207 938; x_wconf 85' lang='lat' dir='ltr'><strong>eadem</strong></span> <span class='ocrx_word' id='word_1_430' title='bbox 3257 886 3424 938; x_wconf 90' lang='lat' dir='ltr'><strong>nocte</strong></span> <span class='ocrx_word' id='word_1_431' title='bbox 3472 882 3743 954; x_wconf 74' lang='lat' dir='ltr'><strong>Gyraldus</strong></span> 
     </span>
    </p>
   </div>
   <div class='ocr_carea' id='block_1_62' title="bbox 2111 969 3742 1042">
    <p class='ocr_par' dir='ltr' id='par_1_62' title="bbox 2111 969 3742 1042">
     <span class='ocr_line' id='line_1_62' title="bbox 2111 969 3742 1042; baseline 0.002 -18"><span class='ocrx_word' id='word_1_432' title='bbox 2111 969 2292 1026; x_wconf 87' lang='lat' dir='ltr'><strong>abbas</strong></span> <span class='ocrx_word' id='word_1_433' title='bbox 2344 969 2512 1027; x_wconf 55' lang='lat' dir='ltr'><strong>Silvae</strong></span> <span class='ocrx_word' id='word_1_434' title='bbox 2563 971 2798 1040; x_wconf 87' lang='lat' dir='ltr'><strong>majoris</strong></span> <span class='ocrx_word' id='word_1_435' title='bbox 2833 971 2982 1042; x_wconf 76' lang='lat'><strong>(195)</strong></span> <span class='ocrx_word' id='word_1_436' title='bbox 3017 970 3284 1040; x_wconf 86' lang='lat' dir='ltr'><strong>migravit</strong></span> <span class='ocrx_word' id='word_1_437' title='bbox 3336 971 3406 1027; x_wconf 89' lang='lat' dir='ltr'><strong>ad</strong></span> <span class='ocrx_word' id='word_1_438' title='bbox 3457 971 3742 1028; x_wconf 85' lang='lat' dir='ltr'><strong>Dominum</strong></span> 
     </span>
    </p>
   </div>
   <div class='ocr_carea' id='block_1_63' title="bbox 2113 1057 3747 1130">
    <p class='ocr_par' dir='ltr' id='par_1_63' title="bbox 2113 1057 3747 1130">
     <span class='ocr_line' id='line_1_63' title="bbox 2113 1057 3747 1130; baseline 0.003 -19"><span class='ocrx_word' id='word_1_439' title='bbox 2113 1057 2232 1125; x_wconf 85' lang='lat' dir='ltr'><strong>(fol.</strong></span> <span class='ocrx_word' id='word_1_440' title='bbox 2263 1059 2422 1130; x_wconf 82' lang='lat'><strong>136’).</strong></span> <span class='ocrx_word' id='word_1_441' title='bbox 2456 1061 2536 1114; x_wconf 89' lang='lat' dir='ltr'><strong>Eo</strong></span> <span class='ocrx_word' id='word_1_442' title='bbox 2571 1073 2802 1130; x_wconf 88' lang='lat' dir='ltr'><strong>quoque</strong></span> <span class='ocrx_word' id='word_1_443' title='bbox 2832 1059 2926 1116; x_wconf 87' lang='lat' dir='ltr'><strong>die</strong></span> <span class='ocrx_word' id='word_1_444' title='bbox 2959 1059 3209 1115; x_wconf 88' lang='lat' dir='ltr'><strong>domnus</strong></span> <span class='ocrx_word' id='word_1_445' title='bbox 3241 1058 3642 1130; x_wconf 79' lang='lat' dir='ltr'><strong>Lugdunensis</strong></span> <span class='ocrx_word' id='word_1_446' title='bbox 3667 1075 3747 1116; x_wconf 87' lang='lat' dir='ltr'><strong>ar-</strong></span> 
     </span>
    </p>
   </div>
   <div class='ocr_carea' id='block_1_64' title="bbox 2111 1146 3740 1219">
    <p class='ocr_par' dir='ltr' id='par_1_64' title="bbox 2111 1146 3740 1219">
     <span class='ocr_line' id='line_1_64' title="bbox 2111 1146 3740 1219; baseline 0.002 -18"><span class='ocrx_word' id='word_1_447' title='bbox 2111 1146 2519 1218; x_wconf 88' lang='lat' dir='ltr'><strong>chiepiscopus</strong></span> <span class='ocrx_word' id='word_1_448' title='bbox 2573 1149 2684 1203; x_wconf 90' lang='lat' dir='ltr'><strong>iter</strong></span> <span class='ocrx_word' id='word_1_449' title='bbox 2737 1148 2989 1219; x_wconf 90' lang='lat' dir='ltr'><strong>arripuit</strong></span> <span class='ocrx_word' id='word_1_450' title='bbox 3037 1147 3108 1203; x_wconf 91' lang='lat' dir='ltr'><strong>ad</strong></span> <span class='ocrx_word' id='word_1_451' title='bbox 3161 1148 3430 1205; x_wconf 88' lang='lat' dir='ltr'><strong>Sanctum</strong></span> <span class='ocrx_word' id='word_1_452' title='bbox 3481 1147 3740 1206; x_wconf 74' lang='lat' dir='ltr'><strong>Iacobum</strong></span> 
     </span>
    </p>
   </div>
   <div class='ocr_carea' id='block_1_65' title="bbox 2112 1233 3742 1307">
    <p class='ocr_par' dir='ltr' id='par_1_65' title="bbox 2112 1233 3742 1307">
     <span class='ocr_line' id='line_1_65' title="bbox 2112 1233 3742 1307; baseline 0.001 -17"><span class='ocrx_word' id='word_1_453' title='bbox 2112 1233 2286 1305; x_wconf 82' lang='grc'>(196),</span> <span class='ocrx_word' id='word_1_454' title='bbox 2337 1235 2581 1292; x_wconf 87' lang='lat' dir='ltr'><strong>honesto</strong></span> <span class='ocrx_word' id='word_1_455' title='bbox 2626 1236 2982 1292; x_wconf 90' lang='lat' dir='ltr'><strong>clericorum</strong></span> <span class='ocrx_word' id='word_1_456' title='bbox 3025 1240 3084 1292; x_wconf 93' lang='lat' dir='ltr'><strong>et</strong></span> <span class='ocrx_word' id='word_1_457' title='bbox 3125 1235 3422 1307; x_wconf 85' lang='lat' dir='ltr'><strong>laycorum</strong></span> <span class='ocrx_word' id='word_1_458' title='bbox 3469 1237 3742 1292; x_wconf 89' lang='lat' dir='ltr'><strong>comitatu</strong></span> 
     </span>
    </p>
   </div>
   <div class='ocr_carea' id='block_1_66' title="bbox 2112 1322 3746 1396">
    <p class='ocr_par' dir='ltr' id='par_1_66' title="bbox 2112 1322 3746 1396">
     <span class='ocr_line' id='line_1_66' title="bbox 2112 1322 3746 1396; baseline 0.002 -18"><span class='ocrx_word' id='word_1_459' title='bbox 2112 1322 2441 1393; x_wconf 87' lang='lat' dir='ltr'><strong>decoratus,</strong></span> <span class='ocrx_word' id='word_1_460' title='bbox 2490 1331 2550 1379; x_wconf 91' lang='lat' dir='ltr'><strong>et</strong></span> <span class='ocrx_word' id='word_1_461' title='bbox 2596 1325 2750 1396; x_wconf 91' lang='lat' dir='ltr'><strong>apud</strong></span> <span class='ocrx_word' id='word_1_462' title='bbox 2799 1324 3060 1381; x_wconf 84' lang='lat' dir='ltr'><strong>Anicium</strong></span> <span class='ocrx_word' id='word_1_463' title='bbox 3109 1323 3258 1394; x_wconf 90' lang='grc'>(197)</span> <span class='ocrx_word' id='word_1_464' title='bbox 3311 1324 3506 1381; x_wconf 85' lang='lat' dir='ltr'><strong>tribus</strong></span> <span class='ocrx_word' id='word_1_465' title='bbox 3555 1323 3746 1382; x_wconf 76' lang='lat' dir='ltr'><strong>diebus</strong></span> 
     </span>
    </p>
   </div>
   <div class='ocr_carea' id='block_1_67' title="bbox 2113 1411 3740 1481">
    <p class='ocr_par' dir='ltr' id='par_1_67' title="bbox 2113 1411 3740 1481">
     <span class='ocr_line' id='line_1_67' title="bbox 2113 1411 3740 1481; baseline 0.002 -16"><span class='ocrx_word' id='word_1_466' title='bbox 2113 1415 2461 1481; x_wconf 90' lang='lat' dir='ltr'><strong>remoratus,</strong></span> <span class='ocrx_word' id='word_1_467' title='bbox 2518 1427 2647 1468; x_wconf 90' lang='lat' dir='ltr'><strong>cum</strong></span> <span class='ocrx_word' id='word_1_468' title='bbox 2708 1411 2953 1468; x_wconf 86' lang='lat' dir='ltr'><strong>maxima</strong></span> <span class='ocrx_word' id='word_1_469' title='bbox 3013 1411 3360 1469; x_wconf 73' lang='lat' dir='ltr'><strong>difﬁcultate</strong></span> <span class='ocrx_word' id='word_1_470' title='bbox 3417 1413 3491 1468; x_wconf 90' lang='lat' dir='ltr'><strong>ab</strong></span> <span class='ocrx_word' id='word_1_471' title='bbox 3541 1413 3740 1470; x_wconf 85' lang='lat' dir='ltr'><strong>eisdem</strong></span> 
     </span>
    </p>
   </div>
   <div class='ocr_carea' id='block_1_68' title="bbox 2112 1492 3746 1571">
    <p class='ocr_par' dir='ltr' id='par_1_68' title="bbox 2112 1492 3746 1571">
     <span class='ocr_line' id='line_1_68' title="bbox 2112 1492 3746 1571; baseline 0.001 -18"><span class='ocrx_word' id='word_1_472' title='bbox 2112 1499 2351 1555; x_wconf 90' lang='lat' dir='ltr'><strong>avulsus</strong></span> <span class='ocrx_word' id='word_1_473' title='bbox 2380 1504 2492 1568; x_wconf 89' lang='lat' dir='ltr'><strong>est,</strong></span> <span class='ocrx_word' id='word_1_474' title='bbox 2524 1515 2653 1556; x_wconf 91' lang='lat' dir='ltr'><strong>cum</strong></span> <span class='ocrx_word' id='word_1_475' title='bbox 2683 1499 3098 1556; x_wconf 89' lang='lat' dir='ltr'><strong>convenissent</strong></span> <span class='ocrx_word' id='word_1_476' title='bbox 3122 1499 3199 1554; x_wconf 89' lang='lat' dir='ltr'><strong>ibi</strong></span> <span class='ocrx_word' id='word_1_477' title='bbox 3226 1492 3601 1571; x_wconf 81' lang='lat' dir='ltr'><strong>quamplures</strong></span> <span class='ocrx_word' id='word_1_478' title='bbox 3627 1499 3746 1557; x_wconf 83' lang='lat' dir='ltr'><strong>reli-</strong></span> 
     </span>
    </p>
   </div>
   <div class='ocr_carea' id='block_1_69' title="bbox 2110 1587 3740 1656">
    <p class='ocr_par' dir='ltr' id='par_1_69' title="bbox 2110 1587 3740 1656">
     <span class='ocr_line' id='line_1_69' title="bbox 2110 1587 3740 1656; baseline 0.002 -15"><span class='ocrx_word' id='word_1_479' title='bbox 2110 1587 2257 1656; x_wconf 87' lang='lat' dir='ltr'><strong>giosi</strong></span> <span class='ocrx_word' id='word_1_480' title='bbox 2283 1588 2350 1643; x_wconf 88' lang='lat' dir='ltr'><strong>ad</strong></span> <span class='ocrx_word' id='word_1_481' title='bbox 2380 1588 2743 1644; x_wconf 89' lang='lat' dir='ltr'><strong>retinendum</strong></span> <span class='ocrx_word' id='word_1_482' title='bbox 2776 1603 2926 1644; x_wconf 90' lang='lat' dir='ltr'><strong>eum.</strong></span> <span class='ocrx_word' id='word_1_483' title='bbox 2964 1587 3132 1642; x_wconf 87' lang='lat' dir='ltr'><strong>Venit</strong></span> <span class='ocrx_word' id='word_1_484' title='bbox 3164 1593 3357 1645; x_wconf 88' lang='lat' dir='ltr'><strong>autem</strong></span> <span class='ocrx_word' id='word_1_485' title='bbox 3388 1587 3461 1644; x_wconf 88' lang='lat' dir='ltr'><strong>ad</strong></span> <span class='ocrx_word' id='word_1_486' title='bbox 3487 1588 3740 1644; x_wconf 88' lang='lat' dir='ltr'><strong>Sanctum</strong></span> 
     </span>
    </p>
   </div>
   <div class='ocr_carea' id='block_1_70' title="bbox 2110 1675 3738 1746">
    <p class='ocr_par' dir='ltr' id='par_1_70' title="bbox 2110 1675 3738 1746">
     <span class='ocr_line' id='line_1_70' title="bbox 2110 1675 3738 1746; baseline 0.002 -16"><span class='ocrx_word' id='word_1_487' title='bbox 2110 1676 2386 1731; x_wconf 84' lang='lat' dir='ltr'><strong>Jacobum</strong></span> <span class='ocrx_word' id='word_1_488' title='bbox 2421 1675 2758 1732; x_wconf 89' lang='lat' dir='ltr'><strong>imminente</strong></span> <span class='ocrx_word' id='word_1_489' title='bbox 2783 1675 2980 1745; x_wconf 85' lang='lat' dir='ltr'><strong>vigilia</strong></span> <span class='ocrx_word' id='word_1_490' title='bbox 3006 1675 3121 1732; x_wconf 89' lang='lat' dir='ltr'><strong>dici</strong></span> <span class='ocrx_word' id='word_1_491' title='bbox 3147 1675 3334 1732; x_wconf 87' lang='lat' dir='ltr'><strong>sancti</strong></span> <span class='ocrx_word' id='word_1_492' title='bbox 3364 1679 3738 1746; x_wconf 85' lang='lat' dir='ltr'><strong>pentecostes,</strong></span> 
     </span>
    </p>
   </div>
   <div class='ocr_carea' id='block_1_71' title="bbox 2112 1763 3742 1840">
    <p class='ocr_par' dir='ltr' id='par_1_71' title="bbox 2112 1763 3742 1840">
     <span class='ocr_line' id='line_1_71' title="bbox 2112 1763 3742 1840; baseline 0.001 -22"><span class='ocrx_word' id='word_1_493' title='bbox 2112 1769 2172 1818; x_wconf 91' lang='lat' dir='ltr'><strong>ct</strong></span> <span class='ocrx_word' id='word_1_494' title='bbox 2195 1763 2250 1818; x_wconf 91' lang='lat' dir='ltr'><strong>in</strong></span> <span class='ocrx_word' id='word_1_495' title='bbox 2277 1765 2368 1820; x_wconf 91' lang='lat' dir='ltr'><strong>die</strong></span> <span class='ocrx_word' id='word_1_496' title='bbox 2391 1769 2592 1820; x_wconf 87' lang='lat' dir='ltr'><strong>sancto</strong></span> <span class='ocrx_word' id='word_1_497' title='bbox 2623 1764 2928 1820; x_wconf 89' lang='lat' dir='ltr'><strong>missarum</strong></span> <span class='ocrx_word' id='word_1_498' title='bbox 2962 1763 3301 1835; x_wconf 87' lang='lat' dir='ltr'><strong>sollempnia</strong></span> <span class='ocrx_word' id='word_1_499' title='bbox 3325 1763 3396 1820; x_wconf 91' lang='lat' dir='ltr'><strong>ad</strong></span> <span class='ocrx_word' id='word_1_500' title='bbox 3417 1763 3604 1840; x_wconf 81' lang='lat' dir='ltr'><strong>altare</strong></span> <span class='ocrx_word' id='word_1_501' title='bbox 3629 1779 3742 1822; x_wconf 85' lang='lat' dir='ltr'><strong>san-</strong></span> 
     </span>
    </p>
   </div>
   <div class='ocr_carea' id='block_1_72' title="bbox 2113 1851 3742 1924">
    <p class='ocr_par' dir='ltr' id='par_1_72' title="bbox 2113 1851 3742 1924">
     <span class='ocr_line' id='line_1_72' title="bbox 2113 1851 3742 1924; baseline 0.002 -18"><span class='ocrx_word' id='word_1_502' title='bbox 2113 1851 2191 1907; x_wconf 90' lang='lat' dir='ltr'><strong>cti</strong></span> <span class='ocrx_word' id='word_1_503' title='bbox 2244 1853 2470 1922; x_wconf 88' lang='lat' dir='ltr'><strong>publica</strong></span> <span class='ocrx_word' id='word_1_504' title='bbox 2526 1853 2869 1922; x_wconf 88' lang='lat' dir='ltr'><strong>celebravit,</strong></span> <span class='ocrx_word' id='word_1_505' title='bbox 2919 1856 3150 1909; x_wconf 89' lang='lat' dir='ltr'><strong>astante</strong></span> <span class='ocrx_word' id='word_1_506' title='bbox 3199 1852 3483 1924; x_wconf 88' lang='lat' dir='ltr'><strong>episcopo</strong></span> <span class='ocrx_word' id='word_1_507' title='bbox 3513 1852 3742 1909; x_wconf 82' lang='lat' dir='ltr'><strong>etclero</strong></span> 
     </span>
    </p>
   </div>
   <div class='ocr_carea' id='block_1_73' title="bbox 2114 1940 3742 2012">
    <p class='ocr_par' dir='ltr' id='par_1_73' title="bbox 2114 1940 3742 2012">
     <span class='ocr_line' id='line_1_73' title="bbox 2114 1940 3742 2012; baseline 0.001 -16"><span class='ocrx_word' id='word_1_508' title='bbox 2114 1940 2448 2012; x_wconf 89' lang='lat' dir='ltr'><strong>populoque</strong></span> <span class='ocrx_word' id='word_1_509' title='bbox 2487 1941 2730 1998; x_wconf 84' lang='lat' dir='ltr'><strong>inﬁnito.</strong></span> <span class='ocrx_word' id='word_1_510' title='bbox 2773 1943 2830 1996; x_wconf 84' lang='lat' dir='ltr'><strong>In</strong></span> <span class='ocrx_word' id='word_1_511' title='bbox 2865 1941 3187 1998; x_wconf 86' lang='lat' dir='ltr'><strong>crastinum</strong></span> <span class='ocrx_word' id='word_1_512' title='bbox 3219 1945 3468 2012; x_wconf 90' lang='lat' dir='ltr'><strong>accepta</strong></span> <span class='ocrx_word' id='word_1_513' title='bbox 3497 1955 3527 1996; x_wconf 94' lang='lat' dir='ltr'><strong>a</strong></span> <span class='ocrx_word' id='word_1_514' title='bbox 3560 1944 3742 1998; x_wconf 86' lang='lat' dir='ltr'><strong>sancto</strong></span> 
     </span>
    </p>
   </div>
   <div class='ocr_carea' id='block_1_74' title="bbox 2113 2028 3743 2100">
    <p class='ocr_par' dir='ltr' id='par_1_74' title="bbox 2113 2028 3743 2100">
     <span class='ocr_line' id='line_1_74' title="bbox 2113 2028 3743 2100; baseline 0.002 -18"><span class='ocrx_word' id='word_1_515' title='bbox 2113 2028 2369 2098; x_wconf 88' lang='lat' dir='ltr'><strong>licentia,</strong></span> <span class='ocrx_word' id='word_1_516' title='bbox 2404 2030 2718 2086; x_wconf 88' lang='lat' dir='ltr'><strong>destinavit</strong></span> <span class='ocrx_word' id='word_1_517' title='bbox 2754 2030 2823 2085; x_wconf 91' lang='lat' dir='ltr'><strong>ad</strong></span> <span class='ocrx_word' id='word_1_518' title='bbox 2857 2046 2960 2086; x_wconf 90' lang='lat' dir='ltr'><strong>sua</strong></span> <span class='ocrx_word' id='word_1_519' title='bbox 3007 2029 3218 2100; x_wconf 87' lang='lat' dir='ltr'><strong>redire,</strong></span> <span class='ocrx_word' id='word_1_520' title='bbox 3252 2034 3309 2084; x_wconf 89' lang='lat' dir='ltr'><strong>et</strong></span> <span class='ocrx_word' id='word_1_521' title='bbox 3343 2029 3508 2085; x_wconf 90' lang='lat' dir='ltr'><strong>venit</strong></span> <span class='ocrx_word' id='word_1_522' title='bbox 3540 2029 3743 2100; x_wconf 82' lang='lat' dir='ltr'><strong>Lugdu-</strong></span> 
     </span>
    </p>
   </div>
   <div class='ocr_carea' id='block_1_75' title="bbox 2113 2117 3739 2190">
    <p class='ocr_par' dir='ltr' id='par_1_75' title="bbox 2113 2117 3739 2190">
     <span class='ocr_line' id='line_1_75' title="bbox 2113 2117 3739 2190; baseline 0.001 -18"><span class='ocrx_word' id='word_1_523' title='bbox 2113 2132 2246 2172; x_wconf 91' lang='lat' dir='ltr'><strong>num</strong></span> <span class='ocrx_word' id='word_1_524' title='bbox 2273 2117 2365 2173; x_wconf 91' lang='lat' dir='ltr'><strong>die</strong></span> <span class='ocrx_word' id='word_1_525' title='bbox 2388 2123 2437 2172; x_wconf 90' lang='lat'><strong>3.</strong></span> <span class='ocrx_word' id='word_1_526' title='bbox 2469 2122 2602 2174; x_wconf 91' lang='lat' dir='ltr'><strong>ante</strong></span> <span class='ocrx_word' id='word_1_527' title='bbox 2631 2118 2944 2173; x_wconf 85' lang='lat' dir='ltr'><strong>navitatem</strong></span> <span class='ocrx_word' id='word_1_528' title='bbox 2969 2117 3157 2174; x_wconf 91' lang='lat' dir='ltr'><strong>sancti</strong></span> <span class='ocrx_word' id='word_1_529' title='bbox 3188 2118 3432 2174; x_wconf 82' lang='lat' dir='ltr'><strong>Joannis</strong></span> <span class='ocrx_word' id='word_1_530' title='bbox 3465 2117 3739 2190; x_wconf 63' lang='lat' dir='ltr'><strong>baptista,</strong></span> 
     </span>
    </p>
   </div>
   <div class='ocr_carea' id='block_1_76' title="bbox 2114 2205 3741 2275">
    <p class='ocr_par' dir='ltr' id='par_1_76' title="bbox 2114 2205 3741 2275">
     <span class='ocr_line' id='line_1_76' title="bbox 2114 2205 3741 2275; baseline 0.001 -15"><span class='ocrx_word' id='word_1_531' title='bbox 2114 2205 2209 2261; x_wconf 87' lang='lat' dir='ltr'><strong>ubi</strong></span> <span class='ocrx_word' id='word_1_532' title='bbox 2244 2221 2373 2262; x_wconf 88' lang='lat' dir='ltr'><strong>cum</strong></span> <span class='ocrx_word' id='word_1_533' title='bbox 2407 2207 2601 2262; x_wconf 80' lang='lat' dir='ltr'><strong>favore</strong></span> <span class='ocrx_word' id='word_1_534' title='bbox 2635 2211 2692 2261; x_wconf 90' lang='lat' dir='ltr'><strong>et</strong></span> <span class='ocrx_word' id='word_1_535' title='bbox 2723 2206 2896 2261; x_wconf 81' lang='lat' dir='ltr'><strong>laude</strong></span> <span class='ocrx_word' id='word_1_536' title='bbox 2934 2211 2993 2261; x_wconf 92' lang='lat' dir='ltr'><strong>et</strong></span> <span class='ocrx_word' id='word_1_537' title='bbox 3026 2205 3240 2275; x_wconf 86' lang='lat' dir='ltr'><strong>gaudio</strong></span> <span class='ocrx_word' id='word_1_538' title='bbox 3271 2206 3530 2262; x_wconf 89' lang='lat' dir='ltr'><strong>omnium</strong></span> <span class='ocrx_word' id='word_1_539' title='bbox 3567 2219 3741 2262; x_wconf 86' lang='lat' dir='ltr'><strong>susce-</strong></span> 
     </span>
    </p>
   </div>
   <div class='ocr_carea' id='block_1_77' title="bbox 2111 2291 3719 2366">
    <p class='ocr_par' dir='ltr' id='par_1_77' title="bbox 2111 2291 3719 2366">
     <span class='ocr_line' id='line_1_77' title="bbox 2111 2291 3719 2366; baseline 0.001 -18"><span class='ocrx_word' id='word_1_540' title='bbox 2111 2297 2270 2365; x_wconf 85' lang='lat' dir='ltr'><strong>ptus,</strong></span> <span class='ocrx_word' id='word_1_541' title='bbox 2316 2293 2557 2350; x_wconf 90' lang='lat' dir='ltr'><strong>nuncios</strong></span> <span class='ocrx_word' id='word_1_542' title='bbox 2590 2295 2789 2350; x_wconf 86' lang='lat' dir='ltr'><strong>habuit</strong></span> <span class='ocrx_word' id='word_1_543' title='bbox 2823 2307 2988 2365; x_wconf 77' lang='lat' dir='ltr'><strong>papae</strong></span> <span class='ocrx_word' id='word_1_544' title='bbox 3022 2293 3236 2350; x_wconf 88' lang='lat' dir='ltr'><strong>Urbani</strong></span> <span class='ocrx_word' id='word_1_545' title='bbox 3269 2295 3291 2317; x_wconf 83' lang='lat'>&quot;</span> <span class='ocrx_word' id='word_1_546' title='bbox 3321 2293 3393 2350; x_wconf 89' lang='lat' dir='ltr'><strong>de</strong></span> <span class='ocrx_word' id='word_1_547' title='bbox 3429 2291 3634 2366; x_wconf 83' lang='lat' dir='ltr'><strong>Apulia</strong></span> <span class='ocrx_word' id='word_1_548' title='bbox 3658 2307 3719 2350; x_wconf 86' lang='lat' dir='ltr'><strong>ve</strong></span> 
     </span>
    </p>
   </div>
   <div class='ocr_carea' id='block_1_78' title="bbox 2112 2381 3180 2438">
    <p class='ocr_par' dir='ltr' id='par_1_78' title="bbox 2112 2381 3180 2438">
     <span class='ocr_line' id='line_1_78' title="bbox 2112 2381 3180 2438; baseline 0 -2"><span class='ocrx_word' id='word_1_549' title='bbox 2112 2381 2329 2438; x_wconf 87' lang='lat' dir='ltr'><strong>nientis</strong></span> <span class='ocrx_word' id='word_1_550' title='bbox 2359 2385 2419 2437; x_wconf 89' lang='lat' dir='ltr'><strong>et</strong></span> <span class='ocrx_word' id='word_1_551' title='bbox 2451 2382 2522 2438; x_wconf 92' lang='lat' dir='ltr'><strong>ad</strong></span> <span class='ocrx_word' id='word_1_552' title='bbox 2555 2381 2794 2438; x_wconf 75' lang='lat' dir='ltr'><strong>Galliam</strong></span> <span class='ocrx_word' id='word_1_553' title='bbox 2831 2381 3180 2438; x_wconf 83' lang='lat' dir='ltr'><strong>festinantis.</strong></span> 
     </span>
    </p>
   </div>
   <div class='ocr_carea' id='block_1_79' title="bbox 2181 2503 3738 2577">
    <p class='ocr_par' dir='ltr' id='par_1_79' title="bbox 2181 2503 3738 2577">
     <span class='ocr_line' id='line_1_79' title="bbox 2181 2503 3738 2577; baseline 0 -16"><span class='ocrx_word' id='word_1_554' title='bbox 2181 2505 2216 2577; x_wconf 10' lang='lat'><strong>‘7</strong></span> <span class='ocrx_word' id='word_1_555' title='bbox 2233 2507 2318 2562; x_wconf 70' lang='lat' dir='ltr'><strong>De</strong></span> <span class='ocrx_word' id='word_1_556' title='bbox 2330 2505 2520 2576; x_wconf 70' lang='lat' dir='ltr'><strong>gestia</strong></span> <span class='ocrx_word' id='word_1_557' title='bbox 2533 2519 2710 2577; x_wconf 65' lang='lat' dir='ltr'><strong>papa</strong></span> <span class='ocrx_word' id='word_1_558' title='bbox 2723 2507 2790 2562; x_wconf 81' lang='lat' dir='ltr'><strong>in</strong></span> <span class='ocrx_word' id='word_1_559' title='bbox 2807 2506 2998 2562; x_wconf 80' lang='lat' dir='ltr'><strong>Italia</strong></span> <span class='ocrx_word' id='word_1_560' title='bbox 3023 2504 3144 2562; x_wconf 66' lang='lat' dir='ltr'><strong>hac</strong></span> <span class='ocrx_word' id='word_1_561' title='bbox 3162 2504 3342 2562; x_wconf 76' lang='lat' dir='ltr'><strong>liabet</strong></span> <span class='ocrx_word' id='word_1_562' title='bbox 3357 2505 3546 2577; x_wconf 63' lang='lat' dir='ltr'><strong>codex</strong></span> <span class='ocrx_word' id='word_1_563' title='bbox 3561 2503 3738 2562; x_wconf 69' lang='lat' dir='ltr'><strong>Musei</strong></span> 
     </span>
    </p>
   </div>
   <div class='ocr_carea' id='block_1_80' title="bbox 2107 2576 3732 2646">
    <p class='ocr_par' dir='ltr' id='par_1_80' title="bbox 2107 2576 3732 2646">
     <span class='ocr_line' id='line_1_80' title="bbox 2107 2576 3732 2646; baseline -0.001 -15"><span class='ocrx_word' id='word_1_564' title='bbox 2107 2576 2456 2633; x_wconf 74' lang='lat' dir='ltr'><strong>Britannici</strong></span> <span class='ocrx_word' id='word_1_565' title='bbox 2498 2576 2656 2632; x_wconf 67' lang='lat' dir='ltr'><strong>inter</strong></span> <span class='ocrx_word' id='word_1_566' title='bbox 2695 2577 3065 2646; x_wconf 11' lang='lat' dir='ltr'><strong>Han-ieiunos,</strong></span> <span class='ocrx_word' id='word_1_567' title='bbox 3089 2579 3245 2632; x_wconf 84' lang='grc'>3014.</span> <span class='ocrx_word' id='word_1_568' title='bbox 3292 2576 3576 2646; x_wconf 71' lang='lat' dir='ltr'><strong>signatus</strong></span> <span class='ocrx_word' id='word_1_569' title='bbox 3619 2588 3732 2632; x_wconf 68' lang='lat' dir='ltr'><strong>sec.</strong></span> 
     </span>
    </p>
   </div>
   <div class='ocr_carea' id='block_1_81' title="bbox 2109 2645 3734 2705">
    <p class='ocr_par' dir='ltr' id='par_1_81' title="bbox 2109 2645 3734 2705">
     <span class='ocr_line' id='line_1_81' title="bbox 2109 2645 3734 2705; baseline -0.002 -2"><span class='ocrx_word' id='word_1_570' title='bbox 2109 2648 2251 2703; x_wconf 81' lang='grc' dir='ltr'><strong>ΧΠ.</strong></span> <span class='ocrx_word' id='word_1_571' title='bbox 2285 2647 2432 2703; x_wconf 74' lang='lat' dir='ltr'><strong>mbr.</strong></span> <span class='ocrx_word' id='word_1_572' title='bbox 2463 2661 2641 2703; x_wconf 77' lang='lat' dir='ltr'><strong>manu</strong></span> <span class='ocrx_word' id='word_1_573' title='bbox 2668 2645 2863 2705; x_wconf 46' lang='lat' dir='ltr'><strong>Germ.</strong></span> <span class='ocrx_word' id='word_1_574' title='bbox 2895 2648 3006 2704; x_wconf 77' lang='lat' dir='ltr'><strong>aut</strong></span> <span class='ocrx_word' id='word_1_575' title='bbox 3033 2645 3192 2703; x_wconf 80' lang='lat' dir='ltr'><strong>Gall.</strong></span> <span class='ocrx_word' id='word_1_576' title='bbox 3221 2667 3233 2702; x_wconf 91' lang='lat'><strong>:</strong></span> <span class='ocrx_word' id='word_1_577' title='bbox 3263 2645 3430 2702; x_wconf 84' lang='lat' dir='ltr'><strong>Anno</strong></span> <span class='ocrx_word' id='word_1_578' title='bbox 3463 2647 3610 2703; x_wconf 89' lang='lat' dir='ltr'><strong>dom.</strong></span> <span class='ocrx_word' id='word_1_579' title='bbox 3637 2647 3734 2701; x_wconf 90' lang='lat' dir='ltr'><strong>inc.</strong></span> 
     </span>
    </p>
   </div>
   <div class='ocr_carea' id='block_1_82' title="bbox 2112 2716 3738 2786">
    <p class='ocr_par' dir='ltr' id='par_1_82' title="bbox 2112 2716 3738 2786">
     <span class='ocr_line' id='line_1_82' title="bbox 2112 2716 3738 2786; baseline -0.002 -12"><span class='ocrx_word' id='word_1_580' title='bbox 2112 2723 2268 2774; x_wconf 69' lang='grc'>1095.</span> <span class='ocrx_word' id='word_1_581' title='bbox 2295 2718 2410 2774; x_wconf 88' lang='lat' dir='ltr'><strong>ind.</strong></span> <span class='ocrx_word' id='word_1_582' title='bbox 2439 2722 2490 2784; x_wconf 89' lang='lat'><strong>3,</strong></span> <span class='ocrx_word' id='word_1_583' title='bbox 2518 2717 2636 2772; x_wconf 83' lang='lat' dir='ltr'><strong>Kal.</strong></span> <span class='ocrx_word' id='word_1_584' title='bbox 2665 2719 2825 2774; x_wconf 84' lang='lat' dir='ltr'><strong>Mart.</strong></span> <span class='ocrx_word' id='word_1_585' title='bbox 2859 2717 3172 2774; x_wconf 67' lang='lat' dir='ltr'><strong>caelebrata</strong></span> <span class='ocrx_word' id='word_1_586' title='bbox 3203 2723 3297 2773; x_wconf 91' lang='lat' dir='ltr'><strong>est</strong></span> <span class='ocrx_word' id='word_1_587' title='bbox 3324 2716 3640 2774; x_wconf 65' lang='lat' dir='ltr'><strong>Placentiae</strong></span> <span class='ocrx_word' id='word_1_588' title='bbox 3662 2730 3738 2786; x_wconf 85' lang='lat' dir='ltr'><strong>sy-</strong></span> 
     </span>
    </p>
   </div>
   <div class='ocr_carea' id='block_1_83' title="bbox 2111 2787 3740 2860">
    <p class='ocr_par' dir='ltr' id='par_1_83' title="bbox 2111 2787 3740 2860">
     <span class='ocr_line' id='line_1_83' title="bbox 2111 2787 3740 2860; baseline 0 -17"><span class='ocrx_word' id='word_1_589' title='bbox 2111 2789 2299 2845; x_wconf 90' lang='lat' dir='ltr'><strong>nodus</strong></span> <span class='ocrx_word' id='word_1_590' title='bbox 2328 2789 2674 2858; x_wconf 72' lang='lat' dir='ltr'><strong>praesidente</strong></span> <span class='ocrx_word' id='word_1_591' title='bbox 2703 2790 2913 2860; x_wconf 90' lang='lat' dir='ltr'><strong>domno</strong></span> <span class='ocrx_word' id='word_1_592' title='bbox 2949 2790 3177 2844; x_wconf 89' lang='lat' dir='ltr'><strong>Urbano</strong></span> <span class='ocrx_word' id='word_1_593' title='bbox 3210 2801 3358 2860; x_wconf 80' lang='lat' dir='ltr'><strong>papa</strong></span> <span class='ocrx_word' id='word_1_594' title='bbox 3381 2802 3516 2844; x_wconf 87' lang='lat' dir='ltr'><strong>cum</strong></span> <span class='ocrx_word' id='word_1_595' title='bbox 3539 2787 3740 2860; x_wconf 72' lang='lat' dir='ltr'><strong>episco-</strong></span> 
     </span>
    </p>
   </div>
   <div class='ocr_carea' id='block_1_84' title="bbox 2113 2857 3740 2938">
    <p class='ocr_par' dir='ltr' id='par_1_84' title="bbox 2113 2857 3740 2938">
     <span class='ocr_line' id='line_1_84' title="bbox 2113 2857 3740 2938; baseline -0.001 -24"><span class='ocrx_word' id='word_1_596' title='bbox 2113 2860 2273 2938; x_wconf 89' lang='lat' dir='ltr'><strong>pis_ct</strong></span> <span class='ocrx_word' id='word_1_597' title='bbox 2287 2857 2599 2938; x_wconf 60' lang='lat' dir='ltr'><strong>abbatibus</strong></span> <span class='ocrx_word' id='word_1_598' title='bbox 2616 2864 2730 2938; x_wconf 87' lang='lat' dir='ltr'><strong>tam</strong></span> <span class='ocrx_word' id='word_1_599' title='bbox 2750 2859 3060 2938; x_wconf 85' lang='lat' dir='ltr'><strong>Galliarum</strong></span> <span class='ocrx_word' id='word_1_600' title='bbox 3081 2857 3251 2930; x_wconf 83' lang='lat' dir='ltr'><strong>quam</strong></span> <span class='ocrx_word' id='word_1_601' title='bbox 3266 2857 3326 2914; x_wconf 84' lang='lat' dir='ltr'><strong>et</strong></span> <span class='ocrx_word' id='word_1_602' title='bbox 3343 2857 3740 2938; x_wconf 65' lang='lat' dir='ltr'><strong>Longpbardige</strong></span> 
     </span>
    </p>
   </div>
   <div class='ocr_carea' id='block_1_85' title="bbox 2112 2928 3741 2999">
    <p class='ocr_par' dir='ltr' id='par_1_85' title="bbox 2112 2928 3741 2999">
     <span class='ocr_line' id='line_1_85' title="bbox 2112 2928 3741 2999; baseline -0.002 -13"><span class='ocrx_word' id='word_1_603' title='bbox 2112 2928 2170 2986; x_wconf 85' lang='lat' dir='ltr'><strong>et</strong></span> <span class='ocrx_word' id='word_1_604' title='bbox 2187 2930 2432 2987; x_wconf 72' lang='lat' dir='ltr'><strong>Tusciaa.</strong></span> <span class='ocrx_word' id='word_1_605' title='bbox 2454 2931 2624 2986; x_wconf 86' lang='lat' dir='ltr'><strong>Facta</strong></span> <span class='ocrx_word' id='word_1_606' title='bbox 2641 2937 2728 2986; x_wconf 91' lang='lat' dir='ltr'><strong>est</strong></span> <span class='ocrx_word' id='word_1_607' title='bbox 2755 2936 2946 2986; x_wconf 88' lang='lat' dir='ltr'><strong>autem</strong></span> <span class='ocrx_word' id='word_1_608' title='bbox 2968 2928 3172 2999; x_wconf 87' lang='lat' dir='ltr'><strong>magna</strong></span> <span class='ocrx_word' id='word_1_609' title='bbox 3195 2928 3556 2986; x_wconf 90' lang='lat' dir='ltr'><strong>consultatio</strong></span> <span class='ocrx_word' id='word_1_610' title='bbox 3575 2928 3644 2984; x_wconf 91' lang='lat' dir='ltr'><strong>de</strong></span> <span class='ocrx_word' id='word_1_611' title='bbox 3663 2928 3741 2984; x_wconf 90' lang='lat' dir='ltr'><strong>his</strong></span> 
     </span>
    </p>
   </div>
   <div class='ocr_carea' id='block_1_86' title="bbox 2115 2999 3741 3070">
    <p class='ocr_par' dir='ltr' id='par_1_86' title="bbox 2115 2999 3741 3070">
     <span class='ocr_line' id='line_1_86' title="bbox 2115 2999 3741 3070; baseline -0.002 -14"><span class='ocrx_word' id='word_1_612' title='bbox 2115 3001 2211 3070; x_wconf 92' lang='lat' dir='ltr'><strong>qui</strong></span> <span class='ocrx_word' id='word_1_613' title='bbox 2243 3001 2546 3058; x_wconf 72' lang='lat' dir='ltr'><strong>aecclesias</strong></span> <span class='ocrx_word' id='word_1_614' title='bbox 2564 3000 2655 3058; x_wconf 90' lang='lat' dir='ltr'><strong>vel</strong></span> <span class='ocrx_word' id='word_1_615' title='bbox 2681 3001 3025 3070; x_wconf 81' lang='lat' dir='ltr'><strong>praebendas</strong></span> <span class='ocrx_word' id='word_1_616' title='bbox 3052 3006 3336 3068; x_wconf 89' lang='lat' dir='ltr'><strong>emerant,</strong></span> <span class='ocrx_word' id='word_1_617' title='bbox 3365 2999 3469 3057; x_wconf 89' lang='lat' dir='ltr'><strong>sed</strong></span> <span class='ocrx_word' id='word_1_618' title='bbox 3492 3004 3553 3056; x_wconf 92' lang='lat' dir='ltr'><strong>et</strong></span> <span class='ocrx_word' id='word_1_619' title='bbox 3575 2999 3741 3070; x_wconf 85' lang='lat' dir='ltr'><strong>dehis</strong></span> 
     </span>
    </p>
   </div>
   <div class='ocr_carea' id='block_1_87' title="bbox 2115 3069 3740 3142">
    <p class='ocr_par' dir='ltr' id='par_1_87' title="bbox 2115 3069 3740 3142">
     <span class='ocr_line' id='line_1_87' title="bbox 2115 3069 3740 3142; baseline -0.002 -14"><span class='ocrx_word' id='word_1_620' title='bbox 2115 3069 2211 3142; x_wconf 80' lang='lat' dir='ltr'><strong>qui</strong></span> <span class='ocrx_word' id='word_1_621' title='bbox 2245 3072 2300 3126; x_wconf 90' lang='lat' dir='ltr'><strong>in</strong></span> <span class='ocrx_word' id='word_1_622' title='bbox 2331 3072 2606 3128; x_wconf 89' lang='lat' dir='ltr'><strong>scismate</strong></span> <span class='ocrx_word' id='word_1_623' title='bbox 2638 3069 2957 3142; x_wconf 86' lang='lat' dir='ltr'><strong>Wipertino</strong></span> <span class='ocrx_word' id='word_1_624' title='bbox 2986 3072 3216 3127; x_wconf 76' lang='lat' dir='ltr'><strong>fuerant</strong></span> <span class='ocrx_word' id='word_1_625' title='bbox 3249 3071 3530 3128; x_wconf 89' lang='lat' dir='ltr'><strong>ordinati.</strong></span> <span class='ocrx_word' id='word_1_626' title='bbox 3565 3069 3740 3142; x_wconf 81' lang='lat' dir='ltr'><strong>Primo</strong></span> 
     </span>
    </p>
   </div>
   <div class='ocr_carea' id='block_1_88' title="bbox 2116 3138 3740 3214">
    <p class='ocr_par' dir='ltr' id='par_1_88' title="bbox 2116 3138 3740 3214">
     <span class='ocr_line' id='line_1_88' title="bbox 2116 3138 3740 3214; baseline -0.002 -17"><span class='ocrx_word' id='word_1_627' title='bbox 2116 3138 2312 3214; x_wconf 78' lang='lat' dir='ltr'><strong>itaque</strong></span> <span class='ocrx_word' id='word_1_628' title='bbox 2336 3143 2430 3214; x_wconf 86' lang='lat' dir='ltr'><strong>die</strong></span> <span class='ocrx_word' id='word_1_629' title='bbox 2451 3143 2555 3199; x_wconf 80' lang='lat' dir='ltr'><strong>etc.</strong></span> <span class='ocrx_word' id='word_1_630' title='bbox 2581 3138 2770 3214; x_wconf 61' lang='lat' dir='ltr'><strong>usque</strong></span> <span class='ocrx_word' id='word_1_631' title='bbox 2799 3141 3165 3214; x_wconf 15' lang='lat' dir='ltr'><strong>capellarum,</strong></span> <span class='ocrx_word' id='word_1_632' title='bbox 3185 3141 3392 3214; x_wconf 79' lang='lat' dir='ltr'><strong>oﬂlciis</strong></span> <span class='ocrx_word' id='word_1_633' title='bbox 3424 3141 3548 3212; x_wconf 88' lang='lat' dir='ltr'><strong>ipse</strong></span> <span class='ocrx_word' id='word_1_634' title='bbox 3571 3138 3740 3212; x_wconf 85' lang='lat' dir='ltr'><strong>provi-</strong></span> 
     </span>
    </p>
   </div>
   <div class='ocr_carea' id='block_1_89' title="bbox 2115 3213 3480 3283">
    <p class='ocr_par' dir='ltr' id='par_1_89' title="bbox 2115 3213 3480 3283">
     <span class='ocr_line' id='line_1_89' title="bbox 2115 3213 3480 3283; baseline -0.001 -15"><span class='ocrx_word' id='word_1_635' title='bbox 2115 3213 2272 3268; x_wconf 88' lang='lat' dir='ltr'><strong>deat.</strong></span> <span class='ocrx_word' id='word_1_636' title='bbox 2311 3213 2448 3278; x_wconf 69' lang='lat' dir='ltr'><strong>Quw</strong></span> <span class='ocrx_word' id='word_1_637' title='bbox 2477 3214 2601 3270; x_wconf 81' lang='lat' dir='ltr'><strong>alio</strong></span> <span class='ocrx_word' id='word_1_638' title='bbox 2645 3213 2762 3270; x_wconf 78' lang='lat' dir='ltr'><strong>loco</strong></span> <span class='ocrx_word' id='word_1_639' title='bbox 2799 3213 3092 3270; x_wconf 74' lang='lat' dir='ltr'><strong>dabimus.</strong></span> <span class='ocrx_word' id='word_1_640' title='bbox 3131 3213 3432 3283; x_wconf 64' lang='lat' dir='ltr'><strong>Sequitm&#39;</strong></span> <span class='ocrx_word' id='word_1_641' title='bbox 3459 3230 3480 3266; x_wconf 91' lang='lat'><strong><em>:</em></strong></span> 
     </span>
    </p>
   </div>
   <div class='ocr_carea' id='block_1_90' title="bbox 2188 3279 3738 3351">
    <p class='ocr_par' dir='ltr' id='par_1_90' title="bbox 2188 3279 3738 3351">
     <span class='ocr_line' id='line_1_90' title="bbox 2188 3279 3738 3351; baseline -0.004 -13"><span class='ocrx_word' id='word_1_642' title='bbox 2188 3285 2349 3339; x_wconf 86' lang='lat' dir='ltr'><strong>Anno</strong></span> <span class='ocrx_word' id='word_1_643' title='bbox 2373 3285 2526 3339; x_wconf 88' lang='lat' dir='ltr'><strong>dom.</strong></span> <span class='ocrx_word' id='word_1_644' title='bbox 2555 3284 2772 3340; x_wconf 90' lang='lat' dir='ltr'><strong>incarn.</strong></span> <span class='ocrx_word' id='word_1_645' title='bbox 2800 3289 2956 3340; x_wconf 73' lang='grc'>1095.</span> <span class='ocrx_word' id='word_1_646' title='bbox 2979 3279 3296 3340; x_wconf 69' lang='lat' dir='ltr'><strong>indictione</strong></span> <span class='ocrx_word' id='word_1_647' title='bbox 3317 3283 3522 3351; x_wconf 90' lang='lat' dir='ltr'><strong>tertia,</strong></span> <span class='ocrx_word' id='word_1_648' title='bbox 3547 3283 3594 3338; x_wconf 88' lang='grc'><strong>4.</strong></span> <span class='ocrx_word' id='word_1_649' title='bbox 3621 3279 3738 3335; x_wconf 82' lang='lat' dir='ltr'><strong>ldus</strong></span> 
     </span>
    </p>
   </div>
   <div class='ocr_carea' id='block_1_91' title="bbox 2116 3353 3736 3430">
    <p class='ocr_par' dir='ltr' id='par_1_91' title="bbox 2116 3353 3736 3430">
     <span class='ocr_line' id='line_1_91' title="bbox 2116 3353 3736 3430; baseline -0.002 -22"><span class='ocrx_word' id='word_1_650' title='bbox 2116 3353 2298 3430; x_wconf 43' lang='lat' dir='ltr'><strong>april.</strong></span> <span class='ocrx_word' id='word_1_651' title='bbox 2325 3355 2594 3430; x_wconf 74' lang='lat' dir='ltr'><strong>veniente</strong></span> <span class='ocrx_word' id='word_1_652' title='bbox 2617 3355 2826 3430; x_wconf 84' lang='lat' dir='ltr'><strong>domno</strong></span> <span class='ocrx_word' id='word_1_653' title='bbox 2850 3370 2994 3425; x_wconf 89' lang='lat' dir='ltr'><strong>papa</strong></span> <span class='ocrx_word' id='word_1_654' title='bbox 3018 3355 3249 3430; x_wconf 81' lang='lat' dir='ltr'><strong>Urbano</strong></span> <span class='ocrx_word' id='word_1_655' title='bbox 3267 3353 3736 3430; x_wconf 76' lang='lat' dir='ltr'><strong>C_remonam,__rex</strong></span> 
     </span>
    </p>
   </div>
   <div class='ocr_carea' id='block_1_92' title="bbox 2117 3421 3738 3494">
    <p class='ocr_par' dir='ltr' id='par_1_92' title="bbox 2117 3421 3738 3494">
     <span class='ocr_line' id='line_1_92' title="bbox 2117 3421 3738 3494; baseline -0.003 -15"><span class='ocrx_word' id='word_1_656' title='bbox 2117 3421 2500 3482; x_wconf 87' lang='lat' dir='ltr'><strong>Chounradus</strong></span> <span class='ocrx_word' id='word_1_657' title='bbox 2523 3427 2588 3480; x_wconf 88' lang='lat' dir='ltr'><strong>ll.</strong></span> <span class='ocrx_word' id='word_1_658' title='bbox 2625 3421 2860 3481; x_wconf 81' lang='lat' dir='ltr'><strong>obviam</strong></span> <span class='ocrx_word' id='word_1_659' title='bbox 2889 3421 3232 3494; x_wconf 78' lang='lat' dir='ltr'><strong>procedens,</strong></span> <span class='ocrx_word' id='word_1_660' title='bbox 3265 3423 3547 3480; x_wconf 88' lang='lat' dir='ltr'><strong>stratoris</strong></span> <span class='ocrx_word' id='word_1_661' title='bbox 3568 3421 3738 3478; x_wconf 78' lang='lat' dir='ltr'><strong>cilicio</strong></span> 
     </span>
    </p>
   </div>
   <div class='ocr_carea' id='block_1_93' title="bbox 2116 3495 3740 3552">
    <p class='ocr_par' dir='ltr' id='par_1_93' title="bbox 2116 3495 3740 3552">
     <span class='ocr_line' id='line_1_93' title="bbox 2116 3495 3740 3552; baseline -0.003 0"><span class='ocrx_word' id='word_1_662' title='bbox 2116 3510 2260 3552; x_wconf 91' lang='lat' dir='ltr'><strong>usus</strong></span> <span class='ocrx_word' id='word_1_663' title='bbox 2289 3501 2398 3552; x_wconf 91' lang='lat' dir='ltr'><strong>est.</strong></span> <span class='ocrx_word' id='word_1_664' title='bbox 2435 3497 2650 3552; x_wconf 91' lang='lat' dir='ltr'><strong>Deinde</strong></span> <span class='ocrx_word' id='word_1_665' title='bbox 2686 3501 2770 3552; x_wconf 88' lang='lat'><strong>17.</strong></span> <span class='ocrx_word' id='word_1_666' title='bbox 2807 3495 2930 3552; x_wconf 85' lang='lat' dir='ltr'><strong>Kal.</strong></span> <span class='ocrx_word' id='word_1_667' title='bbox 2963 3495 3066 3551; x_wconf 85' lang='lat' dir='ltr'><strong>Mai</strong></span> <span class='ocrx_word' id='word_1_668' title='bbox 3103 3495 3236 3551; x_wconf 83' lang='lat' dir='ltr'><strong>fecit</strong></span> <span class='ocrx_word' id='word_1_669' title='bbox 3269 3497 3636 3551; x_wconf 88' lang='lat' dir='ltr'><strong>sacramento</strong></span> <span class='ocrx_word' id='word_1_670' title='bbox 3664 3503 3740 3548; x_wconf 84' lang='lat' dir='ltr'><strong>se-</strong></span> 
     </span>
    </p>
   </div>
   <div class='ocr_carea' id='block_1_94' title="bbox 2116 3561 3738 3646">
    <p class='ocr_par' dir='ltr' id='par_1_94' title="bbox 2116 3561 3738 3646">
     <span class='ocr_line' id='line_1_94' title="bbox 2116 3561 3738 3646; baseline -0.004 -24"><span class='ocrx_word' id='word_1_671' title='bbox 2116 3566 2428 3646; x_wconf 68' lang='lat' dir='ltr'><strong>curitatem</strong></span> <span class='ocrx_word' id='word_1_672' title='bbox 2457 3567 2509 3622; x_wconf 90' lang='lat' dir='ltr'><strong>ei</strong></span> <span class='ocrx_word' id='word_1_673' title='bbox 2543 3568 2614 3622; x_wconf 88' lang='lat' dir='ltr'><strong>de</strong></span> <span class='ocrx_word' id='word_1_674' title='bbox 2647 3567 2786 3646; x_wconf 83' lang='lat' dir='ltr'><strong>vita,</strong></span> <span class='ocrx_word' id='word_1_675' title='bbox 2822 3565 3223 3646; x_wconf 78' lang='lat' dir='ltr'><strong>de__r_nembris,</strong></span> <span class='ocrx_word' id='word_1_676' title='bbox 3243 3565 3326 3646; x_wconf 70' lang='lat' dir='ltr'><strong>de</strong></span> <span class='ocrx_word' id='word_1_677' title='bbox 3358 3561 3738 3646; x_wconf 42' lang='lat' dir='ltr'><strong>captione,‘de</strong></span> 
     </span>
    </p>
   </div>
   <div class='ocr_carea' id='block_1_95' title="bbox 2117 3635 3737 3710">
    <p class='ocr_par' dir='ltr' id='par_1_95' title="bbox 2117 3635 3737 3710">
     <span class='ocr_line' id='line_1_95' title="bbox 2117 3635 3737 3710; baseline -0.004 -17"><span class='ocrx_word' id='word_1_678' title='bbox 2117 3642 2332 3708; x_wconf 89' lang='lat' dir='ltr'><strong>papatu</strong></span> <span class='ocrx_word' id='word_1_679' title='bbox 2368 3639 2644 3706; x_wconf 81' lang='lat' dir='ltr'><strong>Romano,</strong></span> <span class='ocrx_word' id='word_1_680' title='bbox 2669 3642 2724 3694; x_wconf 92' lang='lat' dir='ltr'><strong>et</strong></span> <span class='ocrx_word' id='word_1_681' title='bbox 2751 3635 3047 3710; x_wconf 83' lang='lat' dir='ltr'><strong>regalibus</strong></span> <span class='ocrx_word' id='word_1_682' title='bbox 3069 3635 3254 3710; x_wconf 85' lang='lat' dir='ltr'><strong>sancti</strong></span> <span class='ocrx_word' id='word_1_683' title='bbox 3279 3635 3447 3710; x_wconf 71' lang='lat' dir='ltr'><strong>Petri</strong></span> <span class='ocrx_word' id='word_1_684' title='bbox 3466 3639 3581 3691; x_wconf 90' lang='lat' dir='ltr'><strong>tam</strong></span> <span class='ocrx_word' id='word_1_685' title='bbox 3604 3635 3737 3710; x_wconf 75' lang='lat' dir='ltr'><strong>intra</strong></span> 
     </span>
    </p>
   </div>
   <div class='ocr_carea' id='block_1_96' title="bbox 2117 3701 3737 3777">
    <p class='ocr_par' dir='ltr' id='par_1_96' title="bbox 2117 3701 3737 3777">
     <span class='ocr_line' id='line_1_96' title="bbox 2117 3701 3737 3777; baseline -0.004 -14"><span class='ocrx_word' id='word_1_686' title='bbox 2117 3701 2350 3764; x_wconf 70' lang='lat' dir='ltr'><strong>Romam</strong></span> <span class='ocrx_word' id='word_1_687' title='bbox 2383 3723 2552 3777; x_wconf 89' lang='lat' dir='ltr'><strong>quam</strong></span> <span class='ocrx_word' id='word_1_688' title='bbox 2586 3701 2752 3763; x_wconf 51' lang='lat' dir='ltr'><strong>cntra</strong></span> <span class='ocrx_word' id='word_1_689' title='bbox 2793 3701 3026 3764; x_wconf 70' lang='lat' dir='ltr'><strong>Romam</strong></span> <span class='ocrx_word' id='word_1_690' title='bbox 3061 3705 3455 3777; x_wconf 87' lang='lat' dir='ltr'><strong>acquirendis,</strong></span> <span class='ocrx_word' id='word_1_691' title='bbox 3488 3701 3737 3777; x_wconf 73' lang='lat' dir='ltr'><strong>tenendis</strong></span> 
     </span>
    </p>
   </div>
   <div class='ocr_carea' id='block_1_97' title="bbox 2117 3723 3736 3856">
    <p class='ocr_par' dir='ltr' id='par_1_97' title="bbox 2117 3723 3736 3856">
     <span class='ocr_line' id='line_1_97' title="bbox 2118 3723 3736 3777; baseline -0.004 -14"><span class='ocrx_word' id='word_1_692' title='bbox 2118 3723 2350 3764; x_wconf 78' lang='lat' dir='ltr'><strong>uomam</strong></span> <span class='ocrx_word' id='word_1_693' title='bbox 2427 3723 2552 3764; x_wconf 87' lang='lat' dir='ltr'><strong>nam</strong></span> <span class='ocrx_word' id='word_1_694' title='bbox 2586 3723 2752 3763; x_wconf 73' lang='lat' dir='ltr'><strong>exu~a</strong></span> <span class='ocrx_word' id='word_1_695' title='bbox 2793 3723 3026 3764; x_wconf 77' lang='lat' dir='ltr'><strong>uomam</strong></span> <span class='ocrx_word' id='word_1_696' title='bbox 3061 3723 3455 3777; x_wconf 79' lang='lat' dir='ltr'><strong>acquirenais,</strong></span> <span class='ocrx_word' id='word_1_697' title='bbox 3488 3723 3736 3762; x_wconf 73' lang='lat' dir='ltr'><strong>tenendis</strong></span> 
     </span>
     <span class='ocr_line' id='line_1_98' title="bbox 2117 3723 3736 3856; baseline -0.005 -21"><span class='ocrx_word' id='word_1_698' title='bbox 2117 3793 2185 3856; x_wconf 81' lang='lat' dir='ltr'><strong>ac</strong></span> <span class='ocrx_word' id='word_1_699' title='bbox 2215 3723 2595 3856; x_wconf 45' lang='lat' dir='ltr'><strong>defendendis</strong></span> <span class='ocrx_word' id='word_1_700' title='bbox 2629 3782 2834 3856; x_wconf 81' lang='lat' dir='ltr'><strong>contra</strong></span> <span class='ocrx_word' id='word_1_701' title='bbox 2873 3792 3071 3856; x_wconf 67' lang='lat' dir='ltr'><strong>omnes</strong></span> <span class='ocrx_word' id='word_1_702' title='bbox 3106 3777 3390 3847; x_wconf 89' lang='lat' dir='ltr'><strong>homines,</strong></span> <span class='ocrx_word' id='word_1_703' title='bbox 3435 3771 3736 3856; x_wconf 54' lang='lat' dir='ltr'><strong>bonamiide,</strong></span> 
     </span>
    </p>
   </div>
   <div class='ocr_carea' id='block_1_98' title="bbox 2118 3843 3734 3929">
    <p class='ocr_par' dir='ltr' id='par_1_98' title="bbox 2118 3843 3734 3929">
     <span class='ocr_line' id='line_1_99' title="bbox 2118 3843 3734 3929; baseline -0.004 -25"><span class='ocrx_word' id='word_1_704' title='bbox 2118 3850 2242 3929; x_wconf 68' lang='lat' dir='ltr'><strong>sine</strong></span> <span class='ocrx_word' id='word_1_705' title='bbox 2263 3850 2464 3906; x_wconf 88' lang='lat' dir='ltr'><strong>fraude</strong></span> <span class='ocrx_word' id='word_1_706' title='bbox 2481 3849 2708 3929; x_wconf 81' lang='lat' dir='ltr'><strong>et_ma_lo</strong></span> <span class='ocrx_word' id='word_1_707' title='bbox 2733 3849 2978 3919; x_wconf 87' lang='lat' dir='ltr'><strong>ingenio.</strong></span> <span class='ocrx_word' id='word_1_708' title='bbox 3004 3850 3156 3929; x_wconf 65' lang='lat' dir='ltr'><strong>Tunc</strong></span> <span class='ocrx_word' id='word_1_709' title='bbox 3170 3862 3324 3929; x_wconf 81' lang='lat' dir='ltr'><strong>papa</strong></span> <span class='ocrx_word' id='word_1_710' title='bbox 3347 3843 3482 3928; x_wconf 82' lang='lat' dir='ltr'><strong>eum</strong></span> <span class='ocrx_word' id='word_1_711' title='bbox 3501 3847 3555 3929; x_wconf 81' lang='lat' dir='ltr'><strong>in</strong></span> <span class='ocrx_word' id='word_1_712' title='bbox 3575 3843 3734 3929; x_wconf 65' lang='lat' dir='ltr'><strong>ﬁlium</strong></span> 
     </span>
    </p>
   </div>
   <div class='ocr_carea' id='block_1_99' title="bbox 2117 3914 3736 3990">
    <p class='ocr_par' dir='ltr' id='par_1_99' title="bbox 2117 3914 3736 3990">
     <span class='ocr_line' id='line_1_100' title="bbox 2117 3914 3736 3990; baseline -0.005 -14"><span class='ocrx_word' id='word_1_713' title='bbox 2117 3921 2388 3976; x_wconf 57' lang='lat' dir='ltr'><strong>Romanae</strong></span> <span class='ocrx_word' id='word_1_714' title='bbox 2427 3919 2710 3977; x_wconf 65' lang='lat' dir='ltr'><strong>:ecclesiaa</strong></span> <span class='ocrx_word' id='word_1_715' title='bbox 2749 3914 3086 3990; x_wconf 72' lang='lat' dir='ltr'><strong>assumpsit,</strong></span> <span class='ocrx_word' id='word_1_716' title='bbox 3129 3914 3195 3974; x_wconf 76' lang='lat' dir='ltr'><strong>et</strong></span> <span class='ocrx_word' id='word_1_717' title='bbox 3221 3914 3271 3990; x_wconf 84' lang='lat' dir='ltr'><strong>si</strong></span> <span class='ocrx_word' id='word_1_718' title='bbox 3299 3917 3561 3990; x_wconf 34' lang='lat' dir='ltr'><strong>rexuista</strong></span> <span class='ocrx_word' id='word_1_719' title='bbox 3599 3914 3736 3990; x_wconf 79' lang='lat' dir='ltr'><strong>sicut</strong></span> 
     </span>
    </p>
   </div>
   <div class='ocr_carea' id='block_1_100' title="bbox 2118 3985 3737 4064">
    <p class='ocr_par' dir='ltr' id='par_1_100' title="bbox 2118 3985 3737 4064">
     <span class='ocr_line' id='line_1_101' title="bbox 2118 3985 3737 4064; baseline -0.006 -17"><span class='ocrx_word' id='word_1_720' title='bbox 2118 3991 2381 4064; x_wconf 82' lang='lat' dir='ltr'><strong>promisit</strong></span> <span class='ocrx_word' id='word_1_721' title='bbox 2425 3991 2788 4064; x_wconf 81' lang='lat' dir='ltr'><strong>observaret,</strong></span> <span class='ocrx_word' id='word_1_722' title='bbox 2831 3985 3026 4064; x_wconf 81' lang='lat' dir='ltr'><strong>coram</strong></span> <span class='ocrx_word' id='word_1_723' title='bbox 3066 3985 3282 4062; x_wconf 82' lang='lat' dir='ltr'><strong>populo</strong></span> <span class='ocrx_word' id='word_1_724' title='bbox 3325 3987 3628 4064; x_wconf 80' lang='lat' dir='ltr'><strong>pollicitus</strong></span> <span class='ocrx_word' id='word_1_725' title='bbox 3660 3985 3737 4064; x_wconf 78' lang='lat' dir='ltr'><strong>est</strong></span> 
     </span>
    </p>
   </div>
   <div class='ocr_carea' id='block_1_101' title="bbox 2118 4052 3740 4130">
    <p class='ocr_par' dir='ltr' id='par_1_101' title="bbox 2118 4052 3740 4130">
     <span class='ocr_line' id='line_1_102' title="bbox 2118 4052 3740 4130; baseline -0.006 -13"><span class='ocrx_word' id='word_1_726' title='bbox 2118 4052 2246 4119; x_wconf 76' lang='lat' dir='ltr'><strong>eum</strong></span> <span class='ocrx_word' id='word_1_727' title='bbox 2280 4061 2556 4130; x_wconf 85' lang='lat' dir='ltr'><strong>adjuvare</strong></span> <span class='ocrx_word' id='word_1_728' title='bbox 2587 4061 2658 4117; x_wconf 90' lang='lat' dir='ltr'><strong>ad</strong></span> <span class='ocrx_word' id='word_1_729' title='bbox 2693 4052 3106 4130; x_wconf 74' lang='lat' dir='ltr'><strong>acquirendufn</strong></span> <span class='ocrx_word' id='word_1_730' title='bbox 3140 4052 3199 4116; x_wconf 79' lang='lat' dir='ltr'><strong>et</strong></span> <span class='ocrx_word' id='word_1_731' title='bbox 3225 4052 3540 4116; x_wconf 79' lang='lat' dir='ltr'><strong>tenendum</strong></span> <span class='ocrx_word' id='word_1_732' title='bbox 3570 4060 3628 4114; x_wconf 91' lang='lat' dir='ltr'><strong>et</strong></span> <span class='ocrx_word' id='word_1_733' title='bbox 3654 4052 3740 4109; x_wconf 87' lang='lat' dir='ltr'><strong>de-</strong></span> 
     </span>
    </p>
   </div>
   <div class='ocr_carea' id='block_1_102' title="bbox 2121 4131 3737 4202">
    <p class='ocr_par' dir='ltr' id='par_1_102' title="bbox 2121 4131 3737 4202">
     <span class='ocr_line' id='line_1_103' title="bbox 2121 4131 3737 4202; baseline -0.005 -15"><span class='ocrx_word' id='word_1_734' title='bbox 2121 4133 2466 4188; x_wconf 83' lang='lat' dir='ltr'><strong>fendendum</strong></span> <span class='ocrx_word' id='word_1_735' title='bbox 2498 4147 2756 4202; x_wconf 85' lang='lat' dir='ltr'><strong>regnum.</strong></span> <span class='ocrx_word' id='word_1_736' title='bbox 2789 4133 2859 4188; x_wconf 89' lang='lat' dir='ltr'><strong>Et</strong></span> <span class='ocrx_word' id='word_1_737' title='bbox 2881 4131 3112 4202; x_wconf 91' lang='lat' dir='ltr'><strong>quando</strong></span> <span class='ocrx_word' id='word_1_738' title='bbox 3133 4131 3186 4188; x_wconf 90' lang='lat' dir='ltr'><strong>ei</strong></span> <span class='ocrx_word' id='word_1_739' title='bbox 3207 4132 3362 4202; x_wconf 87' lang='lat' dir='ltr'><strong>Deus</strong></span> <span class='ocrx_word' id='word_1_740' title='bbox 3393 4132 3625 4202; x_wconf 78' lang='lat' dir='ltr'><strong>Romam</strong></span> <span class='ocrx_word' id='word_1_741' title='bbox 3647 4138 3737 4196; x_wconf 88' lang='lat' dir='ltr'><strong>pro</strong></span> 
     </span>
    </p>
   </div>
   <div class='ocr_carea' id='block_1_103' title="bbox 2119 4197 3736 4329">
    <p class='ocr_par' dir='ltr' id='par_1_103' title="bbox 2119 4197 3736 4329">
     <span class='ocr_line' id='line_1_104' title="bbox 2119 4197 3736 4329; baseline -0.007 -69"><span class='ocrx_word' id='word_1_742' title='bbox 2119 4218 2336 4260; x_wconf 88' lang='lat' dir='ltr'><strong>corona</strong></span> <span class='ocrx_word' id='word_1_743' title='bbox 2377 4197 2591 4259; x_wconf 58' lang='lat' dir='ltr'><strong>venire&#39;</strong></span> <span class='ocrx_word' id='word_1_744' title='bbox 2613 4197 2994 4272; x_wconf 76' lang='lat' dir='ltr'><strong>concesserit,</strong></span> <span class='ocrx_word' id='word_1_745' title='bbox 3025 4216 3300 4260; x_wconf 89' lang='lat' dir='ltr'><strong>coronam</strong></span> <span class='ocrx_word' id='word_1_746' title='bbox 3332 4199 3562 4329; x_wconf 48' lang='lat' dir='ltr'><strong>imgerii</strong></span> <span class='ocrx_word' id='word_1_747' title='bbox 3593 4197 3736 4262; x_wconf 88' lang='lat' dir='ltr'><strong>dare,</strong></span> 
     </span>
     <span class='ocr_line' id='line_1_105' title="bbox 2119 4270 3736 4329; baseline -0.006 0"><span class='ocrx_word' id='word_1_748' title='bbox 2119 4279 2176 4329; x_wconf 91' lang='lat' dir='ltr'><strong>et</strong></span> <span class='ocrx_word' id='word_1_749' title='bbox 2209 4288 2336 4329; x_wconf 92' lang='lat' dir='ltr'><strong>eum</strong></span> <span class='ocrx_word' id='word_1_750' title='bbox 2370 4273 2426 4329; x_wconf 90' lang='lat' dir='ltr'><strong>in</strong></span> <span class='ocrx_word' id='word_1_751' title='bbox 2458 4273 2690 4329; x_wconf 71' lang='lat' dir='ltr'><strong>caeteris</strong></span> <span class='ocrx_word' id='word_1_752' title='bbox 2731 4273 2984 4329; x_wconf 76' lang='lat' dir='ltr'><strong>negotiis</strong></span> <span class='ocrx_word' id='word_1_753' title='bbox 3023 4272 3320 4329; x_wconf 88' lang='lat' dir='ltr'><strong>adiuvare.</strong></span> <span class='ocrx_word' id='word_1_754' title='bbox 3366 4287 3399 4328; x_wconf 91' lang='lat' dir='ltr'><strong>a</strong></span> <span class='ocrx_word' id='word_1_755' title='bbox 3480 4270 3736 4326; x_wconf 87' lang='lat' dir='ltr'><strong>honorem</strong></span> 
     </span>
    </p>
   </div>
   <div class='ocr_carea' id='block_1_104' title="bbox 2118 4270 3736 4344">
    <p class='ocr_par' dir='ltr' id='par_1_104' title="bbox 2118 4270 3736 4344">
     <span class='ocr_line' id='line_1_106' title="bbox 2118 4270 3736 4344; baseline -0.006 -15"><span class='ocrx_word' id='word_1_756' title='bbox 2118 4279 2176 4329; x_wconf 92' lang='lat' dir='ltr'><strong>et</strong></span> <span class='ocrx_word' id='word_1_757' title='bbox 2209 4288 2336 4329; x_wconf 92' lang='lat' dir='ltr'><strong>eum</strong></span> <span class='ocrx_word' id='word_1_758' title='bbox 2370 4273 2426 4329; x_wconf 90' lang='lat' dir='ltr'><strong>in</strong></span> <span class='ocrx_word' id='word_1_759' title='bbox 2458 4273 2690 4344; x_wconf 67' lang='lat' dir='ltr'><strong>caeteris</strong></span> <span class='ocrx_word' id='word_1_760' title='bbox 2731 4270 2987 4343; x_wconf 87' lang='lat' dir='ltr'><strong>negotiis</strong></span> <span class='ocrx_word' id='word_1_761' title='bbox 3023 4272 3320 4342; x_wconf 88' lang='lat' dir='ltr'><strong>adjuvare,</strong></span> <span class='ocrx_word' id='word_1_762' title='bbox 3344 4270 3440 4344; x_wconf 81' lang='lat' dir='ltr'><strong>ad</strong></span> <span class='ocrx_word' id='word_1_763' title='bbox 3480 4270 3736 4344; x_wconf 75' lang='lat' dir='ltr'><strong>honorem</strong></span> 
     </span>
    </p>
   </div>
   <div class='ocr_carea' id='block_1_105' title="bbox 2116 4339 3739 4413">
    <p class='ocr_par' dir='ltr' id='par_1_105' title="bbox 2116 4339 3739 4413">
     <span class='ocr_line' id='line_1_107' title="bbox 2116 4339 3739 4413; baseline -0.006 -13"><span class='ocrx_word' id='word_1_764' title='bbox 2116 4344 2216 4400; x_wconf 93' lang='lat' dir='ltr'><strong>Dei</strong></span> <span class='ocrx_word' id='word_1_765' title='bbox 2245 4360 2310 4400; x_wconf 91' lang='lat' dir='ltr'><strong>ac</strong></span> <span class='ocrx_word' id='word_1_766' title='bbox 2341 4343 2530 4402; x_wconf 88' lang='lat' dir='ltr'><strong>sancti</strong></span> <span class='ocrx_word' id='word_1_767' title='bbox 2561 4344 2717 4400; x_wconf 89' lang='lat' dir='ltr'><strong>Petri</strong></span> <span class='ocrx_word' id='word_1_768' title='bbox 2737 4339 3432 4410; x_wconf 45' lang='lat' dir='ltr'><strong>et‘Romante&#39;zeccleSize,</strong></span> <span class='ocrx_word' id='word_1_769' title='bbox 3466 4339 3739 4413; x_wconf 69' lang='lat' dir='ltr'><strong>salvasci-</strong></span> 
     </span>
    </p>
   </div>
   <div class='ocr_carea' id='block_1_106' title="bbox 2121 4404 3720 4487">
    <p class='ocr_par' dir='ltr' id='par_1_106' title="bbox 2121 4404 3720 4487">
     <span class='ocr_line' id='line_1_108' title="bbox 2121 4404 3720 4487; baseline -0.005 -19"><span class='ocrx_word' id='word_1_770' title='bbox 2121 4414 2259 4487; x_wconf 86' lang='lat' dir='ltr'><strong>licet</strong></span> <span class='ocrx_word' id='word_1_771' title='bbox 2291 4416 2471 4487; x_wconf 91' lang='lat' dir='ltr'><strong>ipsius</strong></span> <span class='ocrx_word' id='word_1_772' title='bbox 2500 4415 2780 4487; x_wconf 70' lang='lat' dir='ltr'><strong>accelesize</strong></span> <span class='ocrx_word' id='word_1_773' title='bbox 2807 4414 3066 4487; x_wconf 88' lang='lat' dir='ltr'><strong>justicia,</strong></span> <span class='ocrx_word' id='word_1_774' title='bbox 3096 4419 3152 4470; x_wconf 89' lang='lat' dir='ltr'><strong>et</strong></span> <span class='ocrx_word' id='word_1_775' title='bbox 3185 4404 3444 4472; x_wconf 83' lang='lat' dir='ltr'><strong>decretis</strong></span> <span class='ocrx_word' id='word_1_776' title='bbox 3483 4404 3720 4483; x_wconf 86' lang='lat' dir='ltr'><strong>apostoli</strong></span> 
     </span>
    </p>
   </div>
   <div class='ocr_carea' id='block_1_107' title="bbox 2261 4486 3047 4542">
    <p class='ocr_par' dir='ltr' id='par_1_107' title="bbox 2261 4486 3047 4542">
     <span class='ocr_line' id='line_1_109' title="bbox 2261 4486 3047 4542; baseline 0.003 -2"><span class='ocrx_word' id='word_1_777' title='bbox 2261 4486 2507 4542; x_wconf 78' lang='lat' dir='ltr'><strong>maxime</strong></span> <span class='ocrx_word' id='word_1_778' title='bbox 2548 4487 2618 4542; x_wconf 92' lang='lat' dir='ltr'><strong>de</strong></span> <span class='ocrx_word' id='word_1_779' title='bbox 2663 4486 3047 4542; x_wconf 89' lang='lat' dir='ltr'><strong>investituris.</strong></span> 
     </span>
    </p>
   </div>
   <div class='ocr_carea' id='block_1_108' title="bbox 2191 4603 3741 4680">
    <p class='ocr_par' dir='ltr' id='par_1_108' title="bbox 2191 4603 3741 4680">
     <span class='ocr_line' id='line_1_110' title="bbox 2191 4603 3741 4680; baseline -0.005 -16"><span class='ocrx_word' id='word_1_780' title='bbox 2191 4607 2355 4680; x_wconf 83' lang='lat' dir='ltr'><strong>(Nov.</strong></span> <span class='ocrx_word' id='word_1_781' title='bbox 2391 4609 2503 4680; x_wconf 88' lang='grc'>18.)</span> <span class='ocrx_word' id='word_1_782' title='bbox 2551 4609 2652 4664; x_wconf 86' lang='lat' dir='ltr'><strong>Hic</strong></span> <span class='ocrx_word' id='word_1_783' title='bbox 2697 4608 2901 4664; x_wconf 88' lang='lat' dir='ltr'><strong>habuit</strong></span> <span class='ocrx_word' id='word_1_784' title='bbox 2943 4605 3252 4664; x_wconf 91' lang='lat' dir='ltr'><strong>concilium</strong></span> <span class='ocrx_word' id='word_1_785' title='bbox 3303 4605 3458 4678; x_wconf 88' lang='lat' dir='ltr'><strong>apud</strong></span> <span class='ocrx_word' id='word_1_786' title='bbox 3509 4603 3741 4663; x_wconf 85' lang='lat' dir='ltr'><strong>Clarum-</strong></span> 
     </span>
    </p>
   </div>
   <div class='ocr_carea' id='block_1_109' title="bbox 2118 4689 3740 4768">
    <p class='ocr_par' dir='ltr' id='par_1_109' title="bbox 2118 4689 3740 4768">
     <span class='ocr_line' id='line_1_111' title="bbox 2118 4689 3740 4768; baseline -0.006 -15"><span class='ocrx_word' id='word_1_787' title='bbox 2118 4701 2394 4766; x_wconf 91' lang='lat' dir='ltr'><strong>montem,</strong></span> <span class='ocrx_word' id='word_1_788' title='bbox 2433 4697 2527 4753; x_wconf 91' lang='lat' dir='ltr'><strong>cui</strong></span> <span class='ocrx_word' id='word_1_789' title='bbox 2571 4700 2821 4768; x_wconf 78' lang='lat' dir='ltr'><strong>praeerat</strong></span> <span class='ocrx_word' id='word_1_790' title='bbox 2865 4697 3171 4752; x_wconf 81' lang='lat' dir='ltr'><strong>Durannus</strong></span> <span class='ocrx_word' id='word_1_791' title='bbox 3213 4693 3547 4768; x_wconf 82' lang='lat' dir='ltr'><strong>episcOpus,</strong></span> <span class='ocrx_word' id='word_1_792' title='bbox 3588 4689 3740 4760; x_wconf 87' lang='lat' dir='ltr'><strong>cujus</strong></span> 
     </span>
    </p>
   </div>
   <div class='ocr_carea' id='block_1_110' title="bbox 2119 4779 3737 4858">
    <p class='ocr_par' dir='ltr' id='par_1_110' title="bbox 2119 4779 3737 4858">
     <span class='ocr_line' id='line_1_112' title="bbox 2119 4779 3737 4858; baseline -0.007 -15"><span class='ocrx_word' id='word_1_793' title='bbox 2119 4785 2502 4858; x_wconf 89' lang='lat' dir='ltr'><strong>dejectionem</strong></span> <span class='ocrx_word' id='word_1_794' title='bbox 2553 4799 2683 4841; x_wconf 90' lang='lat' dir='ltr'><strong>cum</strong></span> <span class='ocrx_word' id='word_1_795' title='bbox 2735 4784 3015 4842; x_wconf 84' lang='lat' dir='ltr'><strong>meditata</strong></span> <span class='ocrx_word' id='word_1_796' title='bbox 3071 4787 3230 4842; x_wconf 86' lang='lat' dir='ltr'><strong>esset</strong></span> <span class='ocrx_word' id='word_1_797' title='bbox 3291 4779 3737 4841; x_wconf 87' lang='lat' dir='ltr'><strong>Cluniacensium</strong></span> 
     </span>
    </p>
   </div>
   <div class='ocr_carea' id='block_1_111' title="bbox 2118 4869 3742 4944">
    <p class='ocr_par' dir='ltr' id='par_1_111' title="bbox 2118 4869 3742 4944">
     <span class='ocr_line' id='line_1_113' title="bbox 2118 4869 3742 4944; baseline -0.007 -12"><span class='ocrx_word' id='word_1_798' title='bbox 2118 4875 2374 4944; x_wconf 81' lang='lat' dir='ltr'><strong>devotio,</strong></span> <span class='ocrx_word' id='word_1_799' title='bbox 2407 4874 2674 4930; x_wconf 88' lang='lat' dir='ltr'><strong>Christus</strong></span> <span class='ocrx_word' id='word_1_800' title='bbox 2703 4888 2833 4929; x_wconf 90' lang='lat' dir='ltr'><strong>eum</strong></span> <span class='ocrx_word' id='word_1_801' title='bbox 2865 4871 3167 4943; x_wconf 85' lang='lat' dir='ltr'><strong>cxaltavit,</strong></span> <span class='ocrx_word' id='word_1_802' title='bbox 3191 4877 3252 4929; x_wconf 85' lang='lat' dir='ltr'><strong>et</strong></span> <span class='ocrx_word' id='word_1_803' title='bbox 3275 4871 3431 4943; x_wconf 90' lang='lat' dir='ltr'><strong>quod</strong></span> <span class='ocrx_word' id='word_1_804' title='bbox 3453 4869 3506 4928; x_wconf 93' lang='lat' dir='ltr'><strong>ei</strong></span> <span class='ocrx_word' id='word_1_805' title='bbox 3530 4869 3742 4942; x_wconf 87' lang='lat' dir='ltr'><strong>placue-</strong></span> 
     </span>
    </p>
   </div>
   <div class='ocr_carea' id='block_1_112' title="bbox 2120 4959 3742 5035">
    <p class='ocr_par' dir='ltr' id='par_1_112' title="bbox 2120 4959 3742 5035">
     <span class='ocr_line' id='line_1_114' title="bbox 2120 4959 3742 5035; baseline -0.009 -12"><span class='ocrx_word' id='word_1_806' title='bbox 2120 4965 2218 5035; x_wconf 90' lang='lat' dir='ltr'><strong>rit,</strong></span> <span class='ocrx_word' id='word_1_807' title='bbox 2262 4963 2432 5020; x_wconf 90' lang='lat' dir='ltr'><strong>modo</strong></span> <span class='ocrx_word' id='word_1_808' title='bbox 2472 4961 2723 5018; x_wconf 90' lang='lat' dir='ltr'><strong>mirabili</strong></span> <span class='ocrx_word' id='word_1_809' title='bbox 2767 4961 3177 5018; x_wconf 86' lang='lat' dir='ltr'><strong>manifestavit.</strong></span> <span class='ocrx_word' id='word_1_810' title='bbox 3212 4959 3355 5018; x_wconf 88' lang='lat' dir='ltr'><strong>Cum</strong></span> <span class='ocrx_word' id='word_1_811' title='bbox 3385 4960 3535 5018; x_wconf 89' lang='lat' dir='ltr'><strong>enim</strong></span> <span class='ocrx_word' id='word_1_812' title='bbox 3565 4967 3742 5016; x_wconf 82' lang='lat' dir='ltr'><strong>susce-</strong></span> 
     </span>
    </p>
   </div>
   <div class='ocr_carea' id='block_1_113' title="bbox 2123 5047 3740 5126">
    <p class='ocr_par' dir='ltr' id='par_1_113' title="bbox 2123 5047 3740 5126">
     <span class='ocr_line' id='line_1_115' title="bbox 2123 5047 3740 5126; baseline -0.007 -18"><span class='ocrx_word' id='word_1_813' title='bbox 2123 5053 2305 5126; x_wconf 88' lang='lat' dir='ltr'><strong>pisset</strong></span> <span class='ocrx_word' id='word_1_814' title='bbox 2335 5051 2708 5124; x_wconf 86' lang='lat' dir='ltr'><strong>legationem,</strong></span> <span class='ocrx_word' id='word_1_815' title='bbox 2745 5054 2805 5107; x_wconf 93' lang='lat' dir='ltr'><strong>ut</strong></span> <span class='ocrx_word' id='word_1_816' title='bbox 2839 5063 3043 5122; x_wconf 88' lang='lat' dir='ltr'><strong>papam</strong></span> <span class='ocrx_word' id='word_1_817' title='bbox 3075 5048 3330 5122; x_wconf 90' lang='lat' dir='ltr'><strong>hospitio</strong></span> <span class='ocrx_word' id='word_1_818' title='bbox 3357 5048 3659 5120; x_wconf 86' lang='lat' dir='ltr'><strong>reciperet,</strong></span> <span class='ocrx_word' id='word_1_819' title='bbox 3688 5047 3740 5098; x_wconf 85' lang='lat' dir='ltr'><strong>et</strong></span> 
     </span>
    </p>
   </div>
   <div class='ocr_carea' id='block_1_114' title="bbox 1724 5165 2401 5224">
    <p class='ocr_par' dir='ltr' id='par_1_114' title="bbox 1724 5165 2401 5224">
     <span class='ocr_line' id='line_1_116' title="bbox 1724 5165 2401 5224; baseline 0.003 -5"><span class='ocrx_word' id='word_1_820' title='bbox 1724 5165 1961 5221; x_wconf 74' lang='grc' dir='ltr'><strong>νΑΡιΙΑΞ</strong></span> <span class='ocrx_word' id='word_1_821' title='bbox 2002 5165 2401 5224; x_wconf 78' lang='lat' dir='ltr'><strong>LECTIONES.</strong></span> 
     </span>
    </p>
   </div>
   <div class='ocr_carea' id='block_1_115' title="bbox 436 5257 706 5318">
    <p class='ocr_par' dir='ltr' id='par_1_115' title="bbox 436 5257 706 5318">
     <span class='ocr_line' id='line_1_117' title="bbox 436 5257 706 5318; baseline 0.004 -3"><span class='ocrx_word' id='word_1_822' title='bbox 436 5257 500 5293; x_wconf 80' lang='grc'><strong>⁶²¹</strong></span> <span class='ocrx_word' id='word_1_823' title='bbox 529 5257 622 5316; x_wconf 79' lang='lat' dir='ltr'><strong>ita</strong></span> <span class='ocrx_word' id='word_1_824' title='bbox 650 5274 706 5318; x_wconf 78' lang='grc' dir='ltr'>ο.</span> 
     </span>
    </p>
   </div>
   <div class='ocr_carea' id='block_1_116' title="bbox 1951 5332 2174 5392">
    <p class='ocr_par' dir='ltr' id='par_1_116' title="bbox 1951 5332 2174 5392">
     <span class='ocr_line' id='line_1_118' title="bbox 1951 5332 2174 5392; baseline -0.018 -1"><span class='ocrx_word' id='word_1_825' title='bbox 1951 5332 2174 5392; x_wconf 68' lang='grc' dir='ltr'>ΝΟΤΛΕ.</span> 
     </span>
    </p>
   </div>
   <div class='ocr_carea' id='block_1_117' title="bbox 437 5425 2009 5508">
    <p class='ocr_par' dir='ltr' id='par_1_117' title="bbox 437 5425 2009 5508">
     <span class='ocr_line' id='line_1_119' title="bbox 437 5425 2009 5508; baseline 0.003 -16"><span class='ocrx_word' id='word_1_826' title='bbox 437 5436 586 5508; x_wconf 88' lang='grc'>(194)</span> <span class='ocrx_word' id='word_1_827' title='bbox 619 5438 700 5492; x_wconf 83' lang='lat' dir='ltr'><strong>Cf.</strong></span> <span class='ocrx_word' id='word_1_828' title='bbox 737 5435 966 5508; x_wconf 89' lang='lat' dir='ltr'><strong>litteras</strong></span> <span class='ocrx_word' id='word_1_829' title='bbox 997 5425 1252 5508; x_wconf 87' lang='lat' dir='ltr'><strong>Hugonis</strong></span> <span class='ocrx_word' id='word_1_830' title='bbox 1271 5439 1341 5494; x_wconf 90' lang='lat' dir='ltr'><strong>ad</strong></span> <span class='ocrx_word' id='word_1_831' title='bbox 1370 5439 1734 5496; x_wconf 80' lang='lat' dir='ltr'><strong>Lambertum</strong></span> <span class='ocrx_word' id='word_1_832' title='bbox 1768 5438 2009 5496; x_wconf 86' lang='lat' dir='ltr'><strong>Atreba-</strong></span> 
     </span>
    </p>
   </div>
   <div class='ocr_carea' id='block_1_118' title="bbox 367 5507 1435 5580">
    <p class='ocr_par' dir='ltr' id='par_1_118' title="bbox 367 5507 1435 5580">
     <span class='ocr_line' id='line_1_120' title="bbox 367 5507 1435 5580; baseline 0.007 -20"><span class='ocrx_word' id='word_1_833' title='bbox 367 5509 612 5580; x_wconf 88' lang='lat' dir='ltr'><strong>tensem,</strong></span> <span class='ocrx_word' id='word_1_834' title='bbox 646 5507 964 5580; x_wconf 64' lang='lat' dir='ltr'><strong>Mansixx,</strong></span> <span class='ocrx_word' id='word_1_835' title='bbox 998 5507 1122 5580; x_wconf 47' lang='lat'><strong>801&#39;.</strong></span> <span class='ocrx_word' id='word_1_836' title='bbox 1159 5511 1220 5564; x_wconf 85' lang='lat' dir='ltr'><strong>K.</strong></span> 
     </span>
    </p>
   </div>
   <div class='ocr_carea' id='block_1_119' title="bbox 437 5577 1898 5652">
    <p class='ocr_par' dir='ltr' id='par_1_119' title="bbox 437 5577 1898 5652">
     <span class='ocr_line' id='line_1_121' title="bbox 437 5577 1898 5652; baseline 0.001 -16"><span class='ocrx_word' id='word_1_837' title='bbox 437 5577 690 5652; x_wconf 57' lang='lat' dir='ltr'><strong>(195)&#39;La</strong></span> <span class='ocrx_word' id='word_1_838' title='bbox 721 5577 1207 5651; x_wconf 79' lang='lat' dir='ltr'><strong>Saulve-Majeure</strong></span> <span class='ocrx_word' id='word_1_839' title='bbox 1230 5580 1398 5638; x_wconf 86' lang='lat' dir='ltr'><strong>dioec.</strong></span> <span class='ocrx_word' id='word_1_840' title='bbox 1428 5579 1898 5652; x_wconf 87' lang='lat' dir='ltr'><strong>Burdegalensis.</strong></span> 
     </span>
    </p>
   </div>
   <div class='ocr_carea' id='block_1_120' title="bbox 2190 5435 2956 5584">
    <p class='ocr_par' dir='ltr' id='par_1_120' title="bbox 2190 5435 2956 5584">
     <span class='ocr_line' id='line_1_122' title="bbox 2190 5435 2956 5584; baseline -0.007 -87"><span class='ocrx_word' id='word_1_841' title='bbox 2190 5438 2340 5584; x_wconf 49' lang='grc'>(196)</span> <span class='ocrx_word' id='word_1_842' title='bbox 2375 5435 2956 5510; x_wconf 89' lang='lat' dir='ltr'><strong>Compostellensem.</strong></span> 
     </span>
     <span class='ocr_line' id='line_1_123' title="bbox 2219 5509 2621 5583; baseline -0.007 -16"><span class='ocrx_word' id='word_1_843' title='bbox 2219 5513 2316 5568; x_wconf 88' lang='grc'><strong>197</strong></span> <span class='ocrx_word' id='word_1_844' title='bbox 2371 5510 2446 5567; x_wconf 84' lang='lat' dir='ltr'><strong>Le</strong></span> <span class='ocrx_word' id='word_1_845' title='bbox 2482 5509 2621 5583; x_wconf 74' lang='lat' dir='ltr'><strong>Puy.</strong></span> 
     </span>
    </p>
   </div>
   <div class='ocr_carea' id='block_1_121' title="bbox 2219 5509 2621 5583">
    <p class='ocr_par' dir='ltr' id='par_1_121' title="bbox 2219 5509 2621 5583">
     <span class='ocr_line' id='line_1_124' title="bbox 2219 5509 2621 5583; baseline -0.007 -16"><span class='ocrx_word' id='word_1_846' title='bbox 2219 5509 2340 5583; x_wconf 88' lang='grc'>197)</span> <span class='ocrx_word' id='word_1_847' title='bbox 2371 5510 2446 5567; x_wconf 84' lang='lat' dir='ltr'><strong>Le</strong></span> <span class='ocrx_word' id='word_1_848' title='bbox 2482 5509 2621 5583; x_wconf 74' lang='lat' dir='ltr'><strong>Puy.</strong></span> 
     </span>
    </p>
   </div>
  </div>
