3894 6328
219 355 345 418 853

1483 342 1984 423 CHRONICON.
2021 396 2094 407 —
2129 359 2285 427 LIB.
2322 354 2394 426 ll.

3531 374 3645 442 354

223 495 565 552 necessaria
587 493 1161 563 subministraret,et
1179 506 1304 565 ipse
1323 494 1392 549 ad
1417 492 1525 549 hoc
1546 508 1676 549 cum
1697 495 1886 563 gratia
1917 498 1972 555 A
2001 511 2174 553 immo
2220 500 2616 571 praacipiente,
2667 504 3113 562 Cantuariensis
3163 510 3645 585 archiepiseOpus

223 586 668 653 accingeretur,
714 584 974 653 graviter
1012 583 1290 638 infirmari
1322 583 1499 653 cepit,
1541 584 1887 653 quibusdam

224 690 361 730 eam
378 673 565 744 ipsius
582 673 981 728 infirmitatem
998 671 1144 726 male
1162 671 1889 744 interpretantibus,cujus

230 763 510 817 meritum
537 761 808 816 Christus
833 760 1095 831 proxime
1120 760 1350 831 populis
1372 764 1887 819 eratostensurus.

230 851 679 905 lnsidiabantur
704 848 960 905 autemei
982 849 1214 919 quidam
1256 851 1501 905 fratrum
1555 851 1893 908 Cluniacen-

229 939 387 994 sium
409 954 513 1010 pro
536 954 607 994 eo
633 938 789 1009 quod
811 939 1205 1009 Moysiacense
1222 938 1549 1009 cenobium,
1590 941 1743 1010 quod
1766 947 1893 998 erat

221 1027 387 1097 juris
405 1027 668 1084 ecclesiae
684 1027 1095 1096 Arvernensis,
1119 1027 1273 1096 quod
1288 1028 1460 1084 etiam
1481 1044 1582 1099 pro
1601 1035 1893 1086 restaura-

235 1114 404 1170 tione
427 1114 653 1170 ordinis
667 1116 927 1175 Cluniaci
948 1115 1469 1186 contulerat,salva
1486 1119 1731 1177 obedien
1744 1122 1818 1178 tia
1834 1126 1890 1177 et

231 1204 575 1259 reverentia
598 1205 882 1262 aecclesia:
914 1211 1305 1266 Arvernensis
1324 1212 1378 1266 in
1401 1208 1765 1278 subjectione
1790 1225 1892 1267 sua

231 1292 461 1347 habere
492 1293 670 1349 vellet
690 1300 751 1350 et
790 1296 863 1352 ob
896 1298 953 1353 id
982 1315 1112 1356 eum
1145 1301 1297 1372 apud
1347 1315 1553 1371 papam
1588 1314 1894 1355 accusave-

229 1385 395 1448 rant,
414 1384 472 1435 et
488 1380 910 1453 depositionem
927 1388 1492 1461 ejusattemptabant
1511 1389 1677 1460 (198).
1714 1389 1896 1444 Adve-

227 1468 441 1524 niente
466 1470 645 1540 igitur
668 1475 1119 1545 papa,visitatus
1142 1480 1213 1533 ab
1230 1494 1322 1549 eo,
1347 1483 1403 1535 et
1427 1479 1892 1548 absolutus,cum

220 1556 355 1625 jam
384 1564 712 1616 extremum
761 1564 1033 1635 spiritum
1092 1568 1376 1637 traheret,
1409 1572 1576 1623 nocte
1629 1568 1891 1638 sequenti

228 1644 521 1713 spiritum
562 1648 822 1707 Creatori
856 1652 1114 1710 reddidit
1165 1658 1335 1727 (199),
1370 1657 1526 1713 lotus
1562 1662 1619 1712 et
1655 1663 1897 1713 curatus

227 1746 469 1789 summa
495 1736 763 1809 ﬁliorum,
791 1740 846 1795 id
878 1747 971 1797 est
989 1744 1221 1800 abbatis
1244 1745 1625 1815 Divionensis,
1662 1746 1895 1801 abbatis

2003 583 2342 642 fidelitatem
2368 589 2537 645 beato
2568 591 2740 645 Petro
2785 598 2840 647 et
2887 594 3367 665 papaajuraverat
3398 583 3557 657 salva
3584 602 3643 656 fi-

2000 675 2241 730 delitate
2274 676 2489 733 domini
2517 678 2604 734 sui
2630 680 2805 748 regis.
2830 681 2967 747 Quae
2990 698 3084 739 res
3117 684 3171 740 in
3197 690 3422 743 tantum
3452 689 3650 745 adole-

2002 767 2188 831 verat,
2226 771 2285 819 ut
2312 765 2504 822 nnllus
2524 782 2592 822 ex
2626 774 2795 838 parte
2824 786 2989 841 papas
3022 773 3262 829 veniens
3305 776 3524 832 honore
3557 778 3653 835 de-

2003 851 2124 907 hito
2150 854 2543 925 exciperetur,
2580 856 2775 914 nullus
2820 866 2977 914 esset
3012 861 3068 916 in
3097 862 3303 932 Anglia
3334 865 3653 938 archiepis-

2003 954 2205 1011 copus,
2263 943 2598 1014 episcopus,
2654 947 2853 1017 abbas,
2915 950 3123 1005 nedum
3180 953 3496 1010 monachus
3552 961 3654 1012 aut

2000 1028 2275 1097 clericus,
2302 1032 2399 1101 qui
2430 1031 2659 1089 litteras
2680 1035 3034 1105 apostolieas
3055 1039 3358 1110 suscipere
3382 1042 3646 1114 auderet,

2006 1117 2212 1173 nedum
2237 1119 2499 1189 obedire,
2534 1122 2645 1177 nisi
2676 1137 2777 1177 rex
2800 1122 3055 1192 juberet.
3094 1126 3201 1193 Qui
3227 1130 3464 1186 veniens
3490 1135 3650 1188 tanta

2006 1206 2281 1262 libertate
2313 1224 2452 1264 usus
2475 1214 2588 1279 est,
2623 1217 2684 1265 ut
2716 1226 2839 1281 rex,
2868 1213 3207 1283 integritate
3231 1218 3358 1287 ejus
3384 1219 3650 1291 inspecta

2005 1300 2064 1349 et
2088 1295 2381 1352 inadulata
2409 1299 2619 1354 mentis
2649 1301 2998 1374 constantia,
3036 1318 3098 1358 se
3122 1306 3386 1362 conciliis
3414 1312 3470 1362 et
3496 1310 3650 1365 votis

2006 1383 2133 1453 ejus
2158 1384 2565 1455 adquieturuin
2593 1389 2983 1459 promitteret,
3000 1396 3274 1449 etomnes
3298 1394 3498 1450 fideles
3520 1411 3650 1466 gra-

2012 1470 2340 1528 tularentur
2361 1489 2488 1529 cum
2509 1476 2838 1546 advenisse,
2865 1479 2937 1533 ad
2961 1479 3129 1548 cujus
3153 1482 3465 1538 adventum
3485 1487 3648 1555 quasi

2006 1562 2324 1630 reSpiraret
2354 1569 2761 1631 etresurgeret
2779 1566 2960 1621 decus
2982 1574 3033 1622 et
3060 1568 3223 1639 vigor
3237 1572 3519 1629 {ecclesiae
3545 1576 3654 1629 An-

2006 1648 2187 1719 glicaei
2214 1655 2273 1705 et
2302 1650 2546 1707 libertas
2577 1654 2847 1710 Romana:
2897 1657 3291 1715 auctoritatis.
3346 1660 3467 1731 (fol.
3506 1662 3654 1734 137.)

2009 1738 2117 1792 Sed
2162 1739 2299 1808 quid
2330 1739 2765 1810 inpertubatum
2802 1743 3081 1814 relinquit
3115 1747 3488 1818 inexplebilis
3517 1766 3659 1819 gur-

232 1822 406 1879 Casa:
429 1824 550 1893 Dei,
576 1827 841 1901 episcopi
873 1832 1397 1904 Cratianopolitani
1422 1835 1743 1890 etaliorum
1768 1833 1897 1889 dili-
1926 1852 1978 1911 Β
2006 1840 2110 1895 898
2139 1828 2407 1885 Romam?
2450 1830 2516 1861 ⁴²²
2557 1830 2853 1888 avaritia)?
2902 1833 3023 1887 Rex
3072 1842 3402 1906 suspectam
3435 1839 3655 1895 habens

229 1911 461 1980 gentia.
486 1915 552 1968 Et
576 1915 660 1972 sic
674 1923 984 1989 antequam
1013 1922 1325 1977 concilium
1352 1923 1733 1994 inciperetur,
1768 1928 1895 1979 toto

231 1999 387 2056 orbe
419 2001 491 2057 ad
525 2003 652 2072 ejus
684 2007 964 2077 exequias
991 2014 1361 2082 occurrente,
1395 2014 1467 2067 ab
1501 2012 1627 2083 ipso
1657 2027 1803 2083 papa
1836 2018 1896 2066 et

233 2089 544 2162 episcopis
566 2096 743 2150 terrae
764 2101 856 2152 est
875 2100 1207 2156 mandatum
1232 2116 1360 2157 cum
1380 2101 1588 2170 gloria,
1614 2107 1673 2155 et
1697 2102 1893 2157 sedem

232 2178 371 2247 ejus
398 2179 723 2239 Willelmus
772 2183 843 2240 de
875 2186 1026 2243 Baﬁa
1062 2188 1312 2260 adeptus
1342 2194 1434 2245 est
1465 2188 1636 2245 laude
1663 2189 1805 2245 cleri
1837 2196 1894 2246 ct

234 2267 472 2338 populi,
504 2276 803 2343 praacepto
832 2274 1092 2343 ejusdem
1119 2277 1451 2348 apostolici.
1481 2279 1636 2334 Obiit
1664 2294 1894 2349 quoque

236 2355 391 2411 infra
426 2358 680 2428 spatium
706 2364 992 2434 temporis
1012 2365 1272 2435 ejusdem
1303 2367 1535 2423 concilii
1562 2367 1895 2423 Desiderius

233 2445 666 2504 Cavellicensis
715 2451 1046 2524 episcopus,
1081 2460 1140 2509 et
1187 2456 1369 2512 abbas
1422 2456 1899 2512 (lenimeticensis

232 2535 517 2591 coenobii.
543 2539 707 2593 Anno
728 2540 854 2610 ipso
867 2542 1206 2599 confirmata
1229 2548 1321 2600 est
1336 2545 1425 2601 via
1440 2545 1894 2602 Christianorum

234 2623 508 2679 euntium
532 2640 662 2681 cum
685 2628 863 2684 armis
885 2629 941 2685 in
966 2630 1343 2688 Hierusalem.
1364 2634 1521 2689 Obiit
1543 2638 1717 2689 etiam
1751 2648 1899 2689 anno

234 2711 446 2767 eodem
480 2714 799 2772 Rainaldus
845 2718 1145 2776 Remensis
1174 2722 1672 2793 archiepiscopus,
1706 2722 1901 2778 Hilde-

239 2800 449 2856 bertus
464 2802 1689 2881 BituricensisarchiepiSCOpus,Landricus
1707 2811 1901 2866 Matis-

235 2890 520 2946 conensis
547 2892 716 2961 (200).
742 2894 1056 2952 Judeorum
1081 2912 1315 2969 quoque
1337 2899 1746 2955 exterminium
1775 2900 1902 2970 ipso

238 2992 394 3034 anno
419 2979 621 3035 multis
645 2981 701 3035 in
736 2980 877 3038 locis
909 2985 1122 3040 factum
1153 2992 1244 3042 est
1279 3003 1308 3043 a
1346 2988 1487 3044 viris
1516 2987 1903 3044 lherosolimi-

241 3067 421 3122 tanis.
450 3067 612 3132 Quod
640 3076 803 3126 certe
825 3071 1032 3128 mirum
1061 3073 1241 3129 videri
1268 3080 1482 3146 potest,
1506 3076 1657 3147 quod
1678 3091 1786 3132 una
1810 3077 1903 3133 die

243 3154 520 3226 pluribus
554 3157 608 3212 in
645 3157 791 3215 locis
823 3174 935 3216 uno
957 3162 1203 3232 spiritus
1230 3162 1459 3220 fervore
1491 3165 1904 3226 exterminatio

240 3242 342 3298 illa
361 3244 518 3299 facta
531 3249 644 3315 est,
664 3261 1010 3318 quamquam
1033 3265 1061 3305 a
1084 3251 1284 3307 multis
1304 3251 1649 3323 inprobetur
1667 3254 1901 3324 factum,

240 3337 302 3387 et
335 3332 609 3402 religioni
635 3335 932 3391 adversari
952 3337 1268 3405 iudicetur.
1299 3341 1525 3395 Scimus
1550 3345 1744 3397 tamen
1773 3342 1905 3412 quia

244 3435 361 3477 non
413 3421 607 3492 potuit
630 3422 903 3480 inmutari
929 3427 1066 3496 quin
1108 3428 1293 3497 fieret,
1339 3443 1470 3484 cum
1522 3429 1684 3486 multi
1717 3444 1910 3486 sacer-

244 3508 421 3565 dotes
444 3510 582 3566 data
606 3514 1229 3571 excommunicationis
1243 3517 1558 3587 sententia,
1575 3518 1740 3573 multi
1757 3520 1912 3590 prin-

246 3599 299 3655 ci
308 3612 412 3670 pes
426 3602 659 3655 terrore
674 3601 1140 3659 comminationis
1155 3604 1209 3658 id
1224 3606 1574 3674 perturbare
1588 3606 1783 3661 conati
1798 3608 1913 3662 sint

321 3690 512 3758 (1096)
568 3689 721 3745 Tunc
795 3692 1075 3762 temporis
1135 3706 1241 3763 pro
1303 3694 1703 3764 componenda
1758 3694 1913 3750 inter

251 3775 468 3832 fratres
494 3776 765 3832 Willelmi
808 3779 964 3848 regis
997 3780 1147 3837 filios
1194 3781 1527 3851 concordia,
1564 3780 1910 3839 Willelmum

252 3863 531 3920 videlicet
570 3880 766 3935 regem
815 3867 1131 3937 Anglorum
1162 3873 1220 3924 et
1270 3870 1592 3926 Robertum
1638 3871 1910 3927 comitem

251 3952 740 4024 Normannorum,
815 3955 996 4012 abbas
1062 3957 1427 4013 Divionensis
1482 3973 1555 4013 ex
1615 3964 1911 4031 praecepto

254 4055 420 4111 papa:
450 4055 611 4099 mare
671 4043 1016 4114 transierat,
1047 4047 1105 4100 et
1140 4049 1198 4102 ut
1252 4046 1659 4117 praescriptum
1716 4062 1909 4115 regem

255 4135 617 4186 ammoneret
664 4130 736 4187 de
791 4132 993 4188 multis
1044 4148 1172 4204 qua)
1205 4133 1407 4190 illicito
1466 4134 1685 4194 fiebant
1716 4137 1787 4191 ab
1819 4152 1907 4204 eo,

256 4216 327 4273 de
371 4218 818 4288 episeopatibus
864 4220 1145 4277 videlicet
1188 4226 1248 4277 et
1298 4222 1551 4278 abbatiis
1608 4237 1752 4292 quas.
1799 4223 1910 4278 sibi

258 4305 577 4376 retinebat,
610 4321 716 4363 nec
744 4309 830 4363 eis
881 4315 1148 4380 pastores
1177 4309 1542 4381 providebat,
1576 4314 1633 4365 et
1686 4310 1913 4367 reditus

261 4400 702 4465 proventusque
724 4397 980 4453 omnium
1008 4398 1117 4454 sibi
1140 4399 1494 4468 assumebat,
1527 4398 1597 4453 de
1630 4398 1909 4470 symonia,

258 4484 330 4539 de
364 4482 754 4540 fornicatione
796 4484 1179 4553 clericorum;
1208 4491 1264 4543 et
1299 4487 1434 4556 quia
1466 4488 1912 4543 conventionem

2011 1915 2116 1970 viri
2160 1918 2595 1989 auctoritatem,
2643 1933 2811 1988 quem
2838 1920 2955 1989 jam
2985 1922 3083 1977 diu
3116 1928 3424 1981 venturum
3459 1927 3656 1983 audie-

2010 2009 2119 2072 rat,
2182 2004 2434 2074 lcgatum
2488 2022 2651 2077 papae
2705 2009 3089 2079 prmmiserat,
3125 2012 3178 2065 el
3214 2012 3266 2067 in
3326 2029 3493 2071 manu
3526 2015 3652 2084 ejus

2009 2093 2134 2148 auri
2181 2094 2409 2163 probati
2457 2099 2513 2149 et
2566 2096 2860 2166 purissimi
2912 2096 2978 2151 10
3010 2100 3294 2155 marchas.
3351 2104 3467 2159 Hoc
3511 2103 3652 2159 fisus

2010 2182 2365 2251 praenuncio,
2394 2183 2751 2254 respondere
2784 2185 3064 2254 praedicto
3092 2188 3290 2243 abbati
3323 2189 3651 2261 differebat,

2007 2275 2067 2324 et
2090 2271 2321 2326 interim
2348 2285 2477 2327 eum
2504 2271 2559 2325 in
2586 2272 2799 2341 pascha
2834 2286 3031 2330 secum
3063 2280 3353 2333 retentum
3390 2293 3656 2335 reveren-

2008 2364 2099 2414 ter
2130 2365 2186 2414 et
2237 2360 2557 2416 honorifice
2599 2362 2929 2416 tractabat:
2961 2380 3091 2419 cum
3138 2380 3275 2420 ecce
3307 2365 3535 2436 legatus
3571 2384 3658 2424 re-

2009 2448 2191 2518 diens,
2230 2448 2493 2504 inducias
2522 2448 2643 2517 regi
2677 2448 2748 2503 de
2777 2451 3044 2507 omnibus
3074 2467 3257 2523 usque
3286 2455 3357 2510 ad
3390 2457 3661 2513 nativita-

2010 2540 2125 2590 tem
2180 2537 2399 2591 Domini
2445 2538 2793 2607 reportavit,
2823 2554 2925 2608 per
2956 2541 3259 2609 quemdam
3293 2558 3458 2615 papae
3487 2560 3660 2617 nepo-

2010 2624 2197 2679 tulum
2224 2640 2326 2680 seu
2351 2626 2747 2695 vernaculum,
2766 2626 3021 2683 sidebita
3048 2630 3220 2684 beato
3246 2633 3421 2688 Petro
3442 2634 3661 2691 caritas

2013 2712 2067 2766 in
2093 2728 2198 2768 suo
2232 2713 2495 2769 discessu
2530 2714 2818 2769 maturius
2846 2721 2905 2770 ut
2937 2717 3448 2791 credebatfuturo,
3474 2722 3524 2777 ei
3560 2737 3662 2793 per

2012 2802 2278 2857 eumdem
2303 2806 2481 2858 tanta:
2505 2802 3172 2874 auctoritatislegatum,
3193 2811 3255 2861 ut
3272 2813 3361 2863 est
3380 2823 3546 2879 papae
3568 2826 3661 2866 so-

2015 2890 2362 2959 rorisﬁlius,
2393 2895 2449 2945 et
2483 2890 2529 2945 si
2567 2905 2678 2945 non
2713 2894 2857 2959 tota,
2895 2891 3089 2947 saltim
3114 2907 3184 2947 ex
3204 2899 3372 2964 parte
3396 2897 3660 2954 mittere-

2014 2982 2129 3035 tur.
2163 2978 2284 3044 Quo
2331 2993 2608 3049 responso
2655 2983 2915 3049 accepto,
2951 2994 3054 3035 rex
3086 2981 3239 3037 letus
3270 2983 3479 3055 factus,
3514 3001 3659 3057 prae-

2017 3067 2136 3121 fato
2148 3066 2275 3122 viro
2290 3067 2651 3138 apostolicas
2666 3067 2976 3138 praetendit
2992 3068 3289 3138 inducias;
3310 3086 3657 3144 quamquam

2017 3155 2287 3225 privatim
2308 3160 2365 3210 et
2385 3153 2615 3226 publice
2636 3155 2745 3211 hoc
2768 3156 2955 3226 ipsum
2973 3172 3137 3228 papa:
3162 3158 3519 3230 improbaret
3548 3162 3663 3219 fac-

2020 3244 2279 3314 tum,qui
2324 3247 2549 3300 tantum
2601 3243 2788 3300 virum
2842 3246 2986 3300 fama
3032 3247 3245 3316 ubique
3277 3248 3657 3309 celebratum.

2018 3333 2342 3404 privilegiis
2366 3332 2735 3389 auctoritatis
2766 3349 2884 3389 suae
2916 3335 3218 3405 munitum,
3247 3337 3322 3391 ita
3355 3338 3663 3397 inhoneste

2020 3425 2353 3491 tractasset,
2382 3426 2442 3477 ut
2466 3421 2812 3491 legationem
2834 3422 2961 3491 ejus
2984 3424 3153 3479 unius
3174 3425 3349 3496 laycae
3370 3442 3656 3497 personae.

2020 3525 2125 3566 nec
2156 3510 2724 3581 litterisapostolicis
2741 3526 2844 3567 nec
2875 3512 3159 3570 secularis
3181 3514 3439 3572 scientiae
3463 3531 3564 3573 seu
3581 3518 3666 3573 di-

2019 3600 2265 3668 gnitatis
2290 3599 2509 3654 honore
2557 3600 2815 3669 munitae,
2861 3601 3241 3658 rescinderet.
3276 3605 3365 3660 Sic
3394 3620 3457 3661 re
3490 3606 3665 3663 infec-

2021 3694 2104 3757 ta,
2140 3687 2283 3742 fama
2305 3693 2496 3743 tamen
2526 3702 2651 3757 sua,
2689 3688 3049 3758 integritate,
3080 3691 3405 3761 honestate,
3438 3694 3667 3764 sapien-

2025 3775 2101 3831 tia
2153 3776 2418 3831 omnibus
2454 3774 2670 3846 oppido
2728 3778 3152 3845 commendata,
3202 3779 3272 3833 ab
3304 3779 3507 3835 eodem
3540 3783 3667 3840 viro

2023 3878 2319 3919 recessum
2342 3866 2464 3926 est;
2498 3870 2553 3916 et
2592 3868 2779 3917 tamen
2817 3879 2919 3933 pro
2948 3866 3346 3935 componenda
3380 3867 3533 3924 inter
3557 3870 3667 3926 fra-

2023 3958 2144 4008 tres
2168 3951 2324 4022 pacis
2347 3950 2659 4007 concordia
2694 3950 2746 4005 in
2782 3952 3125 4007 Normannia
3152 3954 3443 4026 substitit,
3479 3956 3667 4017 donec

2024 4055 2167 4113 pace
2209 4041 2381 4109 facta,
2412 4041 2607 4095 decem
2635 4040 2855 4094 milium
2900 4056 3227 4098 marcarum
3260 4045 3541 4114 pensione
3572 4062 3666 4104 ac-

2022 4137 2214 4201 cepta,
2243 4136 2633 4185 terramsuam
2659 4144 2855 4185 comes
2874 4130 3237 4187 Normannizn
3268 4133 3423 4204 regis
3454 4136 3667 4206 Anglo-

2022 4235 2149 4275 rum
2184 4233 2368 4289 usque
2400 4218 2470 4272 ad
2508 4218 2680 4273 trium
2713 4232 2998 4275 annorum
3037 4221 3295 4291 spacium
3330 4224 3669 4281 custodien-

2025 4309 2155 4363 dam
2202 4308 2484 4379 traderet,
2537 4310 2599 4361 et
2643 4306 2725 4363 sic
2755 4307 3191 4365 lherosoliinam
3236 4313 3553 4384 profectus,
3595 4316 3669 4372 ab

2025 4397 2225 4452 eodem
2244 4397 2452 4452 abbate
2469 4411 2655 4467 usque
2685 4398 2753 4452 ad
2774 4397 2960 4453 vicum
2978 4399 3073 4468 qui
3089 4398 3307 4457 dicitur
3322 4402 3475 4457 Pons
3489 4402 3669 4461 Arlia}

2026 4485 2173 4557 (201)
2198 4485 2501 4542 comitatui
2524 4484 2649 4555 ejus
2670 4486 2964 4557 Stephano
2985 4487 3199 4543 comite
3212 4490 3467 4546 Francize
3489 4493 3675 4549 etRo-

259 4572 477 4629 fecerat
529 4587 660 4627 cum
702 4586 772 4627 eo
825 4572 1171 4630 Albanensis
1215 4575 1545 4646 cpiscopus,
1598 4590 1765 4646 quem
1800 4576 1913 4647 pri-
1943 4567 1995 4627 D
2027 4569 3597 4646 bertoeomiteFlandriaaadherentihus,deductusest.

259 4674 395 4717 num
455 4659 557 4716 illo
606 4661 844 4716 miserat
902 4676 1073 4733 papa,
1108 4677 1177 4718 ne
1234 4662 1463 4733 legatus
1520 4666 1809 4721 Romanus
1840 4666 1910 4721 ad

262 4750 527 4820 Angliam
560 4750 899 4807 mitteretur
945 4751 1056 4807 nisi
1092 4767 1260 4822 quem
1311 4768 1415 4809 rex
1456 4753 1820 4825 praciperet,
1854 4760 1914 4811 et

262 4837 396 4908 quia
432 4837 576 4894 adeo
602 4837 928 4894 auctoritas
948 4839 1204 4896 Romana
1245 4840 1394 4911 apud
1422 4841 1639 4911 Anglos
1669 4842 1912 4899 avaritia

260 4931 322 4981 et
350 4926 677 4997 cupiditate
734 4925 1059 4996 legatorum
1109 4927 1380 4999 viluerat,
1415 4935 1477 4985 ut
1508 4929 1712 4986 eodem
1747 4930 1915 4987 Alba-

262 5030 442 5072 nense
471 5017 767 5087 prazsente
796 5017 854 5071 et
885 5014 1293 5072 consentiente
1316 5030 1422 5073 nec
1449 5018 1909 5091 contradicente,

2097 4665 2308 4720 Verum
2330 4679 2461 4720 cum
2486 4664 2674 4720 adhuc
2700 4664 2753 4718 in
2779 4664 3123 4719 Normannia
3138 4670 3677 4738 essemus,congré-

2023 4753 2178 4823 gatis
2206 4753 2278 4807 ad
2323 4752 2603 4823 exequias
2660 4752 3095 4807 Matisconensis
3143 4752 3405 4825 episcopi
3457 4755 3672 4817 domno

2029 4838 2391 4909 Lugdunensi
2424 4837 2882 4909 archiepiscopo,
2933 4837 3188 4893 Eduensi
3220 4854 3450 4910 quoque
3478 4845 3535 4898 et
3568 4845 3672 4903 Ca-

2027 4928 2311 4984 bilonensi
2361 4926 2675 4999 episcopis,
2710 4923 2934 4981 electus
2965 4925 3412 4985 archidiaconus
3442 4929 3672 5002 Lugdu-

2027 5018 2223 5075 nensis
2255 5017 2548 5074 Berardus
2564 5019 2947 5073 consecratur
2969 5013 3025 5069 in
3043 5014 3380 5089 episcopum
3404 5019 3673 5081 Matisco-

1624 5136 1860 5193 VARLE
1899 5135 2299 5196 LECTIONES.

329 5222 398 5256 ⁴²²
422 5223 517 5281 ita
547 5221 772 5293 codex;
800 5222 869 5279 at
892 5221 1159 5283 Labbeus
1181 5224 1379 5284 edidit
1402 5223 1684 5283 humanae.

325 5384 479 5455 (198)
498 5385 582 5439 De
606 5381 998 5455 aliaDuranni
1019 5398 1149 5440 cum
1185 5384 1668 5443 Cluniacensibus
1687 5386 1791 5444 lite
1820 5403 1917 5444 ex-

255 5463 373 5531 stat
401 5452 908 5531 epistola_Urbani
925 5453 1013 5531 ad
1037 5459 1425 5531 eumiaatqat.
1451 5458 1672 5526 scripta
1691 5473 1784 5531 ap.
1810 5460 1915 5517 Ma-

252 5522 455 5589 billonI
493 5522 711 5582 Annal.
750 5524 1043 5581 Benedict.
1071 5526 1133 5580 V.
1169 5528 1289 5582 314.
1320 5528 1373 5583 Κ.

316 5597 476 5687 (1992
502 5593 1915 5687 ,5'9..§9.1:_F2Y.~}3Haletemseposuit

241 5665 563 5753 epitaphio
598 5668 860 5724 testatur
886 5665 1191 5725 Baldricus
1209 5665 1631 5741 Burgulieasis.
1663 5665 1729 5731 Κζ

1857 5297 2081 5357 NOTAE.

2098 5386 2245 5513 ea
2256 5383 3390 5513 serenissima:ea.
3409 5385 3669 5513 ἓξὲἓὲἓὲ

2025 5454 2244 5587 ξθὶξϐηὲ
2256 5456 2331 5584 ειὲ
2345 5455 2690 5514 Landricum
2704 5454 2969 5512 dederat.
2980 5455 3162 5514 Gallia
3176 5454 3390 5514 Christ.
3412 5457 3666 5522 lustrum

2101 5571 2116 5600 ,
2139 5569 2262 5587 υυυ.
2291 5569 2351 5584 ι..

2097 5596 2247 5672 (ἓο1)
2275 5598 2606 5657 Pontarlier
2632 5596 2702 5657 ad
2738 5598 2928 5655 fontes
2954 5598 3150 5658 Dubis.
