  <div class='ocr_page' id='page_1' title='image "/cluster/home/n/w/nwhite01/storage/ocr_20150623/154/uva.x000829797/185.png"; bbox 0 0 3950 6312; ppageno 0'>
   <div class='ocr_carea' id='block_1_1' title="bbox 339 313 535 426">
    <p class='ocr_par' dir='ltr' id='par_1_1' title="bbox 339 313 535 426">
     <span class='ocr_line' id='line_1_1' title="bbox 339 313 535 426; baseline 0 0"><span class='ocrx_word' id='word_1_1' title='bbox 339 313 344 317; x_wconf 42' lang='grc'><strong><em>’</em></strong></span> <span class='ocrx_word' id='word_1_2' title='bbox 418 363 535 426; x_wconf 84' lang='lat'><strong>355</strong></span> 
     </span>
    </p>
   </div>
   <div class='ocr_carea' id='block_1_2' title="bbox 1379 350 3806 436">
    <p class='ocr_par' dir='ltr' id='par_1_2' title="bbox 1379 350 3806 436">
     <span class='ocr_line' id='line_1_2' title="bbox 1379 350 3806 436; baseline 0.005 -13"><span class='ocrx_word' id='word_1_3' title='bbox 1379 356 1744 423; x_wconf 80' lang='lat' dir='ltr'>HUGONIS</span> <span class='ocrx_word' id='word_1_4' title='bbox 1788 350 2135 420; x_wconf 84' lang='lat' dir='ltr'><strong>ABBATIS</strong></span> <span class='ocrx_word' id='word_1_5' title='bbox 2177 355 2866 422; x_wconf 85' lang='lat' dir='ltr'><strong>FLAVINIACENSIS</strong></span> <span class='ocrx_word' id='word_1_6' title='bbox 3709 360 3806 436; x_wconf 76' lang='lat'><strong>956</strong></span> 
     </span>
    </p>
   </div>
   <div class='ocr_carea' id='block_1_3' title="bbox 422 489 3802 570">
    <p class='ocr_par' dir='ltr' id='par_1_3' title="bbox 422 489 3802 570">
     <span class='ocr_line' id='line_1_3' title="bbox 422 489 3802 570; baseline 0.001 -10"><span class='ocrx_word' id='word_1_7' title='bbox 422 516 655 560; x_wconf 88' lang='lat' dir='ltr'><strong>nensem</strong></span> <span class='ocrx_word' id='word_1_8' title='bbox 677 499 847 570; x_wconf 85' lang='lat'><strong>(202).</strong></span> <span class='ocrx_word' id='word_1_9' title='bbox 879 497 958 553; x_wconf 90' lang='lat' dir='ltr'><strong>lbi</strong></span> <span class='ocrx_word' id='word_1_10' title='bbox 989 512 1220 568; x_wconf 89' lang='lat' dir='ltr'><strong>quoque</strong></span> <span class='ocrx_word' id='word_1_11' title='bbox 1255 498 1502 552; x_wconf 89' lang='lat' dir='ltr'><strong>domnus</strong></span> <span class='ocrx_word' id='word_1_12' title='bbox 1537 493 1822 551; x_wconf 84' lang='lat' dir='ltr'><strong>Educnsis</strong></span> <span class='ocrx_word' id='word_1_13' title='bbox 1845 493 2068 564; x_wconf 88' lang='lat' dir='ltr'><strong>episco-</strong></span> <span class='ocrx_word' id='word_1_14' title='bbox 2101 493 2154 551; x_wconf 82' lang='lat' dir='ltr'><strong>A</strong></span> <span class='ocrx_word' id='word_1_15' title='bbox 2186 489 2572 548; x_wconf 85' lang='lat' dir='ltr'><strong>Flaviniacum</strong></span> <span class='ocrx_word' id='word_1_16' title='bbox 2607 493 2774 551; x_wconf 89' lang='lat' dir='ltr'><strong>nobis</strong></span> <span class='ocrx_word' id='word_1_17' title='bbox 2819 493 3124 567; x_wconf 84' lang='lat' dir='ltr'><strong>ingressis,</strong></span> <span class='ocrx_word' id='word_1_18' title='bbox 3159 496 3212 552; x_wconf 89' lang='lat' dir='ltr'><strong>in</strong></span> <span class='ocrx_word' id='word_1_19' title='bbox 3265 499 3579 558; x_wconf 87' lang='lat' dir='ltr'><strong>crastinum</strong></span> <span class='ocrx_word' id='word_1_20' title='bbox 3626 519 3802 565; x_wconf 85' lang='lat' dir='ltr'><strong>conse-</strong></span> 
     </span>
    </p>
   </div>
   <div class='ocr_carea' id='block_1_4' title="bbox 425 581 2068 662">
    <p class='ocr_par' dir='ltr' id='par_1_4' title="bbox 425 581 2068 662">
     <span class='ocr_line' id='line_1_4' title="bbox 425 581 2068 662; baseline -0.006 -18"><span class='ocrx_word' id='word_1_21' title='bbox 425 606 533 662; x_wconf 84' lang='lat' dir='ltr'><strong>pus</strong></span> <span class='ocrx_word' id='word_1_22' title='bbox 590 591 822 658; x_wconf 81' lang='lat' dir='ltr'><strong>[lagano</strong></span> <span class='ocrx_word' id='word_1_23' title='bbox 864 591 1224 656; x_wconf 81' lang='lat' dir='ltr'><strong>conquestus</strong></span> <span class='ocrx_word' id='word_1_24' title='bbox 1279 584 1588 656; x_wconf 89' lang='lat' dir='ltr'><strong>plurimum</strong></span> <span class='ocrx_word' id='word_1_25' title='bbox 1645 581 2068 638; x_wconf 80' lang='lat' dir='ltr'><strong>desolationem</strong></span> 
     </span>
    </p>
   </div>
   <div class='ocr_carea' id='block_1_5' title="bbox 424 670 2070 742">
    <p class='ocr_par' dir='ltr' id='par_1_5' title="bbox 424 670 2070 742">
     <span class='ocr_line' id='line_1_5' title="bbox 424 670 2070 742; baseline -0.008 -7"><span class='ocrx_word' id='word_1_26' title='bbox 424 675 896 742; x_wconf 86' lang='lat' dir='ltr'><strong>Flaviniaccnsis,</strong></span> <span class='ocrx_word' id='word_1_27' title='bbox 921 674 1206 741; x_wconf 68' lang='lat' dir='ltr'><strong>ecclesia),</strong></span> <span class='ocrx_word' id='word_1_28' title='bbox 1233 689 1362 729; x_wconf 90' lang='lat' dir='ltr'><strong>cum</strong></span> <span class='ocrx_word' id='word_1_29' title='bbox 1381 673 1495 742; x_wconf 87' lang='lat' dir='ltr'><strong>jam</strong></span> <span class='ocrx_word' id='word_1_30' title='bbox 1521 677 1654 742; x_wconf 86' lang='lat' dir='ltr'><strong>post</strong></span> <span class='ocrx_word' id='word_1_31' title='bbox 1678 672 1900 726; x_wconf 87' lang='lat' dir='ltr'><strong>obitum</strong></span> <span class='ocrx_word' id='word_1_32' title='bbox 1917 670 2070 725; x_wconf 90' lang='lat' dir='ltr'><strong>dom-</strong></span> 
     </span>
    </p>
   </div>
   <div class='ocr_carea' id='block_1_6' title="bbox 422 759 2071 838">
    <p class='ocr_par' dir='ltr' id='par_1_6' title="bbox 422 759 2071 838">
     <span class='ocr_line' id='line_1_6' title="bbox 422 759 2071 838; baseline -0.008 -14"><span class='ocrx_word' id='word_1_33' title='bbox 422 770 477 825; x_wconf 92' lang='lat' dir='ltr'><strong>ni</strong></span> <span class='ocrx_word' id='word_1_34' title='bbox 499 765 797 838; x_wconf 81' lang='lat' dir='ltr'><strong>Raynaldi,</strong></span> <span class='ocrx_word' id='word_1_35' title='bbox 828 763 1027 820; x_wconf 78' lang='lat' dir='ltr'><strong>fratris</strong></span> <span class='ocrx_word' id='word_1_36' title='bbox 1047 761 1233 832; x_wconf 83' lang='lat' dir='ltr'><strong>ducis,</strong></span> <span class='ocrx_word' id='word_1_37' title='bbox 1260 767 1484 832; x_wconf 91' lang='lat' dir='ltr'><strong>septem</strong></span> <span class='ocrx_word' id='word_1_38' title='bbox 1510 760 1676 815; x_wconf 89' lang='lat' dir='ltr'><strong>annis</strong></span> <span class='ocrx_word' id='word_1_39' title='bbox 1697 759 1947 822; x_wconf 74' lang='lat' dir='ltr'><strong>ecclesia</strong></span> <span class='ocrx_word' id='word_1_40' title='bbox 1980 773 2071 813; x_wconf 87' lang='lat' dir='ltr'><strong>ca-</strong></span> 
     </span>
    </p>
   </div>
   <div class='ocr_carea' id='block_1_7' title="bbox 425 848 2066 926">
    <p class='ocr_par' dir='ltr' id='par_1_7' title="bbox 425 848 2066 926">
     <span class='ocr_line' id='line_1_7' title="bbox 425 848 2066 926; baseline -0.008 -13"><span class='ocrx_word' id='word_1_41' title='bbox 425 858 553 913; x_wconf 88' lang='lat' dir='ltr'><strong>dem</strong></span> <span class='ocrx_word' id='word_1_42' title='bbox 579 859 812 926; x_wconf 80' lang='lat' dir='ltr'><strong>pastore</strong></span> <span class='ocrx_word' id='word_1_43' title='bbox 862 853 1097 908; x_wconf 80' lang='lat' dir='ltr'><strong>viduata</strong></span> <span class='ocrx_word' id='word_1_44' title='bbox 1133 851 1446 906; x_wconf 89' lang='lat' dir='ltr'><strong>mansisset</strong></span> <span class='ocrx_word' id='word_1_45' title='bbox 1475 850 1646 919; x_wconf 88' lang='lat'><strong>(203),</strong></span> <span class='ocrx_word' id='word_1_46' title='bbox 1676 864 1762 903; x_wconf 89' lang='lat' dir='ltr'><strong>me</strong></span> <span class='ocrx_word' id='word_1_47' title='bbox 1817 865 1886 903; x_wconf 76' lang='lat' dir='ltr'><strong>ro</strong></span> <span class='ocrx_word' id='word_1_48' title='bbox 1916 848 2066 918; x_wconf 86' lang='lat' dir='ltr'><strong>quod</strong></span> 
     </span>
    </p>
   </div>
   <div class='ocr_carea' id='block_1_8' title="bbox 428 937 2071 1016">
    <p class='ocr_par' dir='ltr' id='par_1_8' title="bbox 428 937 2071 1016">
     <span class='ocr_line' id='line_1_8' title="bbox 428 937 2071 1016; baseline -0.009 -14"><span class='ocrx_word' id='word_1_49' title='bbox 428 945 590 1016; x_wconf 85' lang='lat' dir='ltr'><strong>quasi</strong></span> <span class='ocrx_word' id='word_1_50' title='bbox 613 958 799 1001; x_wconf 84' lang='lat' dir='ltr'><strong>essem</strong></span> <span class='ocrx_word' id='word_1_51' title='bbox 832 945 1007 996; x_wconf 91' lang='lat' dir='ltr'><strong>notus</strong></span> <span class='ocrx_word' id='word_1_52' title='bbox 1037 939 1501 1010; x_wconf 79' lang='lat' dir='ltr'><strong>archiepiscopo,</strong></span> <span class='ocrx_word' id='word_1_53' title='bbox 1549 937 1701 1008; x_wconf 82' lang='lat' dir='ltr'><strong>quod</strong></span> <span class='ocrx_word' id='word_1_54' title='bbox 1737 938 1908 992; x_wconf 89' lang='lat' dir='ltr'><strong>etiam</strong></span> <span class='ocrx_word' id='word_1_55' title='bbox 1945 951 2071 1006; x_wconf 86' lang='lat' dir='ltr'><strong>per-</strong></span> 
     </span>
    </p>
   </div>
   <div class='ocr_carea' id='block_1_9' title="bbox 427 1023 2068 1106">
    <p class='ocr_par' dir='ltr' id='par_1_9' title="bbox 427 1023 2068 1106">
     <span class='ocr_line' id='line_1_9' title="bbox 427 1023 2068 1106; baseline -0.009 -15"><span class='ocrx_word' id='word_1_56' title='bbox 427 1050 582 1106; x_wconf 65' lang='lat' dir='ltr'><strong>saepe</strong></span> <span class='ocrx_word' id='word_1_57' title='bbox 636 1035 872 1100; x_wconf 78' lang='lat' dir='ltr'><strong>fecerat,</strong></span> <span class='ocrx_word' id='word_1_58' title='bbox 922 1029 1226 1098; x_wconf 84' lang='lat' dir='ltr'><strong>requisivit</strong></span> <span class='ocrx_word' id='word_1_59' title='bbox 1261 1030 1333 1083; x_wconf 87' lang='lat' dir='ltr'><strong>ab</strong></span> <span class='ocrx_word' id='word_1_60' title='bbox 1365 1044 1433 1082; x_wconf 86' lang='lat' dir='ltr'><strong>eo</strong></span> <span class='ocrx_word' id='word_1_61' title='bbox 1469 1028 1522 1082; x_wconf 91' lang='lat' dir='ltr'><strong>in</strong></span> <span class='ocrx_word' id='word_1_62' title='bbox 1582 1029 1884 1092; x_wconf 87' lang='lat' dir='ltr'><strong>abbatem;</strong></span> <span class='ocrx_word' id='word_1_63' title='bbox 1916 1023 2068 1094; x_wconf 85' lang='lat' dir='ltr'><strong>quod</strong></span> 
     </span>
    </p>
   </div>
   <div class='ocr_carea' id='block_1_10' title="bbox 425 1113 2070 1192">
    <p class='ocr_par' dir='ltr' id='par_1_10' title="bbox 425 1113 2070 1192">
     <span class='ocr_line' id='line_1_10' title="bbox 425 1113 2070 1192; baseline -0.009 -12"><span class='ocrx_word' id='word_1_64' title='bbox 425 1125 600 1180; x_wconf 81' lang='lat' dir='ltr'><strong>etiam</strong></span> <span class='ocrx_word' id='word_1_65' title='bbox 629 1118 1108 1192; x_wconf 85' lang='lat' dir='ltr'><strong>vixoptinuisset,</strong></span> <span class='ocrx_word' id='word_1_66' title='bbox 1132 1117 1238 1172; x_wconf 86' lang='lat' dir='ltr'><strong>nisi</strong></span> <span class='ocrx_word' id='word_1_67' title='bbox 1261 1116 1672 1172; x_wconf 88' lang='lat' dir='ltr'><strong>canonicorum</strong></span> <span class='ocrx_word' id='word_1_68' title='bbox 1696 1118 1748 1169; x_wconf 89' lang='lat' dir='ltr'><strong>et</strong></span> <span class='ocrx_word' id='word_1_69' title='bbox 1778 1113 2070 1183; x_wconf 74' lang='lat' dir='ltr'><strong>laycorum</strong></span> 
     </span>
    </p>
   </div>
   <div class='ocr_carea' id='block_1_11' title="bbox 427 1201 2075 1281">
    <p class='ocr_par' dir='ltr' id='par_1_11' title="bbox 427 1201 2075 1281">
     <span class='ocr_line' id='line_1_11' title="bbox 427 1201 2075 1281; baseline -0.009 -11"><span class='ocrx_word' id='word_1_70' title='bbox 427 1211 701 1281; x_wconf 77' lang='lat' dir='ltr'><strong>suffragia</strong></span> <span class='ocrx_word' id='word_1_71' title='bbox 729 1211 800 1266; x_wconf 90' lang='lat' dir='ltr'><strong>ad</strong></span> <span class='ocrx_word' id='word_1_72' title='bbox 834 1208 890 1263; x_wconf 93' lang='lat' dir='ltr'><strong>id</strong></span> <span class='ocrx_word' id='word_1_73' title='bbox 921 1206 1310 1278; x_wconf 76' lang='lat' dir='ltr'><strong>expetendum</strong></span> <span class='ocrx_word' id='word_1_74' title='bbox 1345 1205 1452 1259; x_wconf 79' lang='lat' dir='ltr'><strong>sibi</strong></span> <span class='ocrx_word' id='word_1_75' title='bbox 1497 1203 1877 1260; x_wconf 83' lang='lat' dir='ltr'><strong>adhibuisset.</strong></span> <span class='ocrx_word' id='word_1_76' title='bbox 1916 1201 2075 1272; x_wconf 89' lang='lat' dir='ltr'><strong>Opti-</strong></span> 
     </span>
    </p>
   </div>
   <div class='ocr_carea' id='block_1_12' title="bbox 427 1293 2070 1369">
    <p class='ocr_par' dir='ltr' id='par_1_12' title="bbox 427 1293 2070 1369">
     <span class='ocr_line' id='line_1_12' title="bbox 427 1293 2070 1369; baseline -0.008 -10"><span class='ocrx_word' id='word_1_77' title='bbox 427 1303 553 1360; x_wconf 91' lang='lat' dir='ltr'><strong>nuit</strong></span> <span class='ocrx_word' id='word_1_78' title='bbox 604 1307 814 1369; x_wconf 90' lang='lat' dir='ltr'><strong>tamen,</strong></span> <span class='ocrx_word' id='word_1_79' title='bbox 851 1302 907 1352; x_wconf 85' lang='lat' dir='ltr'><strong>et</strong></span> <span class='ocrx_word' id='word_1_80' title='bbox 945 1297 1159 1354; x_wconf 88' lang='lat' dir='ltr'><strong>missus</strong></span> <span class='ocrx_word' id='word_1_81' title='bbox 1190 1297 1276 1351; x_wconf 89' lang='lat' dir='ltr'><strong>est</strong></span> <span class='ocrx_word' id='word_1_82' title='bbox 1314 1295 1710 1351; x_wconf 83' lang='lat' dir='ltr'><strong>Cabilonensis</strong></span> <span class='ocrx_word' id='word_1_83' title='bbox 1741 1293 2070 1364; x_wconf 83' lang='lat' dir='ltr'><strong>episcOpus,</strong></span> 
     </span>
    </p>
   </div>
   <div class='ocr_carea' id='block_1_13' title="bbox 428 1382 2076 1465">
    <p class='ocr_par' dir='ltr' id='par_1_13' title="bbox 428 1382 2076 1465">
     <span class='ocr_line' id='line_1_13' title="bbox 428 1382 2076 1465; baseline -0.008 -15"><span class='ocrx_word' id='word_1_84' title='bbox 428 1393 527 1465; x_wconf 89' lang='lat' dir='ltr'><strong>qui</strong></span> <span class='ocrx_word' id='word_1_85' title='bbox 561 1393 830 1448; x_wconf 84' lang='lat' dir='ltr'><strong>domuum</strong></span> <span class='ocrx_word' id='word_1_86' title='bbox 857 1385 1263 1441; x_wconf 89' lang='lat' dir='ltr'><strong>Divionensem</strong></span> <span class='ocrx_word' id='word_1_87' title='bbox 1289 1383 1609 1454; x_wconf 85' lang='lat' dir='ltr'><strong>apostolica</strong></span> <span class='ocrx_word' id='word_1_88' title='bbox 1636 1382 1988 1437; x_wconf 80' lang='lat' dir='ltr'><strong>auctoritate</strong></span> <span class='ocrx_word' id='word_1_89' title='bbox 2015 1385 2076 1436; x_wconf 92' lang='lat' dir='ltr'><strong>ut</strong></span> 
     </span>
    </p>
   </div>
   <div class='ocr_carea' id='block_1_14' title="bbox 429 1473 2075 1549">
    <p class='ocr_par' dir='ltr' id='par_1_14' title="bbox 429 1473 2075 1549">
     <span class='ocr_line' id='line_1_14' title="bbox 429 1473 2075 1549; baseline -0.009 -8"><span class='ocrx_word' id='word_1_90' title='bbox 429 1482 768 1549; x_wconf 83' lang='lat' dir='ltr'><strong>assentiret,</strong></span> <span class='ocrx_word' id='word_1_91' title='bbox 793 1492 880 1534; x_wconf 90' lang='lat' dir='ltr'><strong>me</strong></span> <span class='ocrx_word' id='word_1_92' title='bbox 910 1477 1084 1532; x_wconf 86' lang='lat' dir='ltr'><strong>etiam</strong></span> <span class='ocrx_word' id='word_1_93' title='bbox 1112 1481 1170 1531; x_wconf 89' lang='lat' dir='ltr'><strong>ut</strong></span> <span class='ocrx_word' id='word_1_94' title='bbox 1199 1475 1495 1530; x_wconf 81' lang='lat' dir='ltr'><strong>obedirem</strong></span> <span class='ocrx_word' id='word_1_95' title='bbox 1523 1474 1762 1528; x_wconf 87' lang='lat' dir='ltr'><strong>viccsua</strong></span> <span class='ocrx_word' id='word_1_96' title='bbox 1786 1473 2075 1528; x_wconf 77' lang='lat' dir='ltr'><strong>constrin-</strong></span> 
     </span>
    </p>
   </div>
   <div class='ocr_carea' id='block_1_15' title="bbox 425 1561 2070 1644">
    <p class='ocr_par' dir='ltr' id='par_1_15' title="bbox 425 1561 2070 1644">
     <span class='ocr_line' id='line_1_15' title="bbox 425 1561 2070 1644; baseline -0.009 -14"><span class='ocrx_word' id='word_1_97' title='bbox 425 1576 612 1644; x_wconf 76' lang='lat' dir='ltr'><strong>geret,</strong></span> <span class='ocrx_word' id='word_1_98' title='bbox 638 1569 790 1640; x_wconf 88' lang='lat' dir='ltr'><strong>quod</strong></span> <span class='ocrx_word' id='word_1_99' title='bbox 815 1572 871 1624; x_wconf 87' lang='lat' dir='ltr'><strong>et</strong></span> <span class='ocrx_word' id='word_1_100' title='bbox 896 1567 1106 1622; x_wconf 89' lang='lat' dir='ltr'><strong>factum</strong></span> <span class='ocrx_word' id='word_1_101' title='bbox 1131 1569 1218 1619; x_wconf 89' lang='lat' dir='ltr'><strong>est</strong></span> <span class='ocrx_word' id='word_1_102' title='bbox 1244 1563 1339 1618; x_wconf 89' lang='lat' dir='ltr'><strong>ubi</strong></span> <span class='ocrx_word' id='word_1_103' title='bbox 1367 1561 1702 1617; x_wconf 87' lang='lat' dir='ltr'><strong>redivimus.</strong></span> <span class='ocrx_word' id='word_1_104' title='bbox 1724 1562 2070 1617; x_wconf 90' lang='lat' dir='ltr'><strong>Confirmata</strong></span> 
     </span>
    </p>
   </div>
   <div class='ocr_carea' id='block_1_16' title="bbox 426 1650 2067 1724">
    <p class='ocr_par' dir='ltr' id='par_1_16' title="bbox 426 1650 2067 1724">
     <span class='ocr_line' id='line_1_16' title="bbox 426 1650 2067 1724; baseline -0.008 -7"><span class='ocrx_word' id='word_1_105' title='bbox 426 1677 566 1719; x_wconf 87' lang='lat' dir='ltr'><strong>vero</strong></span> <span class='ocrx_word' id='word_1_106' title='bbox 598 1658 904 1724; x_wconf 86' lang='lat' dir='ltr'><strong>electione,</strong></span> <span class='ocrx_word' id='word_1_107' title='bbox 938 1658 994 1710; x_wconf 93' lang='lat' dir='ltr'><strong>ct</strong></span> <span class='ocrx_word' id='word_1_108' title='bbox 1029 1651 1497 1708; x_wconf 86' lang='lat' dir='ltr'><strong>consecrationis</strong></span> <span class='ocrx_word' id='word_1_109' title='bbox 1532 1650 1921 1705; x_wconf 86' lang='lat' dir='ltr'><strong>determinato</strong></span> <span class='ocrx_word' id='word_1_110' title='bbox 1955 1650 2067 1720; x_wconf 85' lang='lat' dir='ltr'><strong>die,</strong></span> 
     </span>
    </p>
   </div>
   <div class='ocr_carea' id='block_1_17' title="bbox 430 1739 2070 1819">
    <p class='ocr_par' dir='ltr' id='par_1_17' title="bbox 430 1739 2070 1819">
     <span class='ocr_line' id='line_1_17' title="bbox 430 1739 2070 1819; baseline -0.009 -12"><span class='ocrx_word' id='word_1_111' title='bbox 430 1747 934 1819; x_wconf 76' lang='lat' dir='ltr'><strong>archiepiscomim</strong></span> <span class='ocrx_word' id='word_1_112' title='bbox 968 1741 1080 1798; x_wconf 90' lang='lat' dir='ltr'><strong>adii</strong></span> <span class='ocrx_word' id='word_1_113' title='bbox 1100 1759 1111 1794; x_wconf 90' lang='lat'><strong>:</strong></span> <span class='ocrx_word' id='word_1_114' title='bbox 1131 1756 1256 1811; x_wconf 65' lang='lat' dir='ltr'><strong>quae</strong></span> <span class='ocrx_word' id='word_1_115' title='bbox 1281 1739 1407 1808; x_wconf 85' lang='lat' dir='ltr'><strong>ejus</strong></span> <span class='ocrx_word' id='word_1_116' title='bbox 1429 1754 1604 1810; x_wconf 88' lang='lat' dir='ltr'><strong>super</strong></span> <span class='ocrx_word' id='word_1_117' title='bbox 1627 1739 1734 1794; x_wconf 91' lang='lat' dir='ltr'><strong>hoc</strong></span> <span class='ocrx_word' id='word_1_118' title='bbox 1759 1744 1920 1793; x_wconf 88' lang='lat' dir='ltr'><strong>esset</strong></span> <span class='ocrx_word' id='word_1_119' title='bbox 1945 1754 2070 1794; x_wconf 56' lang='lat' dir='ltr'><strong>sen-</strong></span> 
     </span>
    </p>
   </div>
   <div class='ocr_carea' id='block_1_18' title="bbox 421 1827 2152 1905">
    <p class='ocr_par' dir='ltr' id='par_1_18' title="bbox 421 1827 2152 1905">
     <span class='ocr_line' id='line_1_18' title="bbox 421 1827 2152 1905; baseline -0.008 -10"><span class='ocrx_word' id='word_1_120' title='bbox 421 1839 608 1895; x_wconf 86' lang='lat' dir='ltr'><strong>tentia</strong></span> <span class='ocrx_word' id='word_1_121' title='bbox 631 1833 928 1905; x_wconf 84' lang='lat' dir='ltr'><strong>requisivi.</strong></span> <span class='ocrx_word' id='word_1_122' title='bbox 961 1832 1090 1901; x_wconf 89' lang='lat' dir='ltr'><strong>lpse</strong></span> <span class='ocrx_word' id='word_1_123' title='bbox 1107 1829 1458 1884; x_wconf 76' lang='lat' dir='ltr'><strong>anxietatem</strong></span> <span class='ocrx_word' id='word_1_124' title='bbox 1483 1833 1736 1883; x_wconf 85' lang='lat' dir='ltr'><strong>nostram</strong></span> <span class='ocrx_word' id='word_1_125' title='bbox 1757 1827 2067 1898; x_wconf 86' lang='lat' dir='ltr'><strong>plurimum</strong></span> <span class='ocrx_word' id='word_1_126' title='bbox 2098 1841 2152 1900; x_wconf 84' lang='grc' dir='ltr'>Β</span> 
     </span>
    </p>
   </div>
   <div class='ocr_carea' id='block_1_19' title="bbox 416 1916 2068 1992">
    <p class='ocr_par' dir='ltr' id='par_1_19' title="bbox 416 1916 2068 1992">
     <span class='ocr_line' id='line_1_19' title="bbox 416 1916 2068 1992; baseline -0.008 -8"><span class='ocrx_word' id='word_1_127' title='bbox 416 1927 778 1992; x_wconf 87' lang='lat' dir='ltr'><strong>consolatus,</strong></span> <span class='ocrx_word' id='word_1_128' title='bbox 804 1922 872 1976; x_wconf 89' lang='lat' dir='ltr'><strong>ad</strong></span> <span class='ocrx_word' id='word_1_129' title='bbox 899 1918 1300 1988; x_wconf 75' lang='lat' dir='ltr'><strong>exequendum</strong></span> <span class='ocrx_word' id='word_1_130' title='bbox 1331 1917 1485 1987; x_wconf 88' lang='lat' dir='ltr'><strong>quod</strong></span> <span class='ocrx_word' id='word_1_131' title='bbox 1506 1916 1823 1986; x_wconf 71' lang='lat' dir='ltr'><strong>jubebatur</strong></span> <span class='ocrx_word' id='word_1_132' title='bbox 1845 1916 2068 1971; x_wconf 82' lang='lat' dir='ltr'><strong>ratione</strong></span> 
     </span>
    </p>
   </div>
   <div class='ocr_carea' id='block_1_20' title="bbox 414 2003 2071 2082">
    <p class='ocr_par' dir='ltr' id='par_1_20' title="bbox 414 2003 2071 2082">
     <span class='ocr_line' id='line_1_20' title="bbox 414 2003 2071 2082; baseline -0.01 -9"><span class='ocrx_word' id='word_1_133' title='bbox 414 2014 664 2082; x_wconf 83' lang='lat' dir='ltr'><strong>induxit,</strong></span> <span class='ocrx_word' id='word_1_134' title='bbox 691 2009 1044 2069; x_wconf 89' lang='lat' dir='ltr'><strong>auctoritate</strong></span> <span class='ocrx_word' id='word_1_135' title='bbox 1070 2006 1342 2070; x_wconf 88' lang='lat' dir='ltr'><strong>munivit;</strong></span> <span class='ocrx_word' id='word_1_136' title='bbox 1375 2011 1432 2060; x_wconf 94' lang='lat' dir='ltr'><strong>et</strong></span> <span class='ocrx_word' id='word_1_137' title='bbox 1457 2006 1538 2060; x_wconf 88' lang='lat' dir='ltr'><strong>sic</strong></span> <span class='ocrx_word' id='word_1_138' title='bbox 1563 2005 1891 2072; x_wconf 89' lang='lat' dir='ltr'><strong>dimissum,</strong></span> <span class='ocrx_word' id='word_1_139' title='bbox 1917 2003 2071 2058; x_wconf 87' lang='lat' dir='ltr'><strong>litte-</strong></span> 
     </span>
    </p>
   </div>
   <div class='ocr_carea' id='block_1_21' title="bbox 413 2092 2069 2166">
    <p class='ocr_par' dir='ltr' id='par_1_21' title="bbox 413 2092 2069 2166">
     <span class='ocr_line' id='line_1_21' title="bbox 413 2092 2069 2166; baseline -0.008 -6"><span class='ocrx_word' id='word_1_140' title='bbox 413 2104 497 2160; x_wconf 88' lang='lat' dir='ltr'><strong>ris</strong></span> <span class='ocrx_word' id='word_1_141' title='bbox 519 2101 644 2160; x_wconf 88' lang='lat' dir='ltr'><strong>suis</strong></span> <span class='ocrx_word' id='word_1_142' title='bbox 666 2097 1020 2166; x_wconf 86' lang='lat' dir='ltr'><strong>bonestavit,</strong></span> <span class='ocrx_word' id='word_1_143' title='bbox 1061 2110 1207 2166; x_wconf 90' lang='lat' dir='ltr'><strong>quas</strong></span> <span class='ocrx_word' id='word_1_144' title='bbox 1241 2095 1400 2149; x_wconf 87' lang='lat' dir='ltr'><strong>misit</strong></span> <span class='ocrx_word' id='word_1_145' title='bbox 1425 2093 1674 2149; x_wconf 82' lang='lat' dir='ltr'><strong>Eduensi</strong></span> <span class='ocrx_word' id='word_1_146' title='bbox 1707 2093 1984 2164; x_wconf 88' lang='lat' dir='ltr'><strong>episcopo</strong></span> <span class='ocrx_word' id='word_1_147' title='bbox 2016 2092 2069 2146; x_wconf 91' lang='lat' dir='ltr'><strong>in</strong></span> 
     </span>
    </p>
   </div>
   <div class='ocr_carea' id='block_1_22' title="bbox 411 2191 773 2248">
    <p class='ocr_par' dir='ltr' id='par_1_22' title="bbox 411 2191 773 2248">
     <span class='ocr_line' id='line_1_22' title="bbox 411 2191 773 2248; baseline -0.011 0"><span class='ocrx_word' id='word_1_148' title='bbox 411 2191 516 2248; x_wconf 86' lang='lat' dir='ltr'><strong>hcc</strong></span> <span class='ocrx_word' id='word_1_149' title='bbox 546 2191 725 2248; x_wconf 83' lang='lat' dir='ltr'><strong>verba</strong></span> <span class='ocrx_word' id='word_1_150' title='bbox 752 2209 773 2244; x_wconf 85' lang='lat'><strong>.-</strong></span> 
     </span>
    </p>
   </div>
   <div class='ocr_carea' id='block_1_23' title="bbox 498 2269 2072 2345">
    <p class='ocr_par' dir='ltr' id='par_1_23' title="bbox 498 2269 2072 2345">
     <span class='ocr_line' id='line_1_23' title="bbox 498 2269 2072 2345; baseline -0.006 -11"><span class='ocrx_word' id='word_1_151' title='bbox 498 2277 834 2336; x_wconf 82' lang='lat' dir='ltr'><strong>Veuerabili</strong></span> <span class='ocrx_word' id='word_1_152' title='bbox 847 2277 913 2332; x_wconf 81' lang='lat' dir='ltr'><strong>iu</strong></span> <span class='ocrx_word' id='word_1_153' title='bbox 930 2274 1167 2331; x_wconf 78' lang='lat' dir='ltr'><strong>Christo</strong></span> <span class='ocrx_word' id='word_1_154' title='bbox 1178 2272 1406 2345; x_wconf 82' lang='lat' dir='ltr'><strong>fratri.</strong></span> <span class='ocrx_word' id='word_1_155' title='bbox 1428 2271 1752 2340; x_wconf 82' lang='lat' dir='ltr'><strong>Hagauoui</strong></span> <span class='ocrx_word' id='word_1_156' title='bbox 1771 2269 2072 2326; x_wconf 66' lang='lat' dir='ltr'><strong>“’Edueu-</strong></span> 
     </span>
    </p>
   </div>
   <div class='ocr_carea' id='block_1_24' title="bbox 409 2359 2069 2439">
    <p class='ocr_par' dir='ltr' id='par_1_24' title="bbox 409 2359 2069 2439">
     <span class='ocr_line' id='line_1_24' title="bbox 409 2359 2069 2439; baseline -0.008 -13"><span class='ocrx_word' id='word_1_157' title='bbox 409 2369 467 2426; x_wconf 87' lang='lat' dir='ltr'><strong>si</strong></span> <span class='ocrx_word' id='word_1_158' title='bbox 480 2369 764 2439; x_wconf 86' lang='lat' dir='ltr'><strong>episcopo,</strong></span> <span class='ocrx_word' id='word_1_159' title='bbox 781 2365 956 2434; x_wconf 86' lang='lat' dir='ltr'><strong>Hugo</strong></span> <span class='ocrx_word' id='word_1_160' title='bbox 981 2359 1399 2432; x_wconf 65' lang='lat' dir='ltr'><strong>Lugdunensis</strong></span> <span class='ocrx_word' id='word_1_161' title='bbox 1423 2359 1681 2416; x_wconf 77' lang='lat' dir='ltr'><strong>ecclesia</strong></span> <span class='ocrx_word' id='word_1_162' title='bbox 1691 2373 1896 2416; x_wconf 70' lang='lat' dir='ltr'><strong>serius</strong></span> <span class='ocrx_word' id='word_1_163' title='bbox 1909 2359 2069 2415; x_wconf 87' lang='lat' dir='ltr'><strong>salu-</strong></span> 
     </span>
    </p>
   </div>
   <div class='ocr_carea' id='block_1_25' title="bbox 415 2447 2066 2522">
    <p class='ocr_par' dir='ltr' id='par_1_25' title="bbox 415 2447 2066 2522">
     <span class='ocr_line' id='line_1_25' title="bbox 415 2447 2066 2522; baseline -0.005 -9"><span class='ocrx_word' id='word_1_164' title='bbox 415 2457 547 2513; x_wconf 88' lang='lat' dir='ltr'><strong>tem.</strong></span> <span class='ocrx_word' id='word_1_165' title='bbox 571 2455 852 2522; x_wconf 83' lang='lat' dir='ltr'><strong>Quotieus</strong></span> <span class='ocrx_word' id='word_1_166' title='bbox 875 2449 1282 2507; x_wconf 81' lang='lat' dir='ltr'><strong>humilitatem</strong></span> <span class='ocrx_word' id='word_1_167' title='bbox 1309 2449 1574 2506; x_wconf 78' lang='lat' dir='ltr'><strong>uestram</strong></span> <span class='ocrx_word' id='word_1_168' title='bbox 1601 2447 1838 2504; x_wconf 79' lang='lat' dir='ltr'><strong>dilectio</strong></span> <span class='ocrx_word' id='word_1_169' title='bbox 1867 2447 2066 2504; x_wconf 71' lang='lat' dir='ltr'><strong>vestra</strong></span> 
     </span>
    </p>
   </div>
   <div class='ocr_carea' id='block_1_26' title="bbox 413 2537 2067 2614">
    <p class='ocr_par' dir='ltr' id='par_1_26' title="bbox 413 2537 2067 2614">
     <span class='ocr_line' id='line_1_26' title="bbox 413 2537 2067 2614; baseline -0.005 -13"><span class='ocrx_word' id='word_1_170' title='bbox 413 2543 660 2612; x_wconf 78' lang='lat' dir='ltr'><strong>adierit,</strong></span> <span class='ocrx_word' id='word_1_171' title='bbox 679 2541 1069 2614; x_wconf 81' lang='lat' dir='ltr'><strong>quotieusuos</strong></span> <span class='ocrx_word' id='word_1_172' title='bbox 1079 2537 2067 2608; x_wconf 75' lang='lat' dir='ltr'><strong>prorestazn&#39;atioueFlaciuiaceu-</strong></span> 
     </span>
    </p>
   </div>
   <div class='ocr_carea' id='block_1_27' title="bbox 410 2625 2065 2700">
    <p class='ocr_par' dir='ltr' id='par_1_27' title="bbox 410 2625 2065 2700">
     <span class='ocr_line' id='line_1_27' title="bbox 410 2625 2065 2700; baseline -0.007 -9"><span class='ocrx_word' id='word_1_173' title='bbox 410 2635 498 2690; x_wconf 81' lang='lat' dir='ltr'><strong>sis</strong></span> <span class='ocrx_word' id='word_1_174' title='bbox 511 2632 786 2690; x_wconf 66' lang='lat' dir='ltr'><strong>(ecclesia</strong></span> <span class='ocrx_word' id='word_1_175' title='bbox 811 2627 1135 2700; x_wconf 73' lang='lat' dir='ltr'><strong>rogare/it,</strong></span> <span class='ocrx_word' id='word_1_176' title='bbox 1165 2625 1503 2696; x_wconf 70' lang='lat' dir='ltr'><strong>benignitas</strong></span> <span class='ocrx_word' id='word_1_177' title='bbox 1517 2627 1718 2682; x_wconf 69' lang='lat' dir='ltr'><strong>vestra</strong></span> <span class='ocrx_word' id='word_1_178' title='bbox 1737 2627 1892 2682; x_wconf 56' lang='lat' dir='ltr'><strong>satis</strong></span> <span class='ocrx_word' id='word_1_179' title='bbox 1911 2639 2065 2682; x_wconf 90' lang='lat' dir='ltr'><strong>reco-</strong></span> 
     </span>
    </p>
   </div>
   <div class='ocr_carea' id='block_1_28' title="bbox 415 2713 2064 2786">
    <p class='ocr_par' dir='ltr' id='par_1_28' title="bbox 415 2713 2064 2786">
     <span class='ocr_line' id='line_1_28' title="bbox 415 2713 2064 2786; baseline -0.005 -8"><span class='ocrx_word' id='word_1_180' title='bbox 415 2720 504 2778; x_wconf 91' lang='lat' dir='ltr'><strong>lit.</strong></span> <span class='ocrx_word' id='word_1_181' title='bbox 519 2721 810 2786; x_wconf 85' lang='lat' dir='ltr'><strong>Quesislis</strong></span> <span class='ocrx_word' id='word_1_182' title='bbox 823 2734 858 2776; x_wconf 90' lang='lat' dir='ltr'><strong>a</strong></span> <span class='ocrx_word' id='word_1_183' title='bbox 872 2715 1039 2774; x_wconf 79' lang='lat' dir='ltr'><strong>uobis</strong></span> <span class='ocrx_word' id='word_1_184' title='bbox 1051 2715 1242 2771; x_wconf 80' lang='lat' dir='ltr'><strong>multa</strong></span> <span class='ocrx_word' id='word_1_185' title='bbox 1253 2715 1579 2771; x_wconf 70' lang='lat' dir='ltr'><strong>sedulitate</strong></span> <span class='ocrx_word' id='word_1_186' title='bbox 1589 2713 1953 2770; x_wconf 81' lang='lat' dir='ltr'><strong>etiustautia</strong></span> <span class='ocrx_word' id='word_1_187' title='bbox 1967 2714 2064 2769; x_wconf 81' lang='lat' dir='ltr'><strong>ha-</strong></span> 
     </span>
    </p>
   </div>
   <div class='ocr_carea' id='block_1_29' title="bbox 405 2803 2062 2880">
    <p class='ocr_par' dir='ltr' id='par_1_29' title="bbox 405 2803 2062 2880">
     <span class='ocr_line' id='line_1_29' title="bbox 405 2803 2062 2880; baseline -0.004 -16"><span class='ocrx_word' id='word_1_188' title='bbox 405 2810 556 2866; x_wconf 80' lang='lat' dir='ltr'><strong>rissi</strong></span> <span class='ocrx_word' id='word_1_189' title='bbox 561 2823 611 2864; x_wconf 87' lang='lat' dir='ltr'><strong>m</strong></span> <span class='ocrx_word' id='word_1_190' title='bbox 619 2823 718 2864; x_wconf 86' lang='lat' dir='ltr'><strong>um</strong></span> <span class='ocrx_word' id='word_1_191' title='bbox 713 2807 988 2880; x_wconf 83' lang='lat' dir='ltr'><strong>fratrem</strong></span> <span class='ocrx_word' id='word_1_192' title='bbox 1000 2817 1104 2861; x_wconf 84' lang='lat' dir='ltr'><strong>uos</strong></span> <span class='ocrx_word' id='word_1_193' title='bbox 1111 2803 1266 2858; x_wconf 87' lang='lat' dir='ltr'><strong>trum</strong></span> <span class='ocrx_word' id='word_1_194' title='bbox 1281 2805 1394 2859; x_wconf 74' lang='lat' dir='ltr'><strong>Dic</strong></span> <span class='ocrx_word' id='word_1_195' title='bbox 1405 2804 1664 2859; x_wconf 78' lang='lat' dir='ltr'><strong>ioueusis</strong></span> <span class='ocrx_word' id='word_1_196' title='bbox 1677 2804 1936 2860; x_wconf 76' lang='lat' dir='ltr'><strong>ecclesia</strong></span> <span class='ocrx_word' id='word_1_197' title='bbox 1947 2817 2062 2858; x_wconf 87' lang='lat' dir='ltr'><strong>mo-</strong></span> 
     </span>
    </p>
   </div>
   <div class='ocr_carea' id='block_1_30' title="bbox 407 2891 2061 2966">
    <p class='ocr_par' dir='ltr' id='par_1_30' title="bbox 407 2891 2061 2966">
     <span class='ocr_line' id='line_1_30' title="bbox 407 2891 2061 2966; baseline -0.004 -12"><span class='ocrx_word' id='word_1_198' title='bbox 407 2897 667 2954; x_wconf 75' lang='lat' dir='ltr'><strong>nachum</strong></span> <span class='ocrx_word' id='word_1_199' title='bbox 697 2897 1025 2966; x_wconf 82' lang='lat' dir='ltr'><strong>Hugouem,</strong></span> <span class='ocrx_word' id='word_1_200' title='bbox 1045 2905 1220 2966; x_wconf 85' lang='lat' dir='ltr'><strong>quem</strong></span> <span class='ocrx_word' id='word_1_201' title='bbox 1241 2891 1408 2948; x_wconf 82' lang='lat' dir='ltr'><strong>uobis</strong></span> <span class='ocrx_word' id='word_1_202' title='bbox 1428 2905 2061 2962; x_wconf 84' lang='lat' dir='ltr'><strong>assumpseramus,cu-</strong></span> 
     </span>
    </p>
   </div>
   <div class='ocr_carea' id='block_1_31' title="bbox 398 2981 2060 3058">
    <p class='ocr_par' dir='ltr' id='par_1_31' title="bbox 398 2981 2060 3058">
     <span class='ocr_line' id='line_1_31' title="bbox 398 2981 2060 3058; baseline -0.005 -14"><span class='ocrx_word' id='word_1_203' title='bbox 398 2987 508 3058; x_wconf 83' lang='lat' dir='ltr'><strong>jus</strong></span> <span class='ocrx_word' id='word_1_204' title='bbox 536 3000 642 3044; x_wconf 87' lang='lat' dir='ltr'><strong>uos</strong></span> <span class='ocrx_word' id='word_1_205' title='bbox 667 2984 985 3042; x_wconf 84' lang='lat' dir='ltr'><strong>sedulitati</strong></span> <span class='ocrx_word' id='word_1_206' title='bbox 1016 2981 1315 3039; x_wconf 82' lang='lat' dir='ltr'><strong>credebam</strong></span> <span class='ocrx_word' id='word_1_207' title='bbox 1326 2994 1412 3049; x_wconf 86' lang='lat' dir='ltr'><strong>us,</strong></span> <span class='ocrx_word' id='word_1_208' title='bbox 1456 2981 1631 3036; x_wconf 86' lang='lat' dir='ltr'><strong>immo</strong></span> <span class='ocrx_word' id='word_1_209' title='bbox 1651 2982 1824 3050; x_wconf 72' lang='lat' dir='ltr'><strong>cujus</strong></span> <span class='ocrx_word' id='word_1_210' title='bbox 1849 2981 2060 3050; x_wconf 70' lang='lat' dir='ltr'><strong>lingua</strong></span> 
     </span>
    </p>
   </div>
   <div class='ocr_carea' id='block_1_32' title="bbox 404 3068 2059 3144">
    <p class='ocr_par' dir='ltr' id='par_1_32' title="bbox 404 3068 2059 3144">
     <span class='ocr_line' id='line_1_32' title="bbox 404 3068 2059 3144; baseline -0.005 -12"><span class='ocrx_word' id='word_1_211' title='bbox 404 3088 521 3132; x_wconf 71' lang='lat' dir='ltr'><strong>eoa:</strong></span> <span class='ocrx_word' id='word_1_212' title='bbox 531 3074 736 3132; x_wconf 77' lang='lat' dir='ltr'><strong>nostra</strong></span> <span class='ocrx_word' id='word_1_213' title='bbox 751 3071 1130 3144; x_wconf 72' lang='lat' dir='ltr'><strong>erat;elquo(l</strong></span> <span class='ocrx_word' id='word_1_214' title='bbox 1150 3069 1452 3140; x_wconf 79' lang='lat' dir='ltr'><strong>quesistis,</strong></span> <span class='ocrx_word' id='word_1_215' title='bbox 1479 3068 1552 3124; x_wconf 89' lang='lat' dir='ltr'><strong>ab</strong></span> <span class='ocrx_word' id='word_1_216' title='bbox 1569 3069 1754 3126; x_wconf 72' lang='lat' dir='ltr'><strong>incito</strong></span> <span class='ocrx_word' id='word_1_217' title='bbox 1767 3069 2059 3124; x_wconf 76' lang='lat' dir='ltr'><strong>etuoleute</strong></span> 
     </span>
    </p>
   </div>
   <div class='ocr_carea' id='block_1_33' title="bbox 407 3157 2053 3235">
    <p class='ocr_par' dir='ltr' id='par_1_33' title="bbox 407 3157 2053 3235">
     <span class='ocr_line' id='line_1_33' title="bbox 407 3157 2053 3235; baseline -0.004 -15"><span class='ocrx_word' id='word_1_218' title='bbox 407 3165 587 3235; x_wconf 85' lang='lat' dir='ltr'><strong>quasi</strong></span> <span class='ocrx_word' id='word_1_219' title='bbox 619 3161 978 3220; x_wconf 74' lang='lat' dir='ltr'><strong>eatarsistis.</strong></span> <span class='ocrx_word' id='word_1_220' title='bbox 1006 3161 1274 3216; x_wconf 81' lang='lat' dir='ltr'><strong>Electiou</strong></span> <span class='ocrx_word' id='word_1_221' title='bbox 1285 3173 1372 3213; x_wconf 87' lang='lat' dir='ltr'><strong>em</strong></span> <span class='ocrx_word' id='word_1_222' title='bbox 1396 3159 1589 3228; x_wconf 80' lang='lat' dir='ltr'><strong>igitur</strong></span> <span class='ocrx_word' id='word_1_223' title='bbox 1611 3160 1740 3228; x_wconf 85' lang='lat' dir='ltr'><strong>ejus</strong></span> <span class='ocrx_word' id='word_1_224' title='bbox 1755 3172 1788 3213; x_wconf 88' lang='lat' dir='ltr'><strong>a</strong></span> <span class='ocrx_word' id='word_1_225' title='bbox 1811 3157 1969 3214; x_wconf 80' lang='lat' dir='ltr'><strong>cobis</strong></span> <span class='ocrx_word' id='word_1_226' title='bbox 1989 3157 2053 3190; x_wconf 57' lang='lat'><strong>‘2‘</strong></span> 
     </span>
    </p>
   </div>
   <div class='ocr_carea' id='block_1_34' title="bbox 391 3247 2056 3322">
    <p class='ocr_par' dir='ltr' id='par_1_34' title="bbox 391 3247 2056 3322">
     <span class='ocr_line' id='line_1_34' title="bbox 391 3247 2056 3322; baseline -0.004 -13"><span class='ocrx_word' id='word_1_227' title='bbox 391 3252 636 3322; x_wconf 86' lang='lat' dir='ltr'><strong>factam</strong></span> <span class='ocrx_word' id='word_1_228' title='bbox 667 3250 986 3322; x_wconf 87' lang='lat' dir='ltr'><strong>apostolica</strong></span> <span class='ocrx_word' id='word_1_229' title='bbox 1014 3247 1376 3304; x_wconf 84' lang='lat' dir='ltr'><strong>auctoritate</strong></span> <span class='ocrx_word' id='word_1_230' title='bbox 1399 3248 1835 3317; x_wconf 70' lang='lat' dir='ltr'><strong>couﬁrmaules,</strong></span> <span class='ocrx_word' id='word_1_231' title='bbox 1864 3259 2056 3302; x_wconf 82' lang='lat' dir='ltr'><strong>cause-</strong></span> 
     </span>
    </p>
   </div>
   <div class='ocr_carea' id='block_1_35' title="bbox 405 3334 2049 3410">
    <p class='ocr_par' dir='ltr' id='par_1_35' title="bbox 405 3334 2049 3410">
     <span class='ocr_line' id='line_1_35' title="bbox 405 3334 2049 3410; baseline -0.003 -13"><span class='ocrx_word' id='word_1_232' title='bbox 405 3340 731 3397; x_wconf 76' lang='lat' dir='ltr'><strong>orationem</strong></span> <span class='ocrx_word' id='word_1_233' title='bbox 743 3338 936 3410; x_wconf 83' lang='lat' dir='ltr'><strong>ipsius</strong></span> <span class='ocrx_word' id='word_1_234' title='bbox 946 3351 1062 3408; x_wconf 89' lang='lat' dir='ltr'><strong>pro</strong></span> <span class='ocrx_word' id='word_1_235' title='bbox 1085 3335 1278 3392; x_wconf 80' lang='lat' dir='ltr'><strong>debito</strong></span> <span class='ocrx_word' id='word_1_236' title='bbox 1300 3335 1491 3390; x_wconf 67' lang='lat' dir='ltr'><strong>uestro</strong></span> <span class='ocrx_word' id='word_1_237' title='bbox 1511 3334 1674 3391; x_wconf 68' lang='lat' dir='ltr'><strong>vobis</strong></span> <span class='ocrx_word' id='word_1_238' title='bbox 1692 3335 1752 3390; x_wconf 78' lang='lat' dir='ltr'><strong>iu</strong></span> <span class='ocrx_word' id='word_1_239' title='bbox 1750 3351 1869 3406; x_wconf 80' lang='lat' dir='ltr'><strong>pou</strong></span> <span class='ocrx_word' id='word_1_240' title='bbox 1879 3335 2049 3405; x_wconf 84' lang='lat' dir='ltr'><strong>imus,</strong></span> 
     </span>
    </p>
   </div>
   <div class='ocr_carea' id='block_1_36' title="bbox 404 3421 2049 3496">
    <p class='ocr_par' dir='ltr' id='par_1_36' title="bbox 404 3421 2049 3496">
     <span class='ocr_line' id='line_1_36' title="bbox 404 3421 2049 3496; baseline -0.004 -10"><span class='ocrx_word' id='word_1_241' title='bbox 404 3428 628 3486; x_wconf 87' lang='lat' dir='ltr'><strong>certum</strong></span> <span class='ocrx_word' id='word_1_242' title='bbox 642 3425 940 3494; x_wconf 74' lang='lat' dir='ltr'><strong>habentes,</strong></span> <span class='ocrx_word' id='word_1_243' title='bbox 965 3425 1132 3496; x_wconf 87' lang='lat' dir='ltr'><strong>quia,</strong></span> <span class='ocrx_word' id='word_1_244' title='bbox 1153 3421 1272 3480; x_wconf 85' lang='lat' dir='ltr'><strong>etsi</strong></span> <span class='ocrx_word' id='word_1_245' title='bbox 1285 3435 1522 3493; x_wconf 79' lang='lat' dir='ltr'><strong>corpore</strong></span> <span class='ocrx_word' id='word_1_246' title='bbox 1551 3423 2049 3492; x_wconf 75' lang='lat' dir='ltr'><strong>absentessumus,</strong></span> 
     </span>
    </p>
   </div>
   <div class='ocr_carea' id='block_1_37' title="bbox 402 3511 2055 3588">
    <p class='ocr_par' dir='ltr' id='par_1_37' title="bbox 402 3511 2055 3588">
     <span class='ocr_line' id='line_1_37' title="bbox 402 3511 2055 3588; baseline -0.004 -15"><span class='ocrx_word' id='word_1_247' title='bbox 402 3517 629 3588; x_wconf 87' lang='lat' dir='ltr'><strong>spiritu</strong></span> <span class='ocrx_word' id='word_1_248' title='bbox 651 3515 970 3586; x_wconf 62' lang='lat' dir='ltr'><strong>praesentes</strong></span> <span class='ocrx_word' id='word_1_249' title='bbox 1001 3512 1082 3570; x_wconf 81' lang='lat' dir='ltr'><strong>ad</strong></span> <span class='ocrx_word' id='word_1_250' title='bbox 1101 3511 1377 3568; x_wconf 79' lang='lat' dir='ltr'><strong>honorem</strong></span> <span class='ocrx_word' id='word_1_251' title='bbox 1399 3513 1510 3568; x_wconf 86' lang='lat' dir='ltr'><strong>Dei</strong></span> <span class='ocrx_word' id='word_1_252' title='bbox 1527 3525 1643 3582; x_wconf 87' lang='lat' dir='ltr'><strong>per</strong></span> <span class='ocrx_word' id='word_1_253' title='bbox 1667 3511 1970 3568; x_wconf 71' lang='lat' dir='ltr'><strong>Christum</strong></span> <span class='ocrx_word' id='word_1_254' title='bbox 1990 3513 2055 3567; x_wconf 76' lang='lat' dir='ltr'><strong>in</strong></span> 
     </span>
    </p>
   </div>
   <div class='ocr_carea' id='block_1_38' title="bbox 401 3599 2055 3676">
    <p class='ocr_par' dir='ltr' id='par_1_38' title="bbox 401 3599 2055 3676">
     <span class='ocr_line' id='line_1_38' title="bbox 401 3599 2055 3676; baseline -0.004 -14"><span class='ocrx_word' id='word_1_255' title='bbox 401 3603 647 3676; x_wconf 74' lang='lat' dir='ltr'><strong>Spiritu</strong></span> <span class='ocrx_word' id='word_1_256' title='bbox 656 3603 859 3661; x_wconf 75' lang='lat' dir='ltr'><strong>sancto</strong></span> <span class='ocrx_word' id='word_1_257' title='bbox 872 3601 1303 3659; x_wconf 83' lang='lat' dir='ltr'><strong>cousecralioui</strong></span> <span class='ocrx_word' id='word_1_258' title='bbox 1316 3600 1500 3656; x_wconf 75' lang='lat' dir='ltr'><strong>eidem</strong></span> <span class='ocrx_word' id='word_1_259' title='bbox 1518 3599 2055 3671; x_wconf 57' lang='lat' dir='ltr'><strong>iuterwimus,etﬂ-</strong></span> 
     </span>
    </p>
   </div>
   <div class='ocr_carea' id='block_1_39' title="bbox 402 3688 2052 3762">
    <p class='ocr_par' dir='ltr' id='par_1_39' title="bbox 402 3688 2052 3762">
     <span class='ocr_line' id='line_1_39' title="bbox 402 3688 2052 3762; baseline -0.003 -12"><span class='ocrx_word' id='word_1_260' title='bbox 402 3693 560 3750; x_wconf 84' lang='lat' dir='ltr'><strong>deles</strong></span> <span class='ocrx_word' id='word_1_261' title='bbox 569 3691 734 3750; x_wconf 72' lang='lat' dir='ltr'><strong>vobis</strong></span> <span class='ocrx_word' id='word_1_262' title='bbox 749 3705 989 3762; x_wconf 83' lang='lat' dir='ltr'><strong>coepera</strong></span> <span class='ocrx_word' id='word_1_263' title='bbox 998 3689 1146 3746; x_wconf 87' lang='lat' dir='ltr'><strong>tores</strong></span> <span class='ocrx_word' id='word_1_264' title='bbox 1168 3691 1410 3746; x_wconf 83' lang='lat' dir='ltr'><strong>erimus.</strong></span> <span class='ocrx_word' id='word_1_265' title='bbox 1440 3689 1506 3745; x_wconf 87' lang='grc' dir='ltr'><em>Ν</em></span> <span class='ocrx_word' id='word_1_266' title='bbox 1505 3703 1616 3745; x_wconf 80' lang='lat' dir='ltr'><strong>uuc</strong></span> <span class='ocrx_word' id='word_1_267' title='bbox 1639 3688 1830 3758; x_wconf 86' lang='lat' dir='ltr'><strong>igitur</strong></span> <span class='ocrx_word' id='word_1_268' title='bbox 1837 3689 2052 3758; x_wconf 76' lang='lat' dir='ltr'><strong>pradi-</strong></span> 
     </span>
    </p>
   </div>
   <div class='ocr_carea' id='block_1_40' title="bbox 400 3776 2052 3854">
    <p class='ocr_par' dir='ltr' id='par_1_40' title="bbox 400 3776 2052 3854">
     <span class='ocr_line' id='line_1_40' title="bbox 400 3776 2052 3854; baseline -0.004 -14"><span class='ocrx_word' id='word_1_269' title='bbox 400 3784 558 3840; x_wconf 87' lang='lat' dir='ltr'><strong>clum</strong></span> <span class='ocrx_word' id='word_1_270' title='bbox 555 3781 824 3854; x_wconf 86' lang='lat' dir='ltr'><strong>fratrem</strong></span> <span class='ocrx_word' id='word_1_271' title='bbox 845 3781 905 3836; x_wconf 89' lang='lat' dir='ltr'><strong>et</strong></span> <span class='ocrx_word' id='word_1_272' title='bbox 899 3781 1003 3851; x_wconf 70' lang='lat' dir='ltr'><strong>ﬁli</strong></span> <span class='ocrx_word' id='word_1_273' title='bbox 1011 3793 1105 3836; x_wconf 86' lang='lat' dir='ltr'><strong>um</strong></span> <span class='ocrx_word' id='word_1_274' title='bbox 1125 3778 1587 3849; x_wconf 85' lang='lat' dir='ltr'><strong>uostrum,quem</strong></span> <span class='ocrx_word' id='word_1_275' title='bbox 1619 3777 1781 3833; x_wconf 81' lang='lat' dir='ltr'><strong>tanta</strong></span> <span class='ocrx_word' id='word_1_276' title='bbox 1802 3776 1910 3834; x_wconf 86' lang='lat' dir='ltr'><strong>sub</strong></span> <span class='ocrx_word' id='word_1_277' title='bbox 1906 3779 1943 3848; x_wconf 82' lang='lat' dir='ltr'><em>j</em></span> <span class='ocrx_word' id='word_1_278' title='bbox 1948 3779 2052 3834; x_wconf 84' lang='lat' dir='ltr'><strong>ici-</strong></span> 
     </span>
    </p>
   </div>
   <div class='ocr_carea' id='block_1_41' title="bbox 396 3867 2044 3941">
    <p class='ocr_par' dir='ltr' id='par_1_41' title="bbox 396 3867 2044 3941">
     <span class='ocr_line' id='line_1_41' title="bbox 396 3867 2044 3941; baseline -0.004 -12"><span class='ocrx_word' id='word_1_279' title='bbox 396 3885 529 3929; x_wconf 88' lang='lat' dir='ltr'><strong>mus</strong></span> <span class='ocrx_word' id='word_1_280' title='bbox 539 3873 725 3941; x_wconf 77' lang='lat' dir='ltr'><strong>oneri,</strong></span> <span class='ocrx_word' id='word_1_281' title='bbox 747 3871 959 3928; x_wconf 73' lang='lat' dir='ltr'><strong>castra</strong></span> <span class='ocrx_word' id='word_1_282' title='bbox 976 3869 1324 3940; x_wconf 71' lang='lat' dir='ltr'><strong>specialiter</strong></span> <span class='ocrx_word' id='word_1_283' title='bbox 1355 3867 1714 3924; x_wconf 63' lang='lat' dir='ltr'><strong>tuz&#39;tlouicou</strong></span> <span class='ocrx_word' id='word_1_284' title='bbox 1724 3867 2044 3937; x_wconf 75' lang='lat' dir='ltr'><strong>tradentes,</strong></span> 
     </span>
    </p>
   </div>
   <div class='ocr_carea' id='block_1_42' title="bbox 399 3955 2050 4028">
    <p class='ocr_par' dir='ltr' id='par_1_42' title="bbox 399 3955 2050 4028">
     <span class='ocr_line' id='line_1_42' title="bbox 399 3955 2050 4028; baseline -0.004 -9"><span class='ocrx_word' id='word_1_285' title='bbox 399 3960 820 4019; x_wconf 82' lang='lat' dir='ltr'><strong>committimus</strong></span> <span class='ocrx_word' id='word_1_286' title='bbox 831 3973 963 4016; x_wconf 86' lang='lat' dir='ltr'><strong>eum</strong></span> <span class='ocrx_word' id='word_1_287' title='bbox 973 3958 1116 4026; x_wconf 69' lang='lat' dir='ltr'><strong>ﬁdei</strong></span> <span class='ocrx_word' id='word_1_288' title='bbox 1127 3957 1351 4014; x_wconf 69' lang='lat' dir='ltr'><strong>vestra.</strong></span> <span class='ocrx_word' id='word_1_289' title='bbox 1379 3959 1556 4023; x_wconf 80' lang='lat' dir='ltr'><strong>Quem</strong></span> <span class='ocrx_word' id='word_1_290' title='bbox 1570 3955 1810 4026; x_wconf 83' lang='lat' dir='ltr'><strong>quidem</strong></span> <span class='ocrx_word' id='word_1_291' title='bbox 1823 3969 2050 4028; x_wconf 87' lang='lat' dir='ltr'><strong>semper</strong></span> 
     </span>
    </p>
   </div>
   <div class='ocr_carea' id='block_1_43' title="bbox 395 4045 2048 4120">
    <p class='ocr_par' dir='ltr' id='par_1_43' title="bbox 395 4045 2048 4120">
     <span class='ocr_line' id='line_1_43' title="bbox 395 4045 2048 4120; baseline -0.004 -14"><span class='ocrx_word' id='word_1_292' title='bbox 395 4062 572 4120; x_wconf 84' lang='lat' dir='ltr'><strong>peues</strong></span> <span class='ocrx_word' id='word_1_293' title='bbox 583 4063 686 4106; x_wconf 81' lang='lat' dir='ltr'><strong>nos</strong></span> <span class='ocrx_word' id='word_1_294' title='bbox 714 4049 1092 4104; x_wconf 76' lang='lat' dir='ltr'><strong>volueramus</strong></span> <span class='ocrx_word' id='word_1_295' title='bbox 1111 4046 1499 4115; x_wconf 71' lang='lat' dir='ltr'><strong>reliu.ere,sc.rl</strong></span> <span class='ocrx_word' id='word_1_296' title='bbox 1509 4046 1790 4102; x_wconf 83' lang='lat' dir='ltr'><strong>cessimus</strong></span> <span class='ocrx_word' id='word_1_297' title='bbox 1822 4045 2048 4101; x_wconf 68' lang='lat' dir='ltr'><strong>instau-</strong></span> 
     </span>
    </p>
   </div>
   <div class='ocr_carea' id='block_1_44' title="bbox 401 4134 2048 4205">
    <p class='ocr_par' dir='ltr' id='par_1_44' title="bbox 401 4134 2048 4205">
     <span class='ocr_line' id='line_1_44' title="bbox 401 4134 2048 4205; baseline -0.002 -11"><span class='ocrx_word' id='word_1_298' title='bbox 401 4138 498 4194; x_wconf 74' lang='lat' dir='ltr'><strong>tice</strong></span> <span class='ocrx_word' id='word_1_299' title='bbox 535 4136 762 4194; x_wconf 69' lang='lat' dir='ltr'><strong>vestra.</strong></span> <span class='ocrx_word' id='word_1_300' title='bbox 793 4136 1000 4193; x_wconf 85' lang='lat' dir='ltr'><strong>Nostis</strong></span> <span class='ocrx_word' id='word_1_301' title='bbox 1020 4150 1133 4204; x_wconf 85' lang='lat' dir='ltr'><strong>quo</strong></span> <span class='ocrx_word' id='word_1_302' title='bbox 1161 4149 1292 4190; x_wconf 88' lang='lat' dir='ltr'><strong>eum</strong></span> <span class='ocrx_word' id='word_1_303' title='bbox 1337 4135 1636 4190; x_wconf 73' lang='lat' dir='ltr'><strong>teneamus</strong></span> <span class='ocrx_word' id='word_1_304' title='bbox 1657 4134 1911 4205; x_wconf 68' lang='lat' dir='ltr'><strong>afectu;</strong></span> <span class='ocrx_word' id='word_1_305' title='bbox 1939 4135 2048 4191; x_wconf 87' lang='lat' dir='ltr'><strong>hoc</strong></span> 
     </span>
    </p>
   </div>
   <div class='ocr_carea' id='block_1_45' title="bbox 393 4222 2048 4297">
    <p class='ocr_par' dir='ltr' id='par_1_45' title="bbox 393 4222 2048 4297">
     <span class='ocr_line' id='line_1_45' title="bbox 393 4222 2048 4297; baseline -0.002 -16"><span class='ocrx_word' id='word_1_306' title='bbox 393 4226 526 4297; x_wconf 86' lang='lat' dir='ltr'><strong>ipso</strong></span> <span class='ocrx_word' id='word_1_307' title='bbox 561 4223 727 4280; x_wconf 74' lang='lat' dir='ltr'><strong>vobis</strong></span> <span class='ocrx_word' id='word_1_308' title='bbox 757 4237 889 4280; x_wconf 86' lang='lat' dir='ltr'><strong>eum</strong></span> <span class='ocrx_word' id='word_1_309' title='bbox 917 4222 1357 4280; x_wconf 72' lang='lat' dir='ltr'><strong>committimus.</strong></span> <span class='ocrx_word' id='word_1_310' title='bbox 1393 4224 1471 4279; x_wconf 80' lang='lat' dir='ltr'><strong>Ei</strong></span> <span class='ocrx_word' id='word_1_311' title='bbox 1505 4223 1701 4279; x_wconf 68' lang='lat' dir='ltr'><strong>autem</strong></span> <span class='ocrx_word' id='word_1_312' title='bbox 1731 4223 2048 4279; x_wconf 68' lang='lat' dir='ltr'><strong>consilium</strong></span> 
     </span>
    </p>
   </div>
   <div class='ocr_carea' id='block_1_46' title="bbox 397 4311 2046 4384">
    <p class='ocr_par' dir='ltr' id='par_1_46' title="bbox 397 4311 2046 4384">
     <span class='ocr_line' id='line_1_46' title="bbox 397 4311 2046 4384; baseline 0 -14"><span class='ocrx_word' id='word_1_313' title='bbox 397 4313 461 4370; x_wconf 84' lang='lat' dir='ltr'><strong>et</strong></span> <span class='ocrx_word' id='word_1_314' title='bbox 475 4313 626 4370; x_wconf 68' lang='lat' dir='ltr'><strong>auxi</strong></span> <span class='ocrx_word' id='word_1_315' title='bbox 634 4312 782 4369; x_wconf 88' lang='lat' dir='ltr'><strong>lium</strong></span> <span class='ocrx_word' id='word_1_316' title='bbox 796 4312 1065 4368; x_wconf 76' lang='lat' dir='ltr'><strong>nostrum</strong></span> <span class='ocrx_word' id='word_1_317' title='bbox 1084 4325 1200 4367; x_wconf 83' lang='lat' dir='ltr'><strong>uou</strong></span> <span class='ocrx_word' id='word_1_318' title='bbox 1218 4311 1440 4380; x_wconf 80' lang='lat' dir='ltr'><strong>deerit;</strong></span> <span class='ocrx_word' id='word_1_319' title='bbox 1461 4313 1566 4384; x_wconf 85' lang='lat' dir='ltr'><strong>qui</strong></span> <span class='ocrx_word' id='word_1_320' title='bbox 1578 4327 1694 4368; x_wconf 73' lang='lat' dir='ltr'><strong>nou</strong></span> <span class='ocrx_word' id='word_1_321' title='bbox 1707 4313 1897 4369; x_wconf 87' lang='lat' dir='ltr'><strong>solum</strong></span> <span class='ocrx_word' id='word_1_322' title='bbox 1911 4313 2046 4370; x_wconf 86' lang='lat' dir='ltr'><strong>Fla-</strong></span> 
     </span>
    </p>
   </div>
   <div class='ocr_carea' id='block_1_47' title="bbox 394 4402 2046 4474">
    <p class='ocr_par' dir='ltr' id='par_1_47' title="bbox 394 4402 2046 4474">
     <span class='ocr_line' id='line_1_47' title="bbox 394 4402 2046 4474; baseline -0.001 -12"><span class='ocrx_word' id='word_1_323' title='bbox 394 4402 730 4462; x_wconf 76' lang='lat' dir='ltr'><strong>ciuiaceusi</strong></span> <span class='ocrx_word' id='word_1_324' title='bbox 769 4402 1060 4472; x_wconf 64' lang='lat' dir='ltr'><strong>acetesia&#39;,</strong></span> <span class='ocrx_word' id='word_1_325' title='bbox 1085 4415 1288 4460; x_wconf 70' lang='lat' dir='ltr'><strong>verum</strong></span> <span class='ocrx_word' id='word_1_326' title='bbox 1326 4403 1618 4474; x_wconf 86' lang='lat' dir='ltr'><strong>quotquot</strong></span> <span class='ocrx_word' id='word_1_327' title='bbox 1641 4404 1786 4460; x_wconf 75' lang='lat' dir='ltr'><strong>sunt</strong></span> <span class='ocrx_word' id='word_1_328' title='bbox 1810 4403 1876 4458; x_wconf 84' lang='lat' dir='ltr'><strong>iu</strong></span> <span class='ocrx_word' id='word_1_329' title='bbox 1906 4403 2046 4460; x_wconf 70' lang='lat' dir='ltr'><strong>diae-</strong></span> 
     </span>
    </p>
   </div>
   <div class='ocr_carea' id='block_1_48' title="bbox 393 4491 2044 4565">
    <p class='ocr_par' dir='ltr' id='par_1_48' title="bbox 393 4491 2044 4565">
     <span class='ocr_line' id='line_1_48' title="bbox 393 4491 2044 4565; baseline -0.002 -13"><span class='ocrx_word' id='word_1_330' title='bbox 393 4494 515 4552; x_wconf 86' lang='lat' dir='ltr'><strong>cesi</strong></span> <span class='ocrx_word' id='word_1_331' title='bbox 540 4493 741 4550; x_wconf 74' lang='lat' dir='ltr'><strong>vestra</strong></span> <span class='ocrx_word' id='word_1_332' title='bbox 745 4506 861 4565; x_wconf 90' lang='lat' dir='ltr'><strong>pro</strong></span> <span class='ocrx_word' id='word_1_333' title='bbox 887 4493 1018 4565; x_wconf 85' lang='lat' dir='ltr'><strong>ejus</strong></span> <span class='ocrx_word' id='word_1_334' title='bbox 1038 4506 1237 4550; x_wconf 85' lang='lat' dir='ltr'><strong>amore</strong></span> <span class='ocrx_word' id='word_1_335' title='bbox 1253 4491 1470 4563; x_wconf 80' lang='lat' dir='ltr'><strong>parati</strong></span> <span class='ocrx_word' id='word_1_336' title='bbox 1490 4506 1696 4549; x_wconf 83' lang='lat' dir='ltr'><strong>sumus</strong></span> <span class='ocrx_word' id='word_1_337' title='bbox 1705 4508 1820 4564; x_wconf 89' lang='lat' dir='ltr'><strong>pro</strong></span> <span class='ocrx_word' id='word_1_338' title='bbox 1851 4491 2044 4549; x_wconf 81' lang='lat' dir='ltr'><strong>debito</strong></span> 
     </span>
    </p>
   </div>
   <div class='ocr_carea' id='block_1_49' title="bbox 2187 581 3797 656">
    <p class='ocr_par' dir='ltr' id='par_1_49' title="bbox 2187 581 3797 656">
     <span class='ocr_line' id='line_1_49' title="bbox 2187 581 3797 656; baseline 0.013 -22"><span class='ocrx_word' id='word_1_339' title='bbox 2187 581 2452 636; x_wconf 81' lang='lat' dir='ltr'><strong>oratione</strong></span> <span class='ocrx_word' id='word_1_340' title='bbox 2483 587 2741 654; x_wconf 87' lang='lat' dir='ltr'><strong>peracta,</strong></span> <span class='ocrx_word' id='word_1_341' title='bbox 2777 584 2848 640; x_wconf 91' lang='lat' dir='ltr'><strong>de</strong></span> <span class='ocrx_word' id='word_1_342' title='bbox 2899 585 3166 656; x_wconf 85' lang='lat' dir='ltr'><strong>profectu</strong></span> <span class='ocrx_word' id='word_1_343' title='bbox 3197 588 3463 646; x_wconf 69' lang='lat' dir='ltr'><strong>ecclesias</strong></span> <span class='ocrx_word' id='word_1_344' title='bbox 3513 595 3797 654; x_wconf 87' lang='lat' dir='ltr'><strong>tractatum</strong></span> 
     </span>
    </p>
   </div>
   <div class='ocr_carea' id='block_1_50' title="bbox 2183 671 3798 756">
    <p class='ocr_par' dir='ltr' id='par_1_50' title="bbox 2183 671 3798 756">
     <span class='ocr_line' id='line_1_50' title="bbox 2183 671 3798 756; baseline 0.012 -32"><span class='ocrx_word' id='word_1_345' title='bbox 2183 674 2308 735; x_wconf 88' lang='lat' dir='ltr'><strong>est;</strong></span> <span class='ocrx_word' id='word_1_346' title='bbox 2343 671 2474 726; x_wconf 86' lang='lat' dir='ltr'><strong>etsi</strong></span> <span class='ocrx_word' id='word_1_347' title='bbox 2522 677 2650 742; x_wconf 90' lang='lat' dir='ltr'><strong>post</strong></span> <span class='ocrx_word' id='word_1_348' title='bbox 2698 673 2823 729; x_wconf 90' lang='lat' dir='ltr'><strong>dies</strong></span> <span class='ocrx_word' id='word_1_349' title='bbox 2871 688 3138 745; x_wconf 87' lang='lat' dir='ltr'><strong>paucosa</strong></span> <span class='ocrx_word' id='word_1_350' title='bbox 3189 677 3398 734; x_wconf 90' lang='lat' dir='ltr'><strong>domno</strong></span> <span class='ocrx_word' id='word_1_351' title='bbox 3447 681 3718 756; x_wconf 83' lang='lat' dir='ltr'><strong>episcOpo</strong></span> <span class='ocrx_word' id='word_1_352' title='bbox 3753 691 3798 742; x_wconf 86' lang='lat' dir='ltr'><strong>et</strong></span> 
     </span>
    </p>
   </div>
   <div class='ocr_carea' id='block_1_51' title="bbox 2183 757 3612 835">
    <p class='ocr_par' dir='ltr' id='par_1_51' title="bbox 2183 757 3612 835">
     <span class='ocr_line' id='line_1_51' title="bbox 2183 757 3612 835; baseline 0.01 -23"><span class='ocrx_word' id='word_1_353' title='bbox 2183 757 2393 814; x_wconf 88' lang='lat' dir='ltr'><strong>domno</strong></span> <span class='ocrx_word' id='word_1_354' title='bbox 2427 760 2768 818; x_wconf 86' lang='lat' dir='ltr'><strong>Divionense</strong></span> <span class='ocrx_word' id='word_1_355' title='bbox 2797 765 3129 835; x_wconf 77' lang='lat' dir='ltr'><strong>ceterisque</strong></span> <span class='ocrx_word' id='word_1_356' title='bbox 3152 765 3474 826; x_wconf 88' lang='lat' dir='ltr'><strong>discessum</strong></span> <span class='ocrx_word' id='word_1_357' title='bbox 3504 775 3612 828; x_wconf 89' lang='lat' dir='ltr'><strong>est.</strong></span> 
     </span>
    </p>
   </div>
   <div class='ocr_carea' id='block_1_52' title="bbox 2255 848 3796 920">
    <p class='ocr_par' dir='ltr' id='par_1_52' title="bbox 2255 848 3796 920">
     <span class='ocr_line' id='line_1_52' title="bbox 2255 848 3796 920; baseline 0.012 -19"><span class='ocrx_word' id='word_1_358' title='bbox 2255 848 2462 903; x_wconf 88' lang='lat' dir='ltr'><strong>Eodem</strong></span> <span class='ocrx_word' id='word_1_359' title='bbox 2490 865 2638 906; x_wconf 90' lang='lat' dir='ltr'><strong>anno</strong></span> <span class='ocrx_word' id='word_1_360' title='bbox 2662 852 2840 920; x_wconf 78' lang='lat' dir='ltr'><strong>Aymo</strong></span> <span class='ocrx_word' id='word_1_361' title='bbox 2863 852 3165 910; x_wconf 88' lang='lat' dir='ltr'><strong>reddidit3</strong></span> <span class='ocrx_word' id='word_1_362' title='bbox 3186 855 3408 914; x_wconf 89' lang='lat' dir='ltr'><strong>solidos</strong></span> <span class='ocrx_word' id='word_1_363' title='bbox 3432 861 3723 919; x_wconf 86' lang='lat' dir='ltr'><strong>censuales</strong></span> <span class='ocrx_word' id='word_1_364' title='bbox 3741 865 3796 920; x_wconf 89' lang='lat' dir='ltr'><strong>de</strong></span> 
     </span>
    </p>
   </div>
   <div class='ocr_carea' id='block_1_53' title="bbox 2183 938 3795 1014">
    <p class='ocr_par' dir='ltr' id='par_1_53' title="bbox 2183 938 3795 1014">
     <span class='ocr_line' id='line_1_53' title="bbox 2183 938 3795 1014; baseline 0.012 -24"><span class='ocrx_word' id='word_1_365' title='bbox 2183 941 2377 992; x_wconf 78' lang='lat' dir='ltr'><strong>castro</strong></span> <span class='ocrx_word' id='word_1_366' title='bbox 2400 938 2552 1008; x_wconf 88' lang='lat' dir='ltr'><strong>quod</strong></span> <span class='ocrx_word' id='word_1_367' title='bbox 2583 940 2817 995; x_wconf 86' lang='lat' dir='ltr'><strong>Sacriba</strong></span> <span class='ocrx_word' id='word_1_368' title='bbox 2843 941 3078 1014; x_wconf 86' lang='lat' dir='ltr'><strong>dicitur,</strong></span> <span class='ocrx_word' id='word_1_369' title='bbox 3109 946 3166 1000; x_wconf 88' lang='lat' dir='ltr'><strong>et</strong></span> <span class='ocrx_word' id='word_1_370' title='bbox 3202 945 3272 1002; x_wconf 91' lang='lat' dir='ltr'><strong>de</strong></span> <span class='ocrx_word' id='word_1_371' title='bbox 3297 947 3472 1003; x_wconf 87' lang='lat' dir='ltr'><strong>terris</strong></span> <span class='ocrx_word' id='word_1_372' title='bbox 3497 948 3552 1004; x_wconf 89' lang='lat' dir='ltr'><strong>in</strong></span> <span class='ocrx_word' id='word_1_373' title='bbox 3575 951 3795 1010; x_wconf 88' lang='lat' dir='ltr'><strong>circuitu</strong></span> 
     </span>
    </p>
   </div>
   <div class='ocr_carea' id='block_1_54' title="bbox 2182 1025 3792 1110">
    <p class='ocr_par' dir='ltr' id='par_1_54' title="bbox 2182 1025 3792 1110">
     <span class='ocr_line' id='line_1_54' title="bbox 2182 1025 3792 1110; baseline 0.012 -32"><span class='ocrx_word' id='word_1_374' title='bbox 2182 1025 2358 1081; x_wconf 90' lang='lat' dir='ltr'><strong>castri</strong></span> <span class='ocrx_word' id='word_1_375' title='bbox 2382 1027 2448 1081; x_wconf 90' lang='lat' dir='ltr'><strong>ad</strong></span> <span class='ocrx_word' id='word_1_376' title='bbox 2470 1026 2568 1094; x_wconf 88' lang='lat' dir='ltr'><strong>jus</strong></span> <span class='ocrx_word' id='word_1_377' title='bbox 2591 1027 2870 1084; x_wconf 68' lang='lat' dir='ltr'><strong>zecclcsize</strong></span> <span class='ocrx_word' id='word_1_378' title='bbox 2899 1031 3350 1091; x_wconf 85' lang='lat' dir='ltr'><strong>Flaviniacensis</strong></span> <span class='ocrx_word' id='word_1_379' title='bbox 3374 1036 3792 1110; x_wconf 88' lang='lat' dir='ltr'><strong>pertinentibus,</strong></span> 
     </span>
    </p>
   </div>
   <div class='ocr_carea' id='block_1_55' title="bbox 2185 1113 3797 1198">
    <p class='ocr_par' dir='ltr' id='par_1_55' title="bbox 2185 1113 3797 1198">
     <span class='ocr_line' id='line_1_55' title="bbox 2185 1113 3797 1198; baseline 0.011 -31"><span class='ocrx_word' id='word_1_380' title='bbox 2185 1113 2238 1167; x_wconf 93' lang='lat' dir='ltr'><strong>in</strong></span> <span class='ocrx_word' id='word_1_381' title='bbox 2268 1115 2584 1170; x_wconf 89' lang='lat' dir='ltr'><strong>festivitate</strong></span> <span class='ocrx_word' id='word_1_382' title='bbox 2605 1118 2791 1171; x_wconf 87' lang='lat' dir='ltr'><strong>sancti</strong></span> <span class='ocrx_word' id='word_1_383' title='bbox 2815 1119 2974 1174; x_wconf 88' lang='lat' dir='ltr'><strong>Petri</strong></span> <span class='ocrx_word' id='word_1_384' title='bbox 2999 1119 3054 1175; x_wconf 92' lang='lat' dir='ltr'><strong>in</strong></span> <span class='ocrx_word' id='word_1_385' title='bbox 3078 1121 3333 1191; x_wconf 87' lang='lat' dir='ltr'><strong>plenaria</strong></span> <span class='ocrx_word' id='word_1_386' title='bbox 3365 1125 3550 1196; x_wconf 88' lang='lat' dir='ltr'><strong>curia,</strong></span> <span class='ocrx_word' id='word_1_387' title='bbox 3577 1141 3713 1198; x_wconf 91' lang='lat' dir='ltr'><strong>quos</strong></span> <span class='ocrx_word' id='word_1_388' title='bbox 3727 1144 3797 1185; x_wconf 83' lang='lat' dir='ltr'><strong>re-</strong></span> 
     </span>
    </p>
   </div>
   <div class='ocr_carea' id='block_1_56' title="bbox 2187 1203 3794 1287">
    <p class='ocr_par' dir='ltr' id='par_1_56' title="bbox 2187 1203 3794 1287">
     <span class='ocr_line' id='line_1_56' title="bbox 2187 1203 3794 1287; baseline 0.01 -29"><span class='ocrx_word' id='word_1_389' title='bbox 2187 1203 2445 1258; x_wconf 90' lang='lat' dir='ltr'><strong>tinuerat</strong></span> <span class='ocrx_word' id='word_1_390' title='bbox 2469 1203 2666 1261; x_wconf 87' lang='lat' dir='ltr'><strong>multis</strong></span> <span class='ocrx_word' id='word_1_391' title='bbox 2682 1213 2838 1262; x_wconf 90' lang='lat' dir='ltr'><strong>retro</strong></span> <span class='ocrx_word' id='word_1_392' title='bbox 2854 1208 3037 1278; x_wconf 90' lang='lat' dir='ltr'><strong>annis,</strong></span> <span class='ocrx_word' id='word_1_393' title='bbox 3055 1215 3114 1264; x_wconf 90' lang='lat' dir='ltr'><strong>et</strong></span> <span class='ocrx_word' id='word_1_394' title='bbox 3129 1225 3234 1282; x_wconf 90' lang='lat' dir='ltr'><strong>pro</strong></span> <span class='ocrx_word' id='word_1_395' title='bbox 3249 1213 3577 1271; x_wconf 90' lang='lat' dir='ltr'><strong>retentione</strong></span> <span class='ocrx_word' id='word_1_396' title='bbox 3597 1215 3794 1287; x_wconf 85' lang='lat' dir='ltr'><strong>culpam</strong></span> 
     </span>
    </p>
   </div>
   <div class='ocr_carea' id='block_1_57' title="bbox 2189 1292 3792 1374">
    <p class='ocr_par' dir='ltr' id='par_1_57' title="bbox 2189 1292 3792 1374">
     <span class='ocr_line' id='line_1_57' title="bbox 2189 1292 3792 1374; baseline 0.01 -28"><span class='ocrx_word' id='word_1_397' title='bbox 2189 1292 2345 1361; x_wconf 88' lang='lat' dir='ltr'><strong>fecit,</strong></span> <span class='ocrx_word' id='word_1_398' title='bbox 2365 1293 2419 1346; x_wconf 90' lang='lat' dir='ltr'><strong>et</strong></span> <span class='ocrx_word' id='word_1_399' title='bbox 2436 1293 2739 1350; x_wconf 83' lang='lat' dir='ltr'><strong>absolutus</strong></span> <span class='ocrx_word' id='word_1_400' title='bbox 2757 1301 2868 1351; x_wconf 89' lang='lat' dir='ltr'><strong>est.</strong></span> <span class='ocrx_word' id='word_1_401' title='bbox 2897 1300 3103 1354; x_wconf 81' lang='lat' dir='ltr'><strong>Actum</strong></span> <span class='ocrx_word' id='word_1_402' title='bbox 3128 1298 3222 1354; x_wconf 91' lang='lat' dir='ltr'><strong>die</strong></span> <span class='ocrx_word' id='word_1_403' title='bbox 3237 1300 3383 1358; x_wconf 85' lang='lat' dir='ltr'><strong>festo</strong></span> <span class='ocrx_word' id='word_1_404' title='bbox 3407 1303 3792 1374; x_wconf 87' lang='lat' dir='ltr'><strong>apostolorum.</strong></span> 
     </span>
    </p>
   </div>
   <div class='ocr_carea' id='block_1_58' title="bbox 2260 1381 3796 1461">
    <p class='ocr_par' dir='ltr' id='par_1_58' title="bbox 2260 1381 3796 1461">
     <span class='ocr_line' id='line_1_58' title="bbox 2260 1381 3796 1461; baseline 0.012 -27"><span class='ocrx_word' id='word_1_405' title='bbox 2260 1381 2502 1446; x_wconf 86' lang='lat' dir='ltr'><strong>Quidam</strong></span> <span class='ocrx_word' id='word_1_406' title='bbox 2541 1383 2714 1438; x_wconf 90' lang='lat' dir='ltr'><strong>etiam</strong></span> <span class='ocrx_word' id='word_1_407' title='bbox 2751 1385 3061 1442; x_wconf 85' lang='lat' dir='ltr'><strong>Folcuinus</strong></span> <span class='ocrx_word' id='word_1_408' title='bbox 3084 1390 3344 1461; x_wconf 88' lang='lat' dir='ltr'><strong>acceptis</strong></span> <span class='ocrx_word' id='word_1_409' title='bbox 3367 1406 3396 1446; x_wconf 90' lang='lat' dir='ltr'><strong>a</strong></span> <span class='ocrx_word' id='word_1_410' title='bbox 3422 1392 3588 1448; x_wconf 91' lang='lat' dir='ltr'><strong>nobis</strong></span> <span class='ocrx_word' id='word_1_411' title='bbox 3609 1395 3796 1452; x_wconf 76' lang='grc'>158011-</span> 
     </span>
    </p>
   </div>
   <div class='ocr_carea' id='block_1_59' title="bbox 2189 1469 3794 1554">
    <p class='ocr_par' dir='ltr' id='par_1_59' title="bbox 2189 1469 3794 1554">
     <span class='ocr_line' id='line_1_59' title="bbox 2189 1469 3794 1554; baseline 0.011 -32"><span class='ocrx_word' id='word_1_412' title='bbox 2189 1469 2295 1538; x_wconf 85' lang='lat' dir='ltr'><strong>dis,</strong></span> <span class='ocrx_word' id='word_1_413' title='bbox 2324 1470 2709 1542; x_wconf 74' lang='lat' dir='ltr'><strong>calumpniam</strong></span> <span class='ocrx_word' id='word_1_414' title='bbox 2733 1488 2900 1543; x_wconf 88' lang='lat' dir='ltr'><strong>quam</strong></span> <span class='ocrx_word' id='word_1_415' title='bbox 2914 1474 3236 1533; x_wconf 84' lang='lat' dir='ltr'><strong>habebatin</strong></span> <span class='ocrx_word' id='word_1_416' title='bbox 3259 1494 3460 1535; x_wconf 91' lang='lat' dir='ltr'><strong>manso</strong></span> <span class='ocrx_word' id='word_1_417' title='bbox 3475 1480 3548 1536; x_wconf 92' lang='lat' dir='ltr'><strong>de</strong></span> <span class='ocrx_word' id='word_1_418' title='bbox 3570 1481 3794 1554; x_wconf 87' lang='lat' dir='ltr'><strong>Galiaco,</strong></span> 
     </span>
    </p>
   </div>
   <div class='ocr_carea' id='block_1_60' title="bbox 2189 1559 3788 1637">
    <p class='ocr_par' dir='ltr' id='par_1_60' title="bbox 2189 1559 3788 1637">
     <span class='ocr_line' id='line_1_60' title="bbox 2189 1559 3788 1637; baseline 0.009 -25"><span class='ocrx_word' id='word_1_419' title='bbox 2189 1560 2338 1627; x_wconf 85' lang='lat' dir='ltr'><strong>quod</strong></span> <span class='ocrx_word' id='word_1_420' title='bbox 2371 1559 2665 1616; x_wconf 80' lang='lat' dir='ltr'><strong>Waldinus</strong></span> <span class='ocrx_word' id='word_1_421' title='bbox 2686 1562 2948 1634; x_wconf 87' lang='lat' dir='ltr'><strong>dederat,</strong></span> <span class='ocrx_word' id='word_1_422' title='bbox 2973 1565 3229 1636; x_wconf 86' lang='lat' dir='ltr'><strong>vurpivit</strong></span> <span class='ocrx_word' id='word_1_423' title='bbox 3254 1569 3641 1637; x_wconf 66' lang='lat' dir='ltr'><strong>praesentibus</strong></span> <span class='ocrx_word' id='word_1_424' title='bbox 3661 1569 3788 1628; x_wconf 88' lang='lat' dir='ltr'><strong>bis...</strong></span> 
     </span>
    </p>
   </div>
   <div class='ocr_carea' id='block_1_61' title="bbox 2181 1649 3791 1722">
    <p class='ocr_par' dir='ltr' id='par_1_61' title="bbox 2181 1649 3791 1722">
     <span class='ocr_line' id='line_1_61' title="bbox 2181 1649 3791 1722; baseline 0.011 -22"><span class='ocrx_word' id='word_1_425' title='bbox 2181 1649 2616 1716; x_wconf 81' lang='lat' dir='ltr'><strong>consanguineo</strong></span> <span class='ocrx_word' id='word_1_426' title='bbox 2640 1665 2765 1720; x_wconf 90' lang='lat' dir='ltr'><strong>suo,</strong></span> <span class='ocrx_word' id='word_1_427' title='bbox 2812 1653 2908 1722; x_wconf 92' lang='lat' dir='ltr'><strong>qui</strong></span> <span class='ocrx_word' id='word_1_428' title='bbox 2957 1653 3180 1710; x_wconf 89' lang='lat' dir='ltr'><strong>frenum</strong></span> <span class='ocrx_word' id='word_1_429' title='bbox 3202 1654 3271 1688; x_wconf 81' lang='grc'><strong>⁸²⁵</strong></span> <span class='ocrx_word' id='word_1_430' title='bbox 3297 1656 3476 1714; x_wconf 89' lang='lat' dir='ltr'><strong>trium</strong></span> <span class='ocrx_word' id='word_1_431' title='bbox 3511 1657 3791 1717; x_wconf 89' lang='lat' dir='ltr'><strong>solidorum</strong></span> 
     </span>
    </p>
   </div>
   <div class='ocr_carea' id='block_1_62' title="bbox 2184 1739 2952 1806">
    <p class='ocr_par' dir='ltr' id='par_1_62' title="bbox 2184 1739 2952 1806">
     <span class='ocr_line' id='line_1_62' title="bbox 2184 1739 2952 1806; baseline 0.012 -18"><span class='ocrx_word' id='word_1_432' title='bbox 2184 1750 2288 1806; x_wconf 91' lang='lat' dir='ltr'><strong>pro</strong></span> <span class='ocrx_word' id='word_1_433' title='bbox 2316 1739 2698 1794; x_wconf 75' lang='lat' dir='ltr'><strong>concessione</strong></span> <span class='ocrx_word' id='word_1_434' title='bbox 2729 1739 2952 1797; x_wconf 87' lang='lat' dir='ltr'><strong>habuit.</strong></span> 
     </span>
    </p>
   </div>
   <div class='ocr_carea' id='block_1_63' title="bbox 2257 1826 3790 1900">
    <p class='ocr_par' dir='ltr' id='par_1_63' title="bbox 2257 1826 3790 1900">
     <span class='ocr_line' id='line_1_63' title="bbox 2257 1826 3790 1900; baseline 0.01 -22"><span class='ocrx_word' id='word_1_435' title='bbox 2257 1826 2367 1880; x_wconf 80' lang='lat' dir='ltr'><strong>Pro</strong></span> <span class='ocrx_word' id='word_1_436' title='bbox 2399 1827 2662 1895; x_wconf 82' lang='lat' dir='ltr'><strong>equabus</strong></span> <span class='ocrx_word' id='word_1_437' title='bbox 2685 1843 2830 1898; x_wconf 90' lang='lat' dir='ltr'><strong>quas</strong></span> <span class='ocrx_word' id='word_1_438' title='bbox 2853 1837 3092 1900; x_wconf 89' lang='lat' dir='ltr'><strong>ceperat</strong></span> <span class='ocrx_word' id='word_1_439' title='bbox 3111 1837 3170 1888; x_wconf 91' lang='lat' dir='ltr'><strong>et</strong></span> <span class='ocrx_word' id='word_1_440' title='bbox 3189 1833 3511 1892; x_wconf 82' lang='lat' dir='ltr'><strong>abduxerat</strong></span> <span class='ocrx_word' id='word_1_441' title='bbox 3535 1837 3689 1894; x_wconf 90' lang='lat' dir='ltr'><strong>Wido</strong></span> <span class='ocrx_word' id='word_1_442' title='bbox 3709 1837 3790 1894; x_wconf 88' lang='lat' dir='ltr'><strong>Lu-</strong></span> 
     </span>
    </p>
   </div>
   <div class='ocr_carea' id='block_1_64' title="bbox 2181 1911 3098 1974">
    <p class='ocr_par' dir='ltr' id='par_1_64' title="bbox 2181 1911 3098 1974">
     <span class='ocr_line' id='line_1_64' title="bbox 2181 1911 3098 1974; baseline 0.008 -7"><span class='ocrx_word' id='word_1_443' title='bbox 2181 1911 2530 1968; x_wconf 89' lang='lat' dir='ltr'><strong>ciniacensis</strong></span> <span class='ocrx_word' id='word_1_444' title='bbox 2569 1919 2665 1969; x_wconf 87' lang='grc'><strong>100</strong></span> <span class='ocrx_word' id='word_1_445' title='bbox 2696 1917 2915 1973; x_wconf 89' lang='lat' dir='ltr'><strong>solidos</strong></span> <span class='ocrx_word' id='word_1_446' title='bbox 2947 1918 3098 1974; x_wconf 81' lang='lat' dir='ltr'><strong>dedi.</strong></span> 
     </span>
    </p>
   </div>
   <div class='ocr_carea' id='block_1_65' title="bbox 2255 2001 3826 2079">
    <p class='ocr_par' dir='ltr' id='par_1_65' title="bbox 2255 2001 3826 2079">
     <span class='ocr_line' id='line_1_65' title="bbox 2255 2001 3826 2079; baseline 0.01 -23"><span class='ocrx_word' id='word_1_447' title='bbox 2255 2001 2438 2057; x_wconf 91' lang='lat' dir='ltr'><strong>Odoni</strong></span> <span class='ocrx_word' id='word_1_448' title='bbox 2466 2004 2790 2061; x_wconf 87' lang='lat' dir='ltr'><strong>vieccomiti</strong></span> <span class='ocrx_word' id='word_1_449' title='bbox 2817 2007 3238 2079; x_wconf 83' lang='lat' dir='ltr'><strong>Rubeimontis,</strong></span> <span class='ocrx_word' id='word_1_450' title='bbox 3259 2025 3390 2067; x_wconf 90' lang='lat' dir='ltr'><strong>cum</strong></span> <span class='ocrx_word' id='word_1_451' title='bbox 3411 2018 3612 2069; x_wconf 88' lang='lat' dir='ltr'><strong>noster</strong></span> <span class='ocrx_word' id='word_1_452' title='bbox 3631 2015 3789 2072; x_wconf 78' lang='lat' dir='ltr'><strong>factus</strong></span> <span class='ocrx_word' id='word_1_453' title='bbox 3809 2041 3826 2054; x_wconf 76' lang='grc' dir='ltr'><strong><em>ο</em></strong></span> 
     </span>
    </p>
   </div>
   <div class='ocr_carea' id='block_1_66' title="bbox 2182 2094 3786 2168">
    <p class='ocr_par' dir='ltr' id='par_1_66' title="bbox 2182 2094 3786 2168">
     <span class='ocr_line' id='line_1_66' title="bbox 2182 2094 3786 2168; baseline 0.007 -22"><span class='ocrx_word' id='word_1_454' title='bbox 2182 2097 2293 2160; x_wconf 91' lang='lat' dir='ltr'><strong>est,</strong></span> <span class='ocrx_word' id='word_1_455' title='bbox 2322 2108 2426 2163; x_wconf 89' lang='lat' dir='ltr'><strong>pro</strong></span> <span class='ocrx_word' id='word_1_456' title='bbox 2451 2094 2799 2162; x_wconf 88' lang='lat' dir='ltr'><strong>quihusdam</strong></span> <span class='ocrx_word' id='word_1_457' title='bbox 2820 2099 3341 2168; x_wconf 86' lang='lat' dir='ltr'><strong>compositionibus</strong></span> <span class='ocrx_word' id='word_1_458' title='bbox 3355 2105 3425 2156; x_wconf 90' lang='lat' dir='ltr'><strong>3O</strong></span> <span class='ocrx_word' id='word_1_459' title='bbox 3438 2101 3650 2159; x_wconf 88' lang='lat' dir='ltr'><strong>solidos</strong></span> <span class='ocrx_word' id='word_1_460' title='bbox 3663 2103 3786 2160; x_wconf 86' lang='lat' dir='ltr'><strong>dedi.</strong></span> 
     </span>
    </p>
   </div>
   <div class='ocr_carea' id='block_1_67' title="bbox 2255 2182 3790 2261">
    <p class='ocr_par' dir='ltr' id='par_1_67' title="bbox 2255 2182 3790 2261">
     <span class='ocr_line' id='line_1_67' title="bbox 2255 2182 3790 2261; baseline 0.009 -26"><span class='ocrx_word' id='word_1_461' title='bbox 2255 2182 2496 2238; x_wconf 85' lang='lat' dir='ltr'><strong>Girardo</strong></span> <span class='ocrx_word' id='word_1_462' title='bbox 2527 2185 2597 2238; x_wconf 87' lang='lat' dir='ltr'><strong>de</strong></span> <span class='ocrx_word' id='word_1_463' title='bbox 2627 2185 2862 2241; x_wconf 90' lang='lat' dir='ltr'><strong>Duisino</strong></span> <span class='ocrx_word' id='word_1_464' title='bbox 2905 2192 2963 2242; x_wconf 92' lang='grc'><strong>11</strong></span> <span class='ocrx_word' id='word_1_465' title='bbox 3003 2186 3222 2244; x_wconf 89' lang='lat' dir='ltr'><strong>solidos</strong></span> <span class='ocrx_word' id='word_1_466' title='bbox 3272 2205 3381 2260; x_wconf 90' lang='lat' dir='ltr'><strong>pro</strong></span> <span class='ocrx_word' id='word_1_467' title='bbox 3423 2193 3662 2261; x_wconf 88' lang='lat' dir='ltr'><strong>quodam</strong></span> <span class='ocrx_word' id='word_1_468' title='bbox 3689 2207 3790 2249; x_wconf 93' lang='lat' dir='ltr'><strong>nos-</strong></span> 
     </span>
    </p>
   </div>
   <div class='ocr_carea' id='block_1_68' title="bbox 2183 2272 3791 2346">
    <p class='ocr_par' dir='ltr' id='par_1_68' title="bbox 2183 2272 3791 2346">
     <span class='ocr_line' id='line_1_68' title="bbox 2183 2272 3791 2346; baseline 0.007 -21"><span class='ocrx_word' id='word_1_469' title='bbox 2183 2277 2274 2326; x_wconf 88' lang='lat' dir='ltr'><strong>tro</strong></span> <span class='ocrx_word' id='word_1_470' title='bbox 2307 2272 2598 2328; x_wconf 87' lang='lat' dir='ltr'><strong>serviente</strong></span> <span class='ocrx_word' id='word_1_471' title='bbox 2630 2275 2701 2328; x_wconf 91' lang='lat' dir='ltr'><strong>dc</strong></span> <span class='ocrx_word' id='word_1_472' title='bbox 2749 2275 3002 2346; x_wconf 89' lang='lat' dir='ltr'><strong>Galiaco,</strong></span> <span class='ocrx_word' id='word_1_473' title='bbox 3057 2277 3300 2334; x_wconf 84' lang='lat' dir='ltr'><strong>Artaldo</strong></span> <span class='ocrx_word' id='word_1_474' title='bbox 3331 2281 3405 2335; x_wconf 91' lang='lat' dir='ltr'><strong>de</strong></span> <span class='ocrx_word' id='word_1_475' title='bbox 3438 2281 3642 2337; x_wconf 89' lang='lat' dir='ltr'><strong>Sancto</strong></span> <span class='ocrx_word' id='word_1_476' title='bbox 3672 2282 3791 2336; x_wconf 87' lang='lat' dir='ltr'><strong>Bau-</strong></span> 
     </span>
    </p>
   </div>
   <div class='ocr_carea' id='block_1_69' title="bbox 2182 2359 2700 2418">
    <p class='ocr_par' dir='ltr' id='par_1_69' title="bbox 2182 2359 2700 2418">
     <span class='ocr_line' id='line_1_69' title="bbox 2182 2359 2700 2418; baseline 0.01 -4"><span class='ocrx_word' id='word_1_477' title='bbox 2182 2359 2335 2416; x_wconf 84' lang='lat' dir='ltr'><strong>delio</strong></span> <span class='ocrx_word' id='word_1_478' title='bbox 2366 2367 2435 2416; x_wconf 90' lang='lat'><strong>20</strong></span> <span class='ocrx_word' id='word_1_479' title='bbox 2465 2363 2700 2418; x_wconf 87' lang='lat' dir='ltr'><strong>solidos.</strong></span> 
     </span>
    </p>
   </div>
   <div class='ocr_carea' id='block_1_70' title="bbox 2253 2451 3794 2528">
    <p class='ocr_par' dir='ltr' id='par_1_70' title="bbox 2253 2451 3794 2528">
     <span class='ocr_line' id='line_1_70' title="bbox 2253 2451 3794 2528; baseline 0.006 -24"><span class='ocrx_word' id='word_1_480' title='bbox 2253 2452 2485 2519; x_wconf 74' lang='lat' dir='ltr'><strong>[lagano</strong></span> <span class='ocrx_word' id='word_1_481' title='bbox 2506 2452 2680 2506; x_wconf 85' lang='lat' dir='ltr'><strong>etiam</strong></span> <span class='ocrx_word' id='word_1_482' title='bbox 2703 2451 2774 2508; x_wconf 89' lang='lat' dir='ltr'><strong>de</strong></span> <span class='ocrx_word' id='word_1_483' title='bbox 2795 2453 2944 2510; x_wconf 82' lang='lat' dir='ltr'><strong>Roca</strong></span> <span class='ocrx_word' id='word_1_484' title='bbox 2971 2460 3174 2511; x_wconf 88' lang='lat' dir='ltr'><strong>noster</strong></span> <span class='ocrx_word' id='word_1_485' title='bbox 3197 2457 3410 2528; x_wconf 87' lang='lat' dir='ltr'><strong>factus,</strong></span> <span class='ocrx_word' id='word_1_486' title='bbox 3433 2457 3659 2514; x_wconf 87' lang='lat' dir='ltr'><strong>vidente</strong></span> <span class='ocrx_word' id='word_1_487' title='bbox 3679 2459 3794 2528; x_wconf 82' lang='lat' dir='ltr'><strong>Bay-</strong></span> 
     </span>
    </p>
   </div>
   <div class='ocr_carea' id='block_1_71' title="bbox 2179 2539 3786 2618">
    <p class='ocr_par' dir='ltr' id='par_1_71' title="bbox 2179 2539 3786 2618">
     <span class='ocr_line' id='line_1_71' title="bbox 2179 2539 3786 2618; baseline 0.005 -24"><span class='ocrx_word' id='word_1_488' title='bbox 2179 2539 2351 2594; x_wconf 83' lang='lat' dir='ltr'><strong>naldo</strong></span> <span class='ocrx_word' id='word_1_489' title='bbox 2387 2540 2672 2596; x_wconf 81' lang='lat' dir='ltr'><strong>avunculo</strong></span> <span class='ocrx_word' id='word_1_490' title='bbox 2705 2556 2811 2598; x_wconf 90' lang='lat' dir='ltr'><strong>suo</strong></span> <span class='ocrx_word' id='word_1_491' title='bbox 2840 2543 3223 2614; x_wconf 88' lang='lat' dir='ltr'><strong>calumpniam</strong></span> <span class='ocrx_word' id='word_1_492' title='bbox 3261 2545 3392 2602; x_wconf 73' lang='lat' dir='ltr'><strong>faedi</strong></span> <span class='ocrx_word' id='word_1_493' title='bbox 3441 2546 3528 2603; x_wconf 75' lang='grc'>⁸³⁸.</span> <span class='ocrx_word' id='word_1_494' title='bbox 3555 2547 3690 2618; x_wconf 75' lang='lat'><strong>(205)</strong></span> <span class='ocrx_word' id='word_1_495' title='bbox 3715 2547 3786 2603; x_wconf 88' lang='lat' dir='ltr'><strong>sui</strong></span> 
     </span>
    </p>
   </div>
   <div class='ocr_carea' id='block_1_72' title="bbox 2179 2628 3788 2706">
    <p class='ocr_par' dir='ltr' id='par_1_72' title="bbox 2179 2628 3788 2706">
     <span class='ocr_line' id='line_1_72' title="bbox 2179 2628 3788 2706; baseline 0.006 -24"><span class='ocrx_word' id='word_1_496' title='bbox 2179 2628 2396 2684; x_wconf 82' lang='lat' dir='ltr'><strong>Finium</strong></span> <span class='ocrx_word' id='word_1_497' title='bbox 2428 2631 2537 2684; x_wconf 75' lang='lat' dir='ltr'><strong>Deo</strong></span> <span class='ocrx_word' id='word_1_498' title='bbox 2561 2636 2618 2684; x_wconf 90' lang='lat' dir='ltr'><strong>et</strong></span> <span class='ocrx_word' id='word_1_499' title='bbox 2668 2635 2871 2687; x_wconf 90' lang='lat' dir='ltr'><strong>sancto</strong></span> <span class='ocrx_word' id='word_1_500' title='bbox 2893 2633 3158 2702; x_wconf 83' lang='lat' dir='ltr'><strong>Prejecto</strong></span> <span class='ocrx_word' id='word_1_501' title='bbox 3181 2639 3238 2690; x_wconf 91' lang='lat' dir='ltr'><strong>et</strong></span> <span class='ocrx_word' id='word_1_502' title='bbox 3265 2635 3434 2692; x_wconf 90' lang='lat' dir='ltr'><strong>nobis</strong></span> <span class='ocrx_word' id='word_1_503' title='bbox 3458 2636 3686 2706; x_wconf 88' lang='lat' dir='ltr'><strong>dimisit,</strong></span> <span class='ocrx_word' id='word_1_504' title='bbox 3716 2650 3788 2692; x_wconf 84' lang='lat' dir='ltr'><strong>ac-</strong></span> 
     </span>
    </p>
   </div>
   <div class='ocr_carea' id='block_1_73' title="bbox 2175 2717 3550 2788">
    <p class='ocr_par' dir='ltr' id='par_1_73' title="bbox 2175 2717 3550 2788">
     <span class='ocr_line' id='line_1_73' title="bbox 2175 2717 3550 2788; baseline 0.007 -16"><span class='ocrx_word' id='word_1_505' title='bbox 2175 2717 2362 2788; x_wconf 88' lang='lat' dir='ltr'><strong>ceptis</strong></span> <span class='ocrx_word' id='word_1_506' title='bbox 2385 2732 2414 2770; x_wconf 89' lang='lat' dir='ltr'><strong>a</strong></span> <span class='ocrx_word' id='word_1_507' title='bbox 2440 2719 2605 2774; x_wconf 90' lang='lat' dir='ltr'><strong>nobis</strong></span> <span class='ocrx_word' id='word_1_508' title='bbox 2637 2723 2706 2774; x_wconf 88' lang='lat'><strong>20</strong></span> <span class='ocrx_word' id='word_1_509' title='bbox 2731 2720 2952 2776; x_wconf 91' lang='lat' dir='ltr'><strong>solidis.</strong></span> <span class='ocrx_word' id='word_1_510' title='bbox 2984 2725 3186 2779; x_wconf 86' lang='lat' dir='ltr'><strong>Actum</strong></span> <span class='ocrx_word' id='word_1_511' title='bbox 3213 2724 3550 2782; x_wconf 77' lang='lat' dir='ltr'><strong>Flaviniaci.</strong></span> 
     </span>
    </p>
   </div>
   <div class='ocr_carea' id='block_1_74' title="bbox 2245 2807 3782 2879">
    <p class='ocr_par' dir='ltr' id='par_1_74' title="bbox 2245 2807 3782 2879">
     <span class='ocr_line' id='line_1_74' title="bbox 2245 2807 3782 2879; baseline 0.006 -19"><span class='ocrx_word' id='word_1_512' title='bbox 2245 2807 2426 2875; x_wconf 77' lang='lat'><strong>(1007,</strong></span> <span class='ocrx_word' id='word_1_513' title='bbox 2464 2809 2626 2862; x_wconf 78' lang='lat' dir='ltr'><strong>Febr.</strong></span> <span class='ocrx_word' id='word_1_514' title='bbox 2663 2811 2740 2878; x_wconf 96' lang='lat'><strong>6.)</strong></span> <span class='ocrx_word' id='word_1_515' title='bbox 2795 2809 3164 2879; x_wconf 80' lang='lat' dir='ltr'><strong>llildegarius</strong></span> <span class='ocrx_word' id='word_1_516' title='bbox 3209 2814 3386 2869; x_wconf 88' lang='lat' dir='ltr'><strong>etiam</strong></span> <span class='ocrx_word' id='word_1_517' title='bbox 3432 2814 3504 2870; x_wconf 89' lang='lat' dir='ltr'><strong>de</strong></span> <span class='ocrx_word' id='word_1_518' title='bbox 3536 2815 3782 2872; x_wconf 86' lang='lat' dir='ltr'><strong>Gurziaco</strong></span> 
     </span>
    </p>
   </div>
   <div class='ocr_carea' id='block_1_75' title="bbox 2173 2896 3781 2967">
    <p class='ocr_par' dir='ltr' id='par_1_75' title="bbox 2173 2896 3781 2967">
     <span class='ocr_line' id='line_1_75' title="bbox 2173 2896 3781 2967; baseline 0.006 -17"><span class='ocrx_word' id='word_1_519' title='bbox 2173 2900 2374 2950; x_wconf 86' lang='lat' dir='ltr'><strong>noster</strong></span> <span class='ocrx_word' id='word_1_520' title='bbox 2409 2896 2612 2966; x_wconf 79' lang='lat' dir='ltr'><strong>factus,</strong></span> <span class='ocrx_word' id='word_1_521' title='bbox 2651 2897 2805 2967; x_wconf 91' lang='lat' dir='ltr'><strong>quod</strong></span> <span class='ocrx_word' id='word_1_522' title='bbox 2839 2914 2950 2954; x_wconf 92' lang='lat' dir='ltr'><strong>non</strong></span> <span class='ocrx_word' id='word_1_523' title='bbox 2985 2901 3170 2956; x_wconf 88' lang='lat' dir='ltr'><strong>fuerat</strong></span> <span class='ocrx_word' id='word_1_524' title='bbox 3205 2907 3643 2960; x_wconf 87' lang='lat' dir='ltr'><strong>antecessorum</strong></span> <span class='ocrx_word' id='word_1_525' title='bbox 3673 2917 3781 2960; x_wconf 84' lang='lat' dir='ltr'><strong>nos-</strong></span> 
     </span>
    </p>
   </div>
   <div class='ocr_carea' id='block_1_76' title="bbox 2173 2985 3778 3059">
    <p class='ocr_par' dir='ltr' id='par_1_76' title="bbox 2173 2985 3778 3059">
     <span class='ocr_line' id='line_1_76' title="bbox 2173 2985 3778 3059; baseline 0.005 -22"><span class='ocrx_word' id='word_1_526' title='bbox 2173 2987 2415 3050; x_wconf 88' lang='lat' dir='ltr'><strong>trorum,</strong></span> <span class='ocrx_word' id='word_1_527' title='bbox 2452 2985 2614 3039; x_wconf 82' lang='lat' dir='ltr'><strong>auxit</strong></span> <span class='ocrx_word' id='word_1_528' title='bbox 2645 2985 3022 3059; x_wconf 83' lang='lat' dir='ltr'><strong>elemosinam</strong></span> <span class='ocrx_word' id='word_1_529' title='bbox 3049 3004 3218 3059; x_wconf 91' lang='lat' dir='ltr'><strong>quam</strong></span> <span class='ocrx_word' id='word_1_530' title='bbox 3243 3005 3389 3048; x_wconf 87' lang='lat' dir='ltr'><strong>avus</strong></span> <span class='ocrx_word' id='word_1_531' title='bbox 3414 3007 3555 3050; x_wconf 89' lang='lat' dir='ltr'><strong>suus</strong></span> <span class='ocrx_word' id='word_1_532' title='bbox 3575 2993 3778 3059; x_wconf 82' lang='lat' dir='ltr'><strong>fecerat,</strong></span> 
     </span>
    </p>
   </div>
   <div class='ocr_carea' id='block_1_77' title="bbox 2171 3072 3781 3147">
    <p class='ocr_par' dir='ltr' id='par_1_77' title="bbox 2171 3072 3781 3147">
     <span class='ocr_line' id='line_1_77' title="bbox 2171 3072 3781 3147; baseline 0.006 -21"><span class='ocrx_word' id='word_1_533' title='bbox 2171 3072 2312 3127; x_wconf 87' lang='lat' dir='ltr'><strong>dans</strong></span> <span class='ocrx_word' id='word_1_534' title='bbox 2340 3072 2608 3129; x_wconf 63' lang='lat' dir='ltr'><strong>ecclesiae</strong></span> <span class='ocrx_word' id='word_1_535' title='bbox 2639 3078 2855 3130; x_wconf 68' lang='lat' dir='ltr'><strong>nostra)</strong></span> <span class='ocrx_word' id='word_1_536' title='bbox 2879 3078 3289 3147; x_wconf 76' lang='lat' dir='ltr'><strong>Eremburgem</strong></span> <span class='ocrx_word' id='word_1_537' title='bbox 3326 3080 3502 3136; x_wconf 87' lang='lat' dir='ltr'><strong>filiam</strong></span> <span class='ocrx_word' id='word_1_538' title='bbox 3534 3079 3781 3137; x_wconf 66' lang='lat' dir='ltr'><strong>Heliarde</strong></span> 
     </span>
    </p>
   </div>
   <div class='ocr_carea' id='block_1_78' title="bbox 2170 3161 3784 3239">
    <p class='ocr_par' dir='ltr' id='par_1_78' title="bbox 2170 3161 3784 3239">
     <span class='ocr_line' id='line_1_78' title="bbox 2170 3161 3784 3239; baseline 0.004 -22"><span class='ocrx_word' id='word_1_539' title='bbox 2170 3162 2302 3217; x_wconf 65' lang='lat' dir='ltr'><strong>ﬁlia:</strong></span> <span class='ocrx_word' id='word_1_540' title='bbox 2325 3161 2670 3232; x_wconf 77' lang='lat' dir='ltr'><strong>Wibelelmi,</strong></span> <span class='ocrx_word' id='word_1_541' title='bbox 2705 3168 2762 3217; x_wconf 87' lang='lat' dir='ltr'><strong>et</strong></span> <span class='ocrx_word' id='word_1_542' title='bbox 2797 3179 3021 3220; x_wconf 90' lang='lat' dir='ltr'><strong>omnem</strong></span> <span class='ocrx_word' id='word_1_543' title='bbox 3051 3168 3461 3236; x_wconf 88' lang='lat' dir='ltr'><strong>posteritatem</strong></span> <span class='ocrx_word' id='word_1_544' title='bbox 3485 3183 3784 3239; x_wconf 85' lang='lat' dir='ltr'><strong>eorum,ac-</strong></span> 
     </span>
    </p>
   </div>
   <div class='ocr_carea' id='block_1_79' title="bbox 2167 3251 3780 3324">
    <p class='ocr_par' dir='ltr' id='par_1_79' title="bbox 2167 3251 3780 3324">
     <span class='ocr_line' id='line_1_79' title="bbox 2167 3251 3780 3324; baseline 0.004 -18"><span class='ocrx_word' id='word_1_545' title='bbox 2167 3251 2355 3320; x_wconf 86' lang='lat' dir='ltr'><strong>ceptis</strong></span> <span class='ocrx_word' id='word_1_546' title='bbox 2388 3266 2416 3305; x_wconf 93' lang='lat' dir='ltr'><strong>a</strong></span> <span class='ocrx_word' id='word_1_547' title='bbox 2452 3251 2620 3308; x_wconf 88' lang='lat' dir='ltr'><strong>nobis</strong></span> <span class='ocrx_word' id='word_1_548' title='bbox 2645 3252 2852 3308; x_wconf 86' lang='lat' dir='ltr'><strong>solidis</strong></span> <span class='ocrx_word' id='word_1_549' title='bbox 2877 3257 2943 3308; x_wconf 81' lang='grc'>58</span> <span class='ocrx_word' id='word_1_550' title='bbox 2964 3270 3066 3324; x_wconf 88' lang='lat' dir='ltr'><strong>pro</strong></span> <span class='ocrx_word' id='word_1_551' title='bbox 3085 3256 3355 3312; x_wconf 86' lang='lat' dir='ltr'><strong>caritate.</strong></span> <span class='ocrx_word' id='word_1_552' title='bbox 3391 3261 3591 3314; x_wconf 87' lang='lat' dir='ltr'><strong>Actum</strong></span> <span class='ocrx_word' id='word_1_553' title='bbox 3613 3270 3780 3314; x_wconf 85' lang='lat' dir='ltr'><strong>mense</strong></span> 
     </span>
    </p>
   </div>
   <div class='ocr_carea' id='block_1_80' title="bbox 2169 3339 3071 3409">
    <p class='ocr_par' dir='ltr' id='par_1_80' title="bbox 2169 3339 3071 3409">
     <span class='ocr_line' id='line_1_80' title="bbox 2169 3339 3071 3409; baseline 0.006 -17"><span class='ocrx_word' id='word_1_554' title='bbox 2169 3339 2332 3394; x_wconf 83' lang='lat' dir='ltr'><strong>Febr.</strong></span> <span class='ocrx_word' id='word_1_555' title='bbox 2367 3342 2418 3392; x_wconf 91' lang='lat'><strong>6.</strong></span> <span class='ocrx_word' id='word_1_556' title='bbox 2457 3339 2618 3409; x_wconf 82' lang='lat' dir='ltr'><strong>feria,</strong></span> <span class='ocrx_word' id='word_1_557' title='bbox 2650 3344 2701 3394; x_wconf 89' lang='lat'><strong>8.</strong></span> <span class='ocrx_word' id='word_1_558' title='bbox 2735 3339 2870 3396; x_wconf 87' lang='lat' dir='ltr'><strong>Idus</strong></span> <span class='ocrx_word' id='word_1_559' title='bbox 2907 3342 3071 3397; x_wconf 84' lang='lat' dir='ltr'><strong>Febr.</strong></span> 
     </span>
    </p>
   </div>
   <div class='ocr_carea' id='block_1_81' title="bbox 2237 3428 3782 3505">
    <p class='ocr_par' dir='ltr' id='par_1_81' title="bbox 2237 3428 3782 3505">
     <span class='ocr_line' id='line_1_81' title="bbox 2237 3428 3782 3505; baseline 0.005 -24"><span class='ocrx_word' id='word_1_560' title='bbox 2237 3429 2416 3496; x_wconf 77' lang='lat' dir='ltr'><strong>Aymo</strong></span> <span class='ocrx_word' id='word_1_561' title='bbox 2448 3428 2622 3482; x_wconf 89' lang='lat' dir='ltr'><strong>etiam</strong></span> <span class='ocrx_word' id='word_1_562' title='bbox 2673 3428 2878 3484; x_wconf 86' lang='lat' dir='ltr'><strong>Lovels</strong></span> <span class='ocrx_word' id='word_1_563' title='bbox 2912 3429 3045 3486; x_wconf 90' lang='lat' dir='ltr'><strong>liius</strong></span> <span class='ocrx_word' id='word_1_564' title='bbox 3081 3431 3230 3505; x_wconf 87' lang='lat'><strong>(206)</strong></span> <span class='ocrx_word' id='word_1_565' title='bbox 3261 3433 3436 3491; x_wconf 88' lang='lat' dir='ltr'><strong>homo</strong></span> <span class='ocrx_word' id='word_1_566' title='bbox 3466 3440 3660 3491; x_wconf 87' lang='lat' dir='ltr'><strong>noster</strong></span> <span class='ocrx_word' id='word_1_567' title='bbox 3686 3447 3782 3490; x_wconf 91' lang='lat' dir='ltr'><strong>om-</strong></span> 
     </span>
    </p>
   </div>
   <div class='ocr_carea' id='block_1_82' title="bbox 2165 3516 3781 3593">
    <p class='ocr_par' dir='ltr' id='par_1_82' title="bbox 2165 3516 3781 3593">
     <span class='ocr_line' id='line_1_82' title="bbox 2165 3516 3781 3593; baseline 0.004 -23"><span class='ocrx_word' id='word_1_568' title='bbox 2165 3529 2291 3571; x_wconf 90' lang='lat' dir='ltr'><strong>nem</strong></span> <span class='ocrx_word' id='word_1_569' title='bbox 2343 3516 2574 3572; x_wconf 89' lang='lat' dir='ltr'><strong>alodum</strong></span> <span class='ocrx_word' id='word_1_570' title='bbox 2611 3531 2779 3573; x_wconf 83' lang='lat' dir='ltr'><strong>suum</strong></span> <span class='ocrx_word' id='word_1_571' title='bbox 2801 3520 2918 3574; x_wconf 90' lang='lat' dir='ltr'><strong>Deo</strong></span> <span class='ocrx_word' id='word_1_572' title='bbox 2965 3525 3020 3574; x_wconf 90' lang='lat' dir='ltr'><strong>et</strong></span> <span class='ocrx_word' id='word_1_573' title='bbox 3047 3526 3251 3578; x_wconf 91' lang='lat' dir='ltr'><strong>sancto</strong></span> <span class='ocrx_word' id='word_1_574' title='bbox 3280 3523 3460 3580; x_wconf 89' lang='lat' dir='ltr'><strong>Petro</strong></span> <span class='ocrx_word' id='word_1_575' title='bbox 3492 3527 3781 3593; x_wconf 87' lang='lat' dir='ltr'><strong>sanctoque</strong></span> 
     </span>
    </p>
   </div>
   <div class='ocr_carea' id='block_1_83' title="bbox 2163 3604 3778 3678">
    <p class='ocr_par' dir='ltr' id='par_1_83' title="bbox 2163 3604 3778 3678">
     <span class='ocr_line' id='line_1_83' title="bbox 2163 3604 3778 3678; baseline 0.003 -20"><span class='ocrx_word' id='word_1_576' title='bbox 2163 3604 2431 3673; x_wconf 58' lang='lat' dir='ltr'><strong>Proiecto</strong></span> <span class='ocrx_word' id='word_1_577' title='bbox 2447 3605 3005 3673; x_wconf 72' lang='lat' dir='ltr'><strong>tribuens,torturas</strong></span> <span class='ocrx_word' id='word_1_578' title='bbox 3021 3622 3165 3678; x_wconf 88' lang='lat' dir='ltr'><strong>quas</strong></span> <span class='ocrx_word' id='word_1_579' title='bbox 3180 3609 3235 3664; x_wconf 89' lang='lat' dir='ltr'><strong>in</strong></span> <span class='ocrx_word' id='word_1_580' title='bbox 3249 3616 3584 3666; x_wconf 87' lang='lat' dir='ltr'><strong>casamento</strong></span> <span class='ocrx_word' id='word_1_581' title='bbox 3605 3613 3778 3666; x_wconf 89' lang='lat' dir='ltr'><strong>nostro</strong></span> 
     </span>
    </p>
   </div>
   <div class='ocr_carea' id='block_1_84' title="bbox 2164 3693 3778 3764">
    <p class='ocr_par' dir='ltr' id='par_1_84' title="bbox 2164 3693 3778 3764">
     <span class='ocr_line' id='line_1_84' title="bbox 2164 3693 3778 3764; baseline 0.002 -16"><span class='ocrx_word' id='word_1_582' title='bbox 2164 3693 2433 3759; x_wconf 86' lang='lat' dir='ltr'><strong>faciebat,</strong></span> <span class='ocrx_word' id='word_1_583' title='bbox 2461 3693 2736 3764; x_wconf 91' lang='lat' dir='ltr'><strong>vurpivit,</strong></span> <span class='ocrx_word' id='word_1_584' title='bbox 2763 3695 3054 3752; x_wconf 89' lang='lat' dir='ltr'><strong>enarratis</strong></span> <span class='ocrx_word' id='word_1_585' title='bbox 3085 3711 3281 3753; x_wconf 88' lang='lat' dir='ltr'><strong>coram</strong></span> <span class='ocrx_word' id='word_1_586' title='bbox 3325 3700 3594 3756; x_wconf 90' lang='lat' dir='ltr'><strong>omnibus</strong></span> <span class='ocrx_word' id='word_1_587' title='bbox 3623 3698 3778 3754; x_wconf 89' lang='lat' dir='ltr'><strong>rectis</strong></span> 
     </span>
    </p>
   </div>
   <div class='ocr_carea' id='block_1_85' title="bbox 2159 3781 3779 3858">
    <p class='ocr_par' dir='ltr' id='par_1_85' title="bbox 2159 3781 3779 3858">
     <span class='ocr_line' id='line_1_85' title="bbox 2159 3781 3779 3858; baseline 0.001 -20"><span class='ocrx_word' id='word_1_588' title='bbox 2159 3781 2680 3838; x_wconf 89' lang='lat' dir='ltr'><strong>consuetudinibus</strong></span> <span class='ocrx_word' id='word_1_589' title='bbox 2695 3789 3030 3855; x_wconf 84' lang='lat' dir='ltr'><strong>easamenti,</strong></span> <span class='ocrx_word' id='word_1_590' title='bbox 3057 3784 3128 3840; x_wconf 89' lang='lat' dir='ltr'><strong>de</strong></span> <span class='ocrx_word' id='word_1_591' title='bbox 3152 3787 3348 3858; x_wconf 88' lang='lat' dir='ltr'><strong>capite</strong></span> <span class='ocrx_word' id='word_1_592' title='bbox 3365 3789 3549 3846; x_wconf 88' lang='lat' dir='ltr'><strong>mansi</strong></span> <span class='ocrx_word' id='word_1_593' title='bbox 3571 3789 3779 3846; x_wconf 84' lang='lat' dir='ltr'><strong>2sexta-</strong></span> 
     </span>
    </p>
   </div>
   <div class='ocr_carea' id='block_1_86' title="bbox 2161 3871 3321 3942">
    <p class='ocr_par' dir='ltr' id='par_1_86' title="bbox 2161 3871 3321 3942">
     <span class='ocr_line' id='line_1_86' title="bbox 2161 3871 3321 3942; baseline 0.006 -17"><span class='ocrx_word' id='word_1_594' title='bbox 2161 3871 2280 3926; x_wconf 89' lang='lat' dir='ltr'><strong>rios</strong></span> <span class='ocrx_word' id='word_1_595' title='bbox 2310 3885 2527 3942; x_wconf 74' lang='lat' dir='ltr'><strong>avenas,</strong></span> <span class='ocrx_word' id='word_1_596' title='bbox 2553 3876 2611 3926; x_wconf 88' lang='lat' dir='ltr'><strong>et</strong></span> <span class='ocrx_word' id='word_1_597' title='bbox 2643 3873 2676 3925; x_wconf 83' lang='grc'>4</span> <span class='ocrx_word' id='word_1_598' title='bbox 2705 3871 2822 3927; x_wconf 89' lang='lat' dir='ltr'><strong>vini</strong></span> <span class='ocrx_word' id='word_1_599' title='bbox 2855 3873 2911 3927; x_wconf 89' lang='lat' dir='ltr'><strong>in</strong></span> <span class='ocrx_word' id='word_1_600' title='bbox 2940 3873 3321 3932; x_wconf 86' lang='lat' dir='ltr'><strong>salvamento.</strong></span> 
     </span>
    </p>
   </div>
   <div class='ocr_carea' id='block_1_87' title="bbox 2231 3960 3776 4034">
    <p class='ocr_par' dir='ltr' id='par_1_87' title="bbox 2231 3960 3776 4034">
     <span class='ocr_line' id='line_1_87' title="bbox 2231 3960 3776 4034; baseline 0.001 -20"><span class='ocrx_word' id='word_1_601' title='bbox 2231 3960 2359 4016; x_wconf 87' lang='lat' dir='ltr'><strong>Feci</strong></span> <span class='ocrx_word' id='word_1_602' title='bbox 2391 3961 2565 4016; x_wconf 89' lang='lat' dir='ltr'><strong>etiam</strong></span> <span class='ocrx_word' id='word_1_603' title='bbox 2590 3976 2788 4032; x_wconf 87' lang='lat' dir='ltr'><strong>pacem</strong></span> <span class='ocrx_word' id='word_1_604' title='bbox 2821 3977 2952 4017; x_wconf 92' lang='lat' dir='ltr'><strong>cum</strong></span> <span class='ocrx_word' id='word_1_605' title='bbox 2981 3963 3217 4019; x_wconf 84' lang='lat' dir='ltr'><strong>Wolone</strong></span> <span class='ocrx_word' id='word_1_606' title='bbox 3241 3964 3640 4034; x_wconf 87' lang='lat' dir='ltr'><strong>Sarmaciensi,</strong></span> <span class='ocrx_word' id='word_1_607' title='bbox 3662 3967 3712 4021; x_wconf 89' lang='lat' dir='ltr'><strong>et</strong></span> <span class='ocrx_word' id='word_1_608' title='bbox 3734 3960 3776 4018; x_wconf 88' lang='lat' dir='ltr'><strong>ei</strong></span> 
     </span>
    </p>
   </div>
   <div class='ocr_carea' id='block_1_88' title="bbox 2159 4048 3704 4122">
    <p class='ocr_par' dir='ltr' id='par_1_88' title="bbox 2159 4048 3704 4122">
     <span class='ocr_line' id='line_1_88' title="bbox 2159 4048 3704 4122; baseline 0.003 -19"><span class='ocrx_word' id='word_1_609' title='bbox 2159 4054 2364 4104; x_wconf 88' lang='lat' dir='ltr'><strong>nostro</strong></span> <span class='ocrx_word' id='word_1_610' title='bbox 2395 4048 2546 4104; x_wconf 86' lang='lat' dir='ltr'><strong>facto</strong></span> <span class='ocrx_word' id='word_1_611' title='bbox 2580 4050 2684 4104; x_wconf 93' lang='grc'><strong>100</strong></span> <span class='ocrx_word' id='word_1_612' title='bbox 2715 4049 2954 4116; x_wconf 89' lang='lat' dir='ltr'><strong>solidos,</strong></span> <span class='ocrx_word' id='word_1_613' title='bbox 2977 4066 3188 4121; x_wconf 88' lang='lat' dir='ltr'><strong>equum</strong></span> <span class='ocrx_word' id='word_1_614' title='bbox 3213 4058 3486 4122; x_wconf 76' lang='lat' dir='ltr'><strong>t,canem</strong></span> <span class='ocrx_word' id='word_1_615' title='bbox 3511 4060 3534 4110; x_wconf 86' lang='lat'><strong>1</strong></span> <span class='ocrx_word' id='word_1_616' title='bbox 3563 4053 3704 4110; x_wconf 86' lang='lat' dir='ltr'><strong>dedi.</strong></span> 
     </span>
    </p>
   </div>
   <div class='ocr_carea' id='block_1_89' title="bbox 2228 4136 3774 4208">
    <p class='ocr_par' dir='ltr' id='par_1_89' title="bbox 2228 4136 3774 4208">
     <span class='ocr_line' id='line_1_89' title="bbox 2228 4136 3774 4208; baseline 0.003 -18"><span class='ocrx_word' id='word_1_617' title='bbox 2228 4138 2288 4191; x_wconf 88' lang='lat' dir='ltr'><strong>In</strong></span> <span class='ocrx_word' id='word_1_618' title='bbox 2325 4136 2725 4208; x_wconf 89' lang='lat' dir='ltr'><strong>redemptione</strong></span> <span class='ocrx_word' id='word_1_619' title='bbox 2754 4137 3037 4193; x_wconf 71' lang='lat' dir='ltr'><strong>mcclesiac</strong></span> <span class='ocrx_word' id='word_1_620' title='bbox 3069 4139 3140 4194; x_wconf 89' lang='lat' dir='ltr'><strong>de</strong></span> <span class='ocrx_word' id='word_1_621' title='bbox 3179 4141 3456 4197; x_wconf 82' lang='lat' dir='ltr'><strong>Fontanis</strong></span> <span class='ocrx_word' id='word_1_622' title='bbox 3486 4145 3550 4198; x_wconf 85' lang='grc'>35</span> <span class='ocrx_word' id='word_1_623' title='bbox 3581 4138 3774 4197; x_wconf 87' lang='lat' dir='ltr'><strong>solidos</strong></span> 
     </span>
    </p>
   </div>
   <div class='ocr_carea' id='block_1_90' title="bbox 2159 4223 3651 4302">
    <p class='ocr_par' dir='ltr' id='par_1_90' title="bbox 2159 4223 3651 4302">
     <span class='ocr_line' id='line_1_90' title="bbox 2159 4223 3651 4302; baseline 0.003 -22"><span class='ocrx_word' id='word_1_624' title='bbox 2159 4223 2311 4280; x_wconf 90' lang='lat' dir='ltr'><strong>dedi.</strong></span> <span class='ocrx_word' id='word_1_625' title='bbox 2346 4227 2403 4280; x_wconf 91' lang='lat' dir='ltr'><strong>In</strong></span> <span class='ocrx_word' id='word_1_626' title='bbox 2429 4224 2682 4282; x_wconf 89' lang='lat' dir='ltr'><strong>caldaria</strong></span> <span class='ocrx_word' id='word_1_627' title='bbox 2708 4223 2986 4282; x_wconf 87' lang='lat' dir='ltr'><strong>Salinensi</strong></span> <span class='ocrx_word' id='word_1_628' title='bbox 3015 4231 3082 4282; x_wconf 80' lang='grc'>40</span> <span class='ocrx_word' id='word_1_629' title='bbox 3111 4227 3336 4285; x_wconf 90' lang='lat' dir='ltr'><strong>solidos</strong></span> <span class='ocrx_word' id='word_1_630' title='bbox 3361 4245 3467 4302; x_wconf 89' lang='lat' dir='ltr'><strong>pro</strong></span> <span class='ocrx_word' id='word_1_631' title='bbox 3489 4243 3651 4301; x_wconf 89' lang='lat' dir='ltr'><strong>equo.</strong></span> 
     </span>
    </p>
   </div>
   <div class='ocr_carea' id='block_1_91' title="bbox 2229 4314 3775 4390">
    <p class='ocr_par' dir='ltr' id='par_1_91' title="bbox 2229 4314 3775 4390">
     <span class='ocr_line' id='line_1_91' title="bbox 2229 4314 3775 4390; baseline 0.003 -22"><span class='ocrx_word' id='word_1_632' title='bbox 2229 4315 2290 4368; x_wconf 82' lang='lat' dir='ltr'><strong>In</strong></span> <span class='ocrx_word' id='word_1_633' title='bbox 2323 4314 2724 4384; x_wconf 89' lang='lat' dir='ltr'><strong>redemptione</strong></span> <span class='ocrx_word' id='word_1_634' title='bbox 2755 4320 2930 4370; x_wconf 80' lang='lat' dir='ltr'><strong>terrae</strong></span> <span class='ocrx_word' id='word_1_635' title='bbox 2961 4319 3018 4370; x_wconf 92' lang='lat' dir='ltr'><strong>et</strong></span> <span class='ocrx_word' id='word_1_636' title='bbox 3050 4316 3373 4386; x_wconf 88' lang='lat' dir='ltr'><strong>vinearum,</strong></span> <span class='ocrx_word' id='word_1_637' title='bbox 3407 4333 3550 4390; x_wconf 90' lang='lat' dir='ltr'><strong>quas</strong></span> <span class='ocrx_word' id='word_1_638' title='bbox 3579 4315 3775 4390; x_wconf 66' lang='lat' dir='ltr'><strong>praede-</strong></span> 
     </span>
    </p>
   </div>
   <div class='ocr_carea' id='block_1_92' title="bbox 2156 4403 3766 4474">
    <p class='ocr_par' dir='ltr' id='par_1_92' title="bbox 2156 4403 3766 4474">
     <span class='ocr_line' id='line_1_92' title="bbox 2156 4403 3766 4474; baseline 0.001 -15"><span class='ocrx_word' id='word_1_639' title='bbox 2156 4417 2357 4460; x_wconf 89' lang='lat' dir='ltr'><strong>cessor</strong></span> <span class='ocrx_word' id='word_1_640' title='bbox 2387 4407 2588 4458; x_wconf 89' lang='lat' dir='ltr'><strong>noster</strong></span> <span class='ocrx_word' id='word_1_641' title='bbox 2619 4403 2766 4459; x_wconf 88' lang='lat' dir='ltr'><strong>abba</strong></span> <span class='ocrx_word' id='word_1_642' title='bbox 2795 4403 3128 4474; x_wconf 83' lang='lat' dir='ltr'><strong>Raynaldus</strong></span> <span class='ocrx_word' id='word_1_643' title='bbox 3168 4407 3448 4464; x_wconf 84' lang='lat' dir='ltr'><strong>Walterio</strong></span> <span class='ocrx_word' id='word_1_644' title='bbox 3480 4403 3766 4464; x_wconf 85' lang='lat' dir='ltr'><strong>Frossardo</strong></span> 
     </span>
    </p>
   </div>
   <div class='ocr_carea' id='block_1_93' title="bbox 2157 4491 3773 4569">
    <p class='ocr_par' dir='ltr' id='par_1_93' title="bbox 2157 4491 3773 4569">
     <span class='ocr_line' id='line_1_93' title="bbox 2157 4491 3773 4569; baseline 0.001 -22"><span class='ocrx_word' id='word_1_645' title='bbox 2157 4491 2372 4547; x_wconf 88' lang='lat' dir='ltr'><strong>homini</strong></span> <span class='ocrx_word' id='word_1_646' title='bbox 2405 4491 2576 4548; x_wconf 89' lang='lat' dir='ltr'><strong>ducis</strong></span> <span class='ocrx_word' id='word_1_647' title='bbox 2597 4493 2964 4564; x_wconf 88' lang='lat' dir='ltr'><strong>promiserat,</strong></span> <span class='ocrx_word' id='word_1_648' title='bbox 2990 4493 3058 4549; x_wconf 90' lang='lat'><strong>30</strong></span> <span class='ocrx_word' id='word_1_649' title='bbox 3081 4495 3306 4553; x_wconf 89' lang='lat' dir='ltr'><strong>solidos</strong></span> <span class='ocrx_word' id='word_1_650' title='bbox 3326 4497 3480 4569; x_wconf 89' lang='lat' dir='ltr'><strong>dedi,</strong></span> <span class='ocrx_word' id='word_1_651' title='bbox 3505 4506 3562 4553; x_wconf 85' lang='lat' dir='ltr'><strong>et</strong></span> <span class='ocrx_word' id='word_1_652' title='bbox 3581 4500 3773 4552; x_wconf 86' lang='lat' dir='ltr'><strong>terram</strong></span> 
     </span>
    </p>
   </div>
   <div class='ocr_carea' id='block_1_94' title="bbox 391 4553 2394 4654">
    <p class='ocr_par' dir='ltr' id='par_1_94' title="bbox 391 4553 2394 4654">
     <span class='ocr_line' id='line_1_94' title="bbox 391 4553 2394 4654; baseline -0.002 -13"><span class='ocrx_word' id='word_1_653' title='bbox 391 4553 829 4641; x_wconf 57' lang='lat' dir='ltr'><strong>subvenirejta</strong></span> <span class='ocrx_word' id='word_1_654' title='bbox 841 4553 977 4653; x_wconf 76' lang='lat' dir='ltr'><strong>ergo</strong></span> <span class='ocrx_word' id='word_1_655' title='bbox 989 4579 1239 4654; x_wconf 85' lang='lat' dir='ltr'><strong>agite,ul</strong></span> <span class='ocrx_word' id='word_1_656' title='bbox 1251 4553 1407 4638; x_wconf 80' lang='lat' dir='ltr'><strong>idem</strong></span> <span class='ocrx_word' id='word_1_657' title='bbox 1403 4581 1613 4653; x_wconf 83' lang='lat' dir='ltr'><strong>frater</strong></span> <span class='ocrx_word' id='word_1_658' title='bbox 1620 4553 1728 4652; x_wconf 71' lang='lat' dir='ltr'><strong>pro</strong></span> <span class='ocrx_word' id='word_1_659' title='bbox 1739 4581 1848 4653; x_wconf 79' lang='lat' dir='ltr'><strong>adj</strong></span> <span class='ocrx_word' id='word_1_660' title='bbox 1853 4583 2044 4640; x_wconf 83' lang='lat' dir='ltr'><strong>utorio</strong></span> <span class='ocrx_word' id='word_1_661' title='bbox 2074 4553 2126 4614; x_wconf 71' lang='grc' dir='ltr'>Β</span> <span class='ocrx_word' id='word_1_662' title='bbox 2157 4581 2394 4638; x_wconf 89' lang='lat' dir='ltr'><strong>retinui.</strong></span> 
     </span>
    </p>
   </div>
   <div class='ocr_carea' id='block_1_95' title="bbox 393 4669 2050 4742">
    <p class='ocr_par' dir='ltr' id='par_1_95' title="bbox 393 4669 2050 4742">
     <span class='ocr_line' id='line_1_95' title="bbox 393 4669 2050 4742; baseline 0 -13"><span class='ocrx_word' id='word_1_663' title='bbox 393 4672 454 4729; x_wconf 86' lang='lat' dir='ltr'><strong>et</strong></span> <span class='ocrx_word' id='word_1_664' title='bbox 473 4671 872 4730; x_wconf 76' lang='lat' dir='ltr'><strong>consolatione</strong></span> <span class='ocrx_word' id='word_1_665' title='bbox 896 4669 1017 4728; x_wconf 86' lang='lat' dir='ltr'><strong>sibi</strong></span> <span class='ocrx_word' id='word_1_666' title='bbox 1046 4670 1316 4742; x_wconf 86' lang='lat' dir='ltr'><strong>impensa</strong></span> <span class='ocrx_word' id='word_1_667' title='bbox 1355 4669 1600 4742; x_wconf 82' lang='lat' dir='ltr'><strong>gratias</strong></span> <span class='ocrx_word' id='word_1_668' title='bbox 1629 4669 1796 4726; x_wconf 81' lang='lat' dir='ltr'><strong>uobis</strong></span> <span class='ocrx_word' id='word_1_669' title='bbox 1827 4670 2050 4729; x_wconf 87' lang='lat' dir='ltr'><strong>habeat</strong></span> 
     </span>
    </p>
   </div>
   <div class='ocr_carea' id='block_1_96' title="bbox 389 4758 1843 4835">
    <p class='ocr_par' dir='ltr' id='par_1_96' title="bbox 389 4758 1843 4835">
     <span class='ocr_line' id='line_1_96' title="bbox 389 4758 1843 4835; baseline -0.003 -17"><span class='ocrx_word' id='word_1_670' title='bbox 389 4761 638 4835; x_wconf 79' lang='lat' dir='ltr'><strong>referre,</strong></span> <span class='ocrx_word' id='word_1_671' title='bbox 671 4761 744 4818; x_wconf 89' lang='lat' dir='ltr'><strong>ut</strong></span> <span class='ocrx_word' id='word_1_672' title='bbox 761 4759 1037 4818; x_wconf 77' lang='lat' dir='ltr'><strong>habeatis</strong></span> <span class='ocrx_word' id='word_1_673' title='bbox 1058 4760 1330 4832; x_wconf 78' lang='lat' dir='ltr'><strong>gratiam</strong></span> <span class='ocrx_word' id='word_1_674' title='bbox 1357 4772 1536 4830; x_wconf 83' lang='lat' dir='ltr'><strong>super</strong></span> <span class='ocrx_word' id='word_1_675' title='bbox 1551 4758 1843 4830; x_wconf 88' lang='lat' dir='ltr'><strong>gratiam.</strong></span> 
     </span>
    </p>
   </div>
   <div class='ocr_carea' id='block_1_97' title="bbox 464 4848 2035 4922">
    <p class='ocr_par' dir='ltr' id='par_1_97' title="bbox 464 4848 2035 4922">
     <span class='ocr_line' id='line_1_97' title="bbox 464 4848 2035 4922; baseline 0.001 -16"><span class='ocrx_word' id='word_1_676' title='bbox 464 4850 585 4922; x_wconf 92' lang='lat' dir='ltr'><strong>(fol.</strong></span> <span class='ocrx_word' id='word_1_677' title='bbox 619 4849 761 4922; x_wconf 89' lang='lat'><strong>137’)</strong></span> <span class='ocrx_word' id='word_1_678' title='bbox 794 4849 1177 4920; x_wconf 86' lang='lat' dir='ltr'><strong>Annoitaque</strong></span> <span class='ocrx_word' id='word_1_679' title='bbox 1201 4849 1353 4904; x_wconf 91' lang='lat' dir='ltr'><strong>dom.</strong></span> <span class='ocrx_word' id='word_1_680' title='bbox 1391 4848 1502 4904; x_wconf 94' lang='lat' dir='ltr'><strong>inc.</strong></span> <span class='ocrx_word' id='word_1_681' title='bbox 1543 4850 1700 4905; x_wconf 85' lang='grc'>1097.</span> <span class='ocrx_word' id='word_1_682' title='bbox 1735 4849 1884 4920; x_wconf 76' lang='grc'>(204)</span> <span class='ocrx_word' id='word_1_683' title='bbox 1918 4850 2035 4908; x_wconf 91' lang='lat' dir='ltr'><strong>ind.</strong></span> 
     </span>
    </p>
   </div>
   <div class='ocr_carea' id='block_1_98' title="bbox 393 4937 2036 5010">
    <p class='ocr_par' dir='ltr' id='par_1_98' title="bbox 393 4937 2036 5010">
     <span class='ocr_line' id='line_1_98' title="bbox 393 4937 2036 5010; baseline 0.001 -14"><span class='ocrx_word' id='word_1_684' title='bbox 393 4946 443 4996; x_wconf 88' lang='grc'><strong>5.</strong></span> <span class='ocrx_word' id='word_1_685' title='bbox 479 4955 628 4997; x_wconf 88' lang='lat' dir='ltr'><strong>anno</strong></span> <span class='ocrx_word' id='word_1_686' title='bbox 661 4941 855 4998; x_wconf 59' lang='lat' dir='ltr'><strong>aetatis</strong></span> <span class='ocrx_word' id='word_1_687' title='bbox 886 4943 974 4996; x_wconf 89' lang='lat'><strong>32.</strong></span> <span class='ocrx_word' id='word_1_688' title='bbox 1034 4938 1127 4994; x_wconf 91' lang='lat' dir='ltr'><strong>die</strong></span> <span class='ocrx_word' id='word_1_689' title='bbox 1159 4941 1227 4993; x_wconf 83' lang='lat'><strong>10</strong></span> <span class='ocrx_word' id='word_1_690' title='bbox 1257 4937 1379 4993; x_wconf 89' lang='lat' dir='ltr'><strong>Kal.</strong></span> <span class='ocrx_word' id='word_1_691' title='bbox 1425 4937 1783 5008; x_wconf 89' lang='lat' dir='ltr'><strong>Decembris,</strong></span> <span class='ocrx_word' id='word_1_692' title='bbox 1821 4939 1919 5010; x_wconf 91' lang='lat' dir='ltr'><strong>qui</strong></span> <span class='ocrx_word' id='word_1_693' title='bbox 1949 4947 2036 4997; x_wconf 86' lang='lat' dir='ltr'><strong>est</strong></span> 
     </span>
    </p>
   </div>
   <div class='ocr_carea' id='block_1_99' title="bbox 393 5027 2037 5102">
    <p class='ocr_par' dir='ltr' id='par_1_99' title="bbox 393 5027 2037 5102">
     <span class='ocr_line' id='line_1_99' title="bbox 393 5027 2037 5102; baseline -0.001 -16"><span class='ocrx_word' id='word_1_694' title='bbox 393 5029 520 5086; x_wconf 89' lang='lat' dir='ltr'><strong>dies</strong></span> <span class='ocrx_word' id='word_1_695' title='bbox 551 5029 737 5086; x_wconf 89' lang='lat' dir='ltr'><strong>festus</strong></span> <span class='ocrx_word' id='word_1_696' title='bbox 765 5033 983 5086; x_wconf 67' lang='lat' dir='ltr'><strong>sancta:</strong></span> <span class='ocrx_word' id='word_1_697' title='bbox 1039 5027 1269 5084; x_wconf 62' lang='lat' dir='ltr'><strong>Ceciliae</strong></span> <span class='ocrx_word' id='word_1_698' title='bbox 1302 5027 1462 5099; x_wconf 87' lang='lat' dir='ltr'><strong>(Nov.</strong></span> <span class='ocrx_word' id='word_1_699' title='bbox 1512 5028 1650 5098; x_wconf 88' lang='lat'><strong>22.),</strong></span> <span class='ocrx_word' id='word_1_700' title='bbox 1710 5033 1762 5083; x_wconf 92' lang='lat'><strong>7.</strong></span> <span class='ocrx_word' id='word_1_701' title='bbox 1826 5029 2037 5102; x_wconf 88' lang='lat' dir='ltr'><strong>sabati,</strong></span> 
     </span>
    </p>
   </div>
   <div class='ocr_carea' id='block_1_100' title="bbox 2225 4664 3773 4746">
    <p class='ocr_par' dir='ltr' id='par_1_100' title="bbox 2225 4664 3773 4746">
     <span class='ocr_line' id='line_1_100' title="bbox 2225 4664 3773 4746; baseline -0.001 -19"><span class='ocrx_word' id='word_1_702' title='bbox 2225 4671 2470 4728; x_wconf 83' lang='lat' dir='ltr'><strong>Teberto</strong></span> <span class='ocrx_word' id='word_1_703' title='bbox 2505 4671 2818 4742; x_wconf 72' lang='lat' dir='ltr'><strong>praeposito</strong></span> <span class='ocrx_word' id='word_1_704' title='bbox 2851 4687 2956 4742; x_wconf 91' lang='lat' dir='ltr'><strong>pro</strong></span> <span class='ocrx_word' id='word_1_705' title='bbox 2987 4673 3338 4742; x_wconf 89' lang='lat' dir='ltr'><strong>quibusdam</strong></span> <span class='ocrx_word' id='word_1_706' title='bbox 3365 4664 3594 4746; x_wconf 81' lang='lat' dir='ltr'><strong>placitis</strong></span> <span class='ocrx_word' id='word_1_707' title='bbox 3613 4675 3674 4728; x_wconf 73' lang='lat'><strong>25</strong></span> <span class='ocrx_word' id='word_1_708' title='bbox 3695 4684 3773 4727; x_wconf 83' lang='lat' dir='ltr'><strong>so-</strong></span> 
     </span>
    </p>
   </div>
   <div class='ocr_carea' id='block_1_101' title="bbox 2155 4759 3770 4834">
    <p class='ocr_par' dir='ltr' id='par_1_101' title="bbox 2155 4759 3770 4834">
     <span class='ocr_line' id='line_1_101' title="bbox 2155 4759 3770 4834; baseline -0.002 -18"><span class='ocrx_word' id='word_1_709' title='bbox 2155 4760 2304 4818; x_wconf 92' lang='lat' dir='ltr'><strong>lidos</strong></span> <span class='ocrx_word' id='word_1_710' title='bbox 2342 4759 2495 4829; x_wconf 85' lang='lat' dir='ltr'><strong>dedi,</strong></span> <span class='ocrx_word' id='word_1_711' title='bbox 2530 4763 2586 4816; x_wconf 92' lang='lat' dir='ltr'><strong>et</strong></span> <span class='ocrx_word' id='word_1_712' title='bbox 2622 4774 2726 4831; x_wconf 90' lang='lat' dir='ltr'><strong>pro</strong></span> <span class='ocrx_word' id='word_1_713' title='bbox 2777 4762 3201 4832; x_wconf 89' lang='lat' dir='ltr'><strong>compositione</strong></span> <span class='ocrx_word' id='word_1_714' title='bbox 3229 4764 3390 4820; x_wconf 88' lang='lat' dir='ltr'><strong>cervi</strong></span> <span class='ocrx_word' id='word_1_715' title='bbox 3421 4775 3589 4834; x_wconf 85' lang='lat' dir='ltr'><strong>quem</strong></span> <span class='ocrx_word' id='word_1_716' title='bbox 3617 4771 3770 4817; x_wconf 86' lang='lat' dir='ltr'><strong>canos</strong></span> 
     </span>
    </p>
   </div>
   <div class='ocr_carea' id='block_1_102' title="bbox 2153 4848 3770 4925">
    <p class='ocr_par' dir='ltr' id='par_1_102' title="bbox 2153 4848 3770 4925">
     <span class='ocr_line' id='line_1_102' title="bbox 2153 4848 3770 4925; baseline -0.002 -18"><span class='ocrx_word' id='word_1_717' title='bbox 2153 4851 2239 4907; x_wconf 90' lang='lat' dir='ltr'><strong>sui</strong></span> <span class='ocrx_word' id='word_1_718' title='bbox 2274 4854 2596 4919; x_wconf 90' lang='lat' dir='ltr'><strong>moverant,</strong></span> <span class='ocrx_word' id='word_1_719' title='bbox 2639 4853 2696 4904; x_wconf 89' lang='lat' dir='ltr'><strong>et</strong></span> <span class='ocrx_word' id='word_1_720' title='bbox 2729 4848 2994 4906; x_wconf 89' lang='lat' dir='ltr'><strong>homines</strong></span> <span class='ocrx_word' id='word_1_721' title='bbox 3044 4852 3226 4908; x_wconf 90' lang='lat' dir='ltr'><strong>nostri</strong></span> <span class='ocrx_word' id='word_1_722' title='bbox 3285 4856 3560 4925; x_wconf 88' lang='lat' dir='ltr'><strong>ceperant</strong></span> <span class='ocrx_word' id='word_1_723' title='bbox 3590 4859 3770 4921; x_wconf 75' lang='lat' dir='ltr'><strong>meque</strong></span> 
     </span>
    </p>
   </div>
   <div class='ocr_carea' id='block_1_103' title="bbox 2152 4937 3772 5008">
    <p class='ocr_par' dir='ltr' id='par_1_103' title="bbox 2152 4937 3772 5008">
     <span class='ocr_line' id='line_1_103' title="bbox 2152 4937 3772 5008; baseline -0.004 -12"><span class='ocrx_word' id='word_1_724' title='bbox 2152 4940 2386 4996; x_wconf 90' lang='lat' dir='ltr'><strong>nolente</strong></span> <span class='ocrx_word' id='word_1_725' title='bbox 2409 4939 2750 5008; x_wconf 87' lang='lat' dir='ltr'><strong>diviserant,</strong></span> <span class='ocrx_word' id='word_1_726' title='bbox 2777 4937 2997 4996; x_wconf 86' lang='lat' dir='ltr'><strong>solidos</strong></span> <span class='ocrx_word' id='word_1_727' title='bbox 3029 4945 3114 4997; x_wconf 86' lang='lat'><strong>30.</strong></span> <span class='ocrx_word' id='word_1_728' title='bbox 3136 4943 3432 5001; x_wconf 87' lang='lat' dir='ltr'><strong>Bernardo</strong></span> <span class='ocrx_word' id='word_1_729' title='bbox 3455 4943 3524 5000; x_wconf 87' lang='lat' dir='ltr'><strong>de</strong></span> <span class='ocrx_word' id='word_1_730' title='bbox 3537 4937 3772 4998; x_wconf 80' lang='lat' dir='ltr'><strong>Montbar</strong></span> 
     </span>
    </p>
   </div>
   <div class='ocr_carea' id='block_1_104' title="bbox 2152 5027 3030 5102">
    <p class='ocr_par' dir='ltr' id='par_1_104' title="bbox 2152 5027 3030 5102">
     <span class='ocr_line' id='line_1_104' title="bbox 2152 5027 3030 5102; baseline -0.005 -14"><span class='ocrx_word' id='word_1_731' title='bbox 2152 5032 2208 5088; x_wconf 93' lang='lat' dir='ltr'><strong>in</strong></span> <span class='ocrx_word' id='word_1_732' title='bbox 2241 5034 2512 5102; x_wconf 84' lang='lat' dir='ltr'><strong>captione</strong></span> <span class='ocrx_word' id='word_1_733' title='bbox 2544 5041 2649 5086; x_wconf 81' lang='lat' dir='ltr'><strong>sua</strong></span> <span class='ocrx_word' id='word_1_734' title='bbox 2685 5027 2910 5085; x_wconf 90' lang='lat' dir='ltr'><strong>solidos</strong></span> <span class='ocrx_word' id='word_1_735' title='bbox 2943 5033 3030 5084; x_wconf 90' lang='lat'><strong>30.</strong></span> 
     </span>
    </p>
   </div>
   <div class='ocr_carea' id='block_1_105' title="bbox 1741 5126 2426 5188">
    <p class='ocr_par' dir='ltr' id='par_1_105' title="bbox 1741 5126 2426 5188">
     <span class='ocr_line' id='line_1_105' title="bbox 1741 5126 2426 5188; baseline 0.003 -6"><span class='ocrx_word' id='word_1_736' title='bbox 1741 5126 1982 5183; x_wconf 72' lang='lat' dir='ltr'><strong>VARIE</strong></span> <span class='ocrx_word' id='word_1_737' title='bbox 2023 5130 2426 5188; x_wconf 83' lang='lat' dir='ltr'><strong>LEC&#39;I&#39;IONES.</strong></span> 
     </span>
    </p>
   </div>
   <div class='ocr_carea' id='block_1_106' title="bbox 461 5212 1864 5274">
    <p class='ocr_par' dir='ltr' id='par_1_106' title="bbox 461 5212 1864 5274">
     <span class='ocr_line' id='line_1_106' title="bbox 461 5212 1864 5274; baseline 0.008 -5"><span class='ocrx_word' id='word_1_738' title='bbox 461 5213 531 5250; x_wconf 76' lang='grc'><strong>⁸³³</strong></span> <span class='ocrx_word' id='word_1_739' title='bbox 559 5217 666 5272; x_wconf 84' lang='lat' dir='ltr'><strong>Ha.</strong></span> <span class='ocrx_word' id='word_1_740' title='bbox 703 5229 759 5273; x_wconf 90' lang='lat' dir='ltr'><strong>c.</strong></span> <span class='ocrx_word' id='word_1_741' title='bbox 822 5215 892 5250; x_wconf 79' lang='grc'><strong>⁴²⁴</strong></span> <span class='ocrx_word' id='word_1_742' title='bbox 922 5215 1096 5274; x_wconf 89' lang='lat' dir='ltr'><strong>nobis</strong></span> <span class='ocrx_word' id='word_1_743' title='bbox 1121 5227 1178 5274; x_wconf 80' lang='grc' dir='ltr'>ο.</span> <span class='ocrx_word' id='word_1_744' title='bbox 1242 5212 1310 5248; x_wconf 78' lang='grc'><strong>⁴²⁶</strong></span> <span class='ocrx_word' id='word_1_745' title='bbox 1337 5214 1431 5273; x_wconf 89' lang='lat' dir='ltr'><strong>ita</strong></span> <span class='ocrx_word' id='word_1_746' title='bbox 1460 5228 1508 5273; x_wconf 81' lang='grc' dir='ltr'>ο.</span> <span class='ocrx_word' id='word_1_747' title='bbox 1568 5214 1638 5249; x_wconf 84' lang='grc'><strong>⁴²⁶</strong></span> <span class='ocrx_word' id='word_1_748' title='bbox 1672 5215 1787 5273; x_wconf 85' lang='lat' dir='ltr'><strong>fedi</strong></span> <span class='ocrx_word' id='word_1_749' title='bbox 1817 5231 1864 5274; x_wconf 78' lang='grc' dir='ltr'>ο.</span> 
     </span>
    </p>
   </div>
   <div class='ocr_carea' id='block_1_107' title="bbox 1981 5290 2207 5348">
    <p class='ocr_par' dir='ltr' id='par_1_107' title="bbox 1981 5290 2207 5348">
     <span class='ocr_line' id='line_1_107' title="bbox 1981 5290 2207 5348; baseline 0.009 -2"><span class='ocrx_word' id='word_1_750' title='bbox 1981 5290 2184 5348; x_wconf 70' lang='grc' dir='ltr'><strong>ΝΟΤΛΕ</strong></span> <span class='ocrx_word' id='word_1_751' title='bbox 2195 5334 2207 5348; x_wconf 94' lang='grc'><strong>.</strong></span> 
     </span>
    </p>
   </div>
   <div class='ocr_carea' id='block_1_108' title="bbox 463 5373 2035 5450">
    <p class='ocr_par' dir='ltr' id='par_1_108' title="bbox 463 5373 2035 5450">
     <span class='ocr_line' id='line_1_108' title="bbox 463 5373 2035 5450; baseline 0.002 -17"><span class='ocrx_word' id='word_1_752' title='bbox 463 5373 692 5450; x_wconf 54' lang='grc'>(202)]1.</span> <span class='ocrx_word' id='word_1_753' title='bbox 719 5373 879 5450; x_wconf 80' lang='lat' dir='ltr'><strong>_Ib_i_d.</strong></span> <span class='ocrx_word' id='word_1_754' title='bbox 935 5375 1067 5450; x_wconf 74' lang='lat' dir='ltr'><strong>pce.</strong></span> <span class='ocrx_word' id='word_1_755' title='bbox 1102 5377 1256 5450; x_wconf 66' lang='lat'><strong>1096.</strong></span> <span class='ocrx_word' id='word_1_756' title='bbox 1319 5375 1690 5450; x_wconf 75' lang='lat' dir='ltr'><strong>donationem</strong></span> <span class='ocrx_word' id='word_1_757' title='bbox 1749 5379 2035 5450; x_wconf 89' lang='lat' dir='ltr'><strong>quandam</strong></span> 
     </span>
    </p>
   </div>
   <div class='ocr_carea' id='block_1_109' title="bbox 391 5442 1546 5513">
    <p class='ocr_par' dir='ltr' id='par_1_109' title="bbox 391 5442 1546 5513">
     <span class='ocr_line' id='line_1_109' title="bbox 391 5442 1546 5513; baseline 0 -10"><span class='ocrx_word' id='word_1_758' title='bbox 391 5442 676 5513; x_wconf 77' lang='lat' dir='ltr'><strong>ﬁrmavit;</strong></span> <span class='ocrx_word' id='word_1_759' title='bbox 709 5442 896 5500; x_wconf 87' lang='lat' dir='ltr'><strong>Gallia</strong></span> <span class='ocrx_word' id='word_1_760' title='bbox 925 5445 1138 5500; x_wconf 84' lang='lat' dir='ltr'><strong>Christ.</strong></span> <span class='ocrx_word' id='word_1_761' title='bbox 1171 5447 1259 5502; x_wconf 81' lang='lat' dir='ltr'><strong>IV.</strong></span> <span class='ocrx_word' id='word_1_762' title='bbox 1291 5446 1446 5502; x_wconf 81' lang='lat'><strong>1067.</strong></span> <span class='ocrx_word' id='word_1_763' title='bbox 1483 5449 1546 5503; x_wconf 81' lang='grc' dir='ltr'>Κ.</span> 
     </span>
    </p>
   </div>
   <div class='ocr_carea' id='block_1_110' title="bbox 465 5513 2036 5599">
    <p class='ocr_par' dir='ltr' id='par_1_110' title="bbox 465 5513 2036 5599">
     <span class='ocr_line' id='line_1_110' title="bbox 465 5513 2036 5599; baseline 0.003 -27"><span class='ocrx_word' id='word_1_764' title='bbox 465 5517 614 5599; x_wconf 81' lang='lat'><strong>(203)</strong></span> <span class='ocrx_word' id='word_1_765' title='bbox 647 5513 1476 5599; x_wconf 31' lang='lat' dir='ltr'><strong>Philippus.re‘anrancorum</strong></span> <span class='ocrx_word' id='word_1_766' title='bbox 1496 5523 1735 5599; x_wconf 76' lang='lat' dir='ltr'><strong>rogante</strong></span> <span class='ocrx_word' id='word_1_767' title='bbox 1760 5522 2036 5599; x_wconf 73' lang='lat' dir='ltr'><strong>Aganone</strong></span> 
     </span>
    </p>
   </div>
   <div class='ocr_carea' id='block_1_111' title="bbox 391 5583 2034 5662">
    <p class='ocr_par' dir='ltr' id='par_1_111' title="bbox 391 5583 2034 5662">
     <span class='ocr_line' id='line_1_111' title="bbox 391 5583 2034 5662; baseline 0 -16"><span class='ocrx_word' id='word_1_768' title='bbox 391 5583 670 5662; x_wconf 82' lang='lat' dir='ltr'><strong>episcopo</strong></span> <span class='ocrx_word' id='word_1_769' title='bbox 724 5583 976 5662; x_wconf 41' lang='lat' dir='ltr'><strong>Ed’u’ensi</strong></span> <span class='ocrx_word' id='word_1_770' title='bbox 1003 5589 1059 5640; x_wconf 88' lang='lat' dir='ltr'><strong>et</strong></span> <span class='ocrx_word' id='word_1_771' title='bbox 1093 5585 1372 5662; x_wconf 79' lang='lat' dir='ltr'><strong>Bainaldo</strong></span> <span class='ocrx_word' id='word_1_772' title='bbox 1425 5583 1636 5644; x_wconf 72' lang='lat' dir='ltr'><strong>abbate</strong></span> <span class='ocrx_word' id='word_1_773' title='bbox 1669 5583 2034 5662; x_wconf 57' lang='lat' dir='ltr'><strong>monasterii</strong></span> 
     </span>
    </p>
   </div>
   <div class='ocr_carea' id='block_1_112' title="bbox 387 5655 1728 5737">
    <p class='ocr_par' dir='ltr' id='par_1_112' title="bbox 387 5655 1728 5737">
     <span class='ocr_line' id='line_1_112' title="bbox 387 5655 1728 5737; baseline -0.003 -17"><span class='ocrx_word' id='word_1_774' title='bbox 387 5655 804 5737; x_wconf 73' lang='lat' dir='ltr'><strong>possessiones</strong></span> <span class='ocrx_word' id='word_1_775' title='bbox 830 5655 1276 5714; x_wconf 83' lang='lat' dir='ltr'><strong>conﬁrmaverat</strong></span> <span class='ocrx_word' id='word_1_776' title='bbox 1309 5671 1458 5714; x_wconf 88' lang='lat' dir='ltr'><strong>anno</strong></span> <span class='ocrx_word' id='word_1_777' title='bbox 1483 5662 1637 5716; x_wconf 87' lang='grc'>1085.</span> <span class='ocrx_word' id='word_1_778' title='bbox 1665 5660 1728 5716; x_wconf 85' lang='grc' dir='ltr'><strong>Κ.</strong></span> 
     </span>
    </p>
   </div>
   <div class='ocr_carea' id='block_1_113' title="bbox 2223 5370 3762 5448">
    <p class='ocr_par' dir='ltr' id='par_1_113' title="bbox 2223 5370 3762 5448">
     <span class='ocr_line' id='line_1_113' title="bbox 2223 5370 3762 5448; baseline -0.005 -15"><span class='ocrx_word' id='word_1_779' title='bbox 2223 5377 2370 5448; x_wconf 76' lang='grc'>(204)</span> <span class='ocrx_word' id='word_1_780' title='bbox 2401 5375 2537 5448; x_wconf 83' lang='lat' dir='ltr'><strong>Dies</strong></span> <span class='ocrx_word' id='word_1_781' title='bbox 2567 5378 2802 5448; x_wconf 68' lang='lat' dir='ltr'><strong>sanctae</strong></span> <span class='ocrx_word' id='word_1_782' title='bbox 2838 5373 3066 5448; x_wconf 78' lang='lat' dir='ltr'><strong>Ceciliae</strong></span> <span class='ocrx_word' id='word_1_783' title='bbox 3113 5389 3265 5432; x_wconf 89' lang='lat' dir='ltr'><strong>anno</strong></span> <span class='ocrx_word' id='word_1_784' title='bbox 3299 5373 3438 5433; x_wconf 82' lang='lat'><strong>1096</strong></span> <span class='ocrx_word' id='word_1_785' title='bbox 3465 5375 3520 5448; x_wconf 83' lang='lat' dir='ltr'><strong>in</strong></span> <span class='ocrx_word' id='word_1_786' title='bbox 3562 5370 3762 5448; x_wconf 56' lang='lat' dir='ltr'><strong>_$abba:</strong></span> 
     </span>
    </p>
   </div>
   <div class='ocr_carea' id='block_1_114' title="bbox 2145 5441 3760 5524">
    <p class='ocr_par' dir='ltr' id='par_1_114' title="bbox 2145 5441 3760 5524">
     <span class='ocr_line' id='line_1_114' title="bbox 2145 5441 3760 5524; baseline -0.006 -19"><span class='ocrx_word' id='word_1_787' title='bbox 2145 5441 2272 5506; x_wconf 83' lang='lat' dir='ltr'><strong>tum</strong></span> <span class='ocrx_word' id='word_1_788' title='bbox 2303 5441 2526 5524; x_wconf 79' lang='lat' dir='ltr'><strong>incidit,</strong></span> <span class='ocrx_word' id='word_1_789' title='bbox 2581 5459 2757 5524; x_wconf 33' lang='lat' dir='ltr'><strong>anno“</strong></span> <span class='ocrx_word' id='word_1_790' title='bbox 2784 5447 2922 5502; x_wconf 85' lang='grc'>1097</span> <span class='ocrx_word' id='word_1_791' title='bbox 2951 5445 3008 5502; x_wconf 90' lang='lat' dir='ltr'><strong>in</strong></span> <span class='ocrx_word' id='word_1_792' title='bbox 3063 5448 3451 5514; x_wconf 88' lang='lat' dir='ltr'><strong>Dominicam;</strong></span> <span class='ocrx_word' id='word_1_793' title='bbox 3483 5441 3708 5502; x_wconf 86' lang='lat' dir='ltr'><strong>indictio</strong></span> <span class='ocrx_word' id='word_1_794' title='bbox 3733 5442 3760 5494; x_wconf 85' lang='grc'><strong>5</strong></span> 
     </span>
    </p>
   </div>
   <div class='ocr_carea' id='block_1_115' title="bbox 2147 5520 2783 5586">
    <p class='ocr_par' dir='ltr' id='par_1_115' title="bbox 2147 5520 2783 5586">
     <span class='ocr_line' id='line_1_115' title="bbox 2147 5520 2783 5586; baseline -0.011 -8"><span class='ocrx_word' id='word_1_795' title='bbox 2147 5535 2296 5578; x_wconf 87' lang='lat' dir='ltr'><strong>anno</strong></span> <span class='ocrx_word' id='word_1_796' title='bbox 2328 5521 2465 5576; x_wconf 72' lang='lat'><strong>1097</strong></span> <span class='ocrx_word' id='word_1_797' title='bbox 2493 5520 2783 5586; x_wconf 79' lang='lat' dir='ltr'><strong>congruit.</strong></span> 
     </span>
    </p>
   </div>
   <div class='ocr_carea' id='block_1_116' title="bbox 2241 5587 2755 5662">
    <p class='ocr_par' dir='ltr' id='par_1_116' title="bbox 2241 5587 2755 5662">
     <span class='ocr_line' id='line_1_116' title="bbox 2241 5587 2755 5662; baseline -0.014 -14"><span class='ocrx_word' id='word_1_798' title='bbox 2241 5591 2368 5662; x_wconf 73' lang='lat'><strong>206)</strong></span> <span class='ocrx_word' id='word_1_799' title='bbox 2397 5593 2442 5662; x_wconf 67' lang='grc'><strong>1.</strong></span> <span class='ocrx_word' id='word_1_800' title='bbox 2482 5602 2542 5646; x_wconf 89' lang='lat' dir='ltr'><strong>e.</strong></span> <span class='ocrx_word' id='word_1_801' title='bbox 2561 5587 2755 5662; x_wconf 53' lang='lat' dir='ltr'><strong>tendi.</strong></span> 
     </span>
    </p>
   </div>
   <div class='ocr_carea' id='block_1_117' title="bbox 2217 5592 2758 5735">
    <p class='ocr_par' dir='ltr' id='par_1_117' title="bbox 2217 5592 2758 5735">
     <span class='ocr_line' id='line_1_117' title="bbox 2241 5592 2755 5662; baseline -0.012 -14"><span class='ocrx_word' id='word_1_802' title='bbox 2241 5592 2368 5662; x_wconf 73' lang='lat'><strong>205)</strong></span> <span class='ocrx_word' id='word_1_803' title='bbox 2397 5593 2442 5644; x_wconf 78' lang='grc' dir='ltr'>ί.</span> <span class='ocrx_word' id='word_1_804' title='bbox 2482 5602 2542 5646; x_wconf 89' lang='lat' dir='ltr'><strong>e.</strong></span> <span class='ocrx_word' id='word_1_805' title='bbox 2582 5592 2755 5644; x_wconf 85' lang='lat' dir='ltr'><strong>feodi.</strong></span> 
     </span>
     <span class='ocr_line' id='line_1_118' title="bbox 2217 5592 2758 5735; baseline -0.011 -14"><span class='ocrx_word' id='word_1_806' title='bbox 2217 5592 2368 5735; x_wconf 46' lang='grc' dir='ltr'><strong>ἔωθε)</strong></span> <span class='ocrx_word' id='word_1_807' title='bbox 2399 5659 2438 5718; x_wconf 90' lang='lat' dir='ltr'><strong>i.</strong></span> <span class='ocrx_word' id='word_1_808' title='bbox 2473 5673 2526 5717; x_wconf 89' lang='lat' dir='ltr'><strong>e.</strong></span> <span class='ocrx_word' id='word_1_809' title='bbox 2560 5657 2758 5731; x_wconf 76' lang='lat' dir='ltr'><strong>ligius.</strong></span> 
     </span>
    </p>
   </div>
  </div>
