3950 6320
200 386 320 421 οεεη

200 413 313 449 ὅθι

1466 386 1966 455 CHRONICON.
2001 429 2081 440 --
2110 392 2267 458 LIB.
2301 391 2374 458 II.

3509 403 3628 467 358

281 523 339 577 In
372 522 784 594 redemptione
817 523 1006 581 fanoni
1039 521 1300 583 deaurati
1335 529 1392 583 et
1425 540 1618 599 capsae
1657 541 1861 598 argen-
1891 529 1946 589 A
2049 527 2172 598 (fol.
2209 529 2348 601 137’)
2383 533 2544 588 Anno
2575 533 2779 590 eodem
2813 535 2884 591 ab
2936 535 3154 592 incarn.
3203 538 3426 594 Domini
3494 545 3627 597 1098

205 618 320 668 texe
350 615 419 668 60
445 611 643 668 olidos
674 613 825 682 cedi,
857 617 912 667 et
943 612 998 668 in
1031 629 1215 686 cappa
1233 620 1286 671 7.

279 701 447 757 Dedit
463 700 732 758 ecclesiis
759 706 972 758 nostra:
993 703 1226 773 quidam
1254 703 1420 761 miles
1442 719 1595 762 nunc
1619 719 1864 764 conver-

205 804 314 846 sus
329 789 610 846 Arnulfus
631 789 704 846 de
729 791 1082 847 Monasterio
1098 807 1359 848 mansum
1378 795 1399 850 1
1419 793 1570 866 apud
1587 794 1862 851 Prusilia-

201 893 360 934 CLIII].

277 966 448 1022 Dedit
483 966 662 1022 etiam
699 965 1062 1024 Gislebertus
1093 967 1162 1023 dc
1193 968 1502 1025 Luciniaco
1532 973 1793 1027 maiisum
1829 975 1854 1029 1

200 1055 364 1125 apud
385 1054 728 1111 Darciacum
761 1070 864 1126 pro
895 1055 1015 1111 filio
1047 1071 1151 1112 suo
1181 1057 1390 1112 Pontio
1428 1057 1676 1128 nomine,
1729 1075 1859 1115 cum

199 1143 482 1199 omnibus
509 1143 893 1215 appendiciis,
925 1149 982 1199 et
1015 1145 1277 1200 homines
1321 1150 1446 1201 tres
1486 1161 1616 1202 cum
1656 1161 1859 1204 eorum

201 1231 579 1302 posteritate.

277 1319 448 1376 Dedit
483 1319 685 1378 itidem
717 1324 879 1392 Hugo
916 1323 987 1379 de
1036 1323 1317 1380 Draciaco
1367 1338 1630 1380 mansum
1685 1339 1857 1379 unum

196 1423 340 1465 cum
364 1411 729 1481 appendiciis
751 1411 808 1468 in
829 1410 1029 1468 eadem
1050 1411 1184 1468 villa
1209 1428 1314 1484 pro
1337 1412 1456 1468 lilio
1487 1428 1613 1469 suo.
1653 1415 1857 1468 Actum

197 1497 363 1568 apud
399 1499 665 1555 Colchas.

277 1587 564 1644 Brutinus
591 1587 768 1644 etiam
801 1587 1069 1646 dominus
1097 1589 1301 1658 castri,
1336 1588 1487 1660 quod
1511 1589 1646 1646 olim
1679 1589 1860 1645 Sedu-

199 1691 372 1745 num,
395 1691 545 1732 nunc
567 1675 896 1733 Blismurus
918 1677 1153 1748 dicitur,
1178 1678 1433 1734 reddidit
1462 1679 1629 1734 nobis
1651 1679 1857 1735 accele-

197 1765 360 1820 siam
391 1765 573 1821 castri
604 1765 866 1834 ejusdem
896 1781 1025 1823 cum
1053 1767 1415 1837 appendiciis
1435 1772 1642 1824 etcum
1675 1767 1857 1824 omni-

203 1853 324 1910 bus
355 1867 484 1924 quaa
515 1853 654 1908 olim
700 1853 1038 1925 possederat
1089 1855 1180 1910 vel
1214 1858 1353 1910 tunc
1401 1855 1759 1927 possidebat.
1786 1858 1856 1911 Et

197 1941 345 2012 quia
376 1941 450 1997 de
469 1956 578 1998 suo
605 1942 844 2014 proprio
867 1942 1130 2014 quaedam
1165 1943 1234 1999 ad
1262 1943 1479 2000 victum
1497 1944 1740 2001 fratrum
1758 1943 1855 2001 ad-

197 2029 382 2096 didit,
415 2034 488 2086 20
513 2031 568 2086 ei
599 2031 819 2088 solidos
849 2046 954 2103 pro
981 2031 1230 2088 caritate
1261 2031 1416 2088 dedi.

278 2122 463 2190 Aymo
485 2118 656 2176 miles
681 2119 942 2190 ejusdem
970 2119 1172 2192 castri,
1200 2121 1524 2178 avunculus
1552 2121 1760 2194 ipsius,
1782 2125 1852 2180 ad

196 2207 655 2264 conversionem
687 2209 741 2262 in
777 2207 1115 2264 infirmitate
1144 2209 1399 2280 veniens,
1437 2209 1691 2266 reddidit
1739 2213 1854 2268 Deo

193 2298 262 2351 et
299 2300 510 2352 sancto
541 2297 719 2352 Petro
746 2300 804 2352 et
835 2301 1038 2353 sancto
1069 2297 1337 2368 Prejecto
1365 2302 1556 2354 terras
1587 2303 1647 2354 et
1673 2299 1854 2356 homi-

197 2398 312 2440 nes
336 2399 483 2456 quas
505 2385 676 2442 nobis
696 2385 752 2440 vi
771 2385 1091 2456 auferebat,
1115 2390 1174 2441 et
1197 2385 1582 2458 calumpniam
1602 2387 1846 2444 dimisit.

275 2476 343 2529 In
377 2473 782 2546 redemptione
811 2489 1012 2547 cappaa
1041 2479 1099 2530 et
1132 2474 1293 2547 pallii
1318 2476 1538 2533 solidos
1573 2483 1676 2533 110
1695 2477 1847 2535 dedi.

276 2564 464 2633 (1090,
499 2565 639 2635 Apr.
677 2564 790 2633 14.)
821 2563 1090 2620 Prefatus
1120 2564 1296 2620 etiam
1328 2564 1692 2634 Hildegarius
1715 2569 1855 2622 Gur-

200 2651 496 2708 ziacensis
529 2651 664 2721 quia
699 2649 920 2708 Bellum
955 2653 1160 2709 Locum
1190 2653 1360 2709 nobis
1388 2654 1659 2710 auferens
1683 2655 1856 2725 injus-

204 2740 405 2795 titiam
430 2739 600 2795 nobis
626 2741 866 2810 fecerat,
891 2738 1075 2796 multo
1097 2747 1361 2811 tempore
1385 2757 1414 2797 a
1438 2742 1606 2798 nobis
1627 2758 1855 2799 excom-

198 2827 560 2897 municatus,
616 2827 850 2884 tandem
899 2828 1129 2900 culprm
1179 2831 1317 2886 fecit
1361 2830 1513 2902 apud
1543 2831 1850 2900 Conedam,

197 2921 260 2972 et
292 2915 606 2972 absolutus
637 2931 665 2972 a
703 2916 871 2972 nobis
912 2922 1023 2973 est.
1067 2918 1394 2975 ilominium
1425 2921 1760 2990 recognovit
1791 2927 1850 2976 et

199 3004 560 3075 resirmavit,
603 3007 662 3060 et
704 3019 778 3060 ex
837 3009 964 3061 toto
1021 3005 1227 3062 cellam
1287 3007 1528 3064 eandem
1571 3009 1847 3081 vurpivit.

198 3091 455 3148 Obsides
485 3092 668 3162 dedit,
725 3108 969 3164 quorum
1019 3093 1143 3149 hinc
1189 3101 1322 3151 sunt
1372 3096 1646 3153 nomina:
1691 3099 1852 3167 llugo

198 3181 387 3237 frater
410 3181 560 3252 ejus,
589 3181 906 3238 Rainaldus
925 3183 996 3238 de
1019 3184 1191 3253 Roca,
1224 3184 1538 3254 Deodatus,
1573 3186 1853 3244 Girardus

196 3269 273 3326 de
306 3275 514 3338 Roura,
547 3274 606 3326 et
639 3270 819 3326 frater
838 3269 985 3342 ejus,
1012 3271 1364 3343 Waldricus,
1401 3273 1760 3331 Gauzfredus
1783 3276 1853 3332 de

195 3358 492 3424 Masiaco;
525 3358 619 3416 cui
650 3373 758 3430 ego
785 3363 856 3414 20
885 3359 1106 3417 solidos
1151 3361 1306 3417 dedi.
1361 3365 1566 3418 Actum
1610 3368 1660 3418 δ.
1711 3365 1852 3420 feria

194 3447 438 3520 paschae
475 3451 558 3504 18.
593 3447 712 3503 Kal.
745 3447 892 3505 Maii.
930 3448 1197 3506 Conedze.

271 3535 521 3593 Pontius
555 3551 788 3606 quoque
819 3537 1141 3594 Grimensis
1169 3551 1366 3594 comes
1397 3553 1502 3610 pro
1542 3538 1853 3598 homicidio

196 3623 360 3696 quod
386 3624 608 3680 fecerat
636 3623 708 3680 de
731 3624 940 3680 Pontio
964 3625 1262 3682 serviente
1276 3631 1500 3698 nostro,
1529 3627 1778 3684 natalem
1794 3635 1852 3684 et

197 3719 446 3782 neptem
476 3711 605 3781 ejus
639 3712 808 3768 nobis
837 3713 1092 3770 reddidit
1132 3717 1234 3770 110
1257 3714 1466 3772 solidis
1492 3717 1772 3788 acceptis,
1795 3723 1854 3774 et

191 3799 615 3858 absolutusest
634 3807 650 3856 1
666 3805 718 3858 6.
742 3802 862 3858 Kal.
885 3803 1032 3860 Maii.
1052 3805 1264 3860 Postea
1285 3819 1415 3861 eum
1453 3805 1630 3877 cepit,
1665 3811 1721 3862 et
1746 3821 1853 3877 pro

193 3889 610 3962 redemptione
643 3891 712 3944 50
742 3891 962 3948 solidos
990 3891 1213 3948 habuit.

273 3979 400 4050 (fol.
439 3979 922 4050 138.)Joﬂ‘redum
947 3979 1018 4036 de
1041 3981 1369 4052 Prumiaco,
1395 3986 1453 4036 et
1469 3982 1706 4038 fratrem
1727 3983 1854 4053 ejus

193 4083 334 4126 cum
365 4068 654 4126 uxoribus
681 4073 737 4125 et
775 4068 930 4139 ﬁliis,
965 4085 1148 4126 uxore
1179 4085 1410 4142 quoque
1441 4071 1660 4128 Odonis
1687 4073 1848 4129 Tuat.

194 4164 258 4214 et
282 4171 529 4214 uxorem
557 4157 808 4214 Hcinrici
833 4171 961 4215 cum
989 4158 1142 4229 filiis,
1180 4173 1421 4215 uxorem
1453 4160 1628 4216 etiam
1649 4160 1854 4217 Johan-

194 4248 291 4305 nis
323 4247 396 4304 de
427 4247 729 4304 Poliniaco
763 4263 893 4303 cum
927 4247 1064 4304 filiis
1093 4252 1154 4304 et
1182 4252 1362 4304 totam
1405 4263 1602 4306 eorum
1653 4265 1854 4322 proge-

196 4336 377 4408 piem,
413 4351 543 4406 quae
572 4335 860 4392 latissima
889 4340 950 4392 et
977 4337 1194 4408 optima
1227 4341 1342 4407 est,
1381 4337 1672 4394 mediante
1712 4341 1856 4412 Bay-

197 4423 378 4482 naldo
410 4424 481 4481 de
509 4426 687 4495 Roca,
723 4424 878 4482 datis
929 4424 1132 4482 solidis
1180 4430 1250 4481 3O
1293 4425 1478 4484 Odoni
1527 4426 1854 4484 vicecomiti

195 4513 388 4570 Rubei
421 4513 658 4584 montis,
693 4517 894 4571 sancto
943 4516 1120 4570 Petro
1169 4515 1422 4585 quietam
1473 4515 1601 4572 feci.
1655 4517 1854 4574 Testes

1885 3236 1934 3299 C

1975 618 2121 674 obiit
2161 624 2358 688 Agano
2378 620 2662 677 Eduensis
2704 624 3022 696 episcopus
3044 631 3094 681 7.
3123 625 3244 682 Kal.
3279 626 3415 682 Julii
3439 628 3624 700 (207);

1974 711 2032 762 et
2075 709 2340 778 sequenti
2383 709 2528 764 obiit
2570 712 2753 768 abbas
2793 713 3078 770 Rodulfus
3119 717 3168 768 5.
3215 714 3337 770 Kal.
3381 717 3622 787 Aprilis.

1972 796 2248 865 Regimen
2273 798 2556 856 aecclcsize
2583 801 2864 858 Eduensis
2881 806 3017 874 post
3051 803 3442 861 venerabilem
3475 808 3626 876 Aga-

1974 898 2181 940 nonem
2208 887 2548 956 Norgaudus
2573 890 2848 960 suscepit,
2873 891 2929 945 in
2959 891 3161 948 eadem
3184 892 3449 950 aecclesia
3480 910 3626 966 pra:-

1974 974 2233 1030 centoris
2267 975 2500 1032 functus
2534 978 2722 1033 olllcio
2753 979 2922 1050 (208).
2961 979 3061 1034 Hic
3095 981 3204 1036 sub
3251 983 3626 1040 contentione

1973 1061 2197 1118 electus
2219 1068 2330 1120 est.
2358 1065 2469 1121 Pro
2486 1080 2597 1136 qua
2627 1073 2817 1122 tamen
2843 1065 3131 1124 electione
3150 1084 3284 1126 cum
3316 1071 3622 1128 multoties

1974 1150 2189 1206 Eduam
2221 1151 2420 1220 issem,
2453 1154 2585 1223 quia
2616 1171 2727 1210 vox
2762 1163 2959 1212 nostra
2994 1157 3174 1228 prima
3207 1173 3337 1215 esse
3369 1159 3620 1216 debebat

1975 1237 2034 1292 in
2060 1238 2346 1295 electione
2378 1258 2391 1307 ;
2430 1243 2657 1298 tandem
2693 1243 2746 1297 in
2780 1244 3122 1300 ascensione
3155 1247 3376 1302 Domini
3420 1248 3626 1304 invita-

1978 1329 2092 1396 tus,
2127 1342 2260 1383 cum
2291 1344 2478 1385 essem
2509 1330 2563 1386 in
2593 1333 2815 1389 exteris
2849 1334 3136 1405 partibus,
3169 1350 3481 1393 occurrere
3529 1352 3626 1394 ne-

1976 1415 2152 1484 quivi.
2191 1416 2486 1482 Quendam
2525 1423 2714 1476 tamcn
2761 1436 2793 1477 e
2839 1423 3058 1479 nostris
3106 1424 3254 1494 misi,
3309 1425 3405 1496 qui
3437 1426 3619 1482 vicem

1975 1509 2234 1558 nostram
2252 1505 2559 1576 suppleret
2585 1525 2598 1574 ;
2621 1511 2676 1562 et
2693 1522 2799 1577 ego
2815 1511 3184 1580 postmodum
3198 1518 3620 1585 exoccupatus,

1973 1592 2312 1662 Lugdunum
2339 1601 2571 1651 euntem
2597 1598 2667 1653 ad
2702 1599 3204 1656 consecrationem
3236 1600 3396 1658 solus
3425 1602 3496 1658 de
3525 1603 3624 1659 ab-

1973 1679 2209 1736 batibus
2243 1697 2368 1737 sum
2405 1691 2800 1754 prosequutus
2836 1705 2848 1740 :
2881 1691 2938 1742 et
2970 1687 3075 1743 hec
3108 1688 3326 1746 faciens
3367 1690 3620 1746 furorem

1974 1767 2145 1824 animi
2178 1769 2323 1840 ejus,
2360 1786 2528 1841 quem
2568 1779 2916 1844 conceperat
2967 1791 3041 1831 ex
3085 1777 3346 1833 absentia
3396 1784 3615 1849 nostra,

1885 1882 1940 1942 Β
1972 1857 2178 1913 sedare
2203 1873 2313 1915 non
2341 1861 2525 1931 potui,
2551 1876 2680 1917 cum
2706 1863 2878 1918 etiam
2902 1863 2958 1918 in
2983 1864 3276 1922 redeundo
3307 1866 3536 1924 duobus
3565 1868 3619 1923 ei

1971 1945 2178 2002 diebus
2211 1949 2361 2017 apud
2395 1948 2647 2006 Colticas
2677 1951 2826 2022 (209)
2855 1957 2914 2006 et
2960 1958 3087 2008 toto
3137 1955 3440 2010 comitatui
3492 1956 3619 2025 ejus

1969 2035 2270 2090 servierim
2303 2036 2448 2092 satis
2477 2051 2788 2110 superque.
2819 2039 2917 2096 Hic
2949 2039 3334 2098 Flaviniacum
3383 2043 3622 2101 veniens

1967 2121 2212 2178 honeste
2243 2137 2270 2178 a
2304 2123 2474 2180 nobis
2505 2132 2820 2198 susceptus
2847 2133 2978 2196 est;
3011 2133 3070 2184 et
3101 2129 3157 2184 in
3197 2131 3399 2186 eadem
3447 2136 3622 2188 nocte

1967 2210 2268 2267 dominicae
2303 2212 2439 2283 diei,
2473 2228 2602 2270 cum
2635 2215 2685 2269 ci
2721 2216 2963 2271 honeste
2995 2217 3330 2288 servissem,
3367 2219 3425 2274 in
3454 2224 3620 2276 treva

1965 2297 2066 2352 Dei
2101 2300 2320 2356 bancos
2347 2305 2407 2355 et
2436 2301 2819 2358 scarritiones
2862 2304 3010 2374 (210)
3063 2307 3305 2362 mercati
3357 2307 3621 2364 homines

1965 2385 2092 2455 ejus
2124 2387 2421 2456 fregerunt
2455 2392 2515 2443 et
2547 2388 2829 2460 tulerunt,
2865 2391 2998 2461 quia
3028 2398 3196 2448 erant
3225 2399 3358 2450 ante
3389 2394 3618 2450 domum

1965 2473 2383 2546 episcopalem,
2417 2481 2476 2531 et
2522 2482 2678 2532 terra
2732 2479 2878 2548 ipsa,
2928 2485 3238 2552 antequam
3289 2481 3493 2539 domus
3540 2483 3618 2538 ibi

1967 2561 2196 2632 fuisset,
2222 2564 2446 2620 consita
2470 2571 2594 2620 erat
2615 2566 2943 2623 hominibus
2966 2585 3070 2640 pro
3096 2575 3354 2626 mercato
3385 2586 3618 2633 eorum;

1965 2655 2026 2707 et
2057 2651 2324 2721 requisiti
2359 2653 2432 2707 ab
2464 2653 2792 2711 hominibus
2823 2670 3069 2725 quorum
3096 2657 3248 2727 juris
3266 2664 3454 2730 erant,
3492 2661 3621 2716 red-

1967 2741 2072 2796 diti
2088 2755 2201 2796 non
2221 2741 2473 2797 fuerunt.
2501 2743 2568 2796 Et
2593 2759 2721 2799 cum
2745 2744 2960 2799 redditi
2985 2761 3094 2802 non
3120 2751 3344 2816 essent,
3386 2749 3617 2804 interim

1965 2830 2106 2886 emit
2138 2830 2372 2900 quidam
2412 2830 2581 2888 homo
2613 2848 2814 2890 eorum
2852 2848 3088 2890 carnem
3140 2835 3308 2892 bovis
3353 2838 3423 2892 ad
3469 2852 3618 2908 opus

1965 2918 2225 2990 episcopi
2253 2934 2400 2975 :cum
2435 2920 2696 2976 homines
2727 2922 2914 2977 nostri
2944 2937 3049 2994 pro
3087 2924 3418 2980 reverentia
3464 2925 3618 2996 epis-

1965 3007 2093 3078 cepi
2127 3007 2263 3063 alibi
2297 3022 2426 3064 eum
2451 3009 2668 3065 vellent
2691 3011 2978 3083 occidere,
3010 3011 3105 3068 ille
3129 3013 3322 3082 coegit
3347 3027 3448 3070 eos
3480 3017 3616 3070 ante

1965 3098 2265 3168 praefatam
2301 3097 2531 3154 domum
2569 3104 2843 3168 mactare,
2889 3101 3193 3171 nostrique
3242 3103 3431 3172 parati
3479 3108 3617 3159 sunt

1965 3187 2271 3256 affirmare,
2309 3186 2460 3258 quod
2495 3188 2889 3246 defensionem
2924 3191 3010 3246 eis
3040 3195 3094 3244 et
3129 3190 3436 3246 tuitionem
3489 3207 3617 3263 pro-

1967 3274 2188 3331 miserit
2232 3274 2348 3346 (fol.
2384 3278 2506 3349 138)
2531 3277 2738 3334 Occiso
2763 3279 2926 3348 hove,
2949 3279 3210 3335 homines
3233 3279 3418 3334 nostri
3445 3280 3614 3349 jussu

1966 3368 2172 3420 nostro
2207 3379 2310 3435 pro
2344 3366 2562 3421 honore
2609 3367 2873 3438 episcopi
2921 3367 3056 3423 alibi
3109 3383 3238 3424 eum
3284 3373 3609 3424 traxerunt.

1966 3451 2243 3507 Videntes
2275 3452 2540 3509 homines
2573 3470 2817 3524 quorum
2849 3459 2974 3510 erat
2999 3462 3157 3510 terra
3189 3455 3434 3525 censita,
3479 3456 3615 3526 quia

1965 3554 2074 3609 ego
2105 3539 2192 3596 eis
2224 3541 2464 3612 primus,
2492 3542 2586 3612 qui
2612 3541 2926 3598 defendere
2949 3544 3251 3613 debebam,
3279 3544 3348 3599 de
3371 3559 3618 3600 consuc-

1969 3629 2170 3685 tudinc
2200 3633 2256 3684 et
2295 3645 2398 3685 usu
2429 3645 2628 3685 eorum
2660 3630 3020 3700 deficiebam,
3067 3632 3295 3702 ipsimct
3349 3631 3402 3686 in
3454 3636 3612 3688 terra

1965 3716 2224 3772 censuali
2258 3732 2361 3772 sua
2393 3718 2773 3773 scari-itiones
2797 3717 3193 3789 firmaverunt,
3215 3725 3270 3774 et
3297 3733 3504 3775 carnes
3529 3735 3616 3776 re-

1967 3807 2308 3876 posuerunt.
2345 3806 2594 3875 Propter
2625 3804 2863 3860 baculos
2897 3807 2990 3876 qui
3027 3805 3187 3860 allati
3211 3811 3372 3875 sunt,
3396 3812 3455 3861 et
3479 3807 3613 3876 quia

1965 3893 2304 3962 congregati
2339 3896 2472 3948 sunt
2508 3893 2769 3948 homines
2790 3893 2860 3948 ad
2883 3894 3158 3948 tuendum
3185 3907 3348 3949 usum
3372 3908 3618 3951 censua-

1965 3979 2154 4036 litatis
2185 3995 2324 4049 sua),
2360 3979 2570 4036 malum
2595 3981 2703 4036 fuit
2727 3982 3019 4053 episcopo,
3043 3986 3099 4037 et
3125 3981 3273 4037 dixit
3300 3996 3363 4038 se
3385 3981 3613 4038 assalli-

1965 4073 2086 4126 tum
2117 4088 2131 4136 ;
2159 4076 2347 4124 tamen
2373 4069 2660 4124 hominem
2687 4084 2795 4124 non
2814 4075 3251 4141 percusserunt,
3270 4069 3402 4140 quia
3420 4071 3616 4127 nullus

1965 4173 2068 4214 eos
2099 4157 2406 4225 assallivit,
2438 4162 2493 4212 et
2526 4158 2636 4228 ipsi
2670 4158 2974 4214 neminem.
3009 4158 3114 4213 Ubi
3141 4157 3256 4214 vidi
3299 4159 3613 4216 molestum

1967 4247 2022 4304 id
2045 4261 2176 4304 esse
2199 4247 2500 4318 episcopo,
2527 4261 2634 4315 ego
2659 4246 2784 4318 ipse
2808 4261 2937 4303 cum
2962 4246 3310 4318 quibusdam
3335 4247 3616 4306 fratribus

1966 4342 2028 4392 et
2055 4335 2350 4392 nobilibus
2370 4335 2513 4391 viris
2535 4341 2595 4390 et
2613 4335 3006 4393 servientibus
3028 4335 3101 4392 ivi
3126 4337 3196 4392 ad
3221 4351 3373 4408 eum,
3399 4339 3615 4394 etcum

1966 4423 2212 4482 consilio
2245 4423 2431 4495 optuli
2465 4423 2537 4493 ei,
2574 4424 2726 4494 quod
2760 4428 2981 4480 tantum
3013 4425 3065 4481 ei
3096 4424 3228 4480 inde
3272 4425 3520 4482 facerem
3560 4425 3616 4482 in

1965 4513 2241 4584 crastino,
2277 4516 2555 4583 quantum
2589 4519 2947 4582 congrueret
2971 4513 3130 4584 justo
3176 4517 3235 4569 et
3281 4513 3506 4585 honori,
3556 4519 3616 4571 et

195 4601 428 4672 horum,
461 4602 558 4673 qui
589 4602 738 4658 infra
774 4621 786 4656 :
837 4601 1201 4660 Gislebertus
1244 4603 1496 4673 juvenis.
1545 4604 1852 4662 Teubodus
1881 4593 1936 4654 D
1967 4607 2246 4675 quantum
2281 4616 2475 4673 posem
2509 4604 2568 4656 et
2619 4600 2912 4657 deberem.
2967 4603 3032 4656 Et
3081 4616 3215 4656 mox
3273 4601 3615 4674 ascendens,

196 4690 376 4760 ﬂant,
401 4689 911 4760 RainaldusRoca,
934 4690 1383 4748 Gislebertusde
1400 4692 1599 4763 Turre,
1617 4693 1852 4762 Hagano

193 4778 345 4847 Hoc,
379 4780 544 4848 nugo
570 4779 808 4848 Miscus,
843 4779 1145 4850 Goslenus,
1180 4780 1471 4837 Gerardus
1510 4780 1668 4852 Duis,
1716 4783 1854 4838 Bru-

194 4866 440 4938 nardus,
473 4865 796 4924 Rainaldus
828 4867 945 4938 Fla,
979 4867 1316 4925 Rainaldus.

270 4953 560 5012 Willelmo
593 4955 668 5011 de
693 4957 1003 5012 Turraboit
1031 4960 1102 5011 30
1130 4955 1355 5013 solidos
1377 4973 1481 5029 pro
1505 4957 1852 5029 quibusdam

191 5043 766 5116 compositionibus;
799 5043 1129 5101 Gisleberto
1158 5044 1379 5102 solidos
1411 5052 1482 5102 30
1502 5062 1608 5118 pro
1631 5046 1856 5103 redem-

189 5133 396 5208 ptione
423 5133 560 5206 equi
593 5131 760 5189 illius
793 5130 864 5189 de
892 5133 1144 5190 Grosbof
1185 5148 1353 5206 quem
1404 5134 1562 5208 cepit
1609 5139 1668 5191 et
1715 5135 1855 5193 mihi

195 5221 472 5280 reddidit.

1966 4697 2201 4750 casatos
2226 4690 2502 4761 requisivi
2519 4694 2577 4745 et
2591 4689 2818 4744 nobiles
2835 4705 2980 4760 quos
2994 4688 3176 4760 potui,
3195 4688 3266 4745 ad
3284 4689 3614 4748 faciendum

1969 4779 2120 4852 quod
2152 4777 2501 4850 optuleram.
2538 4777 2772 4832 Interim
2805 4776 2928 4847 ipse
2960 4776 3449 4834 christianitatem
3475 4776 3615 4834 mihi

1968 4866 2210 4925 abstulit
2245 4867 2391 4938 (211)
2427 4865 2504 4922 ita
2535 4869 2598 4921 ut
2620 4863 3270 4935 nuptialesquialiunde
3301 4865 3614 4922 veniebant

1969 4957 2201 5012 missam
2233 4952 2620 5026 perdiderint,
2645 4957 2705 5008 et
2727 4966 2944 5024 corpus
2969 4951 3353 5023 sepulturam.
3379 4953 3500 5022 Ego
3531 4957 3618 5010 ta-

1969 5057 2099 5100 men
2145 5042 2299 5113 quod
2346 5040 2726 5114 promiseram
2771 5038 3027 5096 munitus
3075 5038 3324 5096 consilio
3372 5038 3617 5112 implere

1968 5131 2146 5202 volui,
2181 5135 2238 5187 et
2264 5130 2317 5186 in
2346 5145 2434 5188 me
2456 5145 2568 5187 non
2591 5129 2896 5202 remansit,
2921 5143 3026 5186 nec
3051 5128 3136 5186 sic
3159 5129 3394 5186 missam
3414 5129 3613 5188 habui.

1968 5223 2129 5280 Diem
2147 5218 2456 5278 constituit
2478 5219 2616 5277 mihi
2639 5218 2794 5293 apud
2807 5218 3024 5277 Eduam
3041 5236 3056 5288 ;
3073 5218 3328 5292 suscepi.
3359 5219 3616 5292 Cumque

1793 5349 2016 5406 NOTAE.

263 5453 410 5535 (297)
460 5464 519 5506 γι
571 5443 678 5502 Kal
727 5443 839 5502 Jul.
883 5445 1056 5502 habet
1105 5446 1514 5518 Necrologium
1573 5447 1628 5502 S.
1691 5448 1856 5504 Beniv

189 5525 407 5672 #62012)
429 5584 756 5672 Paschalis
777 5601 926 5672 papa
955 5585 1172 5645 litteris
1200 5604 1335 5672 ξνιιι
1367 5588 1490 5671 Kal.
1513 5590 1658 5672 Alei.
1677 5660 1688 5672 ο
1710 5593 1852 5672 1-100

182 5656 330 5728 datis
359 5656 674 5736 Norgaudi
705 5656 1052 5716 electionem
1082 5659 1469 5719 confirmavit.
1510 5659 1690 5719 Mansi
1731 5660 1844 5732 XX,

1963 5451 2122 5504 1017.
2161 5445 2222 5500 Κ.

2035 5517 2184 5586 (209)
2219 5513 2468 5586 Conchy.

2054 5583 2180 5644 210)
2211 5585 2402 5644 ben/te
2421 5583 2556 5642 'mtd
2579 5583 2871 5642 scitari-im
2894 5584 3224 5643 Teutonico.

2055 5520 2161 5573 209
2219 5519 2468 5586 Couchy.

2054 5519 2184 5658 210)
2211 5585 2402 5644 ben/te
2427 5583 2556 5642 «md
2579 5583 2871 5642 scitari-im
2894 5584 3076 5640 Tento

2029 5519 2178 5731 £211)
2207 5658 2249 5716 1.
2281 5671 2332 5714 e.
2369 5655 2555 5716 sacris
2583 5655 2722 5714 mihi
2750 5653 3076 5714 interdixxt.
