3950 6302
417 316 534 380 359

1378 313 1746 376 HUGONIS
1789 313 2140 376 ABBATIS
2186 313 2862 378 FLAVINIACENSIS

3711 319 3825 382 360

339 504 349 511 .
411 453 586 510 vellet
617 458 679 509 ut
703 449 964 508 homines
991 451 1090 507 illo
1114 451 1407 519 ducerem,
1437 450 1554 505 dixi
1581 465 1692 504 non
1731 449 2013 505 facturum
2043 467 2054 500 :
2092 452 2145 511 Α
2173 450 2444 506 conscius
2481 451 2738 521 fuissem,
2765 456 2826 507 et
2857 451 2967 507 alia
3012 451 3258 523 quedam
3290 451 3662 524 objicientes,
3698 469 3822 525 qua:

411 558 524 598 non
559 541 708 597 enim
745 547 1030 612 poteram,
1065 540 1198 611 quia
1243 554 1346 594 nec
1393 555 1534 595 usus
1583 544 1711 594 erat
1757 537 2054 594 aicclcsiai.

414 631 648 697 Quesivi
673 630 1181 694 christianitatem,
1209 644 1312 684 nec
1337 629 1528 683 habui.
1557 626 1770 682 Videns
1793 627 1923 696 quia
1951 641 2060 680 non

413 720 704 787 haberem,
741 719 812 773 de
844 718 1064 774 casatis
1095 717 1368 772 ecclesiae
1385 716 1602 770 salvam
1635 715 1978 769 ﬁrmantiam
2009 714 2060 769 ei

413 807 598 880 optuli
636 811 918 877 quattuor
951 806 1104 861 milia
1139 805 1478 874 solidorum,
1516 804 1807 858 Waloncin
1842 803 1912 857 de
1937 804 2063 856 Sar-

414 897 608 966 matia,
663 895 1052 952 Gislebertum
1106 895 1175 950 de
1231 894 1556 963 Lueiniaco,
1611 892 1948 948 Rainaldum
1991 891 2060 945 (le

412 987 586 1054 Roca,
624 984 883 1040 Milonem
918 984 988 1040 de
1039 983 1323 1049 Frollone,
1379 983 1684 1037 Goslenuin
1738 981 2056 1050 Sinemuro,

413 1073 774 1142 Rainaldum,
817 1077 874 1128 ct
928 1075 1222 1138 llugoncm
1278 1072 1675 1143 [ii-inpositum,
1729 1069 2060 1124 videntibus

409 1163 704 1220 canonicis
735 1163 874 1230 suis,
933 1161 1240 1228 Walterio,
1295 1160 1608 1231 Stephano,
1661 1161 1950 1226 Duranno,
2001 1164 2059 1212 et

410 1252 588 1321 laycis
623 1257 876 1322 Aymone
914 1255 970 1304 et
1003 1251 1310 1316 Josberto;
1344 1254 1398 1302 et
1437 1249 1541 1304 hec
1577 1247 1794 1303 faciens
1827 1247 2056 1302 missam

409 1341 657 1411 quesivi,
691 1345 751 1395 et
785 1355 893 1394 non
929 1338 1122 1407 habui,
1161 1338 1292 1399 (Jul.
1333 1339 1443 1400 15.)
1476 1337 1689 1391 Eduain
1743 1336 1840 1404 ivi,
1891 1341 1946 1389 et
2002 1335 2057 1389 in

410 1429 645 1500 placito,
681 1429 812 1498 quia
848 1427 924 1482 ita
959 1442 1212 1495 egeram,
1251 1427 1482 1480 missam
1507 1429 1639 1479 ante
1663 1424 1772 1479 alia
1807 1423 2054 1493 quesivi,

407 1522 463 1570 et
499 1517 606 1572 hoc
643 1531 743 1586 per
767 1515 1050 1585 judicium
1082 1514 1281 1569 curim.
1317 1514 1384 1567 Et
1411 1513 1676 1582 quoniam
1701 1511 1770 1565 dc
1795 1511 2060 1565 testimo-

411 1604 523 1658 niis
555 1604 774 1660 nostris
805 1603 1000 1673 laycos
1033 1603 1318 1658 nominavi
1351 1606 1408 1655 et
1443 1600 1696 1662 ostendi.
1732 1605 1788 1654 ct
1823 1599 1953 1669 quia
1987 1601 2056 1654 de

411 1693 531 1748 suis
565 1692 743 1762 laycis
778 1692 1109 1747 Bernardus
1142 1689 1521 1745 mariscalcus
1561 1693 1762 1744 noster
1805 1689 2058 1743 nomina-

410 1781 489 1837 vit
519 1783 826 1850 Ayinonem
853 1787 909 1834 et
932 1781 1287 1844 Josbcrtum,
1309 1778 1589 1846 judicium
1607 1779 1816 1832 factum
1841 1782 1927 1831 est
1956 1791 2056 1847 per
2085 1803 2138 1864 Β

408 1869 658 1925 clericos
682 1874 741 1924 et
761 1869 976 1939 laycos.
1007 1867 1373 1922 Firmaniiam
1399 1873 1590 1922 autem
1618 1867 1857 1920 hancita
1876 1865 2055 1920 fuisse

407 1957 660 2012 oblatam
683 1958 966 2012 affirmare
981 1956 1294 2013 voluerunt
1309 1961 1625 2024 nostrates,
1655 1959 1715 2010 ut
1735 1954 2054 2024 judicatum

408 2043 612 2098 fuisset
648 2043 821 2099 etiam
858 2058 960 2114 per
994 2043 1144 2112 ignis
1177 2047 1274 2098 aut
1308 2057 1472 2112 aqua:
1499 2041 1799 2110 judicium.
1845 2042 1922 2095 De
1970 2041 2059 2094 his

407 2132 618 2188 factum
649 2136 738 2187 cst
768 2131 1096 2201 hujusmodi
1125 2131 1407 2200 judicium
1440 2150 1450 2183 :

481 2220 773 2284 Quoniam
803 2219 990 2276 abbas
1021 2222 1078 2275 et
1103 2221 1200 2276 sui
1230 2218 1567 2274 Josbertum
1595 2231 1710 2274 nou
1731 2217 2065 2273 nominavit

405 2307 488 2363 ad
499 2307 792 2377 placitum
815 2307 1248 2378 accipiendum,
1275 2308 1380 2362 hoc
1396 2307 1562 2362 debet
1576 2321 1699 2364 esse
1721 2305 2061 2376 inrespectu

405 2394 567 2464 quod
593 2395 778 2450 abbas
806 2396 1076 2466 requirit
1105 2396 1174 2450 de
1199 2397 1386 2452 missa
1415 2396 1778 2465 recipienda,
1815 2395 1873 2450 et
1885 2409 2060 2466 prop-

413 2485 500 2538 ter
526 2483 634 2540 boc
658 2485 785 2554 ipse
811 2497 926 2539 nou
957 2483 1122 2540 debet
1150 2483 1360 2540 babere
1379 2484 1703 2554 respectum
1729 2483 2060 2554 dejustitia

409 2570 712 2626 hominum
725 2571 1043 2642 facienda.

481 2659 696 2714 Audito
728 2659 833 2714 hoc
861 2658 1084 2727 judicio
1115 2660 1414 2730 obstupui,
1450 2665 1509 2712 et
1530 2658 1833 2714 consilium
1857 2658 2058 2713 aeccle-

404 2748 504 2804 siaa
521 2748 672 2818 quod
689 2751 854 2803 antea
875 2748 1185 2802 habueram
1213 2747 1515 2816 requisivi,
1543 2762 1647 2803 nec
1671 2746 1864 2802 habui.
1895 2749 2058 2802 Cum-

405 2851 516 2906 que
549 2836 739 2892 adhue
773 2851 1033 2891 morarer
1075 2835 1126 2890 in
1181 2835 1429 2891 consilio
1477 2835 1674 2906 placiti
1725 2841 1785 2889 et
1827 2835 2052 2903 judicii,

406 2923 563 2994 rupit
601 2923 901 2995 placitum,
936 2929 994 2978 et
1027 2922 1168 2978 abiit
1203 2938 1543 2993 pransurus.
1581 2922 1699 2977 Misi
1735 2923 1805 2976 ad
1838 2929 2056 2991 eum,et

404 3017 738 3083 respectum
773 3011 1018 3082 quesivi,
1062 3015 1122 3066 et
1151 3010 1474 3080 nonhabui,
1503 3010 1909 3080 nisi‘judicium
1936 3009 2055 3067 lau-

403 3101 620 3157 darem.

473 3207 761 3273 Quantum
793 3222 898 3276 pro
931 3205 1257 3273 hujusmodi
1281 3204 1499 3275 placito
1522 3205 1854 3273 gravaverit
1872 3205 2054 3262 eccle-

401 3295 565 3364 siam,
603 3295 734 3348 hinc
764 3293 958 3361 colligi
994 3297 1204 3364 potest,
1241 3293 1394 3363 quod
1429 3293 1535 3348 hac
1558 3293 2054 3366 cademiseptima-

402 3397 494 3452 na,
529 3396 638 3452 qua
673 3382 778 3438 hoc
813 3382 1026 3438 factum
1061 3386 1170 3451 est,
1205 3387 1438 3436 centum
1469 3397 1650 3450 equos
1679 3383 1896 3451 absque
1935 3397 2054 3438 ser-

399 3470 699 3526 vientibus
713 3476 793 3540 2“,
811 3475 890 3541 3η,
911 3474 987 3541 4³,
1007 3475 1086 3540 5⁸,
1103 3477 1184 3540 6η,
1205 3470 1362 3526 feriis
1377 3469 1551 3525 Edua)
1567 3485 1654 3524 me
1669 3475 1868 3526 tenere
1885 3471 2050 3539 fecit;

399 3563 458 3613 et
491 3559 874 3614 communiam
905 3559 1186 3615 Eduensis
1217 3564 1275 3614 et
1311 3559 1709 3614 Cabilonensis
1743 3560 2052 3630 parcaehize

403 3661 711 3718 supernos
732 3652 935 3719 postea
965 3647 1353 3704 Flaviniacum
1375 3647 1626 3716 juratam
1646 3647 1936 3704 adducere
1958 3665 2052 3704 vo-

401 3735 530 3807 luit,
551 3737 705 3807 quod
724 3743 912 3794 tamen
939 3737 1213 3792 infectum
1235 3737 1534 3792 remansit.
1558 3736 1751 3793 Voluit
1772 3737 1945 3792 etiam
1973 3739 2054 3792 in-

404 3825 696 3884 terdicere
711 3841 910 3881 omnes
925 3825 1106 3881 cellas
1121 3829 1176 3880 et
1195 3824 1318 3881 loca
1334 3825 1404 3880 ad
1423 3841 1527 3881 nos
1541 3826 1924 3896 pertinentia;
1949 3827 2051 3881 sed

397 3914 632 3970 obstitit
665 3914 2053 3987 votisejusintegritaseapituli,Eduensis;fecis-

395 4005 486 4058 set
522 4005 736 4072 tamcn,
763 4001 871 4056 nisi
898 4002 1244 4058 obstitisset.
1271 4003 1517 4057 Tandem
1542 4018 1670 4058 cum
1704 4002 2051 4058 multoeiens

400 4103 508 4160 pro
544 4089 648 4146 hac
680 4103 856 4146 causa
891 4089 1106 4146 Eduam
1139 4089 1447 4159 venissem,
1476 4090 1762 4159 justitiam
1805 4107 2052 4161 praesen-

401 4185 558 4247 tans,
589 4181 646 4232 et
679 4177 992 4247 aliquando
1024 4177 1478 4234 misericordiam
1517 4195 1802 4250 qurerens,
1847 4185 1902 4235 et
1948 4196 2053 4236 nec

387 4263 679 4334 justitiam
709 4265 1046 4321 habuissem
1079 4281 1182 4322 nec
1217 4267 1690 4340 miscricordiam,
1725 4269 1969 4325 consilio
1993 4274 2051 4324 et

398 4353 638 4410 hortatu
671 4353 801 4422 ejus
830 4353 1062 4423 quidam
1099 4354 1341 4410 fratrum
1366 4361 1698 4412 nostrorum
1724 4357 2052 4414 insurrexe-

393 4445 530 4498 runt
564 4441 619 4498 in
652 4457 762 4514 me,
798 4443 1063 4500 dicentes
1091 4457 1180 4499 me
1200 4445 1493 4501 conscium
1529 4447 1711 4502 fuisse
1744 4447 2051 4503 seditionis

392 4529 552 4588 illius
569 4547 674 4603 pro
689 4547 801 4603 qua
817 4532 924 4589 hec
945 4534 1288 4603 agebantur.
1308 4535 1374 4589 Et
1390 4536 1466 4590 ob
1489 4535 1545 4589 id
1570 4541 1810 4590 vocatus
1833 4535 1910 4590 Ed
1923 4551 2048 4592 nam

390 4619 683 4693 proficisci
699 4635 989 4694 ceperam,
1007 4621 1258 4679 vallatus
1269 4623 1512 4679 consilio
1527 4624 1934 4680 monachorum
1950 4640 2050 4680 no-

390 4707 592 4766 bilium
626 4713 684 4766 et
721 4710 1126 4781 servientium,
1161 4715 1224 4766 ut
1267 4711 1599 4780 credebam,
1656 4711 1808 4782 quod
1857 4718 2048 4768 tamen

386 4797 551 4854 amisi
585 4799 866 4857 instinctu
891 4800 1035 4870 ejus.
1071 4801 1210 4855 Nam
1241 4799 1596 4856 Bernardum
1632 4800 1702 4856 de
1750 4801 2044 4872 Montfort,

387 4885 518 4955 quia
546 4900 688 4944 suus
703 4890 829 4942 erat
855 4885 927 4941 de
951 4887 1118 4942 feodo
1143 4885 1628 4957 sanctipetri,cui
1665 4887 2046 4957 promiseram

388 4969 606 5028 solidos
620 4976 756 5030 30et
776 4975 988 5030 bonum
1013 4977 1276 5029 nostrum
1301 4973 1560 5043 tenebat,
1587 4971 1711 5044 ipse
1732 4989 1802 5030 ne
1823 4989 2046 5032 mecum

388 5057 504 5114 iret
533 5061 853 5130 prohibuit.
892 5061 1055 5128 Quod
1084 5062 1268 5118 ceteri
1300 5061 1586 5133 videntes,
1621 5077 1753 5120 cum
1785 5077 2046 5124 essemus

387 5150 476 5218 25,
512 5160 712 5206 omnes
744 5154 1117 5208 recesserunt
1143 5165 1174 5206 a
1207 5151 1394 5207 nobis.
1433 5152 1550 5221 Ego
1583 5151 1745 5208 solus
1766 5167 1896 5209 cum
1921 5153 2046 5210 solo

388 5237 672 5293 monacho
701 5242 757 5294 et
791 5243 822 5294 3
853 5239 1248 5297 servientibus
1270 5239 1528 5312 capitulo
1565 5257 1654 5298 me
1699 5243 2045 5314 praesentavi

386 5323 534 5380 Ecce
567 5324 724 5382 circa
756 5326 956 5383 horam
987 5327 1231 5385 terciam
1265 5327 1646 5401 advenerunt,
1683 5331 1918 5388 conscio
1951 5346 2042 5404 eo,

387 5411 621 5482 quidam
642 5417 996 5486 nostrorum,
1021 5420 1366 5473 accusantes
1387 5432 1476 5475 me
1500 5418 1558 5475 in
1570 5417 1870 5492 capitolio,
1891 5423 2044 5492 quod

2079 4509 2133 4568 D

2175 539 2421 608 probare
2451 554 2564 593 non
2598 544 2888 610 poterant,
2925 541 3170 598 maxime
3195 557 3325 599 cum
3349 547 3552 598 essent
3577 541 3822 598 infames

2176 643 2457 697 persontv.
2496 628 2736 693 Quidam
2761 629 2935 685 etiam
2961 644 3161 686 eorum
3189 630 3546 687 Helinannus
3573 645 3668 686 me
3697 631 3821 686 reli-

2172 719 2268 769 cto
2291 715 2344 769 in
2367 731 2650 772 consessu
2676 717 2850 772 etiam
2875 718 3293 774 canonicorum
3318 719 3583 788 sedebat,
3601 734 3738 774 cum
3758 733 3819 774 eo

2172 803 2549 872 manducans,
2574 804 2778 859 bibens
2802 809 2857 860 et
2885 805 3169 876 equitans.
3197 808 3314 876 Ego
3336 822 3466 864 cum
3498 821 3701 862 essem
3733 821 3820 878 pa-

2171 897 2336 947 ratus
2366 893 2644 948 canonice
2673 895 3026 964 respondere
3060 899 3120 949 ct
3145 894 3418 966 judicari,
3475 894 3816 951 monachum

2173 980 2360 1050 ipsum
2385 985 2668 1052 nostrum,
2696 997 2864 1052 quem
2890 982 3026 1038 mihi
3049 983 3364 1054 episcopus
3389 983 3633 1051 tulerat,
3661 997 3822 1038 eano-

2171 1069 2300 1124 nice
2335 1069 2637 1139 requisivi,
2673 1086 2777 1126 nec
2809 1071 3005 1126 habui.
3041 1073 3289 1143 Insuper
3310 1072 3430 1127 vidi
3462 1087 3568 1128 eos
3603 1085 3696 1127 me
3735 1085 3819 1126 ac-

2167 1162 2463 1226 cusantes,
2498 1163 2553 1212 ct
2587 1157 2928 1229 compulsus
2953 1175 3101 1229 sum,
3129 1175 3198 1216 ne
3219 1160 3384 1230 quasi
3403 1159 3819 1232 culpabilisvi-

2171 1245 2362 1315 dercr,
2400 1246 2520 1316 ipse
2547 1247 2632 1301 eis
2667 1248 2987 1319 prmcipcre
3023 1253 3083 1304 ut
3117 1262 3254 1318 erga
3289 1263 3378 1304 me
3410 1248 3814 1320 loquerentur.

2171 1334 2452 1388 Abbatein
2479 1334 2826 1406 ibi:aliquem
2848 1351 2959 1392 non
2981 1336 3096 1392 vidi
3120 1355 3134 1402 ;
3155 1336 3439 1407 judicium
3463 1351 3704 1408 quoque
3735 1351 3820 1392 ce-

2172 1427 2329 1492 ptum
2358 1423 2569 1479 t‘actuin
2591 1439 2702 1478 non
2731 1424 2855 1492 fuit,
2884 1425 3016 1494 quia
3039 1424 3172 1481 talis
3190 1426 3432 1496 quedam
3449 1440 3558 1481 nos
3583 1440 3819 1482 concor-

2170 1511 2259 1565 dia
2278 1512 2539 1578 sociavnt,
2560 1512 2849 1568 mediante
2865 1513 3146 1584 episcopo
3165 1514 3538 1570 Cabilonensi
3555 1520 3620 1570 et
3647 1518 3817 1569 Anse-

2171 1600 2292 1654 rico
2318 1601 2653 1672 praeposito,
2681 1605 2742 1656 ut
2760 1601 3065 1658 redderem
3083 1603 3392 1673 hominem,
3418 1603 3516 1673 qui
3541 1604 3818 1674 probaret

2171 1701 2335 1742 sacra
2348 1694 2539 1742 mento
2556 1704 2642 1744 me
2657 1690 2954 1745 conscium
2970 1705 3081 1745 non
3101 1690 3302 1761 fuisse,
3319 1695 3375 1746 et
3393 1691 3478 1747 sic
3506 1690 3815 1747 amicitiam

2169 1776 2428 1847 episcopi
2453 1777 2795 1848 reciperem,
2817 1783 2872 1833 et
2900 1779 2954 1834 in
2979 1781 3224 1848 gratiam
3251 1780 3504 1836 redirem
3534 1780 3814 1850 :t'eci,nec

2168 1865 2436 1933 gratiam,
2473 1880 2577 1920 nec
2608 1866 2840 1921 missam
2874 1867 3066 1922 habui.
3104 1869 3349 1940 Insuper
3381 1868 3693 1940 prohibuit
3717 1869 3813 1924 sub

2169 1954 2555 2023 anathemate,
2581 1970 2649 2010 ne
2678 1955 2958 2011 fratribus
2981 1956 3127 2028 ipsis
3153 1973 3256 2028 pro
3280 1957 3384 2013 hac
3408 1957 3479 2013 de
3511 1971 3690 2014 causa
3720 1957 3812 2012 ini-

2171 2042 2436 2113 micarer,
2471 2049 2530 2098 et
2559 2044 2794 2098 omnino
2825 2059 2924 2099 eos
2947 2062 2975 2100 a
3001 2051 3196 2102 nostra
3220 2046 3617 2118 dispositione
3642 2061 3812 2102 remo-

2168 2131 2296 2198 vit;
2330 2147 2396 2185 ne
2431 2131 2519 2186 vel
2553 2131 2746 2187 saltim
2781 2148 2880 2188 eos
2904 2133 2976 2188 ab
3001 2134 3398 2204 obmdientiis,
3423 2135 3644 2206 quibus
3663 2149 3814 2207 pra}-

2168 2224 2354 2287 erant,
2393 2235 2772 2276 removercm.

2244 2310 2390 2381 (Dec.
2419 2315 2473 2380 6)
2499 2311 2726 2380 Septies
2752 2315 2993 2382 prepter
3019 2312 3126 2366 hoc
3152 2311 3428 2383 placitum
3451 2327 3480 2367 a
3511 2314 3670 2370 festo
3691 2327 3814 2385 apo-

2171 2398 2451 2452 stolorum
2489 2414 2670 2468 usque
2703 2399 2773 2453 ad
2810 2401 3018 2456 festum
3065 2401 3252 2456 sancti
3296 2401 3562 2458 Nicholai
3608 2403 3812 2459 Eduam

2171 2487 2269 2554 ivi,
2304 2503 2407 2541 nec
2434 2487 2742 2557 justitiam,
2780 2504 2882 2544 nec
2909 2476 3180 2560 gratiam,
3215 2505 3322 2545 nec
3359 2491 3596 2547 missam
3627 2491 3812 2559 habui,

2172 2576 2416 2630 maxime
2448 2591 2576 2631 cum
2610 2576 2680 2631 ad
2716 2578 3188 2634 satisfaciendum
3221 2579 3272 2634 ei
3308 2580 3601 2650 quosdam
3637 2580 3813 2652 layco-

2174 2680 2320 2734 rum,
2357 2666 2451 2735 qui
2489 2666 2936 2736 impctebantur,
2974 2667 3072 2722 illo
3107 2667 3372 2724 duxerim
3405 2673 3618 2725 contra
3659 2685 3811 2726 usum

2168 2753 2341 2808 mccle
2362 2753 2478 2808 she.
2511 2755 2665 2820 Quos
2691 2753 2944 2824 qualiter
2965 2755 3089 2827 ipse
3109 2757 3487 2827 tractaverit,
3521 2757 3706 2829 pudet
3737 2773 3812 2814 re-

2169 2842 2416 2908 minisci,
2436 2843 2679 2898 maxime
2693 2859 2820 2898 cum
2840 2843 2994 2900 nulla
3011 2850 3165 2900 esset
3183 2846 3414 2902 occasio
3441 2861 3552 2918 pro
3579 2861 3689 2918 qua
3715 2848 3810 2903 hec

2167 2932 2254 2999 agi
2291 2931 2592 2987 deberent.

2237 3019 2358 3089 (fol.
2397 3020 2536 3092 138’)
2570 3023 2804 3076 Fratres
2852 3035 3082 3092 quoque
3123 3029 3364 3079 nostros
3414 3023 3806 3094 Divionenses,

2165 3108 2260 3178 qui
2291 3108 2426 3163 mihi
2461 3109 2528 3163 ad
2565 3109 2836 3166 solatium
2872 3109 3092 3167 laboris
3125 3116 3184 3166 et
3214 3111 3438 3167 ordinis
3483 3112 3804 3170 custodiam

2163 3197 2282 3252 dati
2318 3199 2565 3267 fuerant,
2603 3198 2734 3253 mihi
2772 3199 3039 3268 abstulit,
3077 3200 3424 3272 praecipiens
3451 3202 3803 3257 auctoritate

2164 3301 2272 3356 qua
2309 3292 2540 3356 poterat
2569 3291 2625 3342 et
2661 3288 3173 3356 debebat,utinfra
3192 3289 3319 3345 dies
3353 3295 3473 3345 tres
3509 3290 3799 3346 Divionem

2164 3374 2274 3429 nisi
2289 3390 2392 3429 eos
2409 3375 2781 3444 remisissem,
2799 3380 2856 3430 et
2873 3391 2974 3431 eos
2991 3376 3086 3446 qui
3102 3378 3352 3448 projecti
3396 3378 3634 3435 fuerant
3656 3392 3804 3435 revo-

2162 3477 2375 3532 carem,
2395 3463 2615 3519 nullum
2633 3463 2688 3519 in
2711 3463 2955 3520 ecclesia
2982 3464 3238 3522 divinum
3254 3466 3500 3522 oﬂicium
3519 3467 3690 3524 ﬁeret
3717 3484 3730 3530 ;
3752 3468 3801 3522 et

2163 3551 2314 3606 sicin
2331 3551 2649 3606 crastinum
2667 3567 2828 3608 mane
2844 3553 2998 3609 facto
3012 3553 3250 3610 Romam
3272 3554 3582 3625 profectus
3606 3559 3717 3624 est,
3748 3559 3804 3610 ut

2163 3639 2358 3696 nullus
2374 3641 2616 3695 essetde
2651 3641 2827 3696 missa
2876 3641 3206 3713 recipienda
3231 3643 3323 3699 vel
3355 3643 3642 3702 fratribus
3681 3643 3805 3701 reti-

2161 3729 2368 3784 nendis
2403 3729 2833 3800 deprecationis
2880 3730 3064 3802 locus,

2233 3819 2373 3888 Ego,
2406 3819 2502 3889 qui
2535 3822 2700 3874 tanto
2733 3821 3098 3878 constrictus
3115 3821 3368 3878 articulo
3399 3820 3612 3879 vellem
3641 3822 3803 3878 etiam

2163 3908 2380 3976 majora
2414 3907 2756 3978 promittere
2787 3939 2852 3948 —
2895 3909 3072 3964 nimio
3121 3910 3272 3966 enim
3321 3910 3481 3967 tedio
3535 3912 3800 3982 angebar,

2163 3995 2316 4068 quod
2348 3997 2528 4052 tantis
2561 3996 2880 4066 injuriabar
2909 3998 3431 4068 tribulationibus;
3469 4000 3803 4072 siquidema

2164 4087 2315 4140 festo
2343 4085 2741 4156 apostolorum
2775 4087 2932 4142 Petri
2975 4093 3033 4143 et
3084 4089 3247 4146 Pauli
3303 4103 3490 4161 usque
3537 4089 3614 4146 ad
3663 4087 3802 4146 diem

2163 4175 2351 4246 ipsum
2387 4174 2541 4229 beati
2571 4174 2830 4232 Nicholai
2865 4175 3060 4232 natale
3085 4179 3390 4249 insignem,
3417 4193 3532 4249 quo
3555 4178 3661 4236 hec
3685 4191 3806 4249 ges-

2164 4268 2218 4318 ta
2254 4266 2408 4330 sunt,
2444 4261 2598 4316 nulla
2631 4277 2753 4318 mea
2787 4263 2956 4334 culpa
3005 4265 3321 4336 existente,
3373 4265 3574 4323 divino
3625 4265 3801 4324 oﬁlcio

2162 4350 2524 4408 Flaviniacus
2549 4357 2858 4408 vacaverat
2877 4356 2933 4409 et
2959 4354 3264 4425 sepultura
3289 4387 3358 4396 —
3391 4355 3632 4413 decrevi
3661 4352 3801 4411 omni

2162 4441 2234 4509 ei,
2267 4441 2441 4496 etiam
2475 4440 2532 4495 in
2563 4441 2878 4496 contrariis
2909 4447 2968 4498 et
2999 4443 3211 4513 noxiis,
3246 4445 3416 4501 subdi
3450 4442 3796 4512 obedientia,

2162 4535 2226 4587 ut
2248 4529 2336 4586 vel
2366 4529 2450 4585 sie
2475 4529 2766 4585 leniretur
2785 4535 2846 4585 et
2867 4538 3182 4603 paearetur
3203 4533 3376 4589 animi
3400 4532 3528 4602 ejus
3563 4531 3801 4606 pertina-

2161 4618 2281 4683 tia;
2315 4622 2376 4672 et
2405 4617 2540 4672 dum
2588 4616 2810 4673 ruinam
2857 4619 3022 4688 quasi
3072 4620 3260 4676 vitare
3313 4619 3495 4692 volui,
3546 4617 3800 4677 immanis

2162 4705 2472 4779 przecipitii
2502 4705 2570 4738 ⁴²⁷
2603 4707 2899 4762 baratrum
2937 4705 3176 4763 incurri.
3215 4710 3329 4766 Hoc
3362 4709 3516 4766 enim
3549 4709 3609 4765 in
3659 4708 3798 4763 facto

2159 4811 2265 4852 nec
2315 4795 2442 4865 ejus
2492 4795 2804 4851 amicitiam
2856 4797 3220 4869 recuperavi,
3273 4812 3444 4869 quam
3499 4807 3798 4868 numquam

2158 4885 2355 4956 habui,
2419 4900 2524 4941 nec
2581 4885 2998 4940 monachorum
3059 4892 3398 4944 nostrorum
3459 4887 3795 4949 caritatem;

2159 4975 2295 5046 quin
2322 4974 2541 5045 potius,
2570 4973 2727 5045 quod
2751 4973 2860 5045 ipsi
2885 4975 3230 5045 querebant,
3256 4976 3327 5032 ad
3362 4976 3516 5048 quod
3548 4972 3798 5034 intende-

2158 5065 2317 5135 bant,
2344 5064 2528 5136 patris
2551 5063 2740 5120 nostri
2757 5063 3123 5122 Divionensis
3141 5069 3201 5122 et
3217 5066 3460 5124 fratrum
3474 5070 3796 5122 nostrorum

2160 5153 2600 5212 unanimitatem
2631 5151 2868 5208 offendi.
2900 5153 2970 5208 Et
3001 5153 3234 5226 quidem
3263 5155 3412 5212 satis
3442 5155 3637 5228 digne.
3671 5152 3795 5208 Nam

2158 5258 2262 5316 pro
2289 5242 2517 5299 meritis
2549 5247 2676 5298 acta
2711 5257 2805 5298 res
2828 5247 2942 5312 est,
2979 5248 3041 5300 ut
3074 5244 3171 5315 qui
3203 5243 3414 5303 malum
3450 5246 3697 5304 feceram
3725 5273 3794 5286 ——

2158 5331 2310 5404 quod
2351 5334 2574 5388 certum
2621 5335 2713 5388 est
2764 5330 2975 5387 malum
3025 5332 3161 5387 mihi
3203 5347 3354 5406 esse,
3407 5333 3589 5394 bonos
3637 5352 3665 5394 a
3714 5351 3792 5393 me

2157 5419 2444 5479 mittendo
2477 5425 2535 5476 ut
2572 5420 2798 5479 veniret
2837 5421 3071 5495 bonum,
3101 5421 3270 5493 cujus
3318 5426 3549 5482 venturi
3593 5424 3789 5484 nullam

1981 5545 2205 5605 ΝΟΤᾸΕ.

454 5605 524 5642 ⁴²⁷
558 5606 737 5683 pcipii
762 5622 810 5668 ο.
