3950 6300
106 352 207 413 361

1228 426 1233 429 μ
1333 353 1830 421 CHRONICON.
1870 396 1941 407 -
1971 361 2126 427 LIB.
2176 366 2246 430 n.

3385 394 3500 455 362

103 485 375 585 δειξθδθω
397 485 953 589 con‘l‘identiamy‘séd
977 486 1731 589 Plenal‘iamﬁimdenlidm,
1764 493 1819 554 A
1849 494 2040 589 ciente
2067 503 2124 554 et
2157 500 2454 575 laudante,
2480 505 2868 568 hereditatem
2903 529 3064 571 suam
3099 518 3154 574 in
3179 524 3501 589 Agerniaco

100 580 160 629 ut
184 575 712 646 impraesentiarum
755 580 936 646 patet,
986 576 1113 647 ipse
1141 592 1245 633 neo
1303 578 1517 635 bonum
1564 579 1735 635 habe-

100 678 215 717 rem
247 663 397 732 quod
430 678 551 718 non
582 664 911 733 credebam,
960 671 1013 720 et
1057 665 1211 735 quod
1271 666 1552 723 habebam
1612 683 1738 738 per-

103 751 312 819 derem,
350 754 409 806 ut
445 750 574 805 sola
607 752 839 807 vexatio
882 752 1244 810 intellectum
1292 753 1456 809 daret
1488 754 1732 813 auditui.

100 839 296 909 Recepi
330 839 705 910 postmodum
737 840 1162 897 absolutionem
1198 856 1228 896 a
1261 842 1559 912 Lugduno,
1624 859 1735 900 non

102 934 277 982 tamen
313 941 417 997 per
447 942 603 996 cum,
638 928 770 997 quia
804 944 908 999 per
949 930 1475 1000 archiepiscopum,
1500 936 1555 986 et
1592 932 1738 988 inte-

102 1016 196 1070 rim
228 1016 359 1071 dum
393 1015 609 1071 absens
643 1016 748 1072 fuit
802 1017 1017 1086 quievi,
1079 1017 1189 1072 nisi
1242 1020 1397 1088 quod
1438 1019 1628 1075 omnia
1679 1020 1734 1075 in

100 1104 253 1175 pejus
300 1117 472 1158 ruere
520 1104 785 1160 videbam
820 1120 925 1175 pro
967 1106 1349 1162 destitutione
1397 1107 1639 1177 ordinis,
1675 1113 1735 1163 et

99 1191 392 1247 emendare
452 1192 712 1261 nequivi,
772 1193 903 1263 quia
962 1194 1125 1249 solus
1174 1209 1350 1250 eram.
1404 1196 1560 1252 Tunc
1608 1197 1733 1267 cepi

100 1279 304 1335 sentire
346 1280 486 1349 quid
544 1282 972 1351 cogitaverant,
1027 1283 1165 1352 quid
1216 1286 1729 1354 attemptaveraut,

101 1366 223 1438 quid
258 1367 575 1423 machinati
621 1368 869 1437 fuerant,
922 1385 1053 1425 cum
1096 1373 1212 1441 jam
1262 1371 1571 1426 emendare
1620 1386 1731 1427 non

99 1460 363 1525 poteram.

160 1543 386 1599 Interim
420 1544 530 1599 feci
562 1559 761 1614 pacem
792 1560 942 1615 cum,
978 1545 1260 1602 Rainaldo
1285 1546 1355 1602 de
1388 1547 1725 1617 Granciaco,

100 1632 182 1701 qui
214 1631 625 1701 frequentibus
658 1633 1079 1703 irruptionihus
1101 1641 1161 1689 et
1192 1635 1728 1706 deprmdationibus

98 1721 273 1775 omnia
305 1725 506 1776 nostra
545 1722 950 1792 perturbabat,
984 1725 1040 1777 et
1083 1723 1219 1792 quia
1244 1722 1462 1792 justam
1493 1738 1724 1780 causam

1850 584 2022 639 sitam
2045 586 2100 642 in
2125 590 2302 646 terris
2323 592 2497 649 cultis
2520 597 3164 675 etincultis,mancipiis
3190 584 3500 683 utriusque

1848 684 2041 741 sexus,
2068 681 2269 772 sancto
2292 679 2465 734 Petro
2489 686 2842 742 contradens
2869 703 3049 759 super
3071 692 3257 749 altare
3281 679 3497 772 posuit,

1847 772 1916 812 ea
1947 761 2284 820 conditione
2311 773 2373 821 ut
2405 770 2595 839 neptis
2627 773 2752 841 ejus
2786 790 2955 831 soror
2996 778 3249 848 Hugonis
3281 761 3363 839 tde
3395 761 3500 843 Cu:

1849 848 2240 943 renciacopca
2283 854 2535 943 obeunte
2590 858 2685 913 illa
2756 864 3068 935 potiretur,
3112 874 3167 922 et
3211 878 3340 940 post
3375 875 3500 943 ejus

1847 932 2069 988 obitum
2140 936 2395 995 dominio
2443 944 2725 1000 aee-etesia:
2777 932 3230 1009 Flaviniaceneis
3298 932 3497 1016 eadem

1846 1022 2202 1088 proveniret.
2248 1027 2546 1084 Defunctis
2576 1032 2859 1103 utrisque,
2900 1036 2970 1091 de
3010 1038 3352 1098 hmreditate
3395 1061 3499 1101 nos

1846 1108 2207 1201 vestivimus.
2246 1114 2474 1169 Etcum
2510 1117 2938 1190 calumpniatur
2979 1129 3294 1194 praedictus
3333 1133 3495 1201 Hugo

1839 1193 2060 1284 judicio
2093 1198 2247 1269 dato,
2293 1201 2440 1258 duos
2482 1202 2774 1273 legitimos
2814 1193 3071 1268 homines
3113 1193 3496 1284 produximus

1854 1282 2127 1373 praedicti
2171 1285 2328 1340 fundi
2382 1303 2611 1346 servum
2672 1294 2766 1361 qui
2819 1298 3041 1364 pariter
3080 1282 3253 1356 datus
3293 1308 3403 1373 est,
3437 1314 3496 1361 et

1843 1370 2226 1461 ministralem
2264 1374 2524 1443 ejusdem
2564 1380 2722 1435 fundi
2756 1386 2939 1439 nostri
2974 1388 3071 1456 qui
3105 1370 3397 1461 interfuit,
3434 1402 3495 1449 et

1842 1461 2093 1530 probare
2124 1460 2429 1519 voluerunt
2472 1465 2680 1522 donum
2717 1469 2792 1525 ita
2838 1473 3072 1529 factum.
3111 1460 3491 1547 Expectatum

1840 1549 2034 1600 tamen
2074 1550 2166 1601 est
2206 1552 2267 1604 ut
2316 1550 2620 1608 audiretur
2662 1554 2810 1610 idem
2853 1558 3135 1626 judicium
3188 1564 3240 1617 in
3286 1566 3489 1634 majori

1837 1634 2000 1689 curia
2033 1636 2237 1690 Actum
2272 1639 2619 1706 Agenniaco.
2674 1643 2765 1698 Sic
2796 1650 3011 1701 terram
3059 1649 3380 1708 habuimus.

1906 1722 2144 1777 Redemi
2174 1724 2347 1780 etiam
2382 1726 2528 1782 duos
2560 1743 2813 1801 mansos,
2852 1739 2871 1787 1
2920 1734 3069 1791 intra
3124 1740 3344 1796 curiam
3392 1743 3493 1798 La-

99 1809 351 1877 babebat,
401 1813 473 1865 60
529 1809 584 1863 ei
632 1809 854 1865 solidos
900 1811 1219 1881 composui.
1291 1813 1496 1867 Pacem
1547 1812 1723 1867 etiam
1752 1842 1806 1902 B
1837 1805 1991 1878 liaci,
2025 1810 2200 1866 alium
2241 1819 2409 1868 extra
2449 1816 2689 1886 curiam,
2739 1820 3036 1877 solventes
3068 1840 3297 1896 quoque
3340 1844 3489 1886 anno

96 1910 211 1953 cum
242 1896 483 1952 Widone
512 1896 589 1951 de
621 1897 926 1954 Lueiuiaco
958 1899 1138 1953 fratre
1178 1899 1325 1969 ejus,
1359 1903 1416 1953 et
1476 1898 1546 1954 de
1593 1898 1723 1955 fedo

99 1989 232 2054 quoi
287 1984 801 2056 calumpniabatur
848 1986 994 2041 duos
1062 1986 1113 2041 ei
1177 1986 1402 2042 modios
1466 1992 1527 2041 et
1592 1993 1725 2043 octo

102 2074 374 2129 sextarios
405 2074 660 2144 reddidi,
687 2074 822 2129 dum
848 2079 1008 2130 tutor
1024 2080 1183 2130 esset
1212 2075 1465 2131 filiorum
1491 2074 1724 2131 Tebaldi

98 2162 240 2224 Ruﬁ;
272 2167 550 2232 quartum
582 2163 720 2217 mihi
752 2162 921 2218 laude
954 2164 1155 2219 uxoris
1197 2178 1317 2219 suae
1364 2168 1424 2219 et
1470 2164 1725 2220 iiliorum

97 2250 334 2320 donavit,
367 2252 697 2307 hominium
731 2251 859 2320 feci,
891 2257 950 2306 et
996 2251 1338 2308 fidelitatem
1375 2252 1616 2322 juravit.

163 2339 272 2408 His,
293 2339 385 2409 qui
407 2339 723 2408 graviores
761 2344 951 2407 erant,
985 2340 1063 2393 ita
1100 2340 1342 2411 pacatis,
1378 2355 1483 2411 pro
1518 2340 1726 2397 Walte-

100 2427 175 2481 rio
205 2427 270 2481 de
302 2427 541 2496 lnsulis,
577 2441 746 2497 quem
794 2427 1300 2498 calumpniabatur
1359 2428 1725 2486 Gislebertus

97 2513 344 2571 lischius
396 2520 463 2570 35
495 2515 726 2571 solidos
755 2514 905 2579 dedi,
944 2522 1000 2571 et
1035 2531 1139 2587 pro
1182 2516 1300 2573 filio
1338 2517 1561 2573 sororis
1599 2532 1728 2586 e,us

97 2601 350 2659 7solidos
414 2607 469 2658 et
542 2608 728 2658 totam
786 2618 985 2659 eorum
1065 2605 1400 2675 progeniem
1469 2606 1725 2674 quietam

102 2698 280 2747 sancto
305 2693 477 2749 Petro
508 2698 575 2747 et
611 2697 818 2749 sancto
850 2692 1116 2761 l’rejecto
1147 2694 1277 2754 feci.
1310 2696 1514 2750 Actum
1546 2692 1727 2750 Flavi-

97 2779 258 2835 niaco.

157 2868 346 2925 Ducem
397 2885 506 2940 pro
581 2868 943 2925 salvamento
1012 2870 1180 2942 (212),
1248 2870 1401 2941 quod
1463 2869 1726 2925 homines

95 2956 258 3010 nostri
286 2957 354 3012 de
382 2956 625 3013 Galiaco
654 2960 856 3013 contra
885 2957 981 3026 jus
1013 2962 1073 3013 et
1102 2973 1269 3015 usum
1303 2959 1355 3013 ei
1385 2957 1524 3013 dare
1571 2957 1729 3013 vole-

95 3042 233 3113 bant,
280 3045 680 3102 Flaviniaeum
732 3045 931 3101 venire
986 3046 1128 3113 feci;
1175 3050 1233 3102 et
1287 3060 1390 3117 per
1441 3045 1724 3116 judicium

91 3130 245 3189 curia:
274 3140 486 3191 nostrae
524 3139 590 3189 et
624 3148 763 3204 suae,
808 3134 939 3204 quia
983 3135 1194 3191 foedum
1245 3139 1510 3190 nostrum
1552 3133 1725 3189 habe-

92 3215 194 3286 bat,
228 3220 652 3278 salvamentum
684 3222 871 3293 ipsum
904 3222 1183 3293 vurpivit.
1222 3222 1321 3278 Cui
1365 3236 1474 3291 ego
1511 3235 1723 3291 equum

93 3312 299 3363 centum
332 3310 663 3367 solidorum
709 3325 811 3382 pro
854 3311 1072 3367 honore
1103 3310 1258 3366 dedi.

152 3394 412 3452 Arnul.us
440 3397 627 3453 etiam
650 3397 722 3453 de
756 3398 1069 3465 Grosboes,
1101 3400 1341 3467 accepta
1371 3410 1402 3450 a
1433 3395 1600 3451 nobis
1633 3410 1723 3451 so-

91 3479 305 3552 cietate,
343 3489 399 3539 et
434 3490 501 3540 15
553 3484 756 3540 solidis
790 3501 894 3556 pro
935 3485 1213 3553 caricate,
1268 3483 1414 3539 duas
1479 3482 1724 3539 familias

92 3564 150 3620 de
180 3570 317 3625 unde
346 3573 540 3629 sancti
566 3572 722 3627 Petri
754 3573 809 3626 in
844 3572 1102 3628 Cleriaco
1124 3575 1181 3627 et
1206 3570 1528 3639 Agerniaco
1551 3569 1722 3625 nobis

92 3655 317 3713 reddidit
356 3667 414 3716 et
455 3661 703 3717 tertiam
745 3661 911 3717 nobis
952 3664 1156 3716 contra
1200 3663 1512 3729 Aymonem
1552 3657 1720 3713 Lovel

92 3744 304 3803 militem
335 3756 608 3807 nostrum
632 3750 1005 3821 conquisivit.
1042 3749 1317 3804 Reddidit
1356 3754 1413 3803 et
1456 3761 1719 3804 mansum

93 3845 242 3891 unum
269 3837 322 3893 in
354 3839 726 3897 Cavanniaro
759 3839 828 3895 de
863 3844 1018 3895 terra
1052 3838 1237 3894 sancti
1280 3837 1434 3892 Petri
1479 3836 1548 3891 de
1589 3835 1718 3891 fedo

93 3934 182 3977 suo
220 3924 554 3990 Flaviniaci,
586 3928 818 3985 vidente
852 3929 916 3983 R.
944 3930 1180 3999 majore,
1217 3931 1278 3983 et
1310 3926 1429 3981 filio
1459 3924 1741 4003 ejusdem

93 4010 304 4070 Amulli.
348 4018 565 4074 Actum
599 4019 633 4070 4
673 4017 811 4072 feria
844 4016 1048 4088 jejunii
1091 4015 1310 4071 mensis
1338 4014 1714 4086 Septembris.

156 4106 316 4175 Aymo
347 4118 587 4176 quoque
620 4103 691 4160 de
720 4104 983 4161 GriniaCU
1006 4103 1322 4160 hominium
1356 4101 1714 4172 recognovit.

89 4198 138 4249 et
161 4200 345 4251 noster
379 4202 578 4252 lactus
608 4198 717 4249 est.
743 4193 1058 4249 Walterius
1090 4206 1316 4249 necnon
1346 4193 1415 4249 de
1446 4190 1717 4246 Grinione

90 4296 179 4356 pro
207 4283 314 4342 ﬁlio
345 4299 453 4341 suo
488 4282 780 4340 monacho
822 4287 1038 4338 terram
1078 4294 1340 4351 magnam
1378 4284 1435 4336 et
1486 4284 1717 4351 pratum

89 4370 139 4427 in
166 4372 573 4431 dominicatum
591 4376 759 4443 juxta
784 4368 1131 4426 Corticellas
1155 4369 1321 4426 multi
1354 4368 1531 4441 precii
1553 4382 1718 4424 sanc-

89 4464 139 4515 to
164 4462 413 4533 Prejecto
443 4461 635 4521 dedit.
673 4464 877 4518 Actum
904 4460 998 4516 die
1026 4460 1174 4516 festo
1206 4459 1258 4513 S.
1293 4458 1449 4516 Petri
1491 4457 1562 4514 ad
1593 4456 1717 4513 vin-

88 4547 213 4604 cula.

149 4637 415 4709 Raynerio
445 4641 523 4697 de
549 4628 803 4709 Diusmo,
827 4652 931 4708 pro
962 4635 1307 4707 quibusdam
1347 4634 1719 4706 compositio-

93 4724 260 4796 nibus,
292 4730 508 4801 quibus
553 4731 717 4783 terra
756 4727 828 4783 de
886 4724 1184 4796 Epilianco
1236 4724 1602 4781 vastabatur.
1652 4722 1721 4778 30

88 4812 280 4874 solidos
324 4818 505 4875 dedit.

149 4902 298 4974 Hugo
321 4906 392 4961 de
417 4905 634 4963 Asiaco
669 4908 907 4976 accepta
936 4918 966 4960 a
990 4903 1156 4959 nobis
1179 4901 1461 4959 societate
1482 4906 1543 4957 et
1566 4906 1598 4956 7
1621 4914 1718 4957 so-

88 4982 206 5047 lidis
226 5007 328 5065 pro
351 4996 612 5052 caricate
634 4993 793 5051 dedit
825 4998 1027 5049 saneto
1048 4993 1223 5048 Petro
1246 4990 1515 5046 feminam
1536 4988 1723 5045 Walo-

90 5078 167 5133 nis
204 5084 480 5155 sacristte,
516 5082 792 5140 laudante
832 5081 951 5137 filio
991 5098 1116 5153 suo,
1159 5085 1215 5137 et
1258 5080 1403 5137 alias
1439 5079 1720 5151 quasdam

93 5162 154 5223 de
182 5172 447 5240 progenie
486 5172 639 5242 ejus,
680 5170 947 5226 feminam
985 5169 1211 5227 scilicet
1246 5167 1538 5224 Cristiani.

155 5255 396 5322 Quodam
421 5258 883 5317 sanctimonialis
905 5259 1089 5315 sancti
1111 5257 1391 5315 Johannis
1414 5258 1720 5327 Eduensis,

94 5352 253 5400 soror
282 5348 554 5419 Aymonis
585 5346 781 5415 Lovel,
814 5346 1015 5401 eodem
1048 5348 1227 5402 fratre
1258 5358 1363 5400 suo
1396 5343 1629 5400 vidente
1646 5346 1723 5400 fa-

154 5632 289 5711 (212)
332 5636 716 5710 Schutzyeld.

387 5734 651 5807 Psmon.
686 5732 896 5799 CLIV.

1838 1898 1904 1949 12
1935 1894 2222 1967 denarios,
2258 1902 2291 1953 2
2321 1899 2544 1969 solidis,
2579 1918 2706 1957 cum
2742 1904 2854 1959 iret
2893 1894 3219 1978 Hispaniam
3269 1914 3492 1971 Folcui-

1836 1996 1964 2038 nus.
2000 1985 2205 2040 Actum
2253 1985 2602 2044 Flaviniaco.

1907 2069 2267 2127 Adelelmum
2297 2088 2530 2145 quoque
2560 2081 2619 2131 et
2642 2080 2976 2147 progeniem
3006 2084 3133 2152 ejus
3159 2087 3384 2155 optinui
3415 2091 3487 2146 ab

1835 2157 2038 2213 eodem
2064 2159 2341 2216 Folcuino
2379 2168 2441 2218 12
2472 2164 2695 2222 solidis.
2740 2170 2942 2223 Actum
2984 2171 3236 2227 Galiaco.

1906 2246 2264 2316 Tapetiolum
2291 2251 2487 2321 etiam,
2521 2254 2675 2321 quod
2729 2256 2919 2311 Carlet
2980 2257 3216 2328 dicitur,
3267 2262 3484 2318 redemi

1835 2339 1866 2389 5
1910 2335 2131 2393 solidis.

1907 2424 2049 2493 (F01.
2085 2426 2233 2495 139.)
2274 2428 2414 2483 Duci
2447 2444 2658 2499 equum
2694 2438 2712 2486 1
2763 2434 2895 2489 dedi
2950 2440 3016 2491 10
3052 2436 3332 2494 librarum
3378 2416 3486 2510 pro

1835 2510 2147 2567 insolentia
2179 2515 2351 2571 unius
2384 2519 2695 2574 servientis
2720 2523 2923 2592 nostri,
2958 2530 3017 2578 et
3064 2526 3187 2596 ipse
3229 2528 3488 2586 laudavit

1835 2598 2004 2654 nobis
2034 2600 2244 2656 donum
2279 2604 2433 2672 quod
2466 2606 2714 2675 quilibet
2744 2610 2907 2666 miles
2936 2612 3062 2680 ejus
3109 2615 3178 2669 de
3211 2616 3341 2671 fch
3380 2633 3486 2674 suo

1836 2686 2056 2742 faceret
2104 2688 2560 2748 Flaviniacencis
2628 2698 2913 2754 ecclesim.

1905 2775 2186 2833 Walterio
2243 2778 2314 2833 de
2366 2780 2509 2835 Tilio
2564 2782 2618 2836 in
2672 2785 3025 2852 adjutorium
3091 2790 3357 2847 ecclesia}
3414 2793 3485 2851 de

1835 2863 2127 2920 Prisciaco
2148 2879 2359 2935 equum
2394 2883 2566 2924 unum
2600 2876 2667 2924 50
2687 2872 3010 2929 solidorum
3045 2877 3196 2932 dedi.

1835 2950 2028 3008 Erleio
2077 2957 2136 3007 et
2183 2954 2404 3011 Widoni
2449 2956 2695 3014 dominis
2744 2960 3095 3019 Colticarum
3151 2970 3218 3020 40
3266 2967 3486 3025 solidos

1836 3039 1992 3109 dedi,
2017 3044 2073 3096 et
2112 3042 2222 3112 ipsi
2265 3045 2646 3114 vurpiverunt
2691 3063 2890 3104 omnes
2935 3052 3114 3107 malas
3175 3063 3487 3112 consuetu-

1836 3128 2002 3185 dines
2034 3129 2089 3184 in
2131 3130 2398 3188 Coltieas.

1907 3219 1963 3271 In
1987 3219 2263 3275 thesauro
2286 3222 2551 3279 ecclesiae
2585 3226 2689 3281 hec
2714 3227 2909 3282 addita
2933 3236 3097 3299 sunt,
3132 3230 3483 3290 ﬁlacterium

1835 3306 1987 3375 quod
2043 3306 2204 3362 dedit
2247 3310 2563 3367 Walter-ius
2621 3316 2937 3371 monachus
2995 3316 3064 3371 de
3108 3319 3286 3388 Grin.,
3352 3337 3483 3379 cum

1834 3394 2104 3466 mappula
2134 3398 2393 3467 pretiosa
2433 3406 2492 3454 et
2528 3400 2659 3458 alba
2699 3410 2919 3473 parata.
2966 3406 3199 3462 Con-tina
3236 3415 3256 3462 1
3311 3424 3481 3478 quam

1833 3483 1996 3539 dedit
2038 3485 2347 3542 Teubodus
2378 3502 2507 3543 cum
2542 3492 2783 3545 mantili.
2846 3492 3003 3548 Alba:
3048 3501 3077 3547 ὃ
3126 3510 3269 3564 quas
3317 3499 3482 3568 llugo

1832 3574 2151 3629 monachus
2180 3573 2250 3629 de
2283 3574 2576 3632 Belloloco
2602 3580 2856 3634 moriens
2888 3582 3021 3635 mihi
3050 3584 3205 3636 misit
3229 3600 3357 3638 cum
3388 3602 3481 3641 ca-

1832 3658 1941 3715 lice
1973 3667 2271 3730 argenteo,
2309 3664 2405 3733 qui
2448 3669 2539 3719 est
2590 3669 2739 3736 apud
2786 3669 3220 3724 Bellumlocnm.
3258 3673 3481 3731 Calices

1828 3752 1880 3817 2,
1917 3764 2065 3804 unus
2097 3750 2151 3804 in
2193 3755 2318 3804 toto
2362 3752 2700 3821 deauratus,
2743 3770 2890 3823 quos
2930 3757 3110 3811 Wallo
3166 3761 3481 3818 monachus

1829 3837 1899 3893 de
1930 3838 2082 3892 Roca
2118 3837 2272 3906 fecit,
2308 3854 2435 3893 cum
2480 3855 2662 3910 cappa
2705 3845 2727 3896 1
2776 3842 2845 3896 de
2886 3843 3061 3912 pallio
3091 3850 3146 3899 et
3177 3848 3375 3901 casula
3417 3855 3477 3903 et

1828 3924 1995 3982 stolis
2022 3928 2055 3978 2
2083 3930 2143 3979 et
2179 3924 2330 3982 albis
2361 3930 2392 3981 4
2424 3927 2584 3983 Alba:
2616 3934 2649 3982 2
2690 3944 2835 3999 quas
2887 3932 3025 3985 fecit
3072 3934 3364 4001 Gyrardus
3407 3936 3477 3990 de

1829 4013 2086 4069 Coltieis.
2123 4013 2267 4069 Alba
2306 4018 2326 4070 1
2364 4016 2418 4069 in
2447 4016 2670 4085 capella
2696 4024 2919 4087 nostra,
2947 4034 3114 4088 quam
3142 4021 3275 4075 mihi
3312 4022 3475 4078 dedit

1828 4103 1982 4158 Bovo
2016 4103 2087 4158 de
2123 4104 2249 4172 Bar,
2285 4103 2533 4159 Baldrici
2578 4105 2730 4161 illius
2770 4122 2946 4177 super
2989 4110 3211 4178 Albam,
3247 4111 3478 4179 quando

1826 4196 2024 4247 noster
2066 4191 2253 4247 factus
2298 4197 2408 4248 est.
2465 4193 2873 4264 Supersedium
2929 4203 2976 4251 1.
3014 4197 3249 4253 Redemi
3298 4199 3476 4256 etiam

1827 4278 2125 4351 palliolum
2151 4295 2325 4336 unum
2359 4285 2427 4337 30
2456 4281 2656 4337 solidis
2684 4288 2744 4337 et
2775 4284 2843 4339 de
2869 4300 2937 4340 eo
2960 4285 3193 4341 limbum
3218 4286 3271 4340 in
3297 4286 3475 4357 pallio

1827 4382 1943 4439 quo
1973 4383 2190 4439 corpus
2220 4370 2408 4425 sancti
2453 4370 2701 4439 Prejeeti
2745 4372 3069 4429 involutum
3114 4375 3218 4430 fuit
3260 4377 3363 4431 300
3414 4382 3473 4432 et

1826 4470 1896 4512 eo
1928 4456 2176 4528 amplius
2204 4457 2392 4527 annis,
2419 4459 2546 4513 feci.

1743 4540 1800 4602 D
1901 4544 2119 4602 Bovoni
2152 4546 2434 4616 praedicto
2467 4546 2536 4603 de
2562 4549 2690 4618 Bar,
2725 4565 2852 4604 cum
2885 4550 3037 4619 apud
3080 4551 3474 4609 Flaviniacum

1832 4635 2160 4705 requireret
2194 4649 2223 4689 a
2259 4648 2346 4689 me
2378 4619 2589 4691 fmdu‘m
2624 4652 2812 4706 suum,
2845 4638 2975 4707 quia
3012 4638 3253 4693 haberet
3297 4638 3473 4696 ﬁliam

1830 4723 2111 4791 Folcuini,
2129 4722 2200 4779 de
2215 4736 2418 4779 sorore
2440 4724 2670 4780 abbatis
2695 4725 2932 4795 Odonis,
2961 4726 3055 4795 qui
3082 4726 3230 4780 idem
3254 4726 3474 4781 fecerat

1832 4816 2251 4882 casamentum,
2287 4811 2344 4866 id
2377 4818 2469 4866 est
2508 4813 2927 4870 salvamentum
2968 4814 3259 4869 hominum
3284 4815 3473 4870 sancti

1831 4900 2012 4970 Petri,
2048 4900 2144 4970 qui
2177 4904 2315 4955 sunt
2339 4899 2395 4953 in
2425 4905 2620 4955 castro
2661 4901 2937 4958 illovelin
2972 4903 3200 4958 villisin
3217 4901 3472 4958 circuitu

1831 4988 2037 5050 castri,
2072 4988 2230 5045 nolui
2262 4988 2315 5043 ei
2350 4987 2418 5043 ad
2460 4988 2691 5058 plenum
2733 4991 2999 5059 reddere,
3045 4992 3176 5061 quia
3214 4991 3471 5060 legeram

1833 5081 2054 5133 cartam
2069 5079 2342 5147 quantam
2369 5075 2577 5130 factam
2598 5074 2931 5133 hominibus
2944 5078 3123 5133 castri
3162 5076 3469 5148 lilesensis,

1835 5165 1932 5237 qui
1952 5169 2091 5221 sunt
2117 5164 2303 5222 sancti
2323 5162 2504 5228 Petri,
2534 5167 2591 5217 et
2626 5165 2871 5219 verebar
2900 5165 3136 5221 neidem
3159 5170 3470 5222 essentaut

1835 5256 1905 5310 de
1938 5254 2174 5310 eisdem.
2209 5256 2415 5309 Tamen
2461 5266 2592 5308 cum
2624 5251 2790 5309 multi
2824 5256 3011 5309 testes
3060 5255 3470 5326 accessissent,

1837 5344 1993 5416 quod
2026 5343 2338 5401 Folcuinus
2378 5341 2528 5399 idem
2572 5341 2989 5399 salvamentum
3029 5342 3352 5415 habuisset,
3388 5341 3471 5401 ita

1660 5519 1886 5580 NOTAE.
