3950 6320
460 375 579 438 363

1419 360 1787 432 HUGONIS
1827 361 2180 430 ABBA’I‘IS
2222 362 2906 430 FLAVINIACENSIS
3714 365 3810 439 364

463 505 748 576 concessi,
787 511 846 562 ut
879 505 925 562 si
949 521 1056 575 ego
1089 519 1190 577 per
1219 511 1478 574 nostros,
1505 503 1683 560 misso
1715 500 1926 558 nuncio
1957 505 2015 555 et
2051 513 2110 554 re
2141 497 2197 556 A
2227 497 2280 552 in
2331 501 2362 552 3
2391 499 2576 568 annis,
2607 504 2642 556 2
2680 501 2978 558 mensibus
3021 503 3231 570 minus,
3283 503 3447 560 solidi
3499 506 3608 562 duo
3662 507 3809 570 milia.

463 596 790 667 explorata,
817 599 916 652 aut
952 595 1063 666 ipsi
1097 594 1360 650 homines
1395 607 1498 664 per
1543 607 1607 646 se
1658 591 1816 662 ipsos
1865 589 2112 660 probare

467 683 800 754 potuissent
831 683 987 753 quod
1017 696 1327 752 numquam
1361 681 1602 737 fuissent.
1637 680 1691 734 in
1731 677 2110 746 salvamento,

466 771 644 828 nichil
674 771 728 826 ei
761 771 988 839 dabam,
1026 771 1158 840 quia
1193 770 1375 839 magis
1407 767 1729 824 acclesiam
1763 780 1932 836 quam
1983 778 2113 821 eum

466 859 794 930 diligerem.
831 859 928 914 Sin
961 858 1154 927 aliter,
1190 858 1434 913 haberet
1463 855 1614 926 quod
1647 855 1735 910 sui
1761 853 1912 922 juris
1934 856 2109 908 esset.

466 949 534 1003 Et
560 948 640 1003 ita
673 951 876 1002 noster
911 948 1100 1002 factus
1131 951 1241 1016 est,
1286 947 1712 1001 sacramentum
1759 947 1948 998 tamen
2000 955 2112 996 non

467 1035 664 1106 accepi
698 1050 764 1090 ea
799 1050 902 1106 pro
925 1049 1122 1092 causa.
1158 1037 1362 1089 Actum
1394 1031 1723 1087 Flaviniaco
1744 1031 1798 1085 in
1829 1029 2108 1086 claustro.

467 1125 667 1180 Testes
695 1143 708 1178 :
737 1122 1030 1178 Gerardus
1065 1121 1246 1193 prior,
1274 1120 1594 1188 Achadeus,
1623 1117 1976 1174 Helinandus
1998 1131 2116 1171 mo-

468 1211 633 1266 nachi
659 1228 674 1276 ;
721 1209 866 1280 layci
894 1229 906 1264 :
940 1212 1102 1279 Hugo
1144 1209 1508 1281 prapositus,
1537 1205 1888 1277 Raynaldus,
1912 1209 1969 1260 et
1995 1218 2114 1260 ser-

466 1297 715 1367 vientes,
735 1297 1063 1368 Raynaldus
1079 1296 1556 1368 flliusprapositi,
1575 1293 1878 1350 Gislerius.
1908 1293 1992 1348 Ab
2007 1293 2112 1348 hoc

469 1391 808 1442 casamento
835 1385 970 1442 illos
997 1387 1067 1442 de
1095 1385 1301 1442 Arvico
1323 1383 1610 1452 subtraxi,
1641 1382 1712 1438 de
1741 1382 1952 1452 quibus
1983 1395 2114 1437 cen-

469 1488 594 1529 sum
647 1473 949 1544 habebam,
988 1488 1192 1530 caseos
1237 1471 1484 1539 scilicet,
1543 1470 1738 1525 etillos
1768 1469 1979 1539 quibus
2005 1467 2112 1522 fuit

471 1565 633 1618 carta
667 1561 1070 1617 facta.0mnes
1108 1575 1358 1632 quoque,
1392 1559 1440 1614 si
1474 1559 1725 1630 probare
1756 1556 2107 1628 potuissent,

471 1653 533 1704 ut
565 1649 706 1704 dixi.
742 1649 904 1714 Quod
938 1650 1124 1720 etipse
1156 1648 1429 1704 laudavit.

539 1736 638 1792 His
667 1737 896 1792 interim
933 1737 1163 1792 omissis
1187 1736 1488 1806 superiora
1515 1739 1868 1806 repetamus.
1894 1733 2014 1786 Non
2034 1735 2113 1785 ta-

2225 587 2488 658 exceptis
2518 587 2669 657 quod
2703 589 2902 646 datum
2942 597 3001 646 ct
3034 591 3088 647 in
3123 606 3268 663 pane
3298 597 3358 648 et
3384 594 3514 650 vino
3543 601 3599 650 et
3628 597 3812 654 vestitu

2227 675 2557 744 fratrum,in
2585 679 2997 747 procuratione
3020 679 3397 751 hospitum,in
3419 681 3598 739 bobus
3615 686 3814 755 etequis

2223 768 2282 816 et
2311 763 2500 818 vineis
2527 768 2586 819 et
2615 764 2670 819 in
2700 766 2851 820 omni
2893 771 3098 823 nostro
3137 772 3421 838 apparatu
3459 772 3518 823 et
3557 773 3810 841 expensis.

2301 852 2384 906 Ab
2427 851 2830 910 incarnatione
2862 855 3106 922 Domini,
3143 860 3302 911 1099.
3332 855 3551 911 Abhinc
3590 857 3816 930 multipli-

2224 943 2352 994 cata
2385 944 2520 995 sunt
2550 941 2695 996 mala
2729 942 2785 996 in
2833 948 2991 998 terra
3044 947 3264 1012 nostra,
3314 944 3410 1000 sed
3447 944 3549 1000 hec
3597 945 3810 1002 interim.

2296 1028 2374 1082 Eo
2406 1042 2576 1097 anno,
2609 1029 2789 1100 prima
2831 1030 2968 1086 hora
3020 1031 3230 1098 noctis,
3285 1047 3314 1087 a
3361 1039 3524 1103 parte
3570 1033 3816 1104 aquilonis

2225 1114 2322 1169 lux
2347 1115 2550 1184 ingens
2574 1118 2737 1186 quasi
2765 1117 2917 1186 ignis
2939 1119 3202 1174 ardentis
3223 1119 3456 1190 emissa,
3475 1134 3650 1190 usque
3667 1136 3815 1193 prope

2225 1201 2568 1274 diluculum,
2601 1209 2832 1260 noctem
2868 1222 3049 1277 prope
3078 1207 3371 1262 convertit
3409 1207 3460 1262 in
3510 1207 3670 1264 diem.
3713 1209 3814 1276 Quo

2223 1291 2396 1345 etiam
2431 1306 2580 1349 anno
2622 1293 2845 1365 hiemps
2885 1294 3062 1350 solito
3095 1295 3356 1366 asperior
3395 1301 3528 1351 octo
3566 1297 3818 1353 continuis

2222 1378 2649 1436 ebdomadihus
2681 1381 2990 1452 inhorruit,
3029 1383 3105 1438 ita
3135 1388 3198 1438 ut
3226 1383 3465 1448 bestias,
3496 1398 3642 1454 aves,
3672 1385 3818 1440 homi-

2223 1481 2328 1522 nes
2386 1483 2615 1539 quoque
2663 1468 2974 1540 plerosque
3025 1471 3114 1525 vis
3165 1471 3384 1536 algoris
3433 1471 3698 1527 existeret
3745 1472 3814 1529 ⁴²⁸.

2223 1555 2478 1612 Fuerunt
2511 1557 2608 1627 qui
2641 1557 2926 1627 dicerent,
2966 1557 3156 1614 lucem
3189 1558 3346 1614 illam
3361 1559 3552 1615 datam
3581 1575 3609 1615 a
3639 1561 3740 1616 Deo
3773 1561 3816 1616 in

2223 1657 2422 1698 necem
2471 1647 2528 1699 et
2571 1644 2954 1714 dejectionem
3007 1647 3480 1714 Sarracenorum,
3519 1647 3726 1704 ferente
3764 1663 3819 1704 eo

2224 1730 2579 1800 adjutorium
2607 1738 2665 1787 et
2697 1733 2852 1788 vires
2900 1735 3196 1804 prabente
3221 1733 3728 1791 Jherosolimitanis
3761 1736 3817 1791 ad

469 1840 596 1881 men
631 1825 1150 1896 praetermittamus
1185 1825 1450 1880 feminam
1485 1822 1662 1892 illam,
1697 1837 1864 1892 quam
1895 1819 2114 1876 Deoda-
2142 1847 2195 1906 Β
2226 1820 2597 1875 sternendam
2621 1825 2680 1875 et
2703 1821 2933 1877 omnino
2957 1821 3408 1878 consumendam
3437 1822 3818 1879 multitudinem

468 1919 563 1969 tus
596 1915 834 1968 tenebat
870 1913 941 1969 de
972 1915 1196 1982 Noeirs,
1243 1928 1369 1983 qua
1415 1916 1614 1967 nostra
1657 1914 1804 1978 erat,
1843 1915 1900 1964 et
1947 1913 2113 1979 pater

465 2001 756 2071 dimidius,
817 2017 1064 2071 quorum
1125 2008 1292 2057 erant
1323 2005 1356 2056 6
1389 2000 1512 2068 filii,
1549 2015 1695 2069 quos
1736 1998 1814 2052 ita
1843 2012 1973 2052 cum
2018 1998 2114 2051 ab-

470 2089 602 2144 bate
649 2089 836 2144 sancti
891 2089 1103 2144 Valerii
1157 2091 1396 2157 llugone
1448 2086 1811 2158 partivimus,
1859 2085 1912 2138 in
1949 2090 2114 2154 parte

470 2177 733 2232 matris3
767 2177 939 2246 filios,
996 2177 1051 2231 in
1102 2177 1286 2247 patris
1341 2191 1477 2230 vero
1526 2190 1699 2230 unum
1751 2178 1808 2227 et
1867 2172 2114 2228 alterum

468 2264 792 2334 dimidium,
817 2269 877 2320 et
896 2279 1134 2320 censum
1158 2263 1370 2333 capitis
1395 2263 1527 2317 mihi
1556 2263 1800 2334 primum
1824 2261 1976 2316 misit
2004 2275 2117 2314 ma-

468 2356 580 2406 ter.
612 2354 840 2407 Partem
880 2351 1130 2407 etiamin
1179 2351 1526 2420 Berengerio
1558 2357 1614 2404 et
1667 2349 1949 2404 fratribus
1968 2348 2112 2417 ejus,

471 2454 640 2510 quam
701 2440 964 2509 acceptis
1032 2443 1099 2494 10
1161 2437 1366 2493 solidis
1394 2437 1710 2494 Rainaldus
1759 2436 1830 2491 de
1881 2435 2115 2507 Colpeio

472 2528 640 2583 nobis
655 2527 874 2582 dimisit

546 2615 728 2684 Igitur
759 2629 997 2671 reverso
1027 2630 1059 2671 a
1090 2616 1267 2670 Roma
1299 2615 1598 2686 epis00po,
1624 2614 1851 2670 occurri
1876 2612 1926 2669 ei
1961 2611 2113 2683 apud

473 2703 832 2772 Sedelocum,
866 2708 921 2758 et
955 2704 1202 2772 benigne
1247 2706 1579 2773 susceptus,
1630 2702 1834 2756 osculo
1865 2700 2116 2756 donatus

472 2806 598 2846 sum
629 2797 689 2846 et
717 2792 946 2860 gratiis.
983 2791 1179 2846 Altera
1213 2791 1339 2847 vice
1371 2792 1444 2845 ab
1475 2805 1545 2846 eo
1577 2790 1788 2845 ibidem
1813 2792 2112 2857 evocatus,

479 2885 611 2950 post
635 2879 850 2935 multas
869 2879 1114 2948 injlirias
1141 2880 1306 2934 finem
1333 2880 1404 2934 de
1436 2879 1704 2934 omnibus
1729 2892 1836 2948 pro
1862 2880 1927 2932 lO
1950 2877 2118 2931 libris

473 2967 602 3022 feci.
639 2966 902 3032 Quesivit
935 2967 1128 3022 iturus
1159 2967 1227 3022 ad
1264 2981 1480 3035 regem,
1509 2971 1570 3022 ut
1605 2966 1813 3021 mulam
1837 2965 1946 3020 sibi
1973 2979 2116 3036 pra-

474 3059 712 3110 starem.
739 3055 879 3123 Ego,
914 3055 1013 3124 qui
1042 3054 1170 3122 ejus
1203 3068 1456 3108 amorem
1499 3054 1789 3121 sitiebam,
1840 3068 2008 3123 quem
2054 3057 2112 3108 et

471 3142 724 3197 sciebam
769 3142 1060 3197 dil‘llcilem
1095 3141 1150 3196 in
1195 3141 1576 3212 adquirendo,
1629 3141 1813 3212 optuli
1865 3141 1918 3197 ei
1965 3143 2116 3213 opti-

473 3244 619 3284 mam
654 3229 889 3298 mulam,
925 3244 1094 3297 quam
1125 3242 1294 3284 manu
1331 3229 1400 3284 ad
1451 3244 1679 3285 manum
1711 3244 1961 3285 emeram
2013 3229 2115 3286 150

471 3316 680 3374 solidis
711 3321 772 3372 et
804 3315 935 3371 dedi
967 3317 1040 3372 ei.
1079 3317 1149 3372 Et
1185 3317 1268 3372 sic
1300 3318 1539 3374 veniens
1568 3319 1638 3373 ad
1681 3321 1888 3374 festum
1926 3318 2112 3374 sancti

473 3404 720 3473 Nazarii,
761 3404 1002 3459 honeste
1050 3405 1102 3459 ei
1152 3405 1384 3474 servivi,
1437 3410 1496 3460 et
1544 3411 1748 3476 gratus
1793 3405 1956 3462 redii.
2003 3409 2113 3462 Pro

474 3492 690 3562 placito
722 3497 782 3547 et
805 3492 915 3547 line
949 3491 1050 3547 illo
1089 3493 1380 3564 Stephano
1411 3493 1570 3550 dedit
1603 3499 1674 3550 20
1719 3493 1959 3565 solidos,
2002 3497 2113 3551 Hu-

474 3580 647 3636 baldo
667 3585 754 3648 20,
777 3581 1004 3649 Hugoni
1026 3581 1267 3651 Spiriac.
1295 3585 1380 3650 40,
1407 3581 1686 3638 Rainaldo
1728 3584 1815 3653 40,
1839 3583 2112 3639 Teubodo

472 3671 558 3738 l0,
597 3669 816 3738 Hugoni
852 3669 1044 3724 Misem
1078 3675 1130 3739 5,
1167 3670 1416 3726 Gosleno
1455 3676 1540 3728 10.

543 3759 656 3814 Pro
674 3772 824 3828 equo
843 3758 1088 3827 Gyrardi
1113 3759 1376 3815 monachi
1403 3759 1535 3816 dedi
1557 3776 1666 3832 pro
1689 3761 2111 3832 compositione
2139 3743 2142 3747 ’

471 3845 664 3902 Miloni
692 3845 1043 3902 constabulo
1083 3851 1151 3901 10
1183 3846 1418 3904 solidos.

539 3936 661 3989 Jam
697 3949 878 4006 prope
916 3933 1138 3990 oblitus
1169 3949 1326 3991 eram
1357 3932 1512 4006 quod
1545 3937 1773 3993 furnum
1826 3937 1980 3994 villa
2019 3953 2114 3993 ca-

474 4021 866 4077 lumniabatur
898 4019 1130 4090 quidam
1164 4023 1542 4078 Erembertus
1571 4022 2020 4095 deMassiviaco,
2053 4029 2113 4080 et

473 4108 844 4178 prabendam
875 4112 934 4162 et
963 4123 1228 4178 campum
1259 4110 1446 4164 sancti
1478 4111 1808 4182 Clementis,
1841 4113 1975 4182 quia
2005 4127 2110 4183 pro

473 4197 564 4252 his
591 4197 695 4251 300
717 4195 942 4251 solidos
975 4196 1216 4250 dederat
1248 4201 1416 4268 pater
1463 4214 1604 4254 suus
1654 4199 1837 4255 Odoni
1887 4201 2108 4270 abbati,

467 4288 713 4353 excepto
728 4281 882 4352 quod
897 4281 1268 4356 prabendam
1294 4299 1397 4355 pro
1431 4285 1734 4356 sepultura
1762 4301 1866 4341 sua
1900 4285 2115 4342 donas-

473 4376 586 4428 set.
622 4370 782 4426 Unde
811 4385 942 4426 cum
973 4384 1062 4426 me
1091 4371 1290 4428 multis
1317 4372 1550 4444 placitis
1579 4378 1907 4442 gravasset,
1939 4378 1996 4428 et
2035 4375 2111 4432 ob

469 4472 782 4529 gravamcn
818 4458 986 4514 homo
1030 4459 1196 4516 ducis
1226 4465 1282 4515 et
1335 4461 1636 4532 praepositi
1685 4454 2112 4518 Sinemurensis

2230 1907 2509 1978 principis
2548 1908 2882 1975 Babilonia,
2937 1910 3033 1980 qui
3075 1915 3314 1966 venerat
3360 1910 3428 1966 ad
3483 1912 3819 1982 proterendos

2225 2009 2327 2050 eos
2360 1995 2457 2065 qui
2491 1996 2924 2052 Hicrosolimam
2965 2003 3262 2068 ceperant,
3299 2013 3544 2068 quorum
3591 2015 3819 2056 numerus

2225 2089 2350 2137 erat
2394 2087 2458 2138 ut
2481 2098 2650 2138 arena
2688 2085 2886 2153 maris,
2919 2091 2978 2140 et
3009 2087 3082 2141 ob
3133 2087 3186 2141 id
3225 2086 3416 2142 lucem
3457 2087 3716 2143 divinitus
3755 2088 3818 2142 di-

2227 2175 2468 2240 rectam,
2522 2187 2592 2227 ne
2640 2172 2992 2243 christianis,
3047 2176 3143 2246 qui
3191 2191 3261 2231 eo
3311 2175 3406 2232 die
3451 2176 3821 2248 praliabantur

2229 2259 2426 2328 praelia
2451 2260 2690 2328 Domini,
2726 2262 2901 2317 etiam
2936 2263 2988 2318 in
3023 2269 3195 2319 nocte
3228 2263 3327 2319 lux
3357 2265 3580 2320 deesset
3618 2263 3680 2320 ad
3713 2279 3822 2320 con-

2226 2347 2522 2403 tritionem
2545 2349 2738 2417 gentis
2771 2350 3052 2407 adversa.
3083 2353 3288 2408 Utrum
3321 2353 3402 2408 ita
3425 2353 3519 2424 sit,
3549 2368 3614 2408 an
3656 2353 3821 2422 igneus

2227 2433 2325 2490 ille
2385 2435 2661 2506 splendor
2713 2438 2809 2508 qui
2867 2441 3158 2510 apparuit,
3193 2444 3250 2495 et
3300 2441 3486 2511 ignea
3541 2441 3646 2497 illa
3698 2441 3823 2497 acies

2229 2523 2635 2594 portender'nt
2673 2525 3012 2582 effusionem
3080 2529 3313 2584 humani
3382 2529 3684 2599 sanguinis,
3715 2542 3820 2598 qua

2226 2625 2295 2666 eo
2325 2611 2418 2666 die
2459 2618 2518 2666 et
2550 2615 2816 2684 sequenti
2853 2616 2997 2671 facta
3029 2621 3139 2683 est,
3173 2617 3326 2672 sicut
3367 2616 3606 2687 legimus
3649 2617 3822 2672 factum

2224 2713 2355 2754 cum
2389 2699 2712 2755 immineret
2739 2701 2951 2757 bellum
2985 2702 3124 2759 illud
3151 2702 3514 2760 lacrimabile
3536 2705 3676 2760 inter
3706 2703 3824 2759 filios

2229 2785 2496 2843 Ludovici
2549 2789 2632 2843 Pii
2697 2789 3110 2861 imperatoris;
3183 2807 3251 2848 an
3311 2793 3600 2848 immineat
3659 2791 3817 2861 aliqua

2225 2875 2439 2930 mundo
2473 2875 2798 2948 tribulatio,
2841 2885 2903 2933 ut
2936 2878 3151 2948 legitur
3191 2881 3408 2936 factum
3440 2895 3564 2938 cum
3595 2895 3658 2937 eo
3704 2893 3820 2936 anno

2227 2977 2340 3032 quo
2379 2963 2706 3021 Ludovicus
2752 2981 2851 3022 rex
2883 2981 2911 3022 a
2944 2968 3204 3037 Hugonis
3235 2969 3420 3038 Magni
3464 2968 3824 3041 procuratione

2225 3056 2537 3121 separatus
2566 3057 2677 3124 est,
2711 3055 2943 3124 quando
2973 3055 3124 3111 idem
3159 3057 3389 3126 signum
3420 3057 3692 3130 apparuit,
3723 3070 3826 3127 por-
3901 3069 3903 3138 ς

2226 3138 2472 3195 tendens
2503 3142 2904 3211 Hungarorum
2939 3148 3178 3214 pestem,
3213 3159 3342 3214 qua
3386 3160 3516 3200 mox
3544 3145 3738 3202 acriter
3756 3143 3818 3198 in-

2223 3225 2425 3295 valuit,
2463 3228 2717 3284 viderint
2749 3244 2992 3300 quorum
3027 3232 3156 3303 opis
3183 3232 3252 3265 ⁴²⁹
3280 3235 3370 3289 est
3409 3233 3465 3289 id
3507 3232 3736 3304 experiri
3775 3234 3821 3284 et

2221 3328 2596 3382 cognoscere.
2641 3317 2775 3373 Visa
2818 3324 2908 3373 est
2940 3324 3132 3375 autem
3180 3319 3280 3376 lux
3323 3320 3384 3375 in
3431 3325 3594 3392 parte
3645 3317 3822 3390 aquilo-

2221 3403 2346 3457 nari
2414 3418 2620 3461 versus
2667 3405 2812 3461 solis
2855 3422 3149 3477 occasum,
3197 3411 3256 3463 et
3317 3414 3492 3465 nocte
3539 3408 3823 3464 declinante

2222 3492 2592 3562 respiciendo
2633 3494 3044 3564 porrigebatur
3092 3496 3145 3550 in
3178 3501 3396 3568 ortum,
3441 3497 3539 3552 sed
3572 3493 3824 3552 anteluca-

2221 3592 2354 3635 num
2389 3581 2746 3652 aliquantum
2762 3582 3013 3639 delituit.

2293 3670 2408 3727 Hoc
2440 3685 2589 3726 anno
2610 3671 2760 3726 obiit
2791 3671 3058 3728 Urbanus
3102 3687 3268 3746 papa,
3301 3674 3599 3730 Paschalis
3636 3684 3826 3730 succes-

2220 3759 2315 3815 sit.
2370 3758 2525 3814 Obiit
2575 3758 2820 3815 domnus
2848 3759 3132 3818 Rodulfus
3173 3762 3356 3818 abbas
3409 3760 3765 3819 Virdunensis
3802 3761 3825 3809 5

2221 3846 2342 3903 Kal.
2391 3847 2608 3919 Aprilis
2640 3847 2771 3917 (Jul.
2805 3850 2916 3919 29),
2959 3855 3017 3904 et
3046 3851 3209 3920 Hugo
3238 3851 3425 3908 abbas
3471 3850 3734 3908 Eduensis
3754 3846 3822 3902 ⁸³⁸.

2257 3933 2398 4006 (Fel.
2419 3939 2512 3991 1M
2529 3938 2570 4008 .)
2585 3936 2793 3992 Verum
2811 3937 3207 3994 consideranti
3225 3939 3358 3994 mihi
3379 3939 3823 4012 dispensationem

2222 4023 2578 4079 admiranda
2593 4026 2652 4079 et
2678 4023 2992 4080 ineﬂ'abilis
3017 4027 3314 4096 patientia
3329 4031 3452 4084 tua
3473 4032 3530 4084 et
3547 4025 3826 4083 misericor-

2221 4110 2353 4181 dia,
2389 4111 2559 4181 cujus
2583 4127 2693 4168 non
2722 4116 2815 4168 est
2847 4128 3126 4170 numerus
3171 4117 3224 4170 in
3265 4131 3373 4185 me,
3413 4117 3554 4174 libet
3592 4115 3824 4172 inherere
3900 4185 3901 4188 η

2220 4200 2676 4258 considerationi
2719 4201 3274 4273 miserationistua,
3305 4219 3645 4277 quamquam
3681 4213 3826 4272 super
3899 4189 3901 4214 ¹

2223 4303 2312 4346 me
2364 4289 2478 4346 sint
2526 4289 2669 4360 hac,
2717 4289 2982 4346 Christe:
3017 4293 3307 4362 quomodo
3337 4300 3567 4366 raptum
3603 4294 3670 4349 ab
3689 4291 3827 4348 uber-
3899 4315 3901 4366 ;

2223 4379 2356 4434 ibus
2367 4377 2569 4434 ditasti
2587 4377 2756 4434 donis
2769 4379 3344 4450 superhabundantis
3361 4381 3827 4453 pietatistua,tra-

2223 4465 2368 4522 dens
2397 4480 2485 4521 me
2516 4466 2903 4522 contubernio
2941 4483 3241 4524 servorum
3275 4473 3604 4539 tuorum,et
3629 4465 3824 4538 replens

473 4548 662 4604 factus
703 4551 880 4615 esset,
914 4551 971 4603 et
1023 4551 1213 4605 testes
1261 4549 1543 4619 quosdam
1586 4564 1617 4604 e
1658 4549 1962 4620 fratribus,
2013 4551 2109 4622 qui
2141 4544 2194 4604 D
2223 4545 2410 4617 gratia
2441 4548 2500 4602 te
2531 4544 2937 4616 diligentium;
2973 4547 3262 4616 quomodo
3304 4550 3378 4606 ab
3407 4550 3635 4606 ineunte
3659 4547 3820 4609 atate,

469 4637 582 4693 hoc
615 4635 904 4706 viderant,
935 4636 1334 4708 produxisset,
1364 4637 1451 4693 eis
1477 4636 1711 4694 omnino
1742 4637 1825 4692 illi
1848 4637 2112 4694 deﬁcien-

470 4725 646 4794 tibus,
675 4724 957 4795 judicium
999 4725 1328 4795 habuimus,
1379 4724 1536 4795 quod
1586 4739 1785 4796 pacem
1835 4727 2006 4783 nobis
2054 4727 2110 4784 in

469 4818 772 4885 posterum
804 4812 1078 4869 contulit.

538 4901 624 4956 lbi
655 4901 1008 4974 prapositus
1036 4901 1462 4959 Sinemurensis
1481 4916 1741 4958 mansum
1766 4906 1791 4959 1
1829 4903 2108 4960 vestitum

469 4987 526 5044 in
553 4988 892 5045 Massiniaco
919 4992 1124 5045 nostro
1156 4994 1360 5045 sancto
1393 4989 1568 5044 Petro
1595 4995 1653 5045 et
1682 4993 1888 5046 sancto
1915 4991 2110 5060 Preje-

468 5079 567 5131 cto
597 5074 755 5132 dedit
782 5091 888 5147 pro
919 5090 1118 5133 amore
1149 5082 1370 5146 nostro,
1391 5077 1653 5148 quietum
1683 5079 1756 5134 ab
1791 5079 1944 5134 omni
1975 5093 2109 5134 exa-

468 5163 684 5232 ctione,
734 5163 833 5233 qui
888 5165 1060 5222 nobis
1124 5165 1301 5222 debet
1360 5180 1562 5222 omnes
1621 5167 2100 5224 consuetudines.

469 5253 675 5306 Actum
715 5249 1067 5310 Flaviniaco.

2223 4641 2352 4683 cum
2379 4625 2497 4696 jam
2529 4625 2671 4680 irem
2703 4639 2808 4696 per
2827 4624 2992 4682 devia
3007 4632 3066 4682 et
3086 4627 3404 4698 lubrica,et
3434 4641 3683 4701 praceps
3707 4636 3824 4696 pra-
3892 4655 3900 4672 ι

2220 4706 2516 4778 cipitatem
2558 4708 2790 4760 atatem
2829 4719 3126 4778 sequerer,
3177 4708 3568 4764 confessionis
3599 4703 3823 4762 antidoto

2219 4801 2323 4842 cor
2354 4784 2639 4841 lubricum
2673 4784 2958 4841 medendo
2988 4785 3282 4857 respirare
3303 4786 3552 4856 sinebas,
3570 4787 3624 4841 et
3643 4780 3824 4852 fugien-

2219 4871 2336 4923 tem
2369 4869 2426 4920 te
2459 4862 2706 4934 quadam
2745 4861 2952 4919 blanda
2983 4864 3280 4935 inopinata
3314 4881 3419 4922 nec
3459 4864 3683 4937 cognita
3714 4857 3824 4915 mihi

2219 4943 2538 5001 revocabas
2571 4941 2879 4998 dulcedine
2907 4961 2920 5010 ;
2956 4957 3186 5013 quoque
3219 4945 3408 5016 modo,
3447 4946 3543 5002 ubi
3569 4942 3686 5013 jugi
3717 4950 3826 4995 con-

2219 5024 2492 5080 fessionis
2505 5021 2760 5079 remedio
2782 5021 3206 5093 aliquantulum
3222 5029 3449 5082 tractus
3466 5022 3635 5080 didici
3665 5019 3826 5075 illece

2219 5105 2387 5160 brosa
2411 5116 2640 5172 cavere,
2673 5116 3018 5174 quamquam
3043 5105 3294 5162 nondum
3327 5105 3560 5162 tederet
3573 5115 3656 5159 me
3678 5098 3741 5156 ad
3765 5096 3824 5150 in-

2214 5188 2444 5254 tegrum
2459 5183 2870 5254 perversitatis
2894 5199 3057 5255 mea,
3074 5185 3152 5241 ita
3171 5188 3232 5242 ut
3244 5200 3457 5242 scirem
3473 5183 3756 5242 intellectu
3775 5179 3822 5232 et

2214 5277 2413 5336 Opere,
2451 5263 2604 5334 quod
2631 5262 2840 5334 perdis
2884 5277 3080 5322 omnes
3117 5267 3226 5338 qui
3248 5265 3640 5337 fomicantw
3663 5259 3756 5320 ab:
3781 5255 3824 5312 ιϐ

541 5337 685 5396 Sunt
719 5337 776 5394 in
813 5353 1032 5396 summa
1081 5355 1209 5412 qua
1245 5341 1378 5398 dedi
1424 5341 1480 5397 in
1518 5341 1781 5413 proﬂcuo
1816 5343 2104 5401 acclesia
2214 5343 2409 5414 (Paul.
2441 5357 2611 5413 um,
2644 5346 3064 5413 27),remotum
3093 5337 3153 5402 et
3179 5351 3594 5416 segregatuma
3619 5350 3824 5429 consor-

1821 5457 2059 5513 νΑιωΕ
2099 5456 2498 5514 LECTIONES.

533 5553 606 5592 ⁴²⁸
630 5554 724 5616 ita
746 5557 928 5636 cados;
943 5559 1108 5632 ,οἶσθα
1118 5559 1511 5633 extingueret.
1586 5560 1657 5596 “'
1685 5562 1779 5622 ita
1792 5576 1840 5621 ο.
1858 5562 2106 5636 Operis'?

465 5626 769 5687 literarum
807 5631 871 5688 A.
901 5626 974 5688 ﬁt
1003 5626 1198 5702 mare.
1239 5626 1288 5690 σέ

2288 5563 2534 5624 "Werte
2547 5565 2596 5622 II
2611 5563 2747 5624 folia
2763 5567 2822 5623 et
2838 5564 2964 5638 lege
2982 5565 3302 5626 secundum
3316 5561 3819 5626 determinationem
