3950 6324
192 334 315 406 365

1470 351 1966 425 CHRONICON.
1999 398 2081 411 --
2104 359 2261 428 LIB.
2306 363 2381 429 ΙΙ.

3498 382 3621 448 366

194 479 286 536 tio
314 494 520 539 eorum
544 497 796 553 quorum
838 484 893 540 in
918 482 1108 543 medio
1137 487 1488 561 coalueram,
1516 492 1584 547 ad
1631 497 1862 550 exteras
1889 494 1947 556 A
1977 502 2184 569 matus,
2214 499 2285 557 de
2317 515 2426 571 qua
2461 503 2763 563 suscitasti
2797 522 2905 578 me,
2930 508 3091 581 juste
3142 526 3335 569 rerum
3368 517 3610 589 arbiter,

202 572 396 626 terras
409 569 709 627 nolentem
722 578 782 627 et
800 579 1219 645 repugnantem
1245 578 1483 647 etquasi
1503 580 1861 638 nescientem

198 658 466 714 eduxisti
485 676 499 723 ;
516 658 619 714 ubi
645 661 898 730 positum
918 662 1323 721 benedictione
1340 665 1636 738 insperata
1651 673 1709 724 et
1727 668 1864 726 mul-

200 746 397 816 tiplici
420 747 649 817 ditasti,
669 749 857 817 gratia
878 750 1106 806 scilicet
1121 759 1670 813 servorumtuorum
1685 757 1864 813 admi~

198 835 401 903 rabili,
430 835 528 904 qui
562 835 617 890 in
646 837 1076 906 mediligebant
1129 841 1280 909 quod
1322 842 1670 900 nesciebam.
1704 846 1863 902 Licet

199 922 261 977 in
297 922 388 978 bis
412 928 530 992 tua,
553 923 732 994 Deus,
768 923 937 995 dona,
958 926 1070 981 etsi
1100 928 1340 997 refugus
1357 933 1414 985 et
1457 930 1728 987 desertor
1753 933 1861 989 mei

198 1010 416 1081 ipsius,
448 1010 870 1081 intelligebam.
894 1015 1085 1084 Juvat,
1128 1016 1381 1088 inquam,
1400 1020 1706 1075 memorari
1723 1021 1859 1077 mihi

196 1098 262 1154 in
300 1113 393 1154 me
425 1098 758 1156 dulcedinis
791 1106 928 1171 tua),
965 1103 1100 1173 quia
1134 1105 1723 1179 misererisomnium,
1749 1109 1862 1165 sal-

194 1201 352 1242 vans
386 1187 645 1244 homines
664 1191 999 1260 etjumenta
1026 1210 1041 1258 ;
1067 1192 1122 1247 id
1139 1197 1301 1248 eStct
1322 1194 1455 1250 illos
1488 1196 1857 1268 salvans,qui

194 1274 640 1331 rationabiliter
664 1278 927 1334 viventes
948 1294 1058 1335 non
1086 1281 1513 1339 obliviscuntur
1551 1285 1857 1355 dignitatis

195 1362 260 1417 in
276 1377 390 1432 qua
415 1368 471 1419 et
489 1378 594 1434 pro
609 1380 719 1435 qua
734 1366 920 1421 creati
936 1373 1092 1433 sunt,
1111 1374 1170 1423 et
1188 1383 1310 1440 eos,
1332 1371 1427 1440 qui
1460 1371 1856 1441 junientorum

193 1466 368 1507 more
398 1451 667 1507 viventes
694 1453 831 1508 facti
851 1462 986 1510 sunt
1010 1461 1073 1511 ut
1096 1471 1284 1526 equus
1315 1463 1375 1513 et
1396 1459 1607 1531 mulus,
1645 1463 1857 1532 quibus

191 1553 316 1595 non
352 1544 442 1595 est
476 1540 829 1613 intellectus,
875 1558 979 1613 per
1002 1545 1381 1615 penitentiam
1432 1563 1605 1619 supra
1653 1551 1854 1621 prima:

191 1628 457 1698 originis
474 1630 1106 1700 reparansdignitatem
1124 1651 1138 1699 ;
1155 1634 1307 1689 inter
1326 1642 1540 1705 quoset
1567 1652 1654 1694 me
1674 1639 1852 1708 gibbo

189 1720 586 1787 peccatorum
603 1718 941 1789 deformem,
958 1721 1236 1778 vanitatis
1256 1728 1316 1777 et
1331 1722 1588 1781 levitatis
1607 1728 1853 1785 horrore

183 1805 560 1876 sordentem,
581 1806 651 1861 ad
666 1805 1065 1877 deponendam
1092 1809 1369 1867 malitiam
1389 1812 1846 1909 etinclinandam
1875 1848 1931 1909 Β

185 1894 492 1950 cervicem
514 1893 711 1951 cordis
718 1896 858 1965 jugo
881 1898 1188 1954 servitutis
1204 1904 1316 1955 tuae
1352 1901 1729 1958 edomandam
1747 1919 1848 1975 per

186 1983 659 2052 tuosevocabas,
682 1989 739 2038 et
766 1999 853 2038 me
869 1984 1004 2039 mihi
1031 1985 1155 2057 ipse
1179 1988 1418 2044 sordere
1441 1989 1656 2047 intuitu
1680 1992 1848 2048 mise-

186 2070 457 2126 rationis
482 2076 597 2127 tuae
622 2071 895 2127 faciebas.
914 2073 959 2127 Ο
990 2074 1282 2131 miseriam
1308 2080 1741 2149 meam,quaead
1757 2086 1842 2137 tot

186 2159 533 2214 vocationis
548 2160 1035 2228 ingeminationes
1050 2177 1160 2217 non
1176 2163 1490 2234 evigilabat
1514 2169 1526 2221 !
1549 2168 1750 2238 utique
1764 2170 1846 2224 ni-

182 2247 308 2302 mia
345 2247 560 2316 rubigo
592 2262 717 2303 mea
752 2249 1453 2322 perignemexcoquenda
1469 2260 1691 2325 erat,et
1714 2257 1844 2313 ideo

182 2335 309 2390 etsi
326 2349 572 2405 surgere
585 2337 861 2405 conabar,
880 2338 1068 2393 scoria
1084 2338 1404 2410 voluptatis
1418 2342 1635 2421 molita:
1650 2360 1843 2415 pravae

181 2423 649 2479 consuetudinis
677 2427 1056 2494 aggravabar.
1076 2427 1437 2498 Projeceram
1462 2438 1596 2501 post
1613 2436 1841 2503 tergum

187 2516 442 2583 peccata
481 2527 603 2569 mea
640 2531 656 2581 ;
681 2512 986 2583 denigrata
1002 2516 1152 2571 enim
1177 2522 1306 2573 erat
1324 2519 1502 2576 facies
1525 2535 1670 2591 mea,
1687 2527 1844 2578 etta-

190 2614 327 2656 men
365 2606 428 2657 tu
453 2601 510 2656 in
534 2603 722 2658 servis
745 2602 861 2659 tuis
885 2603 1159 2674 diligens,
1184 2621 1294 2662 non
1322 2608 1619 2665 feditatem
1636 2626 1837 2682 meam,

190 2689 299 2745 sed
323 2691 692 2747 curationem
718 2692 772 2746 in
792 2706 879 2748 me
903 2708 1031 2764 quae
1051 2698 1163 2750 ate
1183 2696 1371 2763 gratia
1399 2703 1494 2754 tua
1510 2699 1702 2755 futura
1726 2704 1839 2771 est,

186 2778 431 2835 sinebas
446 2794 535 2835 me
578 2780 664 2836 ire
686 2786 745 2836 et
768 2783 1126 2853 prosperari,
1154 2789 1364 2840 utcum
1383 2786 1503 2842 haec
1549 2788 1843 2859 reciperes

187 2881 218 2922 a
252 2865 539 2936 diligente
571 2884 686 2926 non
710 2875 788 2940 te,
816 2870 915 2925 sed
949 2870 1046 2926 illa
1076 2871 1208 2928 data
1231 2877 1330 2929 tua
1352 2874 1442 2930 vel
1458 2876 1742 2947 permissa
1784 2879 1840 2933 in

187 2956 409 3025 quibus
441 2948 856 3028 prOSperabar,
887 2959 1314 3030 adurererigne
1340 2962 1755 3037 tribulationis,
1781 2971 1840 3022 et

184 3044 388 3101 saltim
414 3049 553 3101 tunc
581 3045 940 3117 intelligeret
970 3048 1240 3120 impietas
1259 3065 1381 3107 mea
1404 3052 1549 3109 mala
1570 3069 1693 3124 sua,
1710 3071 1839 3112 cum

186 3147 299 3205 pro
325 3134 548 3190 eisdem
584 3134 751 3191 malis
775 3135 1056 3207 inciperet
1083 3154 1199 3207 1am
1235 3141 1446 3211 puniri.
1487 3141 1634 3208 Quid
1694 3145 1842 3200 refe-

1976 583 2128 641 idem
2165 591 2607 648 sanctusJesus.
2627 592 2844 659 Quidin
2860 610 2949 653 me
2977 603 3222 669 operate
3250 601 3367 656 sint
3395 583 3612 661 hcctua

1973 675 2282 745 magnalia,
2320 678 2490 748 Deus,
2519 684 2619 735 aut
2651 680 2707 736 in
2749 696 2863 753 quo
2905 685 3174 743 miseram
3232 689 3479 746 animam
3536 692 3615 749 le-

1974 758 2238 832 thargico
2261 777 2465 823 somno
2494 782 2853 840 Oppressam,
2888 772 2959 828 ad
2991 778 3048 829 te
3080 774 3421 848 timendum,
3456 784 3514 835 te
3531 779 3614 835 di-

1971 846 2286 922 ligendum,
2313 867 2603 926 exurgere
2630 861 2686 912 et
2712 859 2991 929 evigilare
3023 863 3344 921 docuerunt
3366 846 3413 938 ,-V
3438 868 3612 925 testis

1969 942 2060 993 est
2095 941 2442 1010 repatriatio
2462 949 2681 1016 nostra,
2716 947 2892 1004 testis
2914 951 3279 1023 subsequens
3301 954 3419 1010 vita
3460 970 3606 1027 mea,

1970 1039 2098 1095 quae
2130 1027 2290 1096 pium
2323 1028 2625 1092 Dominum
2640 1033 2710 1088 de
2742 1033 2971 1105 placato
3006 1039 3252 1097 reddere
3294 1044 3608 1113 possitira-

1971 1118 2111 1185 tum,
2149 1131 2261 1173 non
2286 1133 2415 1189 quae
2433 1120 2716 1179 offensum
2747 1125 2886 1180 dare
2929 1127 3176 1184 sufficiat
3210 1131 3603 1191 conciliatum.

2041 1239 2178 1328 (Fol.
2211 1241 2449 1315 Ml’.)Et
2472 1260 2623 1302 nunc
2642 1248 2747 1304 hec
2763 1249 3208 1323 qualiacumque
3232 1262 3430 1312 nostra
3449 1256 3607 1328 legat

1968 1327 2062 1397 qui
2096 1329 2273 1401 volet,
2306 1331 2549 1390 irrideat
2578 1340 2643 1391 ut
2664 1337 2838 1407 volet,
2865 1338 3173 1398 dummodo
3202 1342 3451 1401 libeatet
3470 1361 3604 1403 con-

1964 1414 2211 1472 cedatur
2234 1417 2525 1475 immorari
2550 1426 2841 1482 memoriae
2857 1427 3183 1487 dulcedinis
3200 1436 3332 1501 tum,
3360 1434 3457 1505 qui
3474 1449 3605 1507 pec-

1964 1508 2191 1560 cantem
2222 1509 2476 1563 sustines
2493 1510 2563 1565 ad
2580 1512 2977 1582 penitentiam.
2996 1522 3053 1573 et
3075 1522 3368 1589 parcendo
3392 1522 3603 1581 invitas

1963 1591 2033 1646 ad
2048 1594 2471 1651 conculiandam
2488 1599 2834 1657 sustinentis
2850 1605 3209 1675 patientiam.
3230 1608 3366 1667 Inde
3379 1624 3410 1667 e
3426 1613 3603 1669 vesti-

1959 1678 2055 1747 gio
2085 1679 2181 1735 illa
2214 1689 2414 1739 nostra
2439 1689 2824 1760 promotione,
2851 1708 2979 1763 quae
3011 1708 3161 1753 nunc
3179 1699 3351 1755 nobis
3365 1700 3597 1758 horrori

1960 1773 2072 1837 est,
2097 1776 2421 1843 promotus,
2458 1778 2650 1831 utrum
2674 1779 2863 1847 gratia
2897 1785 2996 1838 tua
3044 1798 3114 1839 an
3160 1787 3448 1857 permissu
3506 1791 3598 1846 vel

1954 1855 2177 1925 judicio
2198 1862 2415 1932 nescio,
2449 1877 2735 1935 perparvo
2755 1869 3038 1941 temporis
3068 1855 3268 1944 spacio
3299 1884 3596 1951 assumpta

1960 1946 2319 2015 praelationis
2344 1953 2623 2024 gravitas,
2659 1970 2787 2012 cum
2824 1958 2876 2013 in
2909 1974 2997 2015 me
3043 1962 3337 2036 durasset,
3397 1946 3600 2039 super-

1957 2034 2131 2093 ducta
2146 2036 2272 2106 ejus
2286 2042 2513 2111 Species
2529 2043 2728 2101 multis
2745 2048 2931 2104 modis
2947 2050 3023 2106 ita
3042 2034 3383 2111 oblitterata
3399 2034 3510 2129 est,
3528 2065 3592 2115 ut

1955 2139 2065 2179 non
2093 2124 2208 2194 jam
2242 2128 2432 2197 qualis
2464 2145 2673 2203 essem,
2696 2148 2895 2191 verum
2925 2139 3116 2207 qualis
3157 2142 3363 2199 fuerim
3413 2124 3596 2204 reme-

1954 2212 2165 2267 morari
2198 2213 2431 2271 difficile
2461 2223 2635 2289 esset,
2669 2220 2761 2274 vel
2795 2223 2925 2291 quia
2950 2224 3199 2284 honores
3230 2236 3452 2288 mutant
3476 2249 3597 2292 mo-

1954 2313 2070 2369 res,
2101 2301 2194 2357 vel
2228 2303 2359 2373 quia
2384 2304 2439 2360 id
2476 2308 2811 2365 merebatur
2842 2310 3153 2371 insolentia
3188 2332 3431 2392 morum,
3458 2337 3593 2379 non-

1952 2387 2108 2459 dum,
2146 2393 2204 2445 ut
2239 2391 2506 2464 decebat,
2533 2396 2954 2457 satisfactionis
2974 2404 3218 2461 verbere
3232 2387 3592 2479 castigataet

1950 2478 2377 2537 emendationis
2396 2484 2661 2541 antidoto
2693 2491 2915 2544 curata.
2936 2490 3076 2547 Hinc
3100 2493 3309 2551 iterum
3354 2478 3593 2557 infirmi-

1952 2565 2093 2621 tatis
2122 2571 2519 2643 commonitio,
2555 2573 2798 2643 privata:
2821 2578 3142 2648 etpublicaa
3167 2582 3589 2654 inquietudinis

1951 2654 2399 2728 animadversio,
2433 2659 2529 2716 illa
2553 2661 2624 2718 de
2644 2663 2969 2722 dormitorii
3001 2668 3215 2726 solario
3243 2673 3467 2743 plancis
3494 2678 3592 2735 de-

1952 2741 2286 2801 ficientibus
2298 2746 2388 2801 vel
2405 2748 2654 2806 sublatis
2673 2753 2861 2824 ruina,
2880 2755 3052 2812 immo
3065 2741 3453 2834 propulsatio,
3476 2781 3587 2836 qua

1952 2830 2029 2886 ita
2046 2830 2447 2905 aﬁ‘ectussum,
2469 2840 2526 2892 ut
2551 2839 2667 2894 vita
2684 2854 2772 2896 me
2801 2855 3006 2899 carere
3036 2848 3353 2906 crederem.
3375 2830 3511 2909 Nam
3527 2863 3589 2911 et

1951 2921 2190 2989 sanguis
2205 2922 2274 2977 ad
2291 2922 2712 2983 invocationem
2727 2932 2978 2988 nominis
2990 2934 3241 3004 Prejecti
3258 2940 3514 2999 martiris
3528 2936 3590 2999 ei

1953 3008 2084 3063 boni
2117 3010 2295 3066 studii
2330 3015 2671 3088 exequutio,
2706 3017 2761 3073 in
2785 3033 2895 3090 qua
2924 3022 3141 3078 invenit
3164 3040 3252 3082 me
3274 3031 3586 3102 casusipse

1947 3126 2019 3138 —
2039 3111 2168 3153 nam
2199 3100 2413 3158 circam
2439 3105 2586 3176 (213)
2612 3109 2915 3167 matutinis
2944 3113 3170 3168 exactis
3191 3100 3583 3190 faciebam,—

185 3189 335 3292 ἔξω,
372 3222 586 3293 quibus
615 3189 1056 3282 actaacta
1083 3189 1643 3286 Ηὲὲίίὸἶεὶὶὲὸίὶεὲῗίῖι
1695 3189 1835 3290 ἱιῖἐῖιί
1866 3201 1919 3265 α
1949 3200 1980 3293 ἒ
2014 3189 2220 3293 ¹¹¹9νί⁵⁵
2239 3191 2505 3248 “‘“cim’s
2536 3195 2927 3293 θνίβυῖπίίοεί
2949 3201 3179 3293 qam”
3209 3217 3277 3260 θο
3297 3204 3587 3277 ίνδοίθω·

184 3313 568 3383 navigatione
588 3319 787 3371 nostra
811 3317 1142 3388 procelloso
1162 3320 1375 3391 spiritu
1400 3322 1576 3378 maris
1591 3326 1648 3376 et
1670 3338 1838 3393 quas-

185 3401 420 3458 satione
444 3403 632 3473 navis,
661 3419 790 3475 qua:
817 3420 919 3477 per
940 3420 1003 3461 se
1027 3406 1250 3464 inﬁrma
1298 3409 1542 3479 piscium
1583 3411 1835 3483 impulsu

182 3491 604 3562 quatiebatur,
623 3492 942 3563 adgravata
967 3497 1389 3568 praemonuisti,
1410 3503 1471 3553 et
1486 3504 1833 3565 stertentem

183 3592 397 3635 somno
432 3580 657 3651 teporis
690 3585 751 3636 et
781 3582 1148 3653 negligentiae.
1176 3586 1436 3641 excitare
1476 3581 1721 3651 conatus
1748 3604 1833 3663 es,

180 3683 315 3724 cum
348 3669 754 3738 gubernaculo
786 3671 989 3743 fracto,
1015 3673 1144 3729 velo
1174 3675 1230 3730 vi
1288 3680 1592 3733 ventorum
1617 3679 1687 3734 ad
1722 3695 1837 3737 me-

178 3756 346 3813 dium
367 3772 553 3829 usque
572 3759 784 3829 scisso,
811 3761 1227 3819 nautistimore
1243 3764 1565 3837 dissolutis,
1589 3783 1836 3838 praesen-

176 3851 298 3901 tem
321 3846 686 3903 intentarent
703 3848 892 3905 omnia
912 3854 1178 3921 mortem,
1196 3866 1340 3908 nave
1355 3853 1481 3909 solo
1503 3854 1608 3911 tibi
1627 3857 1832 3914 relicta

178 3939 240 3989 et
273 3936 563 4006 quandam
590 3936 644 3991 in
662 3937 1007 4007 vertiginem
1032 3941 1357 3996 rotante?0
1382 3942 1833 4013 qualisillatunc

173 4023 319 4078 hora
340 4038 497 4081 eram
526 4028 538 4079 !
568 4040 742 4096 quam
760 4027 904 4081 bene
923 4027 1222 4099 credulus,
1250 4045 1424 4100 quam
1449 4031 1537 4088 vel
1557 4032 1828 4109 devotus,

183 4126 355 4183 quam
386 4113 681 4184 penitens,
719 4128 887 4184 quam
923 4114 977 4170 in
1021 4117 1415 4188 promittenda
1457 4124 1830 4194 correptione

180 4200 439 4273 sedulus,
474 4208 761 4259 constans
790 4207 850 4259 et
882 4205 1217 4262 benivolus!
1253 4223 1421 4278 quam
1454 4215 1829 4281 peccatorum

181 4302 440 4347 meorum
473 4296 797 4349 accusator
823 4298 883 4348 et
909 4293 1088 4363 judex
1147 4293 1494 4354 fidissimus!
1548 4315 1717 4371 quam
1773 4303 1829 4357 in

182 4380 562 4436 conversione
596 4395 825 4437 morum
846 4387 906 4437 et
934 4383 1343 4442 emendatione
1359 4387 1497 4444 vitae
1529 4391 1829 4460 paratissi-

183 4481 311 4523 mus
344 4470 357 4523 ε
394 4468 603 4526 Vidisti
638 4468 785 4541 haec,
806 4471 1058 4543 Domine,
1084 4477 1145 4528 et
1168 4473 1434 4531 liberasti
1493 4492 1614 4545 me;
1654 4493 1828 4537 exau-

1947 3291 2109 3347 pore,
2145 3293 2341 3336 mense
2370 3295 2596 3354 quoque
2615 3287 2839 3358 eodem,
2862 3289 2918 3345 in
2960 3290 3275 3351 Colticensi
3309 3296 3456 3353 cella
3489 3312 3587 3356 no-

1946 3370 2065 3425 stra
2096 3381 2123 3422 a
2159 3367 2501 3428 dormitorio
2535 3388 2640 3445 per
2662 3376 3086 3449 praecipitium;
3110 3380 3248 3438 item
3285 3383 3341 3438 in
3373 3385 3586 3444 Melun-

1946 3453 2389 3515 densicmnobio
2419 3473 2582 3531 aeque
2615 3462 2730 3519 duo
2762 3466 3214 3541 monacbilapsi,
3248 3486 3358 3528 non
3394 3478 3583 3533 tamen

1946 3543 2091 3600 satis
2104 3545 2174 3601 de
2190 3550 2305 3601 tam
2320 3546 2640 3606 imminenti
2664 3552 2974 3611 altitudine
2991 3563 3193 3630 utego,
3222 3563 3585 3623 confessione

1945 3636 2002 3687 et
2025 3636 2795 3698 communionecaruerant:
2832 3645 2969 3699 mihi
3025 3647 3217 3717 pietas
3254 3655 3353 3707 tua
3405 3653 3583 3712 vitam

1946 3721 2211 3793 indulsit,
2238 3728 2334 3794 qui
2357 3727 2471 3783 etsi
2500 3731 2779 3799 gravatis,
2808 3747 2921 3789 non
2946 3740 3137 3793 tamen
3161 3737 3355 3811 aliqua
3379 3757 3586 3815 corpo-

1944 3809 2024 3866 ris
2055 3817 2220 3882 parte
2250 3829 2376 3871 sum
2399 3818 2830 3890 pessumdatus,
2863 3835 3208 3893 quamquam
3249 3809 3379 3884 cum
3439 3809 3584 3887 ditii-

1942 3910 2164 3967 cultate
2212 3913 2449 3969 sanitati
2501 3914 2785 3987 redditus,
2831 3918 3017 3975 adhuc
3085 3936 3284 3980 casum
3330 3927 3577 3985 doleam.

1943 3998 2121 4065 Quam
2151 4001 2331 4057 tantis
2365 4002 2993 4074 beneﬁciisgratiarum
3020 4011 3440 4084 actionem,die
3470 4032 3581 4088 qua

1935 4088 2138 4159 jacens
2157 4088 2211 4145 in
2236 4089 2389 4146 lecto
2413 4090 2579 4162 signo
2593 4094 2944 4153 sanctissimi
2960 4097 3107 4154 clavi
3125 4100 3210 4157 tui
3227 4114 3585 4165 sanctarum-

1942 4192 2051 4248 que
2084 4178 2462 4250 reliquiarum
2480 4182 2791 4240 munimine
2825 4185 3088 4257 signatus
3132 4206 3280 4263 sum,
3327 4199 3383 4250 et
3417 4198 3585 4257 ablu-

1939 4268 2100 4324 tione
2130 4268 2460 4325 virtutifera
2482 4275 2736 4343 potatus,
2764 4275 3212 4345 postdecursam
3236 4283 3584 4345 ebdomada-

1940 4357 2083 4414 riam
2102 4358 2211 4414 mei
2234 4357 2418 4430 ipsius
2440 4359 2870 4437 alienationem,
2890 4366 3275 4443 rependerim,
3301 4388 3583 4436 rememo-

1939 4461 2076 4503 rans
2108 4446 2415 4519 erubesco,
2435 4451 2789 4510 erubescens
2810 4457 3156 4531 confundor,
3181 4466 3238 4517 et
3265 4465 3419 4533 quod
3441 4470 3579 4524 tunc

183 4555 321 4612 disti
353 4562 539 4627 me,et
564 4535 913 4615 consolatus
942 4575 1006 4616 es
1032 4535 1142 4632 me,
1172 4565 1228 4617 et
1254 4535 1828 4641 quamquam’despe-
1855 4554 1910 4615 D
1940 4536 2193 4641 ηοῖζῖθοὲ
2219 4535 2335 4637 ja.m
2368 4536 3010 4641 r??i°’,.su9?“93ns_u_t
3037 4554 3275 4641 acc‘ipta
3298 4553 3441 4641 nubi
3503 4556 3580 4612 Sit

184 4648 392 4716 ratum,
424 4660 776 4718 quamquam
792 4650 1190 4721 novissimum,
1217 4666 1347 4708 cum
1364 4655 1534 4725 primi
1553 4658 1827 4716 movisse-

180 4748 307 4789 mus
338 4748 367 4789 a
393 4735 775 4806 portu,illesa
808 4751 950 4794 nave
979 4754 1107 4796 cum
1150 4742 1420 4800 omnibus
1464 4759 1592 4816 qua}
1643 4747 1697 4803 in
1758 4764 1825 4807 ea

179 4829 366 4894 erant,
389 4828 563 4881 terra;
578 4824 894 4882 reddidisti
920 4842 1025 4884 me.
1063 4829 1173 4885 Sed
1206 4835 1271 4886 ut
1292 4832 1499 4903 pedem
1533 4840 1707 4893 terrae
1730 4852 1826 4910 ap-

176 4910 320 4982 puli.
353 4911 693 4971 illadudum
730 4913 938 4972 devota
988 4917 1141 4974 inter
1200 4919 1416 4977 fluctus
1478 4923 1725 4983 fervoris
1766 4932 1825 4984 et

176 5001 604 5059 emendationis
630 5003 943 5075 promissio
966 5006 1391 5079 aliquantulum
1412 5012 1634 5085 friguit,
1654 5030 1823 5086 quam

180 5094 365 5148 tamen
396 5093 692 5149 reductus
724 5094 901 5149 menti
926 5099 1121 5154 terror
1150 5113 1221 5155 ex
1240 5104 1371 5156 toto
1418 5106 1825 5177 tepescere,ut

180 5181 407 5255 assolet,
444 5198 564 5239 non
590 5182 754 5238 sivit.

242 5270 623 5345 Subsequuta
649 5275 1045 5347 estevestigio
1068 5277 1175 5336 alia
1215 5283 1536 5343 vocationis
1571 5287 1824 5359 compel-

175 5356 339 5419 lentis
365 5362 616 5420 iteratio
650 5377 784 5418 mox
817 5368 877 5419 ut
910 5366 1146 5439 Bajocas
1167 5372 1316 5443 veni,
1339 5372 1648 5432 infirmitas
1672 5356 1821 5436 scili-

172 5457 255 5510 cet
285 5469 397 5526 qua
434 5451 686 5512 omnino
717 5451 1064 5525 desperatus
1096 5472 1242 5531 sum,
1268 5466 1325 5517 et
1387 5466 1552 5535 quasi
1596 5468 1823 5525 concla-

1938 4624 2322 4682 confessionis
2351 4632 2410 4682 et
2432 4626 2620 4686 laudis
2634 4631 2856 4688 oblatio
2883 4638 2942 4689 et
2972 4635 3125 4693 inter
3147 4637 3371 4707 flagella
3413 4641 3582 4699 mise-

1938 4714 2346 4772 ricord'aetuae
2378 4715 2747 4786 ipsaerratus
2771 4720 2881 4775 mei
2924 4727 3154 4794 tuasque
3202 4725 3440 4796 pietatis
3491 4746 3581 4787 re-

1936 4804 2297 4860 memoratio.
2324 4805 2395 4860 Et
2414 4805 2547 4875 quia
2569 4808 2758 4863 omnia
2772 4808 3016 4866 adversa
3038 4811 3209 4869 habet
3227 4815 3323 4885 qui
3339 4816 3449 4872 sibi
3466 4817 3582 4875 dis-

1934 4892 2135 4963 plicet,
2165 4892 2221 4947 in
2250 4892 2359 4949 hoc
2383 4893 2738 4965 tibiplacere
2757 4903 2992 4970 appeto,
3018 4901 3172 4971 quod
3215 4903 3349 4958 mihi
3393 4909 3451 4963 te
3478 4907 3580 4965 do-

1934 4987 2129 5054 nante,
2156 4988 2215 5039 te
2248 4983 2515 5055 faciente,
2548 4984 2850 5058 displiceo.

2005 5109 2149 5165 Sunt
2178 5108 2364 5167 adhuc
2388 5109 2557 5182 plura
2586 5111 2914 5172 dulcedinis
2938 5120 3052 5174 tuae
3104 5121 3457 5181 monimenta
3491 5126 3579 5183 in-

1931 5202 2099 5269 grata
2131 5197 2412 5270 adhibita,
2439 5215 2623 5271 usque
2651 5201 2723 5258 ad
2746 5203 2870 5262 haec
2893 5204 2950 5261 in
2975 5207 3189 5278 quibus
3210 5227 3363 5270 nunc
3381 5228 3580 5273 versa-

1932 5288 2229 5344 turanima
2250 5302 2394 5360 mea,
2420 5287 2473 5344 in
2491 5291 2705 5361 quibus
2718 5293 2849 5365 quia
2868 5294 3243 5356 faciemtuam
3284 5303 3578 5363 reveritus

1934 5392 2047 5433 non
2095 5392 2241 5449 sum,
2259 5379 2416 5449 juste
2428 5393 2601 5437 versa
2615 5384 2783 5440 estin
2797 5386 3019 5445 luctum
3032 5388 3276 5449 cithara
3309 5405 3463 5466 mea,
3522 5395 3587 5455 et

1932 5481 2228 5539 organum
2239 5482 2430 5526 meum
2446 5469 2511 5527 in
2531 5473 2957 5545 race/lentim}:
2980 5478 3131 5549 (Job.
3157 5496 3291 5553 xxx,
3353 5487 3382 5538 3
3396 5487 3411 5540 ι
3426 5487 3469 5552 .)

1760 5569 1982 5629 NOTIE.

221 5642 376 5725 (213)
408 5643 594 5702 Circa
627 5640 940 5701 Teutonico
962 5643 1280 5712 dierunde.
