3950 6310
380 304 495 404 aed

1327 305 1696 392 nucoms
1739 322 2090 388 ABBATIS
2135 319 2824 392 FLAVINIACENSIS

3651 327 3756 398 388

378 466 576 538 itaque
600 459 924 538 proclamet
955 459 1062 520 tibi
1086 465 1208 518 tota
1241 459 1569 518 substantia
1601 457 1783 516 nostri
1809 459 1863 515 in
1879 473 2020 516 voce
2051 463 2102 523 Î‘
2135 457 2610 531 dissipanturlEt
2634 460 2865 532 quidem
2881 463 3043 526 nervi
3061 462 3465 522 testiculorum
3499 467 3754 524 Beedmot

379 549 1482 612 exultationisetconfessionis:omnia
1529 565 1656 620 qua:
1700 548 1890 604 fecisti
1923 563 2022 604 no-

381 645 471 700 bis
496 644 550 698 in
584 640 949 712 verojudicio
979 640 1188 696 fecisti.
1225 639 1580 708 Proelamet,
1618 639 1873 708 inquam,
1913 636 2020 692 tibi

379 733 498 788 vita
531 745 652 786 mea
683 734 828 799 tota,
862 733 996 784 ante
1025 727 1450 800 promotionem
1511 725 1833 798 peccatrix,
1889 729 2020 796 post

381 819 801 892 promotionem
837 817 1125 872 irritatrix
1160 835 1172 870 :
1209 816 1317 870 tibi
1340 815 1732 888 peccavimus,
1777 817 1836 868 et
1868 826 2024 867 man-

379 907 670 963 datistuis
685 921 790 961 non
809 905 1194 960 obedivimus.
1229 903 1626 974 Condempnet
1665 917 1728 958 se
1745 900 2023 970 totamju-

380 995 532 1052 dicio
551 1009 676 1064 suo,
714 994 829 1064 jam
858 992 1022 1062 quasi
1063 990 2020 1062 condempnatajudiciohumano;

379 1088 435 1138 et
453 1097 565 1138 non
581 1096 683 1152 spe
695 1079 1112 1151 recuperandae
1127 1078 1543 1147 sccularitatis,
1565 1077 1667 1134 sed
1688 1091 1884 1133 amore
1898 1090 2025 1147 pro-

380 1169 655 1226 voeanda:
689 1169 745 1223 in
774 1182 834 1223 se
861 1168 1020 1238 juste
1042 1167 1553 1236 exertae,etmagis
1577 1165 2022 1236 magisqueexe-

382 1257 576 1314 rendae
608 1257 820 1312 divinae
852 1255 1682 1324 animadversionis,quoniam
1703 1268 1810 1322 ego
1846 1253 1900 1307 in
1926 1252 2023 1306 lla-

377 1345 806 1416 gellaparatus,
838 1343 931 1414 qui
961 1343 1275 1412 fragilitate
1302 1342 1541 1412 deliqui,
1561 1341 1710 1396 unde
1726 1340 1933 1396 merito
1949 1338 2020 1394 ad

382 1447 581 1504 penam
613 1432 814 1488 videar
841 1431 1055 1486 debere
1079 1429 1286 1500 aptari,
1321 1433 1378 1484 et
1409 1428 1574 1484 dolor
1599 1443 1760 1484 meus
1783 1432 2020 1483 anteme

378 1525 733 1588 estsemper,
752 1517 884 1587 quia
901 1531 930 1572 a
947 1515 1232 1572 mandatis
1249 1515 1361 1570 tuis
1376 1513 1678 1570 declinavi.
1700 1513 1846 1578 Quid
1866 1513 2018 1568 enim

378 1607 626 1662 referam
654 1611 771 1659 tam
785 1604 1156 1660 evidenstum
1176 1601 1728 1673 pietatisindicium,
1765 1600 2020 1670 quodra-

380 1709 480 1750 rus
513 1693 804 1749 invenitur
833 1697 929 1746 aut
967 1706 1112 1762 pene
1136 1690 1332 1745 nullus
1365 1691 1460 1760 qui
1489 1690 1719 1760 ignoret
1739 1688 2020 1744 Flavinia-

2138 549 2397 619 perplexi
2433 565 2564 606 ossa
2585 550 2713 619 ejus
2741 551 2903 608 velut
2935 552 3143 608 fistulae
3202 553 3338 608 {eris
3359 554 3759 627 cartilagoejus

2137 635 2363 692 lamina}
2397 638 2596 694 ferrea)
2629 637 2842 709 (Jobxn
2871 645 2959 711 12)
2986 659 2998 694 :
3025 640 3161 710 quia
3183 649 3522 710 argumenta
3552 643 3753 701 diaboli

2136 723 2592 796 inexplicabilia,
2618 727 2859 784 consilia
2894 743 3104 784 sonora
3131 729 3360 799 quidem
3402 729 3756 800 perdulcedi-

2134 828 2262 868 nem
2287 815 2391 870 sed
2446 815 2679 871 enervia
2735 831 2838 888 per
2887 816 3362 887 delectationem,
3399 818 3538 874 vitia
3583 821 3757 891 specie

2132 901 2416 958 virtutum
2448 903 2706 974 palliata.
2743 904 2886 974 (Fel.
2935 909 3080 976 142.)
3116 907 3404 961 Absorbet
3465 907 3754 964 Leviathan

2135 988 2226 1044 hic
2261 989 2518 1060 fluvium,
2553 998 2610 1046 et
2637 1007 2748 1048 non
2774 992 3308 1061 miratur,ethabet
3338 992 3603 1050 fiduciam
3623 997 3755 1066 quod

2143 1077 2350 1134 influat
2375 1079 2646 1135 Jordanis
2678 1081 2732 1136 in
2776 1095 2842 1136 os
2881 1081 3234 1151 ejus(1bid.,
3288 1085 3352 1137 l8
3386 1098 3402 1147 ;
3437 1081 3538 1138 sed
3593 1083 3759 1152 perfo-

2137 1171 2260 1220 rata
2298 1167 2532 1222 maxilla
2562 1168 2688 1238 ejus
2711 1169 2878 1224 hamo
2904 1169 3196 1240 passionis
3237 1169 3560 1238 dominica,
3590 1169 3756 1226 electa

2136 1255 2572 1325 tenerenequit,
2617 1257 2731 1311 etsi
2769 1257 2922 1312 ultro
2957 1256 3270 1326 aliquando
3317 1257 3582 1329 influant,
3633 1259 3756 1313 trai-

2133 1357 2270 1398 cere
2303 1359 2414 1399 non
2451 1345 2728 1414 praevalet
2754 1345 2893 1415 quin
2925 1345 3180 1400 etlluant.

2204 1432 2337 1487 Dies
2359 1437 2484 1487 erat
2510 1433 2821 1488 Dominicze
2881 1433 3354 1490 Resurrectionis
3394 1434 3612 1489 honore
3633 1434 3753 1490 insi-

2131 1519 2262 1587 guis
2305 1521 2464 1590 (apr.
2503 1525 2608 1592 10).
2661 1521 2964 1578 missarum
3017 1520 3361 1592 sollempnia
3439 1522 3754 1594 agebantur,

2132 1606 2439 1664 aderamus
2459 1624 2680 1664 omnes.
2719 1609 2887 1665 Forte
2912 1625 3124 1680 porcus
3147 1609 3490 1666 discurrens
3518 1610 3752 1666 invisibi-

2132 1693 2226 1764 lis,
2251 1695 2352 1750 sed
2377 1696 2696 1764 sensibilis,
2730 1699 2970 1753 chorum
3025 1697 3390 1769 peragrando
3421 1697 3624 1753 sentiri
3669 1697 3752 1752 da-

377 1782 658 1850 censium,
692 1795 820 1836 cum
843 1779 1090 1834 redirem
1115 1794 1143 1834 a
1176 1779 1479 1833 Siuemuro
1521 1777 2017 1848 septuscomitatu
2048 1815 2100 1873 B
2132 1785 2225 1838 tus
2278 1788 2389 1852 est,
2433 1791 2493 1840 et
2524 1799 2734 1841 sensus
2761 1789 2848 1841 est
2883 1801 2915 1840 a
2965 1785 3213 1854 cunctis,
3241 1801 3270 1840 a
3301 1800 3392 1840 me
3450 1785 3576 1856 ipso
3625 1801 3746 1856 quo-

377 1869 787 1925 monachorum
819 1871 876 1922 et
910 1867 1225 1935 laycorum,
1261 1865 1412 1920 inter
1429 1866 1794 1921 choruschos
1815 1869 1871 1918 et
1897 1868 2018 1920 tur-

380 1957 543 2012 bines
573 1955 945 2026 tempestatis
980 1954 1338 2018 inundantis,
1377 1953 1587 2009 fulmen
1623 1958 1754 2008 ante
1778 1966 2018 2023 conSpe-

374 2049 508 2102 ctus
523 2048 758 2100 nostros
770 2042 1079 2110 cecidisse,
1103 2042 1181 2096 ita
1201 2045 1264 2096 ut
1283 2041 1469 2096 bestia
1488 2041 1580 2097 cui
1597 2041 1869 2096 sedebam
1887 2040 2018 2108 igne

375 2133 504 2205 ipso
540 2130 793 2188 ustulata
825 2131 1001 2201 caput
1022 2135 1229 2201 peetus
1261 2134 1316 2184 et
1351 2143 1544 2198 crura,
1565 2143 1666 2200 per
1709 2127 2021 2184 LOdiesvix

379 2218 614 2275 stabulo
639 2218 867 2274 extrahi
899 2221 1116 2288 posset,
1137 2223 1198 2271 et
1229 2232 1315 2271 me
1337 2215 1646 2272 clementia
1677 2220 1775 2271 tua
1824 2215 2023 2270 immu-

379 2321 552 2362 nema
583 2307 806 2362 lesione
829 2305 1110 2375 servavit,
1135 2319 1266 2360 cum
1299 2308 1434 2360 ante
1456 2318 1542 2358 me
1567 2318 1678 2358 non
1722 2303 1892 2372 longe
1923 2319 2024 2358 cu-

379 2394 504 2450 bito
539 2407 652 2448 uno
687 2391 899 2448 fulmen
924 2389 1452 2460 ipsumccciderit?
1479 2389 1644 2456 Quod
1669 2389 1723 2444 in
1763 2389 2022 2446 crastino

378 2481 677 2552 quesitum
709 2487 770 2535 et
794 2480 1087 2535 inventum
1116 2484 1227 2548 est,
1275 2479 1546 2534 omnibus
1589 2479 2022 2534 admirantibus

381 2568 672 2640 quomodo
698 2567 864 2624 vivus
910 2567 1214 2636 OVï¬‚SOlâ€˜lnl,
1252 2571 1350 2622 aut
1381 2565 1652 2622 immunis
1681 2580 1710 2621 a
1759 2564 2018 2634 laesione,

383 2655 831 2728 quamplurimis
863 2669 1094 2725 quoque
1120 2655 1360 2710 sinistro
1393 2654 1447 2709 id
1509 2654 1699 2708 omine
1739 2653 2025 2724 interpre-

380 2745 668 2812 tantibus,
697 2743 1020 2799 maleï¬cum
1054 2756 1142 2797 me
1188 2747 1246 2797 et
1300 2746 1484 2797 morte
1535 2741 1790 2812 dignum,
1853 2757 2019 2812 quem

379 2833 534 2887 Deus
567 2831 692 2901 ipsa
723 2844 824 2885 sua
855 2829 1358 2884 animadversione
1417 2833 1770 2884 monstraret
1814 2830 2023 2884 merito

381 2919 758 2990 puniendum.
789 2919 957 2972 Forte
987 2921 1180 2972 autem
1205 2917 1340 2971 mihi
1360 2915 2024 2987 junctusequitabatan-

379 3014 438 3062 te
468 3022 555 3062 me
585 3020 766 3076 eques
799 3010 1081 3073 armatus,
1103 3008 1160 3058 et
1196 3008 1576 3076 totocorpore
1611 3003 1825 3074 pluvia:
1849 3019 2025 3074 expo-

381 3094 554 3164 situs,
590 3094 780 3164 clipeo
810 3107 874 3148 se
889 3107 1139 3148 recurvo
1167 3096 1228 3146 et
1259 3107 1433 3162 supra
1481 3106 1544 3146 se
1603 3095 1878 3162 protento
1907 3107 2026 3146 mu-

381 3183 588 3253 nierat,
656 3181 752 3252 qui
803 3181 936 3236 dum
995 3195 1146 3250 equo
1189 3179 1518 3236 calcaribus
1571 3184 1704 3235 acto
1759 3193 2023 3249 gressum
2057 3164 2104 3228 ÎŸ

381 3271 692 3339 accelerat,
747 3270 802 3324 in
852 3269 973 3339 ipsa
1038 3267 1297 3323 fulminis
1351 3268 1708 3338 jaculatione
1765 3267 2025 3324 lanceam

381 3373 642 3416 aversam
708 3358 973 3423 ferebat;
1023 3355 1191 3425 cujus
1240 3357 1375 3411 mihi
1427 3356 1606 3427 acies,
1667 3355 1803 3412 dum
1855 3362 2025 3428 pavet

381 3453 439 3502 et
471 3446 542 3502 ad
575 3450 795 3501 tantam
835 3444 1117 3500 visionem
1150 3445 1436 3514 hebescit,
1492 3446 1619 3516 ipso
1655 3460 1758 3501 suo
1814 3444 2028 3500 timore

382 3549 587 3604 gressu
617 3533 934 3600 retardato,
966 3531 1320 3588 acceleranti
1362 3533 1498 3588 mihi
1544 3533 1772 3602 gutturi
1833 3531 2022 3604 inlisa,

383 3622 491 3680 nisi
525 3627 608 3692 tu,
643 3623 814 3691 Deus,
842 3621 1086 3677 bestiam
1116 3621 1208 3678 cui
1234 3621 1570 3678 insedebam
1605 3635 1634 3676 a
1667 3635 1772 3677 suo
1803 3620 2024 3692 impetu

383 3711 782 3780 refraenasses,
821 3715 880 3764 et
909 3709 1052 3766 socii
1080 3709 1510 3766 conclamatum
1557 3707 1716 3764 illum
1768 3707 1836 3763 ad
1867 3712 2023 3764 ante-

381 3798 537 3853 riora
590 3797 1031 3868 compulissent,
1063 3798 1198 3853 vita:
1254 3811 1342 3852 me
1395 3801 1693 3852 extorrem
1737 3795 2021 3852 dedisset.

383 3887 521 3954 Quae
553 3886 768 3957 duplex
787 3885 972 3942 nostri
997 3885 1246 3941 salvatio
1279 3885 1370 3941 his
1394 3885 1491 3956 qui
1534 3883 1824 3954 viderunt,
1851 3885 2023 3956 etqui

382 3975 714 4044 audierunt,
743 3975 892 4030 facta
909 3963 1006 4029 est
1041 3972 1480 4030 miraculo.Jam
1529 3972 1895 4044 praeterierat
1927 3971 2026 4028 illa

378 4067 576 4119 nostra
607 4061 881 4132 superius
915 4061 1103 4116 relata
1147 4061 1437 4130 impetitio
1463 4079 1477 4127 ;
1505 4061 1620 4130 jam
1675 4059 1855 4118 multa
1913 4060 2024 4116 alia

383 4166 510 4221 quae
529 4163 870 4206 enumerare
906 4149 1247 4220 perlongum
1269 4153 1382 4218 est,
1427 4153 1526 4204 tua
1561 4149 1842 4205 beneï¬cia
1889 4148 2026 4204 mibi

387 4239 640 4308 ingrato,
665 4236 767 4292 sed
799 4250 912 4291 non
939 4251 1360 4307 usquequaque
1391 4235 2027 4308 inpensa,decebantte

385 4327 714 4392 amandum,
753 4325 856 4380 tibi
883 4325 1298 4395 adherehdum,
1335 4325 1384 4380 si
1421 4325 1896 4382 invenissentcor
1928 4325 2028 4382 do-

385 4414 517 4485 cile,
553 4413 877 4470 benivolum
911 4419 967 4468 et
989 4412 1222 4469 humile.
1251 4413 1398 4481 Quid
1430 4419 1546 4485 est,
1567 4415 1720 4471 Deus
1744 4415 2025 4486 piissime,

2131 1885 2263 1940 que,
2285 1873 2546 1942 cumjam
2579 1873 2708 1928 aliis
2729 1873 2984 1929 vicissim
3023 1873 3134 1929 sibi
3166 1873 3224 1928 id
3255 1877 3400 1929 nutu
3435 1873 3742 1943 signiï¬can-

2128 1959 2288 2014 tibus
2343 1959 2804 2030 perdidicissem,
2848 1975 3096 2031 moxque
3151 1962 3494 2028 sensissem,
3535 1967 3592 2016 et
3623 1961 3740 2031 quid

2132 2049 2508 2120 portenderet
2536 2048 2925 2119 intelligerem
2959 2068 2974 2116 ;
3001 2049 3367 2105 iteratoame
3399 2049 3752 2120 sentiturjam

2131 2137 2551 2206 stomachante,
2587 2141 2644 2192 et
2665 2152 2801 2192 vere
2835 2136 3090 2207 dolente,
3116 2141 3172 2194 et
3208 2138 3265 2192 in
3319 2152 3410 2193 me
3444 2137 3624 2208 primo
3667 2152 3754 2208 pro

2132 2224 2242 2280 hoc
2265 2224 2392 2296 ipso
2421 2225 2758 2294 indignante
2783 2226 2950 2295 adeo,
2985 2230 3048 2282 ut
3083 2226 3139 2280 in
3173 2239 3302 2282 eum
3336 2225 3752 2282 conculcatione

2135 2326 2245 2382 qua
2275 2317 2537 2383 poteram
2570 2313 2915 2383 desevirem,
2944 2329 3053 2384 qua
3087 2319 3258 2370 actus
3296 2313 3349 2368 in
3404 2314 3589 2382 fugam
3642 2327 3752 2368 cum

2131 2399 2413 2468 grunnitu
2446 2393 2720 2470 quodam,
2747 2401 3118 2470 quietaudiri
3144 2400 3533 2471 potuit,ultra
3574 2399 3753 2456 sentiri

2135 2501 2244 2542 non
2261 2488 2471 2558 potuit.
2506 2487 2958 2557 lngemiscebam
2993 2489 3196 2544 dolore
3237 2489 3542 2558 continuo,
3591 2493 3645 2543 et
3664 2487 3754 2542 tibi

2135 2575 2241 2630 soli
2267 2575 2495 2645 ï¬‚ebam,
2531 2577 2788 2645 cybusin
2813 2576 3089 2646 lacrimis,
3124 2582 3298 2648 potus
3327 2576 3538 2632 eratin
3591 2575 3756 2646 suspi-
3791 2573 3803 2587 â€™

2135 2663 2269 2718 riis:
2295 2670 2354 2719 et
2371 2669 2432 2720 ut
2449 2677 2536 2719 me
2554 2679 2732 2735 purga
2745 2679 2857 2734 res,
2878 2665 2975 2736 qui
2990 2665 3120 2721 aliis
3137 2666 3457 2737 purgandis
3473 2664 3754 2720 institutus

2135 2766 2319 2822 eram,
2347 2753 2528 2808 tacito
2557 2753 2933 2810 conscientiae
2955 2754 3172 2822 gemitu
3209 2753 3625 2826 supplicabam,
3640 2751 3754 2822 quia

2135 2845 2301 2896 tanto
2333 2841 2604 2896 videbam
2628 2856 2716 2896 me
2751 2841 3064 2898 invalidum
3079 2842 3340 2913 peccatis
3365 2843 3510 2898 meis
3550 2841 3755 2910 exigen-

2139 2929 2298 2984 tibus
2324 2929 2392 2984 ad
2408 2929 2756 2997 corrigenda
2778 2929 3040 3000 quaedam
3052 2931 3274 3001 gravia,
3292 2945 3425 3001 qua:
3444 2931 3565 2987 solo
3584 2935 3752 2984 tamen

2137 3016 2341 3072 auditu
2374 3016 2714 3086 didiceram,
2752 3025 2971 3086 quanto
2995 3017 3305 3074 videbatur
3327 3018 3469 3074 mihi
3511 3017 3563 3074 id
3595 3031 3660 3072 ex
3687 3015 3755 3070 iu-

2137 3104 2446 3161 curizemae
2478 3109 2535 3159 et
2579 3105 2950 3176 negligentia:
2983 3106 3206 3162 desidia
3265 3107 3602 3178 procedere.
3660 3103 3752 3158 Sed
3823 3116 3829 3122 Î‡

2137 3193 2276 3263 quid
2309 3192 2439 3247 dico
2469 3193 2692 3262 gravia,
2714 3209 2842 3249 cum
2879 3209 2947 3249 ne
2981 3194 3200 3250 minuta
3224 3195 3460 3265 quidem
3483 3194 3752 3262 corrigere

2138 3279 2526 3352 praevalebam
2556 3281 2578 3334 ?
2609 3283 2693 3336 lta
2723 3297 2857 3336 ame
2876 3281 3064 3338 omnis
3086 3281 3296 3352 virtus,
3318 3279 3750 3352 omnisjustitia,

2137 3367 2325 3424 omnis
2356 3367 2533 3437 rigor,
2569 3373 2870 3440 postremo
2894 3369 3178 3439 quidquid
3199 3367 3341 3424 illud
3357 3368 3608 3438 estquod
3633 3379 3755 3438 prte-

2139 3455 2319 3512 latum
2355 3457 2600 3526 decet,a
2635 3471 2722 3512 me
2784 3462 3134 3528 recesserat,
3191 3457 3358 3527 quasi
3412 3457 3578 3514 factis
3633 3453 3755 3526 ipsis

2140 3544 2277 3600 mihi
2303 3544 2653 3615 loquereris,
2689 3553 2748 3601 et
2783 3545 3031 3616 diceres,
3055 3560 3145 3602 me
3195 3546 3386 3617 primo
3442 3543 3755 3602 curandum.

2139 3632 2279 3698 Quis
2309 3633 2460 3688 enim
2491 3648 2600 3702 ego
2641 3638 2799 3704 tunc,
2821 3634 2910 3691 vel
2943 3633 3132 3704 qualis
3157 3648 3318 3690 eram
3347 3634 3592 3704 ?Utique
3609 3632 3756 3688 homo

2138 3721 2232 3778 cui
2255 3722 2444 3777 omnia
2468 3721 2538 3776 ad
2571 3726 2769 3778 votum
2796 3723 3211 3793 suppetebant,
3237 3721 3468 3793 singula
3507 3737 3608 3793 pro
3637 3725 3756 3776 voto

2139 3813 2326 3880 erant,
2363 3814 2426 3866 ut
2462 3809 2600 3864 mihi
2633 3810 2745 3881 ipsi
2776 3811 2966 3882 palam
2998 3811 3242 3866 daretur
3287 3810 3558 3881 intelligi,
3591 3808 3634 3864 si
3663 3805 3754 3862 tibi

2139 3898 2522 3968 adhesissem,
2557 3913 2662 3954 nec
2695 3899 2830 3954 vitae
2879 3898 3202 3956 remissiori
3262 3899 3425 3955 frena
3474 3899 3752 3961 laxassem,

2140 3987 2596 4043 succedentibus
2629 3987 2922 4058 utrimque
2972 3989 3273 4060 prosperis
3312 4003 3414 4045 rex
3459 4001 3658 4052 essem,
3705 3987 3754 4037 et

2138 4090 2276 4131 vere
2310 4091 2431 4131 rex.
2467 4075 2572 4142 Qui
2601 4077 2751 4132 enim
2787 4075 3118 4132 dominatur
3175 4076 3367 4133 animo
3399 4092 3526 4146 suo,
3575 4071 3754 4130 melior

2140 4168 2232 4218 est
2259 4169 2661 4234 expugnatore
2687 4164 2912 4220 urbium
2942 4181 2956 4229 ;
2987 4164 3119 4236 quia
3147 4179 3284 4222 vero
3308 4165 3470 4234 regia
3509 4162 3637 4219 mihi
3657 4155 3752 4230 ipsi
3819 4230 3824 4234 Î·

2138 4251 2388 4308 viluerat
2421 4251 2696 4322 dignitas,
2713 4255 2770 4308 et
2803 4266 3008 4308 nomen
3029 4251 3185 4323 quod
3219 4253 3429 4308 merito
3459 4253 3754 4308 honoratur

2141 4341 2472 4410 sorduerat,
2520 4341 2728 4396 sordes
2779 4354 2884 4396 mae
2941 4341 3146 4416 foetere
3218 4341 3481 4398 fecerunt
3537 4337 3753 4394 odorem

2142 4442 2352 4498 meum,
2389 4433 2449 4484 ut
2485 4429 2710 4484 fructus
2742 4427 3082 4499 penitentize
3106 4427 3570 4486 darentodorem
3586 4437 3752 4487 suum,

389 4502 681 4576 quomodo
711 4501 970 4574 procella
1019 4501 1191 4558 venti
1236 4502 1332 4559 inu
1349 4503 1582 4559 ndantis
1632 4503 2030 4560 secularitatis
2059 4520 2110 4580 Î¹)
2144 4521 2201 4571 Î¹Î¿
2235 4515 2595 4573 á½·Î·Î¹Î·á¿ƒá½·Î·Î¸Î·Î¹Î¿
2626 4517 2900 4572 tenebras
2942 4531 3119 4586 meas,
3145 4523 3206 4572 et
3252 4517 3600 4574 cmundame
3639 4525 3758 4568 con.

384 4590 714 4661 grassantis
729 4590 926 4660 rapuit
949 4603 1037 4645 me
1061 4590 1132 4644 ad
1148 4593 1204 4645 te
1217 4592 1240 4659 ?
1255 4591 1652 4646 Abstrahebar
1665 4596 1722 4644 et
1738 4590 2024 4662 videbam,

386 4679 657 4752 rapiebar
687 4683 747 4735 et
779 4678 1099 4734 sentiebam
1138 4678 1403 4735 :furabar
1426 4678 1733 4750 mihiipsia
1767 4679 2024 4750 meipso,

386 4774 445 4824 et
475 4767 764 4838 dolebam,
798 4771 855 4823 et
881 4767 936 4822 in
966 4772 1287 4838 conspectu
1303 4771 1404 4824 tuo
1423 4768 1743 4838 gemebant,
1777 4773 1836 4824 et
1863 4782 2030 4824 cura-

385 4857 603 4913 tionem
627 4855 917 4923 siticbam,
945 4859 1052 4910 eta
1089 4859 1144 4910 te
1165 4854 1448 4911 vindicari
1479 4860 1536 4910 et
1569 4855 1830 4912 consumi
1900 4869 2030 4926 pec-

385 4952 516 5003 cata
549 4959 671 5000 mea
704 4943 1030 5016 cupiebam,
1059 4957 1187 5014 quae.
1213 4943 1329 5014 jam
1354 4944 1478 5015 ipse
1519 4943 1628 5000 tibi
1674 4943 2027 5004 confitensin

386 5049 477 5092 me
506 5032 1214 5104 puniebam,quamquam
1265 5047 1377 5086 non
1430 5045 1611 5101 usque
1669 5031 1739 5088 ad
1797 5032 2028 5102 dignam

387 5119 808 5195 paenitentiam.
845 5119 1000 5176 Licet
1031 5118 1183 5174 enim
1212 5134 1301 5174 me
1362 5133 1606 5190 peccare
1647 5118 1928 5189 dolerem,
1971 5125 2030 5176 et

387 5204 1166 5280 aliquandocompungerer,
1200 5221 1308 5263 non
1363 5215 1549 5264 tamen
1609 5207 1666 5264 in
1722 5208 1832 5265 fine
1877 5223 2033 5266 com-

387 5294 714 5371 pungebar,
748 5299 808 5348 ut
847 5293 1472 5365 peccaredesisterem,
1509 5295 1664 5366 quod
1694 5301 1784 5353 est
1810 5312 2028 5354 summa

385 5379 840 5459 penitentim.{Ei
872 5381 1038 5437 mihi!
1066 5383 1352 5451 quomodo
1391 5384 1776 5454 perturbatur
1807 5385 2032 5442 animus

385 5469 828 5548 praasidentium
879 5471 1077 5527 favore
1133 5470 1534 5529 adulantium?
1583 5471 1885 5538 Quomodo
1933 5474 2030 5545 qui

385 5559 541 5622 beati
567 5557 865 5631 dicuntur,
898 5555 1296 5632 decipiuntur,
1329 5564 1388 5618 et
1423 5560 1804 5632 viaegressum
1827 5575 2028 5620 eorum

2144 4604 2450 4661 scientiam
2481 4610 2761 4662 nostram.
2799 4605 2960 4662 Unde
2985 4619 3096 4660 non
3130 4605 3183 4660 in
3217 4607 3448 4676 longum
3487 4597 3756 4676 prosperi-

2145 4698 2264 4750 tate
2291 4693 2570 4750 malorum
2603 4708 2859 4750 meorum
2878 4694 3094 4750 fruitus
3116 4710 3262 4750 sum.
3293 4693 3577 4750 Nonenim
3607 4685 3750 4746 multi

2143 4783 2432 4838 flexerant
2463 4781 2609 4854 dies,
2641 4788 2701 4838 et
2730 4783 2986 4839 visitasti
3020 4798 3108 4840 me
3135 4784 3325 4854 gratia
3360 4781 3593 4855 pietatis
3635 4784 3751 4844 tum,

2140 4875 2206 4928 ut
2237 4871 2524 4927 discerem
2569 4885 2810 4942 sperare
2844 4871 2900 4928 in
2934 4877 3012 4940 te,
3045 4887 3155 4928 non
3181 4870 3585 4956 incertohujus
3606 4867 3750 4929 vita;

2141 4960 2483 5016 decreverat
2503 4961 2656 5016 enim
2693 4961 2881 5016 facere
2932 4960 3042 5016 hoc
3086 4953 3292 5017 manus
3337 4953 3747 5030 omnipotentiae

2142 5037 2277 5088 tuae.
2329 5033 2481 5087 Hora
2536 5031 2950 5088 celebrabatur
3019 5031 3223 5102 tcreia,
3289 5025 3598 5086 intereram
3645 5025 3752 5096 ipse

2141 5120 2337 5178 choris
2371 5119 2762 5192 psallentium.
2801 5120 3186 5192 Subrepserat
3216 5119 3350 5176 mihi
3413 5118 3506 5174 illa
3559 5113 3753 5184 cogita-

2143 5209 2244 5278 tio,
2279 5223 2449 5278 quam
2482 5213 2540 5264 te
2572 5208 2954 5279 permittente
2977 5212 3036 5264 et
3061 5209 3315 5264 donante
3345 5207 3517 5264 habet
3542 5203 3632 5274 qui
3654 5196 3748 5256 sibi

2143 5296 2420 5369 displicet
2453 5317 2464 5352 :
2497 5311 2587 5354 me
2607 5299 2875 5354 arborem
2900 5296 3344 5367 infructuosam,
3378 5286 3752 5352 terraminuti-

2143 5385 2280 5442 liter
2310 5391 2716 5458 occupantem,
2753 5386 2982 5442 fructus
3023 5385 3156 5442 boni
3179 5384 3378 5457 operis
3399 5382 3598 5440 afferre
3613 5373 3752 5434 fasti-

2143 5474 2418 5546 dientem,
2445 5475 2676 5546 dignam
2707 5473 2928 5532 succidi
2957 5479 3018 5530 et
3039 5473 3301 5532 sucendi.
3331 5474 3455 5530 Non
3475 5483 3603 5528 esse
3616 5464 3749 5522 ï¬lios

2145 5567 2480 5621 sanctorum
2510 5563 2608 5634 qui
2632 5565 2836 5622 tenent
2857 5561 2982 5621 loca
3003 5577 3227 5637 eorum,
3259 5560 3360 5622 sed
3383 5559 3480 5634 qui
3497 5553 3746 5617 exercent
