  <div class='ocr_page' id='page_1' title='image "/cluster/home/n/w/nwhite01/storage/ocr_20150623/154/uva.x000829797/192.png"; bbox 0 0 3950 6306; ppageno 0'>
   <div class='ocr_carea' id='block_1_1' title="bbox 201 336 312 400">
    <p class='ocr_par' dir='ltr' id='par_1_1' title="bbox 201 336 312 400">
     <span class='ocr_line' id='line_1_1' title="bbox 201 336 312 400; baseline 0.018 -2"><span class='ocrx_word' id='word_1_1' title='bbox 201 336 312 400; x_wconf 75' lang='lat'><strong>869</strong></span> 
     </span>
    </p>
   </div>
   <div class='ocr_carea' id='block_1_2' title="bbox 1450 338 2347 409">
    <p class='ocr_par' dir='ltr' id='par_1_2' title="bbox 1450 338 2347 409">
     <span class='ocr_line' id='line_1_2' title="bbox 1450 338 2347 409; baseline 0.002 -3"><span class='ocrx_word' id='word_1_2' title='bbox 1450 338 1948 407; x_wconf 82' lang='lat' dir='ltr'><strong>CHRONICON.</strong></span> <span class='ocrx_word' id='word_1_3' title='bbox 1993 379 2057 389; x_wconf 83' lang='lat'><strong>--</strong></span> <span class='ocrx_word' id='word_1_4' title='bbox 2086 341 2240 408; x_wconf 90' lang='lat' dir='ltr'><strong>LIB.</strong></span> <span class='ocrx_word' id='word_1_5' title='bbox 2275 343 2347 409; x_wconf 85' lang='lat' dir='ltr'><strong>Il.</strong></span> 
     </span>
    </p>
   </div>
   <div class='ocr_carea' id='block_1_3' title="bbox 3511 347 3628 415">
    <p class='ocr_par' dir='ltr' id='par_1_3' title="bbox 3511 347 3628 415">
     <span class='ocr_line' id='line_1_3' title="bbox 3511 347 3628 415; baseline 0.017 -2"><span class='ocrx_word' id='word_1_6' title='bbox 3511 347 3628 415; x_wconf 81' lang='lat'><strong>870</strong></span> 
     </span>
    </p>
   </div>
   <div class='ocr_carea' id='block_1_4' title="bbox 207 473 3619 557">
    <p class='ocr_par' dir='ltr' id='par_1_4' title="bbox 207 473 3619 557">
     <span class='ocr_line' id='line_1_4' title="bbox 207 473 3619 557; baseline 0.003 -25"><span class='ocrx_word' id='word_1_7' title='bbox 207 485 382 548; x_wconf 81' lang='lat' dir='ltr'><strong>opera</strong></span> <span class='ocrx_word' id='word_1_8' title='bbox 414 487 645 539; x_wconf 88' lang='lat' dir='ltr'><strong>eorum.</strong></span> <span class='ocrx_word' id='word_1_9' title='bbox 685 490 773 535; x_wconf 91' lang='lat' dir='ltr'><strong>me</strong></span> <span class='ocrx_word' id='word_1_10' title='bbox 803 477 955 535; x_wconf 90' lang='lat' dir='ltr'><strong>omni</strong></span> <span class='ocrx_word' id='word_1_11' title='bbox 989 475 1357 537; x_wconf 77' lang='lat' dir='ltr'><strong>lacrimarum</strong></span> <span class='ocrx_word' id='word_1_12' title='bbox 1400 476 1557 537; x_wconf 87' lang='lat' dir='ltr'><strong>fonte</strong></span> <span class='ocrx_word' id='word_1_13' title='bbox 1588 478 1862 552; x_wconf 84' lang='lat' dir='ltr'><strong>plangen-</strong></span> <span class='ocrx_word' id='word_1_14' title='bbox 1890 473 1947 539; x_wconf 88' lang='lat' dir='ltr'><strong>A</strong></span> <span class='ocrx_word' id='word_1_15' title='bbox 1978 474 2169 538; x_wconf 89' lang='lat' dir='ltr'><strong>minus</strong></span> <span class='ocrx_word' id='word_1_16' title='bbox 2195 492 2483 553; x_wconf 80' lang='lat' dir='ltr'><strong>curarem,</strong></span> <span class='ocrx_word' id='word_1_17' title='bbox 2517 480 2576 539; x_wconf 86' lang='lat' dir='ltr'><strong>et</strong></span> <span class='ocrx_word' id='word_1_18' title='bbox 2625 474 2878 539; x_wconf 81' lang='lat' dir='ltr'><strong>cessisse</strong></span> <span class='ocrx_word' id='word_1_19' title='bbox 2923 491 3025 539; x_wconf 92' lang='lat' dir='ltr'><strong>eos</strong></span> <span class='ocrx_word' id='word_1_20' title='bbox 3067 483 3243 553; x_wconf 87' lang='lat' dir='ltr'><strong>atque</strong></span> <span class='ocrx_word' id='word_1_21' title='bbox 3291 480 3364 542; x_wconf 88' lang='lat' dir='ltr'><strong>ab</strong></span> <span class='ocrx_word' id='word_1_22' title='bbox 3411 482 3619 557; x_wconf 78' lang='lat' dir='ltr'><strong>injuria</strong></span> 
     </span>
    </p>
   </div>
   <div class='ocr_carea' id='block_1_5' title="bbox 208 563 1863 641">
    <p class='ocr_par' dir='ltr' id='par_1_5' title="bbox 208 563 1863 641">
     <span class='ocr_line' id='line_1_5' title="bbox 208 563 1863 641; baseline 0.004 -22"><span class='ocrx_word' id='word_1_23' title='bbox 208 563 365 635; x_wconf 90' lang='lat' dir='ltr'><strong>dum,</strong></span> <span class='ocrx_word' id='word_1_24' title='bbox 398 579 514 635; x_wconf 88' lang='lat' dir='ltr'><strong>quo</strong></span> <span class='ocrx_word' id='word_1_25' title='bbox 560 581 731 622; x_wconf 89' lang='lat' dir='ltr'><strong>nemo</strong></span> <span class='ocrx_word' id='word_1_26' title='bbox 781 567 965 635; x_wconf 86' lang='lat' dir='ltr'><strong>magis</strong></span> <span class='ocrx_word' id='word_1_27' title='bbox 1016 572 1251 624; x_wconf 78' lang='lat' dir='ltr'><strong>noceret</strong></span> <span class='ocrx_word' id='word_1_28' title='bbox 1300 569 1356 624; x_wconf 91' lang='lat' dir='ltr'><strong>in</strong></span> <span class='ocrx_word' id='word_1_29' title='bbox 1402 568 1688 641; x_wconf 78' lang='lat' dir='ltr'><strong>aecclesia,</strong></span> <span class='ocrx_word' id='word_1_30' title='bbox 1724 586 1863 641; x_wconf 90' lang='lat' dir='ltr'><strong>quo-</strong></span> 
     </span>
    </p>
   </div>
   <div class='ocr_carea' id='block_1_6' title="bbox 207 653 1857 728">
    <p class='ocr_par' dir='ltr' id='par_1_6' title="bbox 207 653 1857 728">
     <span class='ocr_line' id='line_1_6' title="bbox 207 653 1857 728; baseline 0.003 -20"><span class='ocrx_word' id='word_1_31' title='bbox 207 653 356 710; x_wconf 87' lang='lat' dir='ltr'><strong>niam</strong></span> <span class='ocrx_word' id='word_1_32' title='bbox 387 659 445 710; x_wconf 93' lang='lat' dir='ltr'><strong>et</strong></span> <span class='ocrx_word' id='word_1_33' title='bbox 473 670 751 724; x_wconf 87' lang='lat' dir='ltr'><strong>perverse</strong></span> <span class='ocrx_word' id='word_1_34' title='bbox 775 656 1056 718; x_wconf 80' lang='lat' dir='ltr'><strong>vivebam.</strong></span> <span class='ocrx_word' id='word_1_35' title='bbox 1088 657 1456 727; x_wconf 86' lang='lat' dir='ltr'><strong>speciemque</strong></span> <span class='ocrx_word' id='word_1_36' title='bbox 1478 657 1780 728; x_wconf 82' lang='lat' dir='ltr'><strong>religionis</strong></span> <span class='ocrx_word' id='word_1_37' title='bbox 1802 663 1857 716; x_wconf 91' lang='lat' dir='ltr'><strong>et</strong></span> 
     </span>
    </p>
   </div>
   <div class='ocr_carea' id='block_1_7' title="bbox 205 740 1858 813">
    <p class='ocr_par' dir='ltr' id='par_1_7' title="bbox 205 740 1858 813">
     <span class='ocr_line' id='line_1_7' title="bbox 205 740 1858 813; baseline 0.004 -17"><span class='ocrx_word' id='word_1_38' title='bbox 205 740 402 797; x_wconf 89' lang='lat' dir='ltr'><strong>locum</strong></span> <span class='ocrx_word' id='word_1_39' title='bbox 435 743 803 813; x_wconf 71' lang='lat' dir='ltr'><strong>praelationis</strong></span> <span class='ocrx_word' id='word_1_40' title='bbox 844 745 1062 800; x_wconf 85' lang='lat' dir='ltr'><strong>habere</strong></span> <span class='ocrx_word' id='word_1_41' title='bbox 1093 744 1351 801; x_wconf 88' lang='lat' dir='ltr'><strong>videbar.</strong></span> <span class='ocrx_word' id='word_1_42' title='bbox 1389 746 1714 802; x_wconf 87' lang='lat' dir='ltr'><strong>Clamabam</strong></span> <span class='ocrx_word' id='word_1_43' title='bbox 1748 761 1858 803; x_wconf 91' lang='lat' dir='ltr'><strong>non</strong></span> 
     </span>
    </p>
   </div>
   <div class='ocr_carea' id='block_1_8' title="bbox 203 830 1862 905">
    <p class='ocr_par' dir='ltr' id='par_1_8' title="bbox 203 830 1862 905">
     <span class='ocr_line' id='line_1_8' title="bbox 203 830 1862 905; baseline 0.002 -20"><span class='ocrx_word' id='word_1_44' title='bbox 203 844 385 901; x_wconf 81' lang='lat' dir='ltr'><strong>parvo</strong></span> <span class='ocrx_word' id='word_1_45' title='bbox 408 830 646 900; x_wconf 85' lang='lat' dir='ltr'><strong>affectu,</strong></span> <span class='ocrx_word' id='word_1_46' title='bbox 672 832 902 887; x_wconf 90' lang='lat' dir='ltr'><strong>interno</strong></span> <span class='ocrx_word' id='word_1_47' title='bbox 927 836 1148 887; x_wconf 88' lang='lat' dir='ltr'><strong>tantum</strong></span> <span class='ocrx_word' id='word_1_48' title='bbox 1174 834 1371 890; x_wconf 85' lang='lat' dir='ltr'><strong>cordis</strong></span> <span class='ocrx_word' id='word_1_49' title='bbox 1395 835 1634 905; x_wconf 87' lang='lat' dir='ltr'><strong>gemitu,</strong></span> <span class='ocrx_word' id='word_1_50' title='bbox 1659 849 1762 891; x_wconf 89' lang='lat' dir='ltr'><strong>ore</strong></span> <span class='ocrx_word' id='word_1_51' title='bbox 1785 835 1862 891; x_wconf 90' lang='lat' dir='ltr'><strong>si-</strong></span> 
     </span>
    </p>
   </div>
   <div class='ocr_carea' id='block_1_9' title="bbox 204 916 1860 993">
    <p class='ocr_par' dir='ltr' id='par_1_9' title="bbox 204 916 1860 993">
     <span class='ocr_line' id='line_1_9' title="bbox 204 916 1860 993; baseline 0.003 -21"><span class='ocrx_word' id='word_1_52' title='bbox 204 916 373 988; x_wconf 81' lang='lat' dir='ltr'>lenti,</span> <span class='ocrx_word' id='word_1_53' title='bbox 398 920 556 989; x_wconf 87' lang='lat' dir='ltr'><strong>quod</strong></span> <span class='ocrx_word' id='word_1_54' title='bbox 580 923 641 975; x_wconf 92' lang='lat' dir='ltr'><strong>tu</strong></span> <span class='ocrx_word' id='word_1_55' title='bbox 669 920 866 987; x_wconf 82' lang='lat' dir='ltr'><strong>dabas,</strong></span> <span class='ocrx_word' id='word_1_56' title='bbox 897 921 1047 990; x_wconf 91' lang='lat' dir='ltr'><strong>quod</strong></span> <span class='ocrx_word' id='word_1_57' title='bbox 1072 921 1231 976; x_wconf 92' lang='lat' dir='ltr'><strong>cordi</strong></span> <span class='ocrx_word' id='word_1_58' title='bbox 1259 922 1648 993; x_wconf 80' lang='lat' dir='ltr'><strong>aSpiraveras,</strong></span> <span class='ocrx_word' id='word_1_59' title='bbox 1677 938 1860 993; x_wconf 86' lang='lat' dir='ltr'><strong>usque</strong></span> 
     </span>
    </p>
   </div>
   <div class='ocr_carea' id='block_1_10' title="bbox 202 1007 1858 1080">
    <p class='ocr_par' dir='ltr' id='par_1_10' title="bbox 202 1007 1858 1080">
     <span class='ocr_line' id='line_1_10' title="bbox 202 1007 1858 1080; baseline 0.004 -20"><span class='ocrx_word' id='word_1_60' title='bbox 202 1007 274 1061; x_wconf 82' lang='lat' dir='ltr'><strong>ad</strong></span> <span class='ocrx_word' id='word_1_61' title='bbox 337 1008 462 1063; x_wconf 92' lang='lat' dir='ltr'><strong>oris</strong></span> <span class='ocrx_word' id='word_1_62' title='bbox 522 1008 927 1078; x_wconf 72' lang='lat' dir='ltr'><strong>suffusionem,</strong></span> <span class='ocrx_word' id='word_1_63' title='bbox 971 1014 1030 1063; x_wconf 86' lang='lat' dir='ltr'><strong>et</strong></span> <span class='ocrx_word' id='word_1_64' title='bbox 1078 1010 1255 1065; x_wconf 81' lang='lat' dir='ltr'>credo</span> <span class='ocrx_word' id='word_1_65' title='bbox 1311 1010 1463 1080; x_wconf 89' lang='lat' dir='ltr'><strong>quod</strong></span> <span class='ocrx_word' id='word_1_66' title='bbox 1524 1011 1858 1067; x_wconf 84' lang='lat' dir='ltr'><strong>exaudieris</strong></span> 
     </span>
    </p>
   </div>
   <div class='ocr_carea' id='block_1_11' title="bbox 200 1097 1861 1170">
    <p class='ocr_par' dir='ltr' id='par_1_11' title="bbox 200 1097 1861 1170">
     <span class='ocr_line' id='line_1_11' title="bbox 200 1097 1861 1170; baseline 0.001 -19"><span class='ocrx_word' id='word_1_67' title='bbox 200 1110 408 1152; x_wconf 79' lang='lat' dir='ltr'><strong>vocem</strong></span> <span class='ocrx_word' id='word_1_68' title='bbox 444 1110 646 1151; x_wconf 87' lang='lat' dir='ltr'><strong>meam.</strong></span> <span class='ocrx_word' id='word_1_69' title='bbox 678 1097 1001 1157; x_wconf 86' lang='lat' dir='ltr'><strong>Ostendisti</strong></span> <span class='ocrx_word' id='word_1_70' title='bbox 1034 1098 1182 1152; x_wconf 92' lang='lat' dir='ltr'><strong>enim</strong></span> <span class='ocrx_word' id='word_1_71' title='bbox 1217 1113 1387 1154; x_wconf 88' lang='lat' dir='ltr'><strong>servo</strong></span> <span class='ocrx_word' id='word_1_72' title='bbox 1415 1102 1518 1155; x_wconf 93' lang='lat' dir='ltr'><strong>tuo</strong></span> <span class='ocrx_word' id='word_1_73' title='bbox 1541 1113 1668 1169; x_wconf 63' lang='lat' dir='ltr'><strong>quae</strong></span> <span class='ocrx_word' id='word_1_74' title='bbox 1690 1114 1861 1170; x_wconf 81' lang='lat' dir='ltr'><strong>opor-</strong></span> 
     </span>
    </p>
   </div>
   <div class='ocr_carea' id='block_1_12' title="bbox 201 1183 1855 1258">
    <p class='ocr_par' dir='ltr' id='par_1_12' title="bbox 201 1183 1855 1258">
     <span class='ocr_line' id='line_1_12' title="bbox 201 1183 1855 1258; baseline 0.002 -20"><span class='ocrx_word' id='word_1_75' title='bbox 201 1185 373 1239; x_wconf 87' lang='lat' dir='ltr'><strong>tebat</strong></span> <span class='ocrx_word' id='word_1_76' title='bbox 397 1183 520 1240; x_wconf 81' lang='lat' dir='ltr'><strong>fieri</strong></span> <span class='ocrx_word' id='word_1_77' title='bbox 537 1183 673 1251; x_wconf 83' lang='lat' dir='ltr'><strong>cito,</strong></span> <span class='ocrx_word' id='word_1_78' title='bbox 694 1184 941 1255; x_wconf 87' lang='lat' dir='ltr'><strong>loquens</strong></span> <span class='ocrx_word' id='word_1_79' title='bbox 965 1200 1107 1242; x_wconf 90' lang='lat' dir='ltr'><strong>voce</strong></span> <span class='ocrx_word' id='word_1_80' title='bbox 1130 1190 1228 1242; x_wconf 90' lang='lat' dir='ltr'><strong>tua</strong></span> <span class='ocrx_word' id='word_1_81' title='bbox 1256 1187 1481 1243; x_wconf 88' lang='lat' dir='ltr'><strong>interna</strong></span> <span class='ocrx_word' id='word_1_82' title='bbox 1506 1193 1564 1243; x_wconf 91' lang='lat' dir='ltr'><strong>et</strong></span> <span class='ocrx_word' id='word_1_83' title='bbox 1590 1188 1855 1258; x_wconf 85' lang='lat' dir='ltr'><strong>mystica,</strong></span> 
     </span>
    </p>
   </div>
   <div class='ocr_carea' id='block_1_13' title="bbox 201 1272 1856 1346">
    <p class='ocr_par' dir='ltr' id='par_1_13' title="bbox 201 1272 1856 1346">
     <span class='ocr_line' id='line_1_13' title="bbox 201 1272 1856 1346; baseline 0.003 -19"><span class='ocrx_word' id='word_1_84' title='bbox 201 1272 392 1328; x_wconf 89' lang='lat' dir='ltr'><strong>multa</strong></span> <span class='ocrx_word' id='word_1_85' title='bbox 407 1287 542 1328; x_wconf 89' lang='lat' dir='ltr'><strong>esse</strong></span> <span class='ocrx_word' id='word_1_86' title='bbox 557 1276 795 1344; x_wconf 87' lang='lat' dir='ltr'><strong>peccata</strong></span> <span class='ocrx_word' id='word_1_87' title='bbox 820 1288 965 1341; x_wconf 89' lang='lat' dir='ltr'><strong>mea,</strong></span> <span class='ocrx_word' id='word_1_88' title='bbox 990 1290 1095 1344; x_wconf 90' lang='lat' dir='ltr'><strong>pro</strong></span> <span class='ocrx_word' id='word_1_89' title='bbox 1120 1275 1332 1345; x_wconf 85' lang='lat' dir='ltr'><strong>quibus</strong></span> <span class='ocrx_word' id='word_1_90' title='bbox 1356 1276 1660 1346; x_wconf 79' lang='lat' dir='ltr'><strong>expiandis</strong></span> <span class='ocrx_word' id='word_1_91' title='bbox 1682 1277 1856 1332; x_wconf 91' lang='lat' dir='ltr'><strong>trium</strong></span> 
     </span>
    </p>
   </div>
   <div class='ocr_carea' id='block_1_14' title="bbox 200 1360 1858 1435">
    <p class='ocr_par' dir='ltr' id='par_1_14' title="bbox 200 1360 1858 1435">
     <span class='ocr_line' id='line_1_14' title="bbox 200 1360 1858 1435; baseline 0.004 -21"><span class='ocrx_word' id='word_1_92' title='bbox 200 1361 349 1416; x_wconf 87' lang='lat' dir='ltr'><strong>mihi</strong></span> <span class='ocrx_word' id='word_1_93' title='bbox 383 1360 624 1417; x_wconf 81' lang='lat' dir='ltr'><strong>daretur</strong></span> <span class='ocrx_word' id='word_1_94' title='bbox 652 1361 831 1432; x_wconf 89' lang='lat' dir='ltr'><strong>optio,</strong></span> <span class='ocrx_word' id='word_1_95' title='bbox 865 1367 963 1417; x_wconf 84' lang='lat' dir='ltr'><strong>aut</strong></span> <span class='ocrx_word' id='word_1_96' title='bbox 1006 1363 1209 1417; x_wconf 83' lang='lat' dir='ltr'><strong>famem</strong></span> <span class='ocrx_word' id='word_1_97' title='bbox 1259 1368 1585 1433; x_wconf 77' lang='lat' dir='ltr'><strong>venturam,</strong></span> <span class='ocrx_word' id='word_1_98' title='bbox 1621 1379 1729 1434; x_wconf 88' lang='lat' dir='ltr'><strong>qua</strong></span> <span class='ocrx_word' id='word_1_99' title='bbox 1761 1379 1858 1435; x_wconf 91' lang='lat' dir='ltr'><strong>po-</strong></span> 
     </span>
    </p>
   </div>
   <div class='ocr_carea' id='block_1_15' title="bbox 200 1448 1858 1523">
    <p class='ocr_par' dir='ltr' id='par_1_15' title="bbox 200 1448 1858 1523">
     <span class='ocr_line' id='line_1_15' title="bbox 200 1448 1858 1523; baseline 0.002 -19"><span class='ocrx_word' id='word_1_100' title='bbox 200 1448 348 1519; x_wconf 88' lang='lat' dir='ltr'><strong>pulo</strong></span> <span class='ocrx_word' id='word_1_101' title='bbox 382 1448 681 1504; x_wconf 80' lang='lat' dir='ltr'><strong>dilabente</strong></span> <span class='ocrx_word' id='word_1_102' title='bbox 710 1454 769 1504; x_wconf 91' lang='lat' dir='ltr'><strong>et</strong></span> <span class='ocrx_word' id='word_1_103' title='bbox 802 1448 857 1504; x_wconf 91' lang='lat' dir='ltr'><strong>in</strong></span> <span class='ocrx_word' id='word_1_104' title='bbox 911 1454 1153 1505; x_wconf 92' lang='lat' dir='ltr'><strong>mortem</strong></span> <span class='ocrx_word' id='word_1_105' title='bbox 1206 1455 1412 1506; x_wconf 88' lang='lat' dir='ltr'><strong>ruente</strong></span> <span class='ocrx_word' id='word_1_106' title='bbox 1445 1457 1564 1507; x_wconf 89' lang='lat' dir='ltr'><strong>tota</strong></span> <span class='ocrx_word' id='word_1_107' title='bbox 1601 1466 1858 1523; x_wconf 90' lang='lat' dir='ltr'><strong>pessum-</strong></span> 
     </span>
    </p>
   </div>
   <div class='ocr_carea' id='block_1_16' title="bbox 194 1537 1853 1610">
    <p class='ocr_par' dir='ltr' id='par_1_16' title="bbox 194 1537 1853 1610">
     <span class='ocr_line' id='line_1_16' title="bbox 194 1537 1853 1610; baseline 0.003 -19"><span class='ocrx_word' id='word_1_108' title='bbox 194 1537 454 1591; x_wconf 85' lang='lat' dir='ltr'><strong>daretur</strong></span> <span class='ocrx_word' id='word_1_109' title='bbox 486 1537 745 1607; x_wconf 86' lang='lat' dir='ltr'><strong>abbatia,</strong></span> <span class='ocrx_word' id='word_1_110' title='bbox 780 1541 878 1593; x_wconf 89' lang='lat' dir='ltr'><strong>aut</strong></span> <span class='ocrx_word' id='word_1_111' title='bbox 912 1538 1404 1608; x_wconf 79' lang='lat' dir='ltr'><strong>impugnationem</strong></span> <span class='ocrx_word' id='word_1_112' title='bbox 1456 1541 1853 1610; x_wconf 86' lang='lat' dir='ltr'><strong>diripientium</strong></span> 
     </span>
    </p>
   </div>
   <div class='ocr_carea' id='block_1_17' title="bbox 194 1624 1857 1699">
    <p class='ocr_par' dir='ltr' id='par_1_17' title="bbox 194 1624 1857 1699">
     <span class='ocr_line' id='line_1_17' title="bbox 194 1624 1857 1699; baseline 0.003 -21"><span class='ocrx_word' id='word_1_113' title='bbox 194 1624 536 1681; x_wconf 82' lang='lat' dir='ltr'><strong>vicinorum</strong></span> <span class='ocrx_word' id='word_1_114' title='bbox 569 1624 688 1695; x_wconf 89' lang='lat' dir='ltr'><strong>pati</strong></span> <span class='ocrx_word' id='word_1_115' title='bbox 722 1624 1020 1696; x_wconf 88' lang='lat' dir='ltr'><strong>populum,</strong></span> <span class='ocrx_word' id='word_1_116' title='bbox 1057 1642 1166 1696; x_wconf 90' lang='lat' dir='ltr'><strong>qua</strong></span> <span class='ocrx_word' id='word_1_117' title='bbox 1202 1628 1278 1682; x_wconf 90' lang='lat' dir='ltr'><strong>ita</strong></span> <span class='ocrx_word' id='word_1_118' title='bbox 1314 1628 1758 1699; x_wconf 84' lang='lat' dir='ltr'><strong>dilapidaretur,</strong></span> <span class='ocrx_word' id='word_1_119' title='bbox 1795 1634 1857 1683; x_wconf 90' lang='lat' dir='ltr'><strong>ut</strong></span> 
     </span>
    </p>
   </div>
   <div class='ocr_carea' id='block_1_18' title="bbox 198 1711 1855 1784">
    <p class='ocr_par' dir='ltr' id='par_1_18' title="bbox 198 1711 1855 1784">
     <span class='ocr_line' id='line_1_18' title="bbox 198 1711 1855 1784; baseline 0.003 -18"><span class='ocrx_word' id='word_1_120' title='bbox 198 1725 377 1767; x_wconf 87' lang='lat' dir='ltr'><strong>mons</strong></span> <span class='ocrx_word' id='word_1_121' title='bbox 402 1711 526 1782; x_wconf 93' lang='lat' dir='ltr'><strong>ipse</strong></span> <span class='ocrx_word' id='word_1_122' title='bbox 551 1713 886 1767; x_wconf 79' lang='lat' dir='ltr'><strong>rarissimas</strong></span> <span class='ocrx_word' id='word_1_123' title='bbox 909 1713 1266 1770; x_wconf 91' lang='lat' dir='ltr'><strong>incoleretur</strong></span> <span class='ocrx_word' id='word_1_124' title='bbox 1288 1714 1637 1784; x_wconf 81' lang='lat' dir='ltr'><strong>habitatore,</strong></span> <span class='ocrx_word' id='word_1_125' title='bbox 1653 1718 1751 1772; x_wconf 90' lang='lat' dir='ltr'><strong>aut</strong></span> <span class='ocrx_word' id='word_1_126' title='bbox 1770 1731 1855 1770; x_wconf 90' lang='lat' dir='ltr'><strong>me</strong></span> 
     </span>
    </p>
   </div>
   <div class='ocr_carea' id='block_1_19' title="bbox 1974 567 3617 645">
    <p class='ocr_par' dir='ltr' id='par_1_19' title="bbox 1974 567 3617 645">
     <span class='ocr_line' id='line_1_19' title="bbox 1974 567 3617 645; baseline 0.004 -21"><span class='ocrx_word' id='word_1_127' title='bbox 1974 573 2175 626; x_wconf 90' lang='lat' dir='ltr'><strong>nostra</strong></span> <span class='ocrx_word' id='word_1_128' title='bbox 2209 585 2497 641; x_wconf 83' lang='lat' dir='ltr'><strong>cessasse,</strong></span> <span class='ocrx_word' id='word_1_129' title='bbox 2534 580 2637 641; x_wconf 92' lang='lat' dir='ltr'><strong>pro</strong></span> <span class='ocrx_word' id='word_1_130' title='bbox 2667 584 2735 626; x_wconf 94' lang='lat' dir='ltr'><strong>eo</strong></span> <span class='ocrx_word' id='word_1_131' title='bbox 2768 567 2922 641; x_wconf 89' lang='lat' dir='ltr'><strong>quod</strong></span> <span class='ocrx_word' id='word_1_132' title='bbox 2971 575 3216 628; x_wconf 89' lang='lat' dir='ltr'><strong>conatus</strong></span> <span class='ocrx_word' id='word_1_133' title='bbox 3261 587 3459 630; x_wconf 89' lang='lat' dir='ltr'><strong>eorum</strong></span> <span class='ocrx_word' id='word_1_134' title='bbox 3501 574 3617 645; x_wconf 90' lang='lat' dir='ltr'><strong>jam</strong></span> 
     </span>
    </p>
   </div>
   <div class='ocr_carea' id='block_1_20' title="bbox 1972 658 3617 729">
    <p class='ocr_par' dir='ltr' id='par_1_20' title="bbox 1972 658 3617 729">
     <span class='ocr_line' id='line_1_20' title="bbox 1972 658 3617 729; baseline 0.004 -16"><span class='ocrx_word' id='word_1_135' title='bbox 1972 658 2230 714; x_wconf 90' lang='lat' dir='ltr'><strong>secundo</strong></span> <span class='ocrx_word' id='word_1_136' title='bbox 2260 658 2464 715; x_wconf 90' lang='lat' dir='ltr'><strong>irritus</strong></span> <span class='ocrx_word' id='word_1_137' title='bbox 2494 659 2688 715; x_wconf 88' lang='lat' dir='ltr'><strong>factus</strong></span> <span class='ocrx_word' id='word_1_138' title='bbox 2732 662 2879 727; x_wconf 91' lang='lat' dir='ltr'><strong>erat,</strong></span> <span class='ocrx_word' id='word_1_139' title='bbox 2914 658 3235 729; x_wconf 84' lang='lat' dir='ltr'><strong>crederem,</strong></span> <span class='ocrx_word' id='word_1_140' title='bbox 3266 666 3324 717; x_wconf 92' lang='lat' dir='ltr'><strong>et</strong></span> <span class='ocrx_word' id='word_1_141' title='bbox 3372 662 3617 720; x_wconf 83' lang='lat' dir='ltr'><strong>maxime</strong></span> 
     </span>
    </p>
   </div>
   <div class='ocr_carea' id='block_1_21' title="bbox 1973 746 3616 822">
    <p class='ocr_par' dir='ltr' id='par_1_21' title="bbox 1973 746 3616 822">
     <span class='ocr_line' id='line_1_21' title="bbox 1973 746 3616 822; baseline 0.004 -22"><span class='ocrx_word' id='word_1_142' title='bbox 1973 761 2075 817; x_wconf 90' lang='lat' dir='ltr'><strong>pro</strong></span> <span class='ocrx_word' id='word_1_143' title='bbox 2102 746 2223 816; x_wconf 85' lang='lat' dir='ltr'><strong>jugi</strong></span> <span class='ocrx_word' id='word_1_144' title='bbox 2247 761 2447 803; x_wconf 90' lang='lat' dir='ltr'><strong>eorum</strong></span> <span class='ocrx_word' id='word_1_145' title='bbox 2472 746 2776 817; x_wconf 84' lang='lat' dir='ltr'><strong>obsequio,</strong></span> <span class='ocrx_word' id='word_1_146' title='bbox 2804 746 2900 817; x_wconf 90' lang='lat' dir='ltr'><strong>qui</strong></span> <span class='ocrx_word' id='word_1_147' title='bbox 2923 750 3117 803; x_wconf 90' lang='lat' dir='ltr'><strong>tamen</strong></span> <span class='ocrx_word' id='word_1_148' title='bbox 3143 763 3253 804; x_wconf 90' lang='lat' dir='ltr'><strong>non</strong></span> <span class='ocrx_word' id='word_1_149' title='bbox 3279 749 3424 806; x_wconf 90' lang='lat' dir='ltr'><strong>satis</strong></span> <span class='ocrx_word' id='word_1_150' title='bbox 3443 754 3616 822; x_wconf 91' lang='lat' dir='ltr'><strong>aptus</strong></span> 
     </span>
    </p>
   </div>
   <div class='ocr_carea' id='block_1_22' title="bbox 1969 834 3619 906">
    <p class='ocr_par' dir='ltr' id='par_1_22' title="bbox 1969 834 3619 906">
     <span class='ocr_line' id='line_1_22' title="bbox 1969 834 3619 906; baseline 0.002 -17"><span class='ocrx_word' id='word_1_151' title='bbox 1969 838 2027 889; x_wconf 91' lang='lat' dir='ltr'><strong>et</strong></span> <span class='ocrx_word' id='word_1_152' title='bbox 2060 834 2190 891; x_wconf 90' lang='lat' dir='ltr'><strong>ideo</strong></span> <span class='ocrx_word' id='word_1_153' title='bbox 2216 849 2416 906; x_wconf 89' lang='lat' dir='ltr'><strong>parum</strong></span> <span class='ocrx_word' id='word_1_154' title='bbox 2442 839 2571 891; x_wconf 87' lang='lat' dir='ltr'><strong>erat</strong></span> <span class='ocrx_word' id='word_1_155' title='bbox 2593 840 2894 905; x_wconf 88' lang='lat' dir='ltr'><strong>acceptus,</strong></span> <span class='ocrx_word' id='word_1_156' title='bbox 2922 835 3001 890; x_wconf 89' lang='lat' dir='ltr'><strong>ita</strong></span> <span class='ocrx_word' id='word_1_157' title='bbox 3028 840 3091 892; x_wconf 92' lang='lat' dir='ltr'><strong>ut</strong></span> <span class='ocrx_word' id='word_1_158' title='bbox 3116 836 3291 892; x_wconf 85' lang='lat' dir='ltr'><strong>etiam</strong></span> <span class='ocrx_word' id='word_1_159' title='bbox 3315 838 3619 894; x_wconf 87' lang='lat' dir='ltr'><strong>referenti-</strong></span> 
     </span>
    </p>
   </div>
   <div class='ocr_carea' id='block_1_23' title="bbox 1972 922 3615 997">
    <p class='ocr_par' dir='ltr' id='par_1_23' title="bbox 1972 922 3615 997">
     <span class='ocr_line' id='line_1_23' title="bbox 1972 922 3615 997; baseline 0.002 -20"><span class='ocrx_word' id='word_1_160' title='bbox 1972 924 2079 978; x_wconf 85' lang='lat' dir='ltr'><strong>bus</strong></span> <span class='ocrx_word' id='word_1_161' title='bbox 2111 937 2221 978; x_wconf 89' lang='lat' dir='ltr'><strong>non</strong></span> <span class='ocrx_word' id='word_1_162' title='bbox 2252 922 2577 993; x_wconf 84' lang='lat' dir='ltr'><strong>crederem,</strong></span> <span class='ocrx_word' id='word_1_163' title='bbox 2611 923 2765 979; x_wconf 89' lang='lat' dir='ltr'><strong>sensi</strong></span> <span class='ocrx_word' id='word_1_164' title='bbox 2799 923 3032 979; x_wconf 90' lang='lat' dir='ltr'><strong>tandem</strong></span> <span class='ocrx_word' id='word_1_165' title='bbox 3073 928 3129 979; x_wconf 89' lang='lat' dir='ltr'><strong>et</strong></span> <span class='ocrx_word' id='word_1_166' title='bbox 3180 928 3462 997; x_wconf 88' lang='lat' dir='ltr'><strong>expertus</strong></span> <span class='ocrx_word' id='word_1_167' title='bbox 3490 941 3615 981; x_wconf 88' lang='lat' dir='ltr'><strong>sum</strong></span> 
     </span>
    </p>
   </div>
   <div class='ocr_carea' id='block_1_24' title="bbox 1970 1011 3619 1082">
    <p class='ocr_par' dir='ltr' id='par_1_24' title="bbox 1970 1011 3619 1082">
     <span class='ocr_line' id='line_1_24' title="bbox 1970 1011 3619 1082; baseline 0.002 -17"><span class='ocrx_word' id='word_1_168' title='bbox 1970 1024 2139 1080; x_wconf 87' lang='lat' dir='ltr'><strong>quem</strong></span> <span class='ocrx_word' id='word_1_169' title='bbox 2173 1011 2267 1066; x_wconf 91' lang='lat' dir='ltr'><strong>vix</strong></span> <span class='ocrx_word' id='word_1_170' title='bbox 2296 1011 2462 1081; x_wconf 88' lang='lat' dir='ltr'><strong>potui</strong></span> <span class='ocrx_word' id='word_1_171' title='bbox 2496 1026 2734 1082; x_wconf 87' lang='lat' dir='ltr'><strong>sperare</strong></span> <span class='ocrx_word' id='word_1_172' title='bbox 2768 1011 3047 1067; x_wconf 87' lang='lat' dir='ltr'><strong>dolorem.</strong></span> <span class='ocrx_word' id='word_1_173' title='bbox 3077 1014 3315 1068; x_wconf 81' lang='lat' dir='ltr'><strong>Avertat</strong></span> <span class='ocrx_word' id='word_1_174' title='bbox 3349 1016 3501 1070; x_wconf 88' lang='lat' dir='ltr'><strong>Deus</strong></span> <span class='ocrx_word' id='word_1_175' title='bbox 3534 1014 3619 1069; x_wconf 89' lang='lat' dir='ltr'><strong>fu-</strong></span> 
     </span>
    </p>
   </div>
   <div class='ocr_carea' id='block_1_25' title="bbox 1971 1099 3619 1159">
    <p class='ocr_par' dir='ltr' id='par_1_25' title="bbox 1971 1099 3619 1159">
     <span class='ocr_line' id='line_1_25' title="bbox 1971 1099 3619 1159; baseline 0.002 -6"><span class='ocrx_word' id='word_1_176' title='bbox 1971 1100 2113 1154; x_wconf 89' lang='lat' dir='ltr'><strong>riam</strong></span> <span class='ocrx_word' id='word_1_177' title='bbox 2145 1100 2291 1154; x_wconf 91' lang='lat' dir='ltr'><strong>hanc</strong></span> <span class='ocrx_word' id='word_1_178' title='bbox 2325 1100 2396 1154; x_wconf 88' lang='lat' dir='ltr'><strong>ab</strong></span> <span class='ocrx_word' id='word_1_179' title='bbox 2429 1099 2698 1155; x_wconf 78' lang='lat' dir='ltr'><strong>:ecclesia</strong></span> <span class='ocrx_word' id='word_1_180' title='bbox 2759 1102 2899 1156; x_wconf 90' lang='lat' dir='ltr'><strong>sua!</strong></span> <span class='ocrx_word' id='word_1_181' title='bbox 2932 1101 2985 1154; x_wconf 91' lang='lat' dir='ltr'><strong>in</strong></span> <span class='ocrx_word' id='word_1_182' title='bbox 3034 1114 3123 1155; x_wconf 91' lang='lat' dir='ltr'><strong>me</strong></span> <span class='ocrx_word' id='word_1_183' title='bbox 3152 1102 3406 1158; x_wconf 70' lang='lat' dir='ltr'><strong>finiatur</strong></span> <span class='ocrx_word' id='word_1_184' title='bbox 3454 1106 3619 1159; x_wconf 88' lang='lat' dir='ltr'><strong>tanta</strong></span> 
     </span>
    </p>
   </div>
   <div class='ocr_carea' id='block_1_26' title="bbox 1970 1187 3615 1260">
    <p class='ocr_par' dir='ltr' id='par_1_26' title="bbox 1970 1187 3615 1260">
     <span class='ocr_line' id='line_1_26' title="bbox 1970 1187 3615 1260; baseline 0.002 -18"><span class='ocrx_word' id='word_1_185' title='bbox 1970 1187 2237 1253; x_wconf 92' lang='lat' dir='ltr'><strong>malicia;</strong></span> <span class='ocrx_word' id='word_1_186' title='bbox 2271 1187 2378 1242; x_wconf 91' lang='lat' dir='ltr'><strong>huc</strong></span> <span class='ocrx_word' id='word_1_187' title='bbox 2426 1202 2550 1243; x_wconf 89' lang='lat' dir='ltr'><strong>eam</strong></span> <span class='ocrx_word' id='word_1_188' title='bbox 2602 1188 2834 1244; x_wconf 87' lang='lat' dir='ltr'><strong>venisse</strong></span> <span class='ocrx_word' id='word_1_189' title='bbox 2885 1188 3153 1244; x_wconf 77' lang='lat' dir='ltr'><strong>sufﬁciat.</strong></span> <span class='ocrx_word' id='word_1_190' title='bbox 3191 1192 3309 1246; x_wconf 89' lang='lat' dir='ltr'><strong>Hec</strong></span> <span class='ocrx_word' id='word_1_191' title='bbox 3342 1191 3615 1260; x_wconf 88' lang='lat' dir='ltr'><strong>Vigilium</strong></span> 
     </span>
    </p>
   </div>
   <div class='ocr_carea' id='block_1_27' title="bbox 1969 1275 3618 1350">
    <p class='ocr_par' dir='ltr' id='par_1_27' title="bbox 1969 1275 3618 1350">
     <span class='ocr_line' id='line_1_27' title="bbox 1969 1275 3618 1350; baseline 0.003 -20"><span class='ocrx_word' id='word_1_192' title='bbox 1969 1276 2266 1331; x_wconf 87' lang='lat' dir='ltr'><strong>diaconem</strong></span> <span class='ocrx_word' id='word_1_193' title='bbox 2303 1276 2355 1329; x_wconf 92' lang='lat' dir='ltr'><strong>in</strong></span> <span class='ocrx_word' id='word_1_194' title='bbox 2390 1275 2615 1331; x_wconf 88' lang='lat' dir='ltr'><strong>Silverii</strong></span> <span class='ocrx_word' id='word_1_195' title='bbox 2652 1291 2814 1347; x_wconf 75' lang='lat' dir='ltr'><strong>papae</strong></span> <span class='ocrx_word' id='word_1_196' title='bbox 2838 1276 3159 1333; x_wconf 88' lang='lat' dir='ltr'><strong>beatissimi</strong></span> <span class='ocrx_word' id='word_1_197' title='bbox 3187 1278 3431 1334; x_wconf 87' lang='lat' dir='ltr'><strong>armavit</strong></span> <span class='ocrx_word' id='word_1_198' title='bbox 3462 1279 3618 1350; x_wconf 87' lang='lat' dir='ltr'><strong>deje—</strong></span> 
     </span>
    </p>
   </div>
   <div class='ocr_carea' id='block_1_28' title="bbox 1968 1363 3615 1438">
    <p class='ocr_par' dir='ltr' id='par_1_28' title="bbox 1968 1363 3615 1438">
     <span class='ocr_line' id='line_1_28' title="bbox 1968 1363 3615 1438; baseline 0.003 -20"><span class='ocrx_word' id='word_1_199' title='bbox 1968 1364 2239 1431; x_wconf 88' lang='lat' dir='ltr'><strong>ctionem,</strong></span> <span class='ocrx_word' id='word_1_200' title='bbox 2266 1369 2325 1418; x_wconf 90' lang='lat' dir='ltr'><strong>et</strong></span> <span class='ocrx_word' id='word_1_201' title='bbox 2349 1363 2481 1419; x_wconf 91' lang='lat' dir='ltr'><strong>dum</strong></span> <span class='ocrx_word' id='word_1_202' title='bbox 2506 1364 2631 1433; x_wconf 86' lang='lat' dir='ltr'><strong>ejus</strong></span> <span class='ocrx_word' id='word_1_203' title='bbox 2658 1365 2994 1435; x_wconf 90' lang='lat' dir='ltr'><strong>concupivit</strong></span> <span class='ocrx_word' id='word_1_204' title='bbox 3020 1366 3239 1434; x_wconf 91' lang='lat' dir='ltr'><strong>sedem,</strong></span> <span class='ocrx_word' id='word_1_205' title='bbox 3257 1366 3507 1438; x_wconf 91' lang='lat' dir='ltr'><strong>adeptus</strong></span> <span class='ocrx_word' id='word_1_206' title='bbox 3524 1371 3615 1423; x_wconf 90' lang='lat' dir='ltr'><strong>est</strong></span> 
     </span>
    </p>
   </div>
   <div class='ocr_carea' id='block_1_29' title="bbox 1969 1452 3614 1526">
    <p class='ocr_par' dir='ltr' id='par_1_29' title="bbox 1969 1452 3614 1526">
     <span class='ocr_line' id='line_1_29' title="bbox 1969 1452 3614 1526; baseline 0.002 -19"><span class='ocrx_word' id='word_1_207' title='bbox 1969 1452 2356 1507; x_wconf 87' lang='lat' dir='ltr'><strong>anathematis</strong></span> <span class='ocrx_word' id='word_1_208' title='bbox 2381 1452 2847 1523; x_wconf 89' lang='lat' dir='ltr'><strong>dampnationem</strong></span> <span class='ocrx_word' id='word_1_209' title='bbox 2869 1469 2882 1517; x_wconf 93' lang='lat'><strong>;</strong></span> <span class='ocrx_word' id='word_1_210' title='bbox 2901 1467 3069 1521; x_wconf 86' lang='lat' dir='ltr'><strong>quam</strong></span> <span class='ocrx_word' id='word_1_211' title='bbox 3092 1454 3464 1524; x_wconf 90' lang='lat' dir='ltr'><strong>postmodum</strong></span> <span class='ocrx_word' id='word_1_212' title='bbox 3491 1455 3614 1526; x_wconf 90' lang='lat' dir='ltr'><strong>pari</strong></span> 
     </span>
    </p>
   </div>
   <div class='ocr_carea' id='block_1_30' title="bbox 1967 1538 3614 1613">
    <p class='ocr_par' dir='ltr' id='par_1_30' title="bbox 1967 1538 3614 1613">
     <span class='ocr_line' id='line_1_30' title="bbox 1967 1538 3614 1613; baseline 0.002 -19"><span class='ocrx_word' id='word_1_213' title='bbox 1967 1543 2126 1595; x_wconf 87' lang='lat' dir='ltr'><strong>sorte</strong></span> <span class='ocrx_word' id='word_1_214' title='bbox 2160 1539 2440 1595; x_wconf 90' lang='lat' dir='ltr'><strong>multatus</strong></span> <span class='ocrx_word' id='word_1_215' title='bbox 2470 1538 2746 1610; x_wconf 84' lang='lat' dir='ltr'><strong>expiavit.</strong></span> <span class='ocrx_word' id='word_1_216' title='bbox 2776 1542 2906 1596; x_wconf 53' lang='lat' dir='ltr'><strong>Haec</strong></span> <span class='ocrx_word' id='word_1_217' title='bbox 2934 1541 3138 1611; x_wconf 89' lang='lat' dir='ltr'><strong>pestis,</strong></span> <span class='ocrx_word' id='word_1_218' title='bbox 3167 1546 3231 1598; x_wconf 90' lang='lat' dir='ltr'><strong>ut</strong></span> <span class='ocrx_word' id='word_1_219' title='bbox 3253 1541 3322 1597; x_wconf 90' lang='lat' dir='ltr'><strong>de</strong></span> <span class='ocrx_word' id='word_1_220' title='bbox 3347 1542 3614 1613; x_wconf 88' lang='lat' dir='ltr'><strong>speciali,</strong></span> 
     </span>
    </p>
   </div>
   <div class='ocr_carea' id='block_1_31' title="bbox 1970 1627 3616 1700">
    <p class='ocr_par' dir='ltr' id='par_1_31' title="bbox 1970 1627 3616 1700">
     <span class='ocr_line' id='line_1_31' title="bbox 1970 1627 3616 1700; baseline 0.004 -19"><span class='ocrx_word' id='word_1_221' title='bbox 1970 1627 2101 1697; x_wconf 90' lang='lat' dir='ltr'><strong>quia</strong></span> <span class='ocrx_word' id='word_1_222' title='bbox 2135 1628 2434 1683; x_wconf 89' lang='lat' dir='ltr'><strong>innumera</strong></span> <span class='ocrx_word' id='word_1_223' title='bbox 2465 1632 2803 1696; x_wconf 91' lang='lat' dir='ltr'><strong>occurrunt,</strong></span> <span class='ocrx_word' id='word_1_224' title='bbox 2834 1628 3063 1683; x_wconf 90' lang='lat' dir='ltr'><strong>interim</strong></span> <span class='ocrx_word' id='word_1_225' title='bbox 3097 1634 3420 1700; x_wconf 89' lang='lat' dir='ltr'><strong>taceamus,</strong></span> <span class='ocrx_word' id='word_1_226' title='bbox 3443 1645 3616 1700; x_wconf 86' lang='lat' dir='ltr'><strong>gene-</strong></span> 
     </span>
    </p>
   </div>
   <div class='ocr_carea' id='block_1_32' title="bbox 1970 1714 3617 1788">
    <p class='ocr_par' dir='ltr' id='par_1_32' title="bbox 1970 1714 3617 1788">
     <span class='ocr_line' id='line_1_32' title="bbox 1970 1714 3617 1788; baseline 0.003 -19"><span class='ocrx_word' id='word_1_227' title='bbox 1970 1714 2075 1769; x_wconf 84' lang='lat' dir='ltr'><strong>rali</strong></span> <span class='ocrx_word' id='word_1_228' title='bbox 2107 1715 2240 1769; x_wconf 85' lang='lat' dir='ltr'><strong>tabe</strong></span> <span class='ocrx_word' id='word_1_229' title='bbox 2272 1714 2460 1769; x_wconf 90' lang='lat' dir='ltr'><strong>omnia</strong></span> <span class='ocrx_word' id='word_1_230' title='bbox 2496 1716 2614 1769; x_wconf 88' lang='lat' dir='ltr'><strong>fere</strong></span> <span class='ocrx_word' id='word_1_231' title='bbox 2657 1714 2838 1770; x_wconf 90' lang='lat' dir='ltr'><strong>nostri</strong></span> <span class='ocrx_word' id='word_1_232' title='bbox 2887 1717 3171 1785; x_wconf 89' lang='lat' dir='ltr'><strong>temporis</strong></span> <span class='ocrx_word' id='word_1_233' title='bbox 3201 1717 3465 1788; x_wconf 87' lang='lat' dir='ltr'><strong>corrupit</strong></span> <span class='ocrx_word' id='word_1_234' title='bbox 3500 1732 3617 1774; x_wconf 86' lang='lat' dir='ltr'><strong>mo-</strong></span> 
     </span>
    </p>
   </div>
   <div class='ocr_carea' id='block_1_33' title="bbox 198 1799 3617 1886">
    <p class='ocr_par' dir='ltr' id='par_1_33' title="bbox 198 1799 3617 1886">
     <span class='ocr_line' id='line_1_33' title="bbox 198 1799 3617 1886; baseline 0.002 -32"><span class='ocrx_word' id='word_1_235' title='bbox 198 1800 413 1869; x_wconf 83' lang='lat' dir='ltr'><strong>fugere</strong></span> <span class='ocrx_word' id='word_1_236' title='bbox 447 1799 713 1855; x_wconf 89' lang='lat' dir='ltr'><strong>inimicos</strong></span> <span class='ocrx_word' id='word_1_237' title='bbox 730 1814 888 1855; x_wconf 91' lang='lat' dir='ltr'><strong>meos</strong></span> <span class='ocrx_word' id='word_1_238' title='bbox 913 1804 1172 1871; x_wconf 89' lang='lat' dir='ltr'><strong>tempore</strong></span> <span class='ocrx_word' id='word_1_239' title='bbox 1200 1802 1458 1872; x_wconf 59' lang='lat' dir='ltr'><strong>praefixo,</strong></span> <span class='ocrx_word' id='word_1_240' title='bbox 1488 1802 1620 1858; x_wconf 89' lang='lat' dir='ltr'><strong>illos</strong></span> <span class='ocrx_word' id='word_1_241' title='bbox 1644 1803 1857 1859; x_wconf 89' lang='lat' dir='ltr'><strong>invale-</strong></span> <span class='ocrx_word' id='word_1_242' title='bbox 1886 1826 1938 1886; x_wconf 78' lang='grc' dir='ltr'>Β</span> <span class='ocrx_word' id='word_1_243' title='bbox 1970 1802 2224 1858; x_wconf 91' lang='lat' dir='ltr'><strong>nasteria</strong></span> <span class='ocrx_word' id='word_1_244' title='bbox 2252 1819 2265 1867; x_wconf 95' lang='lat'>;</span> <span class='ocrx_word' id='word_1_245' title='bbox 2299 1806 2355 1857; x_wconf 90' lang='lat' dir='ltr'><strong>et</strong></span> <span class='ocrx_word' id='word_1_246' title='bbox 2390 1802 2611 1870; x_wconf 85' lang='lat' dir='ltr'><strong>ignitus</strong></span> <span class='ocrx_word' id='word_1_247' title='bbox 2648 1801 2744 1857; x_wconf 91' lang='lat' dir='ltr'><strong>ille</strong></span> <span class='ocrx_word' id='word_1_248' title='bbox 2776 1816 3020 1873; x_wconf 88' lang='lat' dir='ltr'><strong>serpens</strong></span> <span class='ocrx_word' id='word_1_249' title='bbox 3060 1805 3617 1861; x_wconf 88' lang='lat' dir='ltr'><strong>obmurmurationis</strong></span> 
     </span>
    </p>
   </div>
   <div class='ocr_carea' id='block_1_34' title="bbox 190 1888 1856 1957">
    <p class='ocr_par' dir='ltr' id='par_1_34' title="bbox 190 1888 1856 1957">
     <span class='ocr_line' id='line_1_34' title="bbox 190 1888 1856 1957; baseline 0.002 -14"><span class='ocrx_word' id='word_1_250' title='bbox 190 1902 392 1957; x_wconf 83' lang='lat' dir='ltr'><strong>scere,</strong></span> <span class='ocrx_word' id='word_1_251' title='bbox 428 1902 518 1943; x_wconf 89' lang='lat' dir='ltr'><strong>me</strong></span> <span class='ocrx_word' id='word_1_252' title='bbox 556 1889 787 1944; x_wconf 90' lang='lat' dir='ltr'><strong>omnino</strong></span> <span class='ocrx_word' id='word_1_253' title='bbox 834 1888 1103 1957; x_wconf 84' lang='lat' dir='ltr'><strong>deﬁcere,</strong></span> <span class='ocrx_word' id='word_1_254' title='bbox 1142 1894 1203 1945; x_wconf 90' lang='lat' dir='ltr'><strong>ut</strong></span> <span class='ocrx_word' id='word_1_255' title='bbox 1250 1890 1484 1945; x_wconf 90' lang='lat' dir='ltr'><strong>omnino</strong></span> <span class='ocrx_word' id='word_1_256' title='bbox 1538 1906 1649 1946; x_wconf 90' lang='lat' dir='ltr'><strong>non</strong></span> <span class='ocrx_word' id='word_1_257' title='bbox 1696 1896 1856 1947; x_wconf 87' lang='lat' dir='ltr'><strong>esset</strong></span> 
     </span>
    </p>
   </div>
   <div class='ocr_carea' id='block_1_35' title="bbox 195 1975 1852 2048">
    <p class='ocr_par' dir='ltr' id='par_1_35' title="bbox 195 1975 1852 2048">
     <span class='ocr_line' id='line_1_35' title="bbox 195 1975 1852 2048; baseline 0.001 -16"><span class='ocrx_word' id='word_1_258' title='bbox 195 1977 301 2048; x_wconf 89' lang='lat' dir='ltr'><strong>qui</strong></span> <span class='ocrx_word' id='word_1_259' title='bbox 326 1989 416 2031; x_wconf 90' lang='lat' dir='ltr'><strong>me</strong></span> <span class='ocrx_word' id='word_1_260' title='bbox 440 1975 685 2032; x_wconf 89' lang='lat' dir='ltr'><strong>amicum</strong></span> <span class='ocrx_word' id='word_1_261' title='bbox 723 1981 1069 2045; x_wconf 82' lang='lat' dir='ltr'><strong>agnosceret</strong></span> <span class='ocrx_word' id='word_1_262' title='bbox 1092 1982 1152 2032; x_wconf 92' lang='lat' dir='ltr'><strong>et</strong></span> <span class='ocrx_word' id='word_1_263' title='bbox 1172 1981 1233 2032; x_wconf 94' lang='lat' dir='ltr'><strong>ut</strong></span> <span class='ocrx_word' id='word_1_264' title='bbox 1256 1978 1441 2033; x_wconf 90' lang='lat' dir='ltr'><strong>amico</strong></span> <span class='ocrx_word' id='word_1_265' title='bbox 1466 1979 1852 2048; x_wconf 76' lang='lat' dir='ltr'><strong>bcnefaceret,</strong></span> 
     </span>
    </p>
   </div>
   <div class='ocr_carea' id='block_1_36' title="bbox 193 2064 1858 2137">
    <p class='ocr_par' dir='ltr' id='par_1_36' title="bbox 193 2064 1858 2137">
     <span class='ocr_line' id='line_1_36' title="bbox 193 2064 1858 2137; baseline 0.002 -18"><span class='ocrx_word' id='word_1_266' title='bbox 193 2069 260 2119; x_wconf 90' lang='lat' dir='ltr'><strong>et</strong></span> <span class='ocrx_word' id='word_1_267' title='bbox 282 2069 483 2120; x_wconf 88' lang='lat' dir='ltr'><strong>tamen</strong></span> <span class='ocrx_word' id='word_1_268' title='bbox 509 2064 742 2119; x_wconf 82' lang='lat' dir='ltr'><strong>infamia</strong></span> <span class='ocrx_word' id='word_1_269' title='bbox 770 2079 891 2119; x_wconf 91' lang='lat' dir='ltr'><strong>mea</strong></span> <span class='ocrx_word' id='word_1_270' title='bbox 917 2064 970 2119; x_wconf 93' lang='lat' dir='ltr'><strong>in</strong></span> <span class='ocrx_word' id='word_1_271' title='bbox 997 2064 1149 2120; x_wconf 93' lang='lat' dir='ltr'><strong>omni</strong></span> <span class='ocrx_word' id='word_1_272' title='bbox 1178 2065 1475 2136; x_wconf 89' lang='lat' dir='ltr'><strong>tripertito</strong></span> <span class='ocrx_word' id='word_1_273' title='bbox 1509 2067 1618 2122; x_wconf 91' lang='lat' dir='ltr'><strong>hoc</strong></span> <span class='ocrx_word' id='word_1_274' title='bbox 1649 2083 1858 2137; x_wconf 80' lang='lat' dir='ltr'><strong>purga-</strong></span> 
     </span>
    </p>
   </div>
   <div class='ocr_carea' id='block_1_37' title="bbox 195 2150 1856 2221">
    <p class='ocr_par' dir='ltr' id='par_1_37' title="bbox 195 2150 1856 2221">
     <span class='ocr_line' id='line_1_37' title="bbox 195 2150 1856 2221; baseline 0.002 -14"><span class='ocrx_word' id='word_1_275' title='bbox 195 2152 388 2207; x_wconf 82' lang='lat' dir='ltr'><strong>tionis</strong></span> <span class='ocrx_word' id='word_1_276' title='bbox 417 2166 635 2221; x_wconf 85' lang='lat' dir='ltr'><strong>genere</strong></span> <span class='ocrx_word' id='word_1_277' title='bbox 668 2167 779 2206; x_wconf 91' lang='lat' dir='ltr'><strong>non</strong></span> <span class='ocrx_word' id='word_1_278' title='bbox 812 2150 1024 2208; x_wconf 87' lang='lat' dir='ltr'><strong>lateret</strong></span> <span class='ocrx_word' id='word_1_279' title='bbox 1044 2156 1224 2208; x_wconf 70' lang='lat' dir='ltr'><strong>fesse</strong></span> <span class='ocrx_word' id='word_1_280' title='bbox 1255 2157 1448 2209; x_wconf 91' lang='lat' dir='ltr'><strong>autem</strong></span> <span class='ocrx_word' id='word_1_281' title='bbox 1475 2154 1528 2208; x_wconf 89' lang='lat' dir='ltr'><strong>in</strong></span> <span class='ocrx_word' id='word_1_282' title='bbox 1554 2154 1856 2211; x_wconf 90' lang='lat' dir='ltr'><strong>voluntate</strong></span> 
     </span>
    </p>
   </div>
   <div class='ocr_carea' id='block_1_38' title="bbox 196 2240 1857 2312">
    <p class='ocr_par' dir='ltr' id='par_1_38' title="bbox 196 2240 1857 2312">
     <span class='ocr_line' id='line_1_38' title="bbox 196 2240 1857 2312; baseline 0.002 -17"><span class='ocrx_word' id='word_1_283' title='bbox 196 2255 357 2309; x_wconf 88' lang='lat' dir='ltr'><strong>mea,</strong></span> <span class='ocrx_word' id='word_1_284' title='bbox 394 2246 460 2296; x_wconf 92' lang='lat' dir='ltr'><strong>ut</strong></span> <span class='ocrx_word' id='word_1_285' title='bbox 494 2240 942 2296; x_wconf 88' lang='lat' dir='ltr'><strong>adbreviaretur</strong></span> <span class='ocrx_word' id='word_1_286' title='bbox 972 2240 1103 2296; x_wconf 91' lang='lat' dir='ltr'><strong>mali</strong></span> <span class='ocrx_word' id='word_1_287' title='bbox 1137 2244 1367 2312; x_wconf 89' lang='lat' dir='ltr'><strong>tempus</strong></span> <span class='ocrx_word' id='word_1_288' title='bbox 1407 2243 1857 2311; x_wconf 78' lang='lat' dir='ltr'><strong>exaggeratione</strong></span> 
     </span>
    </p>
   </div>
   <div class='ocr_carea' id='block_1_39' title="bbox 196 2327 1859 2400">
    <p class='ocr_par' dir='ltr' id='par_1_39' title="bbox 196 2327 1859 2400">
     <span class='ocr_line' id='line_1_39' title="bbox 196 2327 1859 2400; baseline 0.002 -17"><span class='ocrx_word' id='word_1_289' title='bbox 196 2327 484 2385; x_wconf 67' lang='lat' dir='ltr'><strong>vindictae</strong></span> <span class='ocrx_word' id='word_1_290' title='bbox 513 2328 709 2384; x_wconf 91' lang='lat' dir='ltr'><strong>acrius</strong></span> <span class='ocrx_word' id='word_1_291' title='bbox 733 2328 1087 2397; x_wconf 89' lang='lat' dir='ltr'><strong>inundantis,</strong></span> <span class='ocrx_word' id='word_1_292' title='bbox 1106 2344 1175 2383; x_wconf 88' lang='lat' dir='ltr'><strong>an</strong></span> <span class='ocrx_word' id='word_1_293' title='bbox 1203 2329 1648 2400; x_wconf 88' lang='lat' dir='ltr'><strong>prolongaretur</strong></span> <span class='ocrx_word' id='word_1_294' title='bbox 1671 2347 1859 2387; x_wconf 87' lang='lat' dir='ltr'><strong>moro-</strong></span> 
     </span>
    </p>
   </div>
   <div class='ocr_carea' id='block_1_40' title="bbox 197 2415 1859 2487">
    <p class='ocr_par' dir='ltr' id='par_1_40' title="bbox 197 2415 1859 2487">
     <span class='ocr_line' id='line_1_40' title="bbox 197 2415 1859 2487; baseline 0.001 -16"><span class='ocrx_word' id='word_1_295' title='bbox 197 2416 384 2472; x_wconf 88' lang='lat' dir='ltr'><strong>sitate</strong></span> <span class='ocrx_word' id='word_1_296' title='bbox 415 2415 673 2485; x_wconf 85' lang='lat' dir='ltr'><strong>alicujus</strong></span> <span class='ocrx_word' id='word_1_297' title='bbox 706 2416 1122 2471; x_wconf 90' lang='lat' dir='ltr'><strong>deliniationis.</strong></span> <span class='ocrx_word' id='word_1_298' title='bbox 1147 2417 1434 2487; x_wconf 90' lang='lat' dir='ltr'><strong>Obstupui</strong></span> <span class='ocrx_word' id='word_1_299' title='bbox 1461 2418 1530 2473; x_wconf 91' lang='lat' dir='ltr'><strong>ad</strong></span> <span class='ocrx_word' id='word_1_300' title='bbox 1556 2433 1752 2473; x_wconf 88' lang='lat' dir='ltr'><strong>vocem</strong></span> <span class='ocrx_word' id='word_1_301' title='bbox 1778 2418 1859 2473; x_wconf 90' lang='lat' dir='ltr'><strong>lo-</strong></span> 
     </span>
    </p>
   </div>
   <div class='ocr_carea' id='block_1_41' title="bbox 200 2504 1858 2575">
    <p class='ocr_par' dir='ltr' id='par_1_41' title="bbox 200 2504 1858 2575">
     <span class='ocr_line' id='line_1_41' title="bbox 200 2504 1858 2575; baseline 0.001 -16"><span class='ocrx_word' id='word_1_302' title='bbox 200 2504 468 2574; x_wconf 85' lang='lat' dir='ltr'><strong>quentis,</strong></span> <span class='ocrx_word' id='word_1_303' title='bbox 504 2509 565 2559; x_wconf 90' lang='lat' dir='ltr'><strong>et</strong></span> <span class='ocrx_word' id='word_1_304' title='bbox 595 2519 727 2559; x_wconf 91' lang='lat' dir='ltr'><strong>cum</strong></span> <span class='ocrx_word' id='word_1_305' title='bbox 759 2508 987 2559; x_wconf 90' lang='lat' dir='ltr'><strong>artarer</strong></span> <span class='ocrx_word' id='word_1_306' title='bbox 1018 2504 1336 2574; x_wconf 88' lang='lat' dir='ltr'><strong>responsis,</strong></span> <span class='ocrx_word' id='word_1_307' title='bbox 1360 2505 1692 2575; x_wconf 82' lang='lat' dir='ltr'><strong>recogitans</strong></span> <span class='ocrx_word' id='word_1_308' title='bbox 1725 2507 1858 2575; x_wconf 87' lang='lat' dir='ltr'><strong>quia</strong></span> 
     </span>
    </p>
   </div>
   <div class='ocr_carea' id='block_1_42' title="bbox 200 2592 1857 2662">
    <p class='ocr_par' dir='ltr' id='par_1_42' title="bbox 200 2592 1857 2662">
     <span class='ocr_line' id='line_1_42' title="bbox 200 2592 1857 2662; baseline 0 -14"><span class='ocrx_word' id='word_1_309' title='bbox 200 2606 317 2661; x_wconf 81' lang='lat' dir='ltr'><strong>ego</strong></span> <span class='ocrx_word' id='word_1_310' title='bbox 348 2607 477 2648; x_wconf 90' lang='lat' dir='ltr'><strong>sum</strong></span> <span class='ocrx_word' id='word_1_311' title='bbox 510 2592 606 2662; x_wconf 89' lang='lat' dir='ltr'><strong>qui</strong></span> <span class='ocrx_word' id='word_1_312' title='bbox 640 2592 894 2662; x_wconf 86' lang='lat' dir='ltr'><strong>peccavi,</strong></span> <span class='ocrx_word' id='word_1_313' title='bbox 928 2607 1036 2659; x_wconf 85' lang='lat' dir='ltr'><strong>ego</strong></span> <span class='ocrx_word' id='word_1_314' title='bbox 1079 2592 1174 2662; x_wconf 89' lang='lat' dir='ltr'><strong>qui</strong></span> <span class='ocrx_word' id='word_1_315' title='bbox 1228 2592 1424 2661; x_wconf 90' lang='lat' dir='ltr'><strong>inique</strong></span> <span class='ocrx_word' id='word_1_316' title='bbox 1475 2593 1587 2662; x_wconf 86' lang='lat' dir='ltr'><strong>egi,</strong></span> <span class='ocrx_word' id='word_1_317' title='bbox 1624 2593 1857 2649; x_wconf 86' lang='lat' dir='ltr'><strong>subdidi</strong></span> 
     </span>
    </p>
   </div>
   <div class='ocr_carea' id='block_1_43' title="bbox 203 2679 1860 2749">
    <p class='ocr_par' dir='ltr' id='par_1_43' title="bbox 203 2679 1860 2749">
     <span class='ocr_line' id='line_1_43' title="bbox 203 2679 1860 2749; baseline 0.001 -15"><span class='ocrx_word' id='word_1_318' title='bbox 203 2694 299 2735; x_wconf 88' lang='lat' dir='ltr'><strong>me</strong></span> <span class='ocrx_word' id='word_1_319' title='bbox 330 2679 577 2749; x_wconf 72' lang='lat' dir='ltr'><strong>justitize</strong></span> <span class='ocrx_word' id='word_1_320' title='bbox 609 2680 730 2749; x_wconf 90' lang='lat' dir='ltr'><strong>Dei,</strong></span> <span class='ocrx_word' id='word_1_321' title='bbox 757 2679 1024 2749; x_wconf 89' lang='lat' dir='ltr'><strong>quoniam</strong></span> <span class='ocrx_word' id='word_1_322' title='bbox 1057 2681 1261 2747; x_wconf 88' lang='lat' dir='ltr'><strong>bonus,</strong></span> <span class='ocrx_word' id='word_1_323' title='bbox 1295 2684 1351 2734; x_wconf 89' lang='lat' dir='ltr'><strong>et</strong></span> <span class='ocrx_word' id='word_1_324' title='bbox 1388 2680 1442 2734; x_wconf 93' lang='lat' dir='ltr'><strong>in</strong></span> <span class='ocrx_word' id='word_1_325' title='bbox 1475 2680 1733 2737; x_wconf 90' lang='lat' dir='ltr'><strong>seculum</strong></span> <span class='ocrx_word' id='word_1_326' title='bbox 1767 2682 1860 2736; x_wconf 87' lang='lat' dir='ltr'><strong>mi-</strong></span> 
     </span>
    </p>
   </div>
   <div class='ocr_carea' id='block_1_44' title="bbox 200 2767 1855 2837">
    <p class='ocr_par' dir='ltr' id='par_1_44' title="bbox 200 2767 1855 2837">
     <span class='ocr_line' id='line_1_44' title="bbox 200 2767 1855 2837; baseline 0.001 -13"><span class='ocrx_word' id='word_1_327' title='bbox 200 2767 534 2825; x_wconf 87' lang='lat' dir='ltr'><strong>sericordia</strong></span> <span class='ocrx_word' id='word_1_328' title='bbox 559 2767 705 2837; x_wconf 90' lang='lat' dir='ltr'><strong>ejus.</strong></span> <span class='ocrx_word' id='word_1_329' title='bbox 732 2767 960 2824; x_wconf 90' lang='lat' dir='ltr'><strong>Timens</strong></span> <span class='ocrx_word' id='word_1_330' title='bbox 992 2782 1130 2837; x_wconf 89' lang='lat' dir='ltr'><strong>vero</strong></span> <span class='ocrx_word' id='word_1_331' title='bbox 1163 2782 1232 2824; x_wconf 91' lang='lat' dir='ltr'><strong>ne</strong></span> <span class='ocrx_word' id='word_1_332' title='bbox 1263 2768 1569 2823; x_wconf 82' lang='lat' dir='ltr'><strong>deficerem</strong></span> <span class='ocrx_word' id='word_1_333' title='bbox 1595 2769 1647 2823; x_wconf 92' lang='lat' dir='ltr'><strong>in</strong></span> <span class='ocrx_word' id='word_1_334' title='bbox 1682 2769 1855 2825; x_wconf 88' lang='lat' dir='ltr'><strong>tribu-</strong></span> 
     </span>
    </p>
   </div>
   <div class='ocr_carea' id='block_1_45' title="bbox 200 2855 1861 2926">
    <p class='ocr_par' dir='ltr' id='par_1_45' title="bbox 200 2855 1861 2926">
     <span class='ocr_line' id='line_1_45' title="bbox 200 2855 1861 2926; baseline 0.002 -17"><span class='ocrx_word' id='word_1_335' title='bbox 200 2855 549 2925; x_wconf 90' lang='lat' dir='ltr'><strong>lationibus,</strong></span> <span class='ocrx_word' id='word_1_336' title='bbox 575 2870 704 2911; x_wconf 82' lang='lat' dir='ltr'><strong>rum</strong></span> <span class='ocrx_word' id='word_1_337' title='bbox 729 2870 955 2911; x_wconf 82' lang='lat' dir='ltr'><strong>orarem</strong></span> <span class='ocrx_word' id='word_1_338' title='bbox 982 2856 1268 2912; x_wconf 89' lang='lat' dir='ltr'><strong>reservari</strong></span> <span class='ocrx_word' id='word_1_339' title='bbox 1296 2856 1431 2910; x_wconf 89' lang='lat' dir='ltr'><strong>mihi</strong></span> <span class='ocrx_word' id='word_1_340' title='bbox 1463 2855 1692 2926; x_wconf 91' lang='lat' dir='ltr'><strong>aliquos</strong></span> <span class='ocrx_word' id='word_1_341' title='bbox 1724 2858 1861 2913; x_wconf 90' lang='lat' dir='ltr'><strong>ami-</strong></span> 
     </span>
    </p>
   </div>
   <div class='ocr_carea' id='block_1_46' title="bbox 201 2943 1858 3016">
    <p class='ocr_par' dir='ltr' id='par_1_46' title="bbox 201 2943 1858 3016">
     <span class='ocr_line' id='line_1_46' title="bbox 201 2943 1858 3016; baseline -0.001 -15"><span class='ocrx_word' id='word_1_342' title='bbox 201 2959 434 3013; x_wconf 90' lang='lat' dir='ltr'><strong>corum,</strong></span> <span class='ocrx_word' id='word_1_343' title='bbox 467 2958 712 3015; x_wconf 90' lang='lat' dir='ltr'><strong>quorum</strong></span> <span class='ocrx_word' id='word_1_344' title='bbox 745 2943 1007 3000; x_wconf 91' lang='lat' dir='ltr'><strong>consiliis</strong></span> <span class='ocrx_word' id='word_1_345' title='bbox 1063 2948 1427 3015; x_wconf 89' lang='lat' dir='ltr'><strong>protegerer,</strong></span> <span class='ocrx_word' id='word_1_346' title='bbox 1477 2960 1587 3000; x_wconf 92' lang='lat' dir='ltr'><strong>non</strong></span> <span class='ocrx_word' id='word_1_347' title='bbox 1633 2946 1858 3016; x_wconf 89' lang='lat' dir='ltr'><strong>eptinui</strong></span> 
     </span>
    </p>
   </div>
   <div class='ocr_carea' id='block_1_47' title="bbox 199 3032 1858 3103">
    <p class='ocr_par' dir='ltr' id='par_1_47' title="bbox 199 3032 1858 3103">
     <span class='ocr_line' id='line_1_47' title="bbox 199 3032 1858 3103; baseline 0.002 -16"><span class='ocrx_word' id='word_1_348' title='bbox 199 3032 322 3088; x_wconf 89' lang='lat' dir='ltr'><strong>nisi</strong></span> <span class='ocrx_word' id='word_1_349' title='bbox 357 3032 606 3102; x_wconf 86' lang='lat' dir='ltr'><strong>gratiam</strong></span> <span class='ocrx_word' id='word_1_350' title='bbox 641 3032 828 3103; x_wconf 89' lang='lat' dir='ltr'><strong>patris</strong></span> <span class='ocrx_word' id='word_1_351' title='bbox 860 3032 1067 3102; x_wconf 91' lang='lat' dir='ltr'><strong>nostri,</strong></span> <span class='ocrx_word' id='word_1_352' title='bbox 1100 3047 1269 3103; x_wconf 88' lang='lat' dir='ltr'><strong>quem</strong></span> <span class='ocrx_word' id='word_1_353' title='bbox 1322 3032 1493 3089; x_wconf 92' lang='lat' dir='ltr'><strong>etiam</strong></span> <span class='ocrx_word' id='word_1_354' title='bbox 1546 3033 1858 3090; x_wconf 89' lang='lat' dir='ltr'><strong>novissime</strong></span> 
     </span>
    </p>
   </div>
   <div class='ocr_carea' id='block_1_48' title="bbox 201 3119 1859 3191">
    <p class='ocr_par' dir='ltr' id='par_1_48' title="bbox 201 3119 1859 3191">
     <span class='ocr_line' id='line_1_48' title="bbox 201 3119 1859 3191; baseline 0.001 -17"><span class='ocrx_word' id='word_1_355' title='bbox 201 3120 521 3177; x_wconf 87' lang='lat' dir='ltr'><strong>habiturus</strong></span> <span class='ocrx_word' id='word_1_356' title='bbox 549 3134 660 3176; x_wconf 92' lang='lat' dir='ltr'><strong>non</strong></span> <span class='ocrx_word' id='word_1_357' title='bbox 693 3134 903 3191; x_wconf 91' lang='lat' dir='ltr'><strong>essem,</strong></span> <span class='ocrx_word' id='word_1_358' title='bbox 937 3125 1007 3174; x_wconf 71' lang='lat' dir='ltr'><strong>et</strong></span> <span class='ocrx_word' id='word_1_359' title='bbox 1041 3120 1233 3175; x_wconf 89' lang='lat' dir='ltr'><strong>audivi</strong></span> <span class='ocrx_word' id='word_1_360' title='bbox 1269 3121 1421 3191; x_wconf 91' lang='lat' dir='ltr'><strong>quod</strong></span> <span class='ocrx_word' id='word_1_361' title='bbox 1455 3119 1660 3176; x_wconf 91' lang='lat' dir='ltr'><strong>domus</strong></span> <span class='ocrx_word' id='word_1_362' title='bbox 1692 3121 1859 3177; x_wconf 92' lang='lat' dir='ltr'><strong>ducis</strong></span> 
     </span>
    </p>
   </div>
   <div class='ocr_carea' id='block_1_49' title="bbox 200 3208 1859 3278">
    <p class='ocr_par' dir='ltr' id='par_1_49' title="bbox 200 3208 1859 3278">
     <span class='ocr_line' id='line_1_49' title="bbox 200 3208 1859 3278; baseline 0.001 -15"><span class='ocrx_word' id='word_1_363' title='bbox 200 3208 460 3263; x_wconf 83' lang='lat' dir='ltr'><strong>maxime</strong></span> <span class='ocrx_word' id='word_1_364' title='bbox 491 3208 783 3264; x_wconf 84' lang='lat' dir='ltr'><strong>infamiam</strong></span> <span class='ocrx_word' id='word_1_365' title='bbox 817 3208 1096 3264; x_wconf 90' lang='lat' dir='ltr'><strong>dilataret</strong></span> <span class='ocrx_word' id='word_1_366' title='bbox 1126 3214 1187 3263; x_wconf 90' lang='lat' dir='ltr'><strong>et</strong></span> <span class='ocrx_word' id='word_1_367' title='bbox 1219 3208 1621 3278; x_wconf 82' lang='lat' dir='ltr'><strong>amplificaret.</strong></span> <span class='ocrx_word' id='word_1_368' title='bbox 1655 3210 1859 3265; x_wconf 87' lang='lat' dir='ltr'><strong>Preca-</strong></span> 
     </span>
    </p>
   </div>
   <div class='ocr_carea' id='block_1_50' title="bbox 196 3296 1861 3366">
    <p class='ocr_par' dir='ltr' id='par_1_50' title="bbox 196 3296 1861 3366">
     <span class='ocr_line' id='line_1_50' title="bbox 196 3296 1861 3366; baseline 0.001 -17"><span class='ocrx_word' id='word_1_369' title='bbox 196 3301 302 3353; x_wconf 90' lang='lat' dir='ltr'><strong>tus</strong></span> <span class='ocrx_word' id='word_1_370' title='bbox 334 3310 485 3366; x_wconf 90' lang='lat' dir='ltr'><strong>sum,</strong></span> <span class='ocrx_word' id='word_1_371' title='bbox 509 3302 571 3352; x_wconf 92' lang='lat' dir='ltr'><strong>ut</strong></span> <span class='ocrx_word' id='word_1_372' title='bbox 606 3296 902 3366; x_wconf 63' lang='lat' dir='ltr'><strong>patientia)</strong></span> <span class='ocrx_word' id='word_1_373' title='bbox 933 3296 1152 3352; x_wconf 89' lang='lat' dir='ltr'><strong>virtute</strong></span> <span class='ocrx_word' id='word_1_374' title='bbox 1189 3297 1465 3366; x_wconf 85' lang='lat' dir='ltr'><strong>munirer,</strong></span> <span class='ocrx_word' id='word_1_375' title='bbox 1494 3311 1564 3351; x_wconf 90' lang='lat' dir='ltr'><strong>ne</strong></span> <span class='ocrx_word' id='word_1_376' title='bbox 1597 3297 1861 3353; x_wconf 91' lang='lat' dir='ltr'><strong>subcum-</strong></span> 
     </span>
    </p>
   </div>
   <div class='ocr_carea' id='block_1_51' title="bbox 200 3383 1860 3456">
    <p class='ocr_par' dir='ltr' id='par_1_51' title="bbox 200 3383 1860 3456">
     <span class='ocr_line' id='line_1_51' title="bbox 200 3383 1860 3456; baseline -0.001 -16"><span class='ocrx_word' id='word_1_377' title='bbox 200 3386 431 3454; x_wconf 86' lang='lat' dir='ltr'><strong>berem,</strong></span> <span class='ocrx_word' id='word_1_378' title='bbox 462 3387 524 3439; x_wconf 90' lang='lat' dir='ltr'><strong>et</strong></span> <span class='ocrx_word' id='word_1_379' title='bbox 552 3383 905 3439; x_wconf 90' lang='lat' dir='ltr'><strong>ammonitus</strong></span> <span class='ocrx_word' id='word_1_380' title='bbox 937 3398 1061 3440; x_wconf 90' lang='lat' dir='ltr'><strong>sum</strong></span> <span class='ocrx_word' id='word_1_381' title='bbox 1095 3384 1150 3438; x_wconf 93' lang='lat' dir='ltr'><strong>in</strong></span> <span class='ocrx_word' id='word_1_382' title='bbox 1197 3384 1580 3440; x_wconf 89' lang='lat' dir='ltr'><strong>tribulatione</strong></span> <span class='ocrx_word' id='word_1_383' title='bbox 1629 3399 1860 3456; x_wconf 91' lang='lat' dir='ltr'><strong>semper</strong></span> 
     </span>
    </p>
   </div>
   <div class='ocr_carea' id='block_1_52' title="bbox 191 3470 1858 3541">
    <p class='ocr_par' dir='ltr' id='par_1_52' title="bbox 191 3470 1858 3541">
     <span class='ocr_line' id='line_1_52' title="bbox 191 3470 1858 3541; baseline 0.001 -15"><span class='ocrx_word' id='word_1_384' title='bbox 191 3471 433 3541; x_wconf 83' lang='lat' dir='ltr'><strong>gratias</strong></span> <span class='ocrx_word' id='word_1_385' title='bbox 464 3485 658 3541; x_wconf 85' lang='lat' dir='ltr'><strong>agere,</strong></span> <span class='ocrx_word' id='word_1_386' title='bbox 684 3486 821 3527; x_wconf 86' lang='lat' dir='ltr'><strong>vera</strong></span> <span class='ocrx_word' id='word_1_387' title='bbox 847 3470 1205 3541; x_wconf 91' lang='lat' dir='ltr'><strong>ejusjudicia</strong></span> <span class='ocrx_word' id='word_1_388' title='bbox 1230 3471 1488 3541; x_wconf 90' lang='lat' dir='ltr'><strong>laudare,</strong></span> <span class='ocrx_word' id='word_1_389' title='bbox 1516 3478 1574 3527; x_wconf 89' lang='lat' dir='ltr'><strong>et</strong></span> <span class='ocrx_word' id='word_1_390' title='bbox 1598 3486 1719 3528; x_wconf 91' lang='lat' dir='ltr'><strong>mea</strong></span> <span class='ocrx_word' id='word_1_391' title='bbox 1746 3486 1858 3527; x_wconf 87' lang='lat' dir='ltr'><strong>ma-</strong></span> 
     </span>
    </p>
   </div>
   <div class='ocr_carea' id='block_1_53' title="bbox 194 3558 1856 3630">
    <p class='ocr_par' dir='ltr' id='par_1_53' title="bbox 194 3558 1856 3630">
     <span class='ocr_line' id='line_1_53' title="bbox 194 3558 1856 3630; baseline 0.001 -16"><span class='ocrx_word' id='word_1_392' title='bbox 194 3559 417 3616; x_wconf 85' lang='lat' dir='ltr'><strong>lefacta</strong></span> <span class='ocrx_word' id='word_1_393' title='bbox 452 3573 734 3615; x_wconf 89' lang='lat' dir='ltr'><strong>accusare</strong></span> <span class='ocrx_word' id='word_1_394' title='bbox 766 3579 779 3614; x_wconf 90' lang='lat'>:</span> <span class='ocrx_word' id='word_1_395' title='bbox 815 3560 923 3615; x_wconf 91' lang='lat' dir='ltr'><strong>hoc</strong></span> <span class='ocrx_word' id='word_1_396' title='bbox 972 3558 1173 3615; x_wconf 91' lang='lat' dir='ltr'><strong>addito</strong></span> <span class='ocrx_word' id='word_1_397' title='bbox 1225 3558 1399 3629; x_wconf 91' lang='lat' dir='ltr'><strong>quod,</strong></span> <span class='ocrx_word' id='word_1_398' title='bbox 1436 3560 1706 3630; x_wconf 87' lang='lat' dir='ltr'><strong>quotiens</strong></span> <span class='ocrx_word' id='word_1_399' title='bbox 1752 3560 1856 3617; x_wconf 93' lang='lat' dir='ltr'><strong>hoc</strong></span> 
     </span>
    </p>
   </div>
   <div class='ocr_carea' id='block_1_54' title="bbox 197 3646 1858 3719">
    <p class='ocr_par' dir='ltr' id='par_1_54' title="bbox 197 3646 1858 3719">
     <span class='ocr_line' id='line_1_54' title="bbox 197 3646 1858 3719; baseline 0.002 -18"><span class='ocrx_word' id='word_1_400' title='bbox 197 3648 502 3714; x_wconf 90' lang='lat' dir='ltr'><strong>fecissem,</strong></span> <span class='ocrx_word' id='word_1_401' title='bbox 523 3647 654 3703; x_wconf 89' lang='lat' dir='ltr'><strong>mali</strong></span> <span class='ocrx_word' id='word_1_402' title='bbox 682 3647 890 3703; x_wconf 91' lang='lat' dir='ltr'><strong>molem</strong></span> <span class='ocrx_word' id='word_1_403' title='bbox 916 3646 1279 3717; x_wconf 88' lang='lat' dir='ltr'><strong>levigandam</strong></span> <span class='ocrx_word' id='word_1_404' title='bbox 1301 3647 1704 3703; x_wconf 90' lang='lat' dir='ltr'><strong>consolatione</strong></span> <span class='ocrx_word' id='word_1_405' title='bbox 1729 3664 1858 3719; x_wconf 90' lang='lat' dir='ltr'><strong>pro-</strong></span> 
     </span>
    </p>
   </div>
   <div class='ocr_carea' id='block_1_55' title="bbox 191 3735 1852 3806">
    <p class='ocr_par' dir='ltr' id='par_1_55' title="bbox 191 3735 1852 3806">
     <span class='ocr_line' id='line_1_55' title="bbox 191 3735 1852 3806; baseline 0 -16"><span class='ocrx_word' id='word_1_406' title='bbox 191 3736 549 3806; x_wconf 88' lang='lat' dir='ltr'><strong>pinquante.</strong></span> <span class='ocrx_word' id='word_1_407' title='bbox 607 3737 886 3791; x_wconf 85' lang='lat' dir='ltr'><strong>Futurum</strong></span> <span class='ocrx_word' id='word_1_408' title='bbox 942 3740 1134 3792; x_wconf 88' lang='lat' dir='ltr'><strong>autem</strong></span> <span class='ocrx_word' id='word_1_409' title='bbox 1187 3740 1249 3792; x_wconf 92' lang='lat' dir='ltr'><strong>ut</strong></span> <span class='ocrx_word' id='word_1_410' title='bbox 1292 3735 1521 3791; x_wconf 89' lang='lat' dir='ltr'><strong>infamia</strong></span> <span class='ocrx_word' id='word_1_411' title='bbox 1570 3741 1852 3806; x_wconf 90' lang='lat' dir='ltr'><strong>cessaret,</strong></span> 
     </span>
    </p>
   </div>
   <div class='ocr_carea' id='block_1_56' title="bbox 190 3823 1859 3894">
    <p class='ocr_par' dir='ltr' id='par_1_56' title="bbox 190 3823 1859 3894">
     <span class='ocr_line' id='line_1_56' title="bbox 190 3823 1859 3894; baseline 0.001 -15"><span class='ocrx_word' id='word_1_412' title='bbox 190 3824 393 3894; x_wconf 85' lang='lat' dir='ltr'><strong>gratia</strong></span> <span class='ocrx_word' id='word_1_413' title='bbox 412 3824 973 3894; x_wconf 89' lang='lat' dir='ltr'><strong>rediret,tribulatio</strong></span> <span class='ocrx_word' id='word_1_414' title='bbox 986 3823 1718 3891; x_wconf 90' lang='lat' dir='ltr'><strong>evanesceret,consolatio</strong></span> <span class='ocrx_word' id='word_1_415' title='bbox 1733 3839 1859 3880; x_wconf 88' lang='lat' dir='ltr'><strong>suc-</strong></span> 
     </span>
    </p>
   </div>
   <div class='ocr_carea' id='block_1_57' title="bbox 192 3912 1857 3983">
    <p class='ocr_par' dir='ltr' id='par_1_57' title="bbox 192 3912 1857 3983">
     <span class='ocr_line' id='line_1_57' title="bbox 192 3912 1857 3983; baseline -0.001 -16"><span class='ocrx_word' id='word_1_416' title='bbox 192 3917 506 3969; x_wconf 87' lang='lat' dir='ltr'><strong>cresceret</strong></span> <span class='ocrx_word' id='word_1_417' title='bbox 539 3930 551 3968; x_wconf 90' lang='lat'><strong>:</strong></span> <span class='ocrx_word' id='word_1_418' title='bbox 584 3917 722 3968; x_wconf 90' lang='lat' dir='ltr'><strong>tunc</strong></span> <span class='ocrx_word' id='word_1_419' title='bbox 756 3927 868 3968; x_wconf 92' lang='lat' dir='ltr'><strong>non</strong></span> <span class='ocrx_word' id='word_1_420' title='bbox 898 3912 1285 3968; x_wconf 89' lang='lat' dir='ltr'><strong>obliviscerer</strong></span> <span class='ocrx_word' id='word_1_421' title='bbox 1319 3912 1561 3981; x_wconf 86' lang='lat' dir='ltr'><strong>Domini,</strong></span> <span class='ocrx_word' id='word_1_422' title='bbox 1589 3912 1690 3982; x_wconf 88' lang='lat' dir='ltr'><strong>qui</strong></span> <span class='ocrx_word' id='word_1_423' title='bbox 1726 3925 1857 3983; x_wconf 91' lang='lat' dir='ltr'><strong>per-</strong></span> 
     </span>
    </p>
   </div>
   <div class='ocr_carea' id='block_1_58' title="bbox 192 3998 1856 4069">
    <p class='ocr_par' dir='ltr' id='par_1_58' title="bbox 192 3998 1856 4069">
     <span class='ocr_line' id='line_1_58' title="bbox 192 3998 1856 4069; baseline -0.002 -13"><span class='ocrx_word' id='word_1_424' title='bbox 192 4000 357 4056; x_wconf 89' lang='lat' dir='ltr'><strong>cutit</strong></span> <span class='ocrx_word' id='word_1_425' title='bbox 387 4004 450 4057; x_wconf 92' lang='lat' dir='ltr'><strong>et</strong></span> <span class='ocrx_word' id='word_1_426' title='bbox 479 4006 666 4069; x_wconf 90' lang='lat' dir='ltr'><strong>sanat,</strong></span> <span class='ocrx_word' id='word_1_427' title='bbox 700 3999 879 4055; x_wconf 91' lang='lat' dir='ltr'><strong>deicit</strong></span> <span class='ocrx_word' id='word_1_428' title='bbox 908 4005 965 4056; x_wconf 92' lang='lat' dir='ltr'><strong>et</strong></span> <span class='ocrx_word' id='word_1_429' title='bbox 998 3999 1253 4066; x_wconf 88' lang='lat' dir='ltr'><strong>allevat;</strong></span> <span class='ocrx_word' id='word_1_430' title='bbox 1285 3999 1454 4068; x_wconf 90' lang='lat' dir='ltr'><strong>cujus</strong></span> <span class='ocrx_word' id='word_1_431' title='bbox 1487 3998 1712 4068; x_wconf 86' lang='lat' dir='ltr'><strong>ﬂagella</strong></span> <span class='ocrx_word' id='word_1_432' title='bbox 1756 3999 1856 4053; x_wconf 93' lang='lat' dir='ltr'><strong>mi-</strong></span> 
     </span>
    </p>
   </div>
   <div class='ocr_carea' id='block_1_59' title="bbox 194 4087 1853 4159">
    <p class='ocr_par' dir='ltr' id='par_1_59' title="bbox 194 4087 1853 4159">
     <span class='ocr_line' id='line_1_59' title="bbox 194 4087 1853 4159; baseline -0.002 -13"><span class='ocrx_word' id='word_1_433' title='bbox 194 4089 532 4146; x_wconf 82' lang='lat' dir='ltr'><strong>serationes</strong></span> <span class='ocrx_word' id='word_1_434' title='bbox 563 4092 719 4158; x_wconf 88' lang='lat' dir='ltr'><strong>sunt,</strong></span> <span class='ocrx_word' id='word_1_435' title='bbox 746 4089 991 4144; x_wconf 90' lang='lat' dir='ltr'><strong>verbera</strong></span> <span class='ocrx_word' id='word_1_436' title='bbox 1017 4087 1474 4159; x_wconf 87' lang='lat' dir='ltr'><strong>propiciationes</strong></span> <span class='ocrx_word' id='word_1_437' title='bbox 1498 4091 1651 4143; x_wconf 88' lang='lat' dir='ltr'><strong>sunt.</strong></span> <span class='ocrx_word' id='word_1_438' title='bbox 1680 4087 1853 4143; x_wconf 89' lang='lat' dir='ltr'><strong>Plura</strong></span> 
     </span>
    </p>
   </div>
   <div class='ocr_carea' id='block_1_60' title="bbox 198 4176 1526 4247">
    <p class='ocr_par' dir='ltr' id='par_1_60' title="bbox 198 4176 1526 4247">
     <span class='ocr_line' id='line_1_60' title="bbox 198 4176 1526 4247; baseline -0.002 -15"><span class='ocrx_word' id='word_1_439' title='bbox 198 4180 497 4246; x_wconf 64' lang='lat' dir='ltr'><strong>praztereo</strong></span> <span class='ocrx_word' id='word_1_440' title='bbox 530 4191 658 4247; x_wconf 58' lang='lat' dir='ltr'><strong>qua</strong></span> <span class='ocrx_word' id='word_1_441' title='bbox 693 4176 1073 4247; x_wconf 90' lang='lat' dir='ltr'><strong>inplebuntur</strong></span> <span class='ocrx_word' id='word_1_442' title='bbox 1105 4180 1368 4245; x_wconf 92' lang='lat' dir='ltr'><strong>tempore</strong></span> <span class='ocrx_word' id='word_1_443' title='bbox 1401 4190 1526 4231; x_wconf 91' lang='lat' dir='ltr'><strong>suo.</strong></span> 
     </span>
    </p>
   </div>
   <div class='ocr_carea' id='block_1_61' title="bbox 272 4260 1855 4334">
    <p class='ocr_par' dir='ltr' id='par_1_61' title="bbox 272 4260 1855 4334">
     <span class='ocr_line' id='line_1_61' title="bbox 272 4260 1855 4334; baseline -0.004 -13"><span class='ocrx_word' id='word_1_444' title='bbox 272 4263 418 4333; x_wconf 82' lang='lat' dir='ltr'><strong>(Fel.</strong></span> <span class='ocrx_word' id='word_1_445' title='bbox 456 4263 599 4334; x_wconf 84' lang='lat'><strong>139’)</strong></span> <span class='ocrx_word' id='word_1_446' title='bbox 628 4264 868 4320; x_wconf 85' lang='lat' dir='ltr'><strong>Tercius</strong></span> <span class='ocrx_word' id='word_1_447' title='bbox 897 4263 1076 4333; x_wconf 87' lang='lat' dir='ltr'><strong>igitur</strong></span> <span class='ocrx_word' id='word_1_448' title='bbox 1127 4264 1411 4334; x_wconf 82' lang='lat' dir='ltr'><strong>agebatur</strong></span> <span class='ocrx_word' id='word_1_449' title='bbox 1442 4260 1646 4332; x_wconf 78' lang='lat' dir='ltr'><strong>annus,</strong></span> <span class='ocrx_word' id='word_1_450' title='bbox 1684 4266 1741 4317; x_wconf 88' lang='lat' dir='ltr'><strong>et</strong></span> <span class='ocrx_word' id='word_1_451' title='bbox 1772 4262 1855 4333; x_wconf 91' lang='lat' dir='ltr'><strong>ip-</strong></span> 
     </span>
    </p>
   </div>
   <div class='ocr_carea' id='block_1_62' title="bbox 195 4351 1856 4422">
    <p class='ocr_par' dir='ltr' id='par_1_62' title="bbox 195 4351 1856 4422">
     <span class='ocr_line' id='line_1_62' title="bbox 195 4351 1856 4422; baseline -0.002 -13"><span class='ocrx_word' id='word_1_452' title='bbox 195 4353 330 4409; x_wconf 86' lang='lat' dir='ltr'><strong>sius</strong></span> <span class='ocrx_word' id='word_1_453' title='bbox 359 4352 494 4407; x_wconf 87' lang='lat' dir='ltr'><strong>anni</strong></span> <span class='ocrx_word' id='word_1_454' title='bbox 536 4351 752 4408; x_wconf 89' lang='lat' dir='ltr'><strong>mensis</strong></span> <span class='ocrx_word' id='word_1_455' title='bbox 801 4366 989 4408; x_wconf 89' lang='lat' dir='ltr'><strong>nonus</strong></span> <span class='ocrx_word' id='word_1_456' title='bbox 1017 4365 1090 4406; x_wconf 86' lang='lat' dir='ltr'><strong>ex</strong></span> <span class='ocrx_word' id='word_1_457' title='bbox 1120 4366 1235 4422; x_wconf 92' lang='lat' dir='ltr'><strong>quo</strong></span> <span class='ocrx_word' id='word_1_458' title='bbox 1270 4351 1657 4407; x_wconf 90' lang='lat' dir='ltr'><strong>Flaviniacum</strong></span> <span class='ocrx_word' id='word_1_459' title='bbox 1689 4365 1856 4407; x_wconf 89' lang='lat' dir='ltr'><strong>vene-</strong></span> 
     </span>
    </p>
   </div>
   <div class='ocr_carea' id='block_1_63' title="bbox 197 4438 1855 4511">
    <p class='ocr_par' dir='ltr' id='par_1_63' title="bbox 197 4438 1855 4511">
     <span class='ocr_line' id='line_1_63' title="bbox 197 4438 1855 4511; baseline -0.003 -14"><span class='ocrx_word' id='word_1_460' title='bbox 197 4456 349 4510; x_wconf 86' lang='lat' dir='ltr'><strong>ram,</strong></span> <span class='ocrx_word' id='word_1_461' title='bbox 375 4455 507 4497; x_wconf 89' lang='lat' dir='ltr'><strong>cum</strong></span> <span class='ocrx_word' id='word_1_462' title='bbox 535 4439 808 4511; x_wconf 90' lang='lat' dir='ltr'><strong>repetitis</strong></span> <span class='ocrx_word' id='word_1_463' title='bbox 837 4453 903 4495; x_wconf 91' lang='lat' dir='ltr'><strong>ea</strong></span> <span class='ocrx_word' id='word_1_464' title='bbox 936 4454 1064 4510; x_wconf 72' lang='lat' dir='ltr'><strong>quae</strong></span> <span class='ocrx_word' id='word_1_465' title='bbox 1094 4439 1323 4495; x_wconf 91' lang='lat' dir='ltr'><strong>solebat</strong></span> <span class='ocrx_word' id='word_1_466' title='bbox 1356 4438 1671 4495; x_wconf 90' lang='lat' dir='ltr'><strong>domestica</strong></span> <span class='ocrx_word' id='word_1_467' title='bbox 1698 4438 1855 4494; x_wconf 91' lang='lat' dir='ltr'><strong>mali-</strong></span> 
     </span>
    </p>
   </div>
   <div class='ocr_carea' id='block_1_64' title="bbox 198 4510 1940 4599">
    <p class='ocr_par' dir='ltr' id='par_1_64' title="bbox 198 4510 1940 4599">
     <span class='ocr_line' id='line_1_64' title="bbox 198 4510 1940 4599; baseline -0.002 -14"><span class='ocrx_word' id='word_1_468' title='bbox 198 4529 291 4586; x_wconf 89' lang='lat' dir='ltr'><strong>cia</strong></span> <span class='ocrx_word' id='word_1_469' title='bbox 327 4543 419 4584; x_wconf 90' lang='lat' dir='ltr'><strong>me</strong></span> <span class='ocrx_word' id='word_1_470' title='bbox 451 4533 545 4583; x_wconf 90' lang='lat' dir='ltr'><strong>est</strong></span> <span class='ocrx_word' id='word_1_471' title='bbox 571 4510 849 4597; x_wconf 60' lang='lat' dir='ltr'><strong>aggressa</strong></span> <span class='ocrx_word' id='word_1_472' title='bbox 885 4526 1252 4599; x_wconf 87' lang='lat' dir='ltr'><strong>calumpniis,</strong></span> <span class='ocrx_word' id='word_1_473' title='bbox 1285 4531 1345 4582; x_wconf 92' lang='lat' dir='ltr'><strong>et</strong></span> <span class='ocrx_word' id='word_1_474' title='bbox 1374 4526 1713 4596; x_wconf 90' lang='lat' dir='ltr'><strong>majoribus,</strong></span> <span class='ocrx_word' id='word_1_475' title='bbox 1742 4529 1855 4582; x_wconf 90' lang='lat' dir='ltr'><strong>Deo</strong></span> <span class='ocrx_word' id='word_1_476' title='bbox 1886 4510 1940 4572; x_wconf 87' lang='lat' dir='ltr'><strong>D</strong></span> 
     </span>
    </p>
   </div>
   <div class='ocr_carea' id='block_1_65' title="bbox 201 4614 1859 4688">
    <p class='ocr_par' dir='ltr' id='par_1_65' title="bbox 201 4614 1859 4688">
     <span class='ocr_line' id='line_1_65' title="bbox 201 4614 1859 4688; baseline -0.003 -14"><span class='ocrx_word' id='word_1_477' title='bbox 201 4618 417 4687; x_wconf 90' lang='lat' dir='ltr'><strong>utique</strong></span> <span class='ocrx_word' id='word_1_478' title='bbox 450 4616 850 4688; x_wconf 87' lang='lat' dir='ltr'><strong>permittente,</strong></span> <span class='ocrx_word' id='word_1_479' title='bbox 886 4630 1053 4685; x_wconf 91' lang='lat' dir='ltr'><strong>quem</strong></span> <span class='ocrx_word' id='word_1_480' title='bbox 1088 4614 1273 4671; x_wconf 91' lang='lat' dir='ltr'><strong>solum</strong></span> <span class='ocrx_word' id='word_1_481' title='bbox 1306 4616 1568 4685; x_wconf 87' lang='lat' dir='ltr'><strong>repperit</strong></span> <span class='ocrx_word' id='word_1_482' title='bbox 1596 4615 1859 4670; x_wconf 90' lang='lat' dir='ltr'><strong>turbavit</strong></span> 
     </span>
    </p>
   </div>
   <div class='ocr_carea' id='block_1_66' title="bbox 200 4702 1853 4775">
    <p class='ocr_par' dir='ltr' id='par_1_66' title="bbox 200 4702 1853 4775">
     <span class='ocr_line' id='line_1_66' title="bbox 200 4702 1853 4775; baseline -0.002 -15"><span class='ocrx_word' id='word_1_483' title='bbox 200 4705 455 4775; x_wconf 86' lang='lat' dir='ltr'><strong>injuriis.</strong></span> <span class='ocrx_word' id='word_1_484' title='bbox 484 4706 562 4760; x_wconf 88' lang='lat' dir='ltr'><strong>Ae</strong></span> <span class='ocrx_word' id='word_1_485' title='bbox 592 4704 845 4775; x_wconf 87' lang='lat' dir='ltr'><strong>primum</strong></span> <span class='ocrx_word' id='word_1_486' title='bbox 865 4702 1134 4759; x_wconf 90' lang='lat' dir='ltr'><strong>clanculo</strong></span> <span class='ocrx_word' id='word_1_487' title='bbox 1166 4702 1277 4758; x_wconf 81' lang='lat' dir='ltr'><strong>[ide</strong></span> <span class='ocrx_word' id='word_1_488' title='bbox 1299 4702 1410 4758; x_wconf 91' lang='lat' dir='ltr'><strong>sibi</strong></span> <span class='ocrx_word' id='word_1_489' title='bbox 1431 4703 1675 4758; x_wconf 89' lang='lat' dir='ltr'><strong>invicem</strong></span> <span class='ocrx_word' id='word_1_490' title='bbox 1698 4704 1853 4772; x_wconf 89' lang='lat' dir='ltr'><strong>data,</strong></span> 
     </span>
    </p>
   </div>
   <div class='ocr_carea' id='block_1_67' title="bbox 200 4790 1860 4862">
    <p class='ocr_par' dir='ltr' id='par_1_67' title="bbox 200 4790 1860 4862">
     <span class='ocr_line' id='line_1_67' title="bbox 200 4790 1860 4862; baseline -0.001 -14"><span class='ocrx_word' id='word_1_491' title='bbox 200 4794 421 4849; x_wconf 88' lang='lat' dir='ltr'><strong>fratres</strong></span> <span class='ocrx_word' id='word_1_492' title='bbox 452 4795 509 4848; x_wconf 91' lang='lat' dir='ltr'><strong>et</strong></span> <span class='ocrx_word' id='word_1_493' title='bbox 543 4790 646 4846; x_wconf 80' lang='lat' dir='ltr'><strong>filii</strong></span> <span class='ocrx_word' id='word_1_494' title='bbox 671 4791 854 4846; x_wconf 90' lang='lat' dir='ltr'><strong>nostri</strong></span> <span class='ocrx_word' id='word_1_495' title='bbox 881 4791 1077 4862; x_wconf 92' lang='lat' dir='ltr'><strong>operis</strong></span> <span class='ocrx_word' id='word_1_496' title='bbox 1102 4790 1275 4860; x_wconf 90' lang='lat' dir='ltr'><strong>hujus</strong></span> <span class='ocrx_word' id='word_1_497' title='bbox 1297 4791 1570 4847; x_wconf 89' lang='lat' dir='ltr'><strong>conscios</strong></span> <span class='ocrx_word' id='word_1_498' title='bbox 1593 4790 1701 4846; x_wconf 91' lang='lat' dir='ltr'><strong>sibi</strong></span> <span class='ocrx_word' id='word_1_499' title='bbox 1727 4806 1860 4847; x_wconf 90' lang='lat' dir='ltr'><strong>con-</strong></span> 
     </span>
    </p>
   </div>
   <div class='ocr_carea' id='block_1_68' title="bbox 196 4877 1860 4950">
    <p class='ocr_par' dir='ltr' id='par_1_68' title="bbox 196 4877 1860 4950">
     <span class='ocr_line' id='line_1_68' title="bbox 196 4877 1860 4950; baseline 0 -15"><span class='ocrx_word' id='word_1_500' title='bbox 196 4881 494 4950; x_wconf 89' lang='lat' dir='ltr'><strong>sciscunt,</strong></span> <span class='ocrx_word' id='word_1_501' title='bbox 519 4878 838 4949; x_wconf 90' lang='lat' dir='ltr'><strong>complices</strong></span> <span class='ocrx_word' id='word_1_502' title='bbox 861 4877 1165 4948; x_wconf 89' lang='lat' dir='ltr'><strong>advocant,</strong></span> <span class='ocrx_word' id='word_1_503' title='bbox 1192 4878 1451 4935; x_wconf 89' lang='lat' dir='ltr'><strong>fautores</strong></span> <span class='ocrx_word' id='word_1_504' title='bbox 1475 4878 1778 4949; x_wconf 89' lang='lat' dir='ltr'><strong>promissis</strong></span> <span class='ocrx_word' id='word_1_505' title='bbox 1800 4884 1860 4935; x_wconf 90' lang='lat' dir='ltr'><strong>et</strong></span> 
     </span>
    </p>
   </div>
   <div class='ocr_carea' id='block_1_69' title="bbox 196 4965 1861 5037">
    <p class='ocr_par' dir='ltr' id='par_1_69' title="bbox 196 4965 1861 5037">
     <span class='ocr_line' id='line_1_69' title="bbox 196 4965 1861 5037; baseline -0.001 -13"><span class='ocrx_word' id='word_1_506' title='bbox 196 4969 549 5025; x_wconf 89' lang='lat' dir='ltr'><strong>muneribus</strong></span> <span class='ocrx_word' id='word_1_507' title='bbox 597 4966 713 5023; x_wconf 90' lang='lat' dir='ltr'><strong>sibi</strong></span> <span class='ocrx_word' id='word_1_508' title='bbox 762 4966 1099 5035; x_wconf 89' lang='lat' dir='ltr'><strong>conciliant,</strong></span> <span class='ocrx_word' id='word_1_509' title='bbox 1136 4966 1268 5022; x_wconf 91' lang='lat' dir='ltr'><strong>inde</strong></span> <span class='ocrx_word' id='word_1_510' title='bbox 1305 4965 1414 5037; x_wconf 91' lang='lat' dir='ltr'><strong>ipsi</strong></span> <span class='ocrx_word' id='word_1_511' title='bbox 1443 4966 1593 5022; x_wconf 89' lang='lat' dir='ltr'><strong>idem</strong></span> <span class='ocrx_word' id='word_1_512' title='bbox 1625 4981 1861 5023; x_wconf 88' lang='lat' dir='ltr'><strong>accusa-</strong></span> 
     </span>
    </p>
   </div>
   <div class='ocr_carea' id='block_1_70' title="bbox 195 5052 1859 5125">
    <p class='ocr_par' dir='ltr' id='par_1_70' title="bbox 195 5052 1859 5125">
     <span class='ocr_line' id='line_1_70' title="bbox 195 5052 1859 5125; baseline -0.001 -13"><span class='ocrx_word' id='word_1_513' title='bbox 195 5063 365 5113; x_wconf 89' lang='lat' dir='ltr'><strong>tores</strong></span> <span class='ocrx_word' id='word_1_514' title='bbox 395 5061 453 5112; x_wconf 90' lang='lat' dir='ltr'><strong>et</strong></span> <span class='ocrx_word' id='word_1_515' title='bbox 485 5059 676 5111; x_wconf 84' lang='lat' dir='ltr'><strong>testes</strong></span> <span class='ocrx_word' id='word_1_516' title='bbox 710 5052 1051 5125; x_wconf 90' lang='lat' dir='ltr'><strong>procedunt,</strong></span> <span class='ocrx_word' id='word_1_517' title='bbox 1073 5057 1129 5109; x_wconf 91' lang='lat' dir='ltr'><strong>et</strong></span> <span class='ocrx_word' id='word_1_518' title='bbox 1162 5053 1233 5109; x_wconf 88' lang='lat' dir='ltr'><strong>ad</strong></span> <span class='ocrx_word' id='word_1_519' title='bbox 1262 5053 1628 5110; x_wconf 89' lang='lat' dir='ltr'><strong>lacerandam</strong></span> <span class='ocrx_word' id='word_1_520' title='bbox 1654 5055 1859 5111; x_wconf 89' lang='lat' dir='ltr'><strong>famam</strong></span> 
     </span>
    </p>
   </div>
   <div class='ocr_carea' id='block_1_71' title="bbox 197 5141 1859 5219">
    <p class='ocr_par' dir='ltr' id='par_1_71' title="bbox 197 5141 1859 5219">
     <span class='ocr_line' id='line_1_71' title="bbox 197 5141 1859 5219; baseline -0.002 -18"><span class='ocrx_word' id='word_1_521' title='bbox 197 5149 463 5202; x_wconf 87' lang='lat' dir='ltr'><strong>nostram</strong></span> <span class='ocrx_word' id='word_1_522' title='bbox 493 5148 552 5199; x_wconf 92' lang='lat' dir='ltr'><strong>et</strong></span> <span class='ocrx_word' id='word_1_523' title='bbox 608 5141 1031 5214; x_wconf 87' lang='lat' dir='ltr'><strong>inprobandam</strong></span> <span class='ocrx_word' id='word_1_524' title='bbox 1080 5143 1255 5219; x_wconf 84' lang='lat' dir='ltr'><strong>vitam</strong></span> <span class='ocrx_word' id='word_1_525' title='bbox 1306 5146 1567 5198; x_wconf 74' lang='lat' dir='ltr'><strong>nostram</strong></span> <span class='ocrx_word' id='word_1_526' title='bbox 1615 5158 1859 5213; x_wconf 64' lang='lat' dir='ltr'><strong>quaeque</strong></span> 
     </span>
    </p>
   </div>
   <div class='ocr_carea' id='block_1_72' title="bbox 199 5229 1859 5305">
    <p class='ocr_par' dir='ltr' id='par_1_72' title="bbox 199 5229 1859 5305">
     <span class='ocr_line' id='line_1_72' title="bbox 199 5229 1859 5305; baseline -0.002 -15"><span class='ocrx_word' id='word_1_527' title='bbox 199 5238 446 5305; x_wconf 88' lang='lat' dir='ltr'><strong>possunt</strong></span> <span class='ocrx_word' id='word_1_528' title='bbox 480 5231 740 5300; x_wconf 86' lang='lat' dir='ltr'><strong>maligna</strong></span> <span class='ocrx_word' id='word_1_529' title='bbox 769 5229 1141 5299; x_wconf 87' lang='lat' dir='ltr'><strong>concinnant,</strong></span> <span class='ocrx_word' id='word_1_530' title='bbox 1177 5234 1525 5286; x_wconf 89' lang='lat' dir='ltr'><strong>accusantes</strong></span> <span class='ocrx_word' id='word_1_531' title='bbox 1573 5246 1661 5285; x_wconf 84' lang='lat' dir='ltr'><strong>me</strong></span> <span class='ocrx_word' id='word_1_532' title='bbox 1705 5232 1859 5302; x_wconf 90' lang='lat' dir='ltr'><strong>apud</strong></span> 
     </span>
    </p>
   </div>
   <div class='ocr_carea' id='block_1_73' title="bbox 196 5317 1859 5390">
    <p class='ocr_par' dir='ltr' id='par_1_73' title="bbox 196 5317 1859 5390">
     <span class='ocr_line' id='line_1_73' title="bbox 196 5317 1859 5390; baseline -0.002 -11"><span class='ocrx_word' id='word_1_533' title='bbox 196 5336 366 5379; x_wconf 90' lang='lat' dir='ltr'><strong>omne</strong></span> <span class='ocrx_word' id='word_1_534' title='bbox 389 5320 586 5378; x_wconf 84' lang='lat' dir='ltr'><strong>homin</strong></span> <span class='ocrx_word' id='word_1_535' title='bbox 598 5332 696 5374; x_wconf 88' lang='lat' dir='ltr'><strong>um</strong></span> <span class='ocrx_word' id='word_1_536' title='bbox 717 5330 902 5386; x_wconf 85' lang='lat' dir='ltr'><strong>genus</strong></span> <span class='ocrx_word' id='word_1_537' title='bbox 918 5317 1261 5374; x_wconf 89' lang='lat' dir='ltr'><strong>criminibus</strong></span> <span class='ocrx_word' id='word_1_538' title='bbox 1285 5317 1623 5388; x_wconf 90' lang='lat' dir='ltr'><strong>mortiferis,</strong></span> <span class='ocrx_word' id='word_1_539' title='bbox 1648 5322 1704 5374; x_wconf 89' lang='lat' dir='ltr'><strong>et</strong></span> <span class='ocrx_word' id='word_1_540' title='bbox 1731 5334 1859 5390; x_wconf 72' lang='lat' dir='ltr'><strong>quae</strong></span> 
     </span>
    </p>
   </div>
   <div class='ocr_carea' id='block_1_74' title="bbox 198 5406 1860 5484">
    <p class='ocr_par' dir='ltr' id='par_1_74' title="bbox 198 5406 1860 5484">
     <span class='ocr_line' id='line_1_74' title="bbox 198 5406 1860 5484; baseline 0.002 -23"><span class='ocrx_word' id='word_1_541' title='bbox 198 5406 338 5484; x_wconf 65' lang='lat' dir='ltr'><strong>ipsae</strong></span> <span class='ocrx_word' id='word_1_542' title='bbox 369 5409 584 5468; x_wconf 84' lang='lat' dir='ltr'><strong>audire</strong></span> <span class='ocrx_word' id='word_1_543' title='bbox 614 5418 795 5461; x_wconf 89' lang='lat' dir='ltr'><strong>aures</strong></span> <span class='ocrx_word' id='word_1_544' title='bbox 842 5409 1319 5476; x_wconf 86' lang='lat' dir='ltr'><strong>expavescerent.</strong></span> <span class='ocrx_word' id='word_1_545' title='bbox 1358 5406 1519 5473; x_wconf 88' lang='lat' dir='ltr'><strong>Quod</strong></span> <span class='ocrx_word' id='word_1_546' title='bbox 1569 5422 1700 5463; x_wconf 90' lang='lat' dir='ltr'><strong>cum</strong></span> <span class='ocrx_word' id='word_1_547' title='bbox 1752 5422 1860 5478; x_wconf 86' lang='lat' dir='ltr'><strong>ego</strong></span> 
     </span>
    </p>
   </div>
   <div class='ocr_carea' id='block_1_75' title="bbox 1890 3168 1938 3231">
    <p class='ocr_par' dir='ltr' id='par_1_75' title="bbox 1890 3168 1938 3231">
     <span class='ocr_line' id='line_1_75' title="bbox 1890 3168 1938 3231; baseline 0 0"><span class='ocrx_word' id='word_1_548' title='bbox 1890 3168 1938 3231; x_wconf 89' lang='lat' dir='ltr'><strong>C</strong></span> 
     </span>
    </p>
   </div>
   <div class='ocr_carea' id='block_1_76' title="bbox 1969 1889 3617 1960">
    <p class='ocr_par' dir='ltr' id='par_1_76' title="bbox 1969 1889 3617 1960">
     <span class='ocr_line' id='line_1_76' title="bbox 1969 1889 3617 1960; baseline 0.002 -17"><span class='ocrx_word' id='word_1_549' title='bbox 1969 1890 2179 1945; x_wconf 91' lang='lat' dir='ltr'><strong>malum</strong></span> <span class='ocrx_word' id='word_1_550' title='bbox 2212 1905 2242 1945; x_wconf 92' lang='lat' dir='ltr'><strong>a</strong></span> <span class='ocrx_word' id='word_1_551' title='bbox 2276 1889 2491 1960; x_wconf 88' lang='lat' dir='ltr'><strong>populo</strong></span> <span class='ocrx_word' id='word_1_552' title='bbox 2519 1890 2760 1946; x_wconf 86' lang='lat' dir='ltr'><strong>Judaico</strong></span> <span class='ocrx_word' id='word_1_553' title='bbox 2794 1889 3061 1958; x_wconf 87' lang='lat' dir='ltr'><strong>migravit</strong></span> <span class='ocrx_word' id='word_1_554' title='bbox 3096 1891 3150 1945; x_wconf 93' lang='lat' dir='ltr'><strong>in</strong></span> <span class='ocrx_word' id='word_1_555' title='bbox 3181 1892 3389 1947; x_wconf 87' lang='lat' dir='ltr'><strong>turbas</strong></span> <span class='ocrx_word' id='word_1_556' title='bbox 3423 1906 3617 1947; x_wconf 87' lang='lat' dir='ltr'><strong>mona-</strong></span> 
     </span>
    </p>
   </div>
   <div class='ocr_carea' id='block_1_77' title="bbox 1967 1976 3617 2049">
    <p class='ocr_par' dir='ltr' id='par_1_77' title="bbox 1967 1976 3617 2049">
     <span class='ocr_line' id='line_1_77' title="bbox 1967 1976 3617 2049; baseline 0.002 -18"><span class='ocrx_word' id='word_1_557' title='bbox 1967 1978 2231 2045; x_wconf 89' lang='lat' dir='ltr'><strong>chorum,</strong></span> <span class='ocrx_word' id='word_1_558' title='bbox 2259 1983 2318 2031; x_wconf 88' lang='lat' dir='ltr'><strong>ut</strong></span> <span class='ocrx_word' id='word_1_559' title='bbox 2340 1976 2454 2045; x_wconf 90' lang='lat' dir='ltr'><strong>jam</strong></span> <span class='ocrx_word' id='word_1_560' title='bbox 2478 1991 2624 2047; x_wconf 93' lang='lat' dir='ltr'><strong>pene</strong></span> <span class='ocrx_word' id='word_1_561' title='bbox 2657 1978 2729 2031; x_wconf 90' lang='lat' dir='ltr'><strong>ab</strong></span> <span class='ocrx_word' id='word_1_562' title='bbox 2761 1977 2848 2032; x_wconf 91' lang='lat' dir='ltr'><strong>eis</strong></span> <span class='ocrx_word' id='word_1_563' title='bbox 2881 1977 3012 2047; x_wconf 89' lang='lat' dir='ltr'><strong>quis</strong></span> <span class='ocrx_word' id='word_1_564' title='bbox 3044 1977 3198 2033; x_wconf 79' lang='lat' dir='ltr'><strong>filius</strong></span> <span class='ocrx_word' id='word_1_565' title='bbox 3230 1978 3414 2049; x_wconf 86' lang='lat' dir='ltr'><strong>patris</strong></span> <span class='ocrx_word' id='word_1_566' title='bbox 3448 1980 3617 2034; x_wconf 90' lang='lat' dir='ltr'><strong>bene-</strong></span> 
     </span>
    </p>
   </div>
   <div class='ocr_carea' id='block_1_78' title="bbox 1968 2064 3614 2136">
    <p class='ocr_par' dir='ltr' id='par_1_78' title="bbox 1968 2064 3614 2136">
     <span class='ocr_line' id='line_1_78' title="bbox 1968 2064 3614 2136; baseline 0.001 -17"><span class='ocrx_word' id='word_1_567' title='bbox 1968 2064 2277 2120; x_wconf 86' lang='lat' dir='ltr'><strong>dictionem</strong></span> <span class='ocrx_word' id='word_1_568' title='bbox 2304 2068 2602 2120; x_wconf 89' lang='lat' dir='ltr'><strong>mereatur</strong></span> <span class='ocrx_word' id='word_1_569' title='bbox 2626 2064 3258 2135; x_wconf 85' lang='lat' dir='ltr'><strong>prorsusignorctur;a</strong></span> <span class='ocrx_word' id='word_1_570' title='bbox 3276 2065 3487 2136; x_wconf 89' lang='lat' dir='ltr'><strong>quibus</strong></span> <span class='ocrx_word' id='word_1_571' title='bbox 3501 2080 3614 2121; x_wconf 92' lang='lat' dir='ltr'><strong>non</strong></span> 
     </span>
    </p>
   </div>
   <div class='ocr_carea' id='block_1_79' title="bbox 1965 2150 3614 2223">
    <p class='ocr_par' dir='ltr' id='par_1_79' title="bbox 1965 2150 3614 2223">
     <span class='ocr_line' id='line_1_79' title="bbox 1965 2150 3614 2223; baseline 0.002 -17"><span class='ocrx_word' id='word_1_572' title='bbox 1965 2156 2193 2208; x_wconf 88' lang='lat' dir='ltr'><strong>tantum</strong></span> <span class='ocrx_word' id='word_1_573' title='bbox 2238 2156 2468 2222; x_wconf 89' lang='lat' dir='ltr'><strong>patrum</strong></span> <span class='ocrx_word' id='word_1_574' title='bbox 2523 2152 2787 2223; x_wconf 89' lang='lat' dir='ltr'><strong>pudenda</strong></span> <span class='ocrx_word' id='word_1_575' title='bbox 2838 2150 3193 2221; x_wconf 89' lang='lat' dir='ltr'><strong>revelantur,</strong></span> <span class='ocrx_word' id='word_1_576' title='bbox 3228 2167 3340 2207; x_wconf 91' lang='lat' dir='ltr'><strong>non</strong></span> <span class='ocrx_word' id='word_1_577' title='bbox 3385 2156 3614 2209; x_wconf 88' lang='lat' dir='ltr'><strong>tantum</strong></span> 
     </span>
    </p>
   </div>
   <div class='ocr_carea' id='block_1_80' title="bbox 1970 2238 3614 2309">
    <p class='ocr_par' dir='ltr' id='par_1_80' title="bbox 1970 2238 3614 2309">
     <span class='ocr_line' id='line_1_80' title="bbox 1970 2238 3614 2309; baseline 0.001 -15"><span class='ocrx_word' id='word_1_578' title='bbox 1970 2240 2272 2309; x_wconf 86' lang='lat' dir='ltr'><strong>fratribus,</strong></span> <span class='ocrx_word' id='word_1_579' title='bbox 2308 2254 2506 2295; x_wconf 90' lang='lat' dir='ltr'><strong>verum</strong></span> <span class='ocrx_word' id='word_1_580' title='bbox 2541 2238 2839 2294; x_wconf 77' lang='lat' dir='ltr'><strong>extraneis</strong></span> <span class='ocrx_word' id='word_1_581' title='bbox 2890 2238 3251 2308; x_wconf 88' lang='lat' dir='ltr'><strong>irrisoribus,</strong></span> <span class='ocrx_word' id='word_1_582' title='bbox 3287 2239 3388 2295; x_wconf 90' lang='lat' dir='ltr'><strong>sed</strong></span> <span class='ocrx_word' id='word_1_583' title='bbox 3438 2240 3614 2295; x_wconf 89' lang='lat' dir='ltr'><strong>etiam</strong></span> 
     </span>
    </p>
   </div>
   <div class='ocr_carea' id='block_1_81' title="bbox 1969 2328 3618 2399">
    <p class='ocr_par' dir='ltr' id='par_1_81' title="bbox 1969 2328 3618 2399">
     <span class='ocr_line' id='line_1_81' title="bbox 1969 2328 3618 2399; baseline 0.001 -17"><span class='ocrx_word' id='word_1_584' title='bbox 1969 2329 2093 2399; x_wconf 89' lang='lat' dir='ltr'><strong>ipsa</strong></span> <span class='ocrx_word' id='word_1_585' title='bbox 2127 2333 2365 2399; x_wconf 91' lang='lat' dir='ltr'><strong>paterna</strong></span> <span class='ocrx_word' id='word_1_586' title='bbox 2396 2328 2624 2384; x_wconf 88' lang='lat' dir='ltr'><strong>viscera</strong></span> <span class='ocrx_word' id='word_1_587' title='bbox 2670 2328 3038 2398; x_wconf 91' lang='lat' dir='ltr'><strong>scinduntur,</strong></span> <span class='ocrx_word' id='word_1_588' title='bbox 3068 2328 3204 2385; x_wconf 90' lang='lat' dir='ltr'><strong>dum</strong></span> <span class='ocrx_word' id='word_1_589' title='bbox 3256 2343 3368 2399; x_wconf 85' lang='lat' dir='ltr'><strong>pax</strong></span> <span class='ocrx_word' id='word_1_590' title='bbox 3415 2328 3618 2384; x_wconf 60' lang='lat' dir='ltr'><strong>recole-</strong></span> 
     </span>
    </p>
   </div>
   <div class='ocr_carea' id='block_1_82' title="bbox 1969 2401 3616 2486">
    <p class='ocr_par' dir='ltr' id='par_1_82' title="bbox 1969 2401 3616 2486">
     <span class='ocr_line' id='line_1_82' title="bbox 1969 2401 3616 2486; baseline 0 -14"><span class='ocrx_word' id='word_1_591' title='bbox 1969 2417 2229 2486; x_wconf 88' lang='lat' dir='ltr'><strong>siastica,</strong></span> <span class='ocrx_word' id='word_1_592' title='bbox 2261 2416 2487 2485; x_wconf 88' lang='lat' dir='ltr'><strong>glutine</strong></span> <span class='ocrx_word' id='word_1_593' title='bbox 2534 2416 2802 2474; x_wconf 88' lang='lat' dir='ltr'><strong>caritatis</strong></span> <span class='ocrx_word' id='word_1_594' title='bbox 2853 2416 3127 2486; x_wconf 91' lang='lat' dir='ltr'><strong>rescisso,</strong></span> <span class='ocrx_word' id='word_1_595' title='bbox 3160 2416 3473 2472; x_wconf 86' lang='lat' dir='ltr'><strong>dirimitur.</strong></span> <span class='ocrx_word' id='word_1_596' title='bbox 3511 2401 3616 2472; x_wconf 85' lang='lat' dir='ltr'><strong>Ubi</strong></span> 
     </span>
    </p>
   </div>
   <div class='ocr_carea' id='block_1_83' title="bbox 1968 2504 3614 2576">
    <p class='ocr_par' dir='ltr' id='par_1_83' title="bbox 1968 2504 3614 2576">
     <span class='ocr_line' id='line_1_83' title="bbox 1968 2504 3614 2576; baseline 0 -16"><span class='ocrx_word' id='word_1_597' title='bbox 1968 2520 2109 2574; x_wconf 86' lang='lat' dir='ltr'><strong>ergo</strong></span> <span class='ocrx_word' id='word_1_598' title='bbox 2160 2505 2402 2576; x_wconf 83' lang='lat' dir='ltr'><strong>privatis</strong></span> <span class='ocrx_word' id='word_1_599' title='bbox 2446 2504 2712 2560; x_wconf 76' lang='lat' dir='ltr'><strong>consiliis</strong></span> <span class='ocrx_word' id='word_1_600' title='bbox 2761 2505 3155 2571; x_wconf 88' lang='lat' dir='ltr'><strong>factiosorum,</strong></span> <span class='ocrx_word' id='word_1_601' title='bbox 3200 2520 3311 2561; x_wconf 89' lang='lat' dir='ltr'><strong>non</strong></span> <span class='ocrx_word' id='word_1_602' title='bbox 3364 2504 3614 2561; x_wconf 84' lang='lat' dir='ltr'><strong>filiorum</strong></span> 
     </span>
    </p>
   </div>
   <div class='ocr_carea' id='block_1_84' title="bbox 1971 2592 3618 2664">
    <p class='ocr_par' dir='ltr' id='par_1_84' title="bbox 1971 2592 3618 2664">
     <span class='ocr_line' id='line_1_84' title="bbox 1971 2592 3618 2664; baseline 0 -15"><span class='ocrx_word' id='word_1_603' title='bbox 1971 2593 2082 2649; x_wconf 91' lang='lat' dir='ltr'><strong>sibi</strong></span> <span class='ocrx_word' id='word_1_604' title='bbox 2113 2593 2226 2663; x_wconf 91' lang='lat' dir='ltr'><strong>ipsi</strong></span> <span class='ocrx_word' id='word_1_605' title='bbox 2258 2593 2382 2647; x_wconf 90' lang='lat' dir='ltr'><strong>visa</strong></span> <span class='ocrx_word' id='word_1_606' title='bbox 2405 2598 2495 2648; x_wconf 92' lang='lat' dir='ltr'><strong>est</strong></span> <span class='ocrx_word' id='word_1_607' title='bbox 2523 2592 2885 2663; x_wconf 87' lang='lat' dir='ltr'><strong>processisse</strong></span> <span class='ocrx_word' id='word_1_608' title='bbox 2903 2592 3252 2664; x_wconf 90' lang='lat' dir='ltr'><strong>calumpnia,</strong></span> <span class='ocrx_word' id='word_1_609' title='bbox 3277 2608 3349 2647; x_wconf 83' lang='lat' dir='ltr'><strong>ex</strong></span> <span class='ocrx_word' id='word_1_610' title='bbox 3368 2592 3618 2649; x_wconf 89' lang='lat' dir='ltr'><strong>occultis</strong></span> 
     </span>
    </p>
   </div>
   <div class='ocr_carea' id='block_1_85' title="bbox 1972 2680 3618 2752">
    <p class='ocr_par' dir='ltr' id='par_1_85' title="bbox 1972 2680 3618 2752">
     <span class='ocr_line' id='line_1_85' title="bbox 1972 2680 3618 2752; baseline 0.001 -16"><span class='ocrx_word' id='word_1_611' title='bbox 1972 2680 2197 2736; x_wconf 92' lang='lat' dir='ltr'><strong>insidiis</strong></span> <span class='ocrx_word' id='word_1_612' title='bbox 2228 2681 2299 2736; x_wconf 92' lang='lat' dir='ltr'><strong>ad</strong></span> <span class='ocrx_word' id='word_1_613' title='bbox 2330 2684 2565 2751; x_wconf 89' lang='lat' dir='ltr'><strong>apertas</strong></span> <span class='ocrx_word' id='word_1_614' title='bbox 2588 2682 2856 2752; x_wconf 88' lang='lat' dir='ltr'><strong>prorupit</strong></span> <span class='ocrx_word' id='word_1_615' title='bbox 2875 2681 3230 2751; x_wconf 88' lang='lat' dir='ltr'><strong>inimicitias,</strong></span> <span class='ocrx_word' id='word_1_616' title='bbox 3256 2687 3313 2736; x_wconf 88' lang='lat' dir='ltr'><strong>et</strong></span> <span class='ocrx_word' id='word_1_617' title='bbox 3338 2681 3489 2751; x_wconf 89' lang='lat' dir='ltr'><strong>quod</strong></span> <span class='ocrx_word' id='word_1_618' title='bbox 3514 2696 3618 2752; x_wconf 88' lang='lat' dir='ltr'><strong>per</strong></span> 
     </span>
    </p>
   </div>
   <div class='ocr_carea' id='block_1_86' title="bbox 1972 2767 3617 2840">
    <p class='ocr_par' dir='ltr' id='par_1_86' title="bbox 1972 2767 3617 2840">
     <span class='ocr_line' id='line_1_86' title="bbox 1972 2767 3617 2840; baseline 0 -15"><span class='ocrx_word' id='word_1_619' title='bbox 1972 2769 2165 2825; x_wconf 90' lang='lat' dir='ltr'><strong>socios</strong></span> <span class='ocrx_word' id='word_1_620' title='bbox 2190 2767 2612 2840; x_wconf 86' lang='lat' dir='ltr'><strong>disperserant,</strong></span> <span class='ocrx_word' id='word_1_621' title='bbox 2638 2768 2772 2823; x_wconf 91' lang='lat' dir='ltr'><strong>mihi</strong></span> <span class='ocrx_word' id='word_1_622' title='bbox 2799 2769 2905 2839; x_wconf 88' lang='lat' dir='ltr'><strong>ipsi</strong></span> <span class='ocrx_word' id='word_1_623' title='bbox 2932 2769 3237 2825; x_wconf 88' lang='lat' dir='ltr'><strong>inerubide</strong></span> <span class='ocrx_word' id='word_1_624' title='bbox 3260 2770 3407 2839; x_wconf 74' lang='lat' dir='ltr'><strong>(2M)</strong></span> <span class='ocrx_word' id='word_1_625' title='bbox 3428 2769 3617 2840; x_wconf 88' lang='lat' dir='ltr'><strong>palam</strong></span> 
     </span>
    </p>
   </div>
   <div class='ocr_carea' id='block_1_87' title="bbox 1973 2856 3620 2928">
    <p class='ocr_par' dir='ltr' id='par_1_87' title="bbox 1973 2856 3620 2928">
     <span class='ocr_line' id='line_1_87' title="bbox 1973 2856 3620 2928; baseline 0 -16"><span class='ocrx_word' id='word_1_626' title='bbox 1973 2857 2287 2928; x_wconf 89' lang='lat' dir='ltr'><strong>protestati</strong></span> <span class='ocrx_word' id='word_1_627' title='bbox 2304 2861 2459 2913; x_wconf 88' lang='lat' dir='ltr'><strong>sunt.</strong></span> <span class='ocrx_word' id='word_1_628' title='bbox 2480 2856 2943 2926; x_wconf 80' lang='lat' dir='ltr'><strong>Fateor,erubui,</strong></span> <span class='ocrx_word' id='word_1_629' title='bbox 2961 2861 3019 2912; x_wconf 89' lang='lat' dir='ltr'><strong>et</strong></span> <span class='ocrx_word' id='word_1_630' title='bbox 3033 2856 3104 2911; x_wconf 93' lang='lat' dir='ltr'><strong>ad</strong></span> <span class='ocrx_word' id='word_1_631' title='bbox 3122 2871 3209 2911; x_wconf 92' lang='lat' dir='ltr'><strong>me</strong></span> <span class='ocrx_word' id='word_1_632' title='bbox 3225 2856 3413 2928; x_wconf 84' lang='lat' dir='ltr'><strong>ipsum</strong></span> <span class='ocrx_word' id='word_1_633' title='bbox 3433 2871 3620 2912; x_wconf 90' lang='lat' dir='ltr'><strong>rever-</strong></span> 
     </span>
    </p>
   </div>
   <div class='ocr_carea' id='block_1_88' title="bbox 1971 2942 3620 3015">
    <p class='ocr_par' dir='ltr' id='par_1_88' title="bbox 1971 2942 3620 3015">
     <span class='ocr_line' id='line_1_88' title="bbox 1971 2942 3620 3015; baseline -0.001 -14"><span class='ocrx_word' id='word_1_634' title='bbox 1971 2961 2091 3015; x_wconf 91' lang='lat' dir='ltr'><strong>sus,</strong></span> <span class='ocrx_word' id='word_1_635' title='bbox 2119 2946 2385 3015; x_wconf 90' lang='lat' dir='ltr'><strong>cogitans</strong></span> <span class='ocrx_word' id='word_1_636' title='bbox 2411 2946 2541 3015; x_wconf 77' lang='lat' dir='ltr'><strong>qu&#39;a</strong></span> <span class='ocrx_word' id='word_1_637' title='bbox 2556 2944 2803 3015; x_wconf 72' lang='lat' dir='ltr'><strong>judicia</strong></span> <span class='ocrx_word' id='word_1_638' title='bbox 2828 2946 2953 3014; x_wconf 73' lang='lat' dir='ltr'><strong>tua,</strong></span> <span class='ocrx_word' id='word_1_639' title='bbox 2969 2946 3138 3013; x_wconf 91' lang='lat' dir='ltr'><strong>Deus,</strong></span> <span class='ocrx_word' id='word_1_640' title='bbox 3156 2942 3406 3015; x_wconf 69' lang='lat' dir='ltr'><strong>abyssus</strong></span> <span class='ocrx_word' id='word_1_641' title='bbox 3424 2945 3620 3000; x_wconf 77' lang='lat' dir='ltr'><strong>multa</strong></span> 
     </span>
    </p>
   </div>
   <div class='ocr_carea' id='block_1_89' title="bbox 1974 3031 3617 3103">
    <p class='ocr_par' dir='ltr' id='par_1_89' title="bbox 1974 3031 3617 3103">
     <span class='ocr_line' id='line_1_89' title="bbox 1974 3031 3617 3103; baseline -0.003 -13"><span class='ocrx_word' id='word_1_642' title='bbox 1974 3034 2163 3099; x_wconf 72' lang='lat' dir='ltr'><strong>(Paul.</strong></span> <span class='ocrx_word' id='word_1_643' title='bbox 2201 3048 2367 3103; x_wconf 83' lang='lat' dir='ltr'><strong>xxxv,</strong></span> <span class='ocrx_word' id='word_1_644' title='bbox 2402 3038 2481 3102; x_wconf 83' lang='lat'><strong>7),</strong></span> <span class='ocrx_word' id='word_1_645' title='bbox 2513 3048 2641 3088; x_wconf 91' lang='lat' dir='ltr'><strong>cum</strong></span> <span class='ocrx_word' id='word_1_646' title='bbox 2676 3032 2862 3088; x_wconf 92' lang='lat' dir='ltr'><strong>solum</strong></span> <span class='ocrx_word' id='word_1_647' title='bbox 2895 3047 2984 3088; x_wconf 92' lang='lat' dir='ltr'><strong>me</strong></span> <span class='ocrx_word' id='word_1_648' title='bbox 3025 3031 3341 3087; x_wconf 90' lang='lat' dir='ltr'><strong>invenirem</strong></span> <span class='ocrx_word' id='word_1_649' title='bbox 3375 3031 3446 3087; x_wconf 92' lang='lat' dir='ltr'><strong>de</strong></span> <span class='ocrx_word' id='word_1_650' title='bbox 3478 3031 3617 3088; x_wconf 88' lang='lat' dir='ltr'><strong>ami-</strong></span> 
     </span>
    </p>
   </div>
   <div class='ocr_carea' id='block_1_90' title="bbox 1970 3119 3618 3191">
    <p class='ocr_par' dir='ltr' id='par_1_90' title="bbox 1970 3119 3618 3191">
     <span class='ocr_line' id='line_1_90' title="bbox 1970 3119 3618 3191; baseline -0.001 -13"><span class='ocrx_word' id='word_1_651' title='bbox 1970 3122 2076 3191; x_wconf 93' lang='lat' dir='ltr'><strong>cis,</strong></span> <span class='ocrx_word' id='word_1_652' title='bbox 2110 3121 2436 3190; x_wconf 87' lang='lat' dir='ltr'><strong>objurgatis</strong></span> <span class='ocrx_word' id='word_1_653' title='bbox 2466 3121 2553 3177; x_wconf 91' lang='lat' dir='ltr'><strong>eis</strong></span> <span class='ocrx_word' id='word_1_654' title='bbox 2585 3120 2906 3189; x_wconf 82' lang='lat' dir='ltr'><strong>assurrexi,</strong></span> <span class='ocrx_word' id='word_1_655' title='bbox 2930 3124 2991 3175; x_wconf 92' lang='lat' dir='ltr'><strong>et</strong></span> <span class='ocrx_word' id='word_1_656' title='bbox 3022 3119 3201 3176; x_wconf 91' lang='lat' dir='ltr'><strong>multa</strong></span> <span class='ocrx_word' id='word_1_657' title='bbox 3224 3119 3465 3176; x_wconf 90' lang='lat' dir='ltr'><strong>volvens</strong></span> <span class='ocrx_word' id='word_1_658' title='bbox 3488 3134 3618 3190; x_wconf 80' lang='lat' dir='ltr'><strong>quae</strong></span> 
     </span>
    </p>
   </div>
   <div class='ocr_carea' id='block_1_91' title="bbox 1970 3208 3616 3279">
    <p class='ocr_par' dir='ltr' id='par_1_91' title="bbox 1970 3208 3616 3279">
     <span class='ocr_line' id='line_1_91' title="bbox 1970 3208 3616 3279; baseline -0.003 -12"><span class='ocrx_word' id='word_1_659' title='bbox 1970 3210 2268 3267; x_wconf 87' lang='lat' dir='ltr'><strong>audieram</strong></span> <span class='ocrx_word' id='word_1_660' title='bbox 2304 3224 2406 3265; x_wconf 91' lang='lat' dir='ltr'><strong>nec</strong></span> <span class='ocrx_word' id='word_1_661' title='bbox 2450 3208 2835 3278; x_wconf 87' lang='lat' dir='ltr'><strong>credideram,</strong></span> <span class='ocrx_word' id='word_1_662' title='bbox 2873 3210 3095 3264; x_wconf 87' lang='lat' dir='ltr'><strong>foveam</strong></span> <span class='ocrx_word' id='word_1_663' title='bbox 3145 3208 3277 3263; x_wconf 86' lang='lat' dir='ltr'><strong>mihi</strong></span> <span class='ocrx_word' id='word_1_664' title='bbox 3332 3212 3616 3279; x_wconf 90' lang='lat' dir='ltr'><strong>paratam,</strong></span> 
     </span>
    </p>
   </div>
   <div class='ocr_carea' id='block_1_92' title="bbox 1970 3295 3616 3368">
    <p class='ocr_par' dir='ltr' id='par_1_92' title="bbox 1970 3295 3616 3368">
     <span class='ocr_line' id='line_1_92' title="bbox 1970 3295 3616 3368; baseline -0.003 -14"><span class='ocrx_word' id='word_1_665' title='bbox 1970 3298 2137 3355; x_wconf 94' lang='lat' dir='ltr'><strong>dolos</strong></span> <span class='ocrx_word' id='word_1_666' title='bbox 2171 3302 2404 3368; x_wconf 90' lang='lat' dir='ltr'><strong>aptatos</strong></span> <span class='ocrx_word' id='word_1_667' title='bbox 2426 3296 2711 3365; x_wconf 86' lang='lat' dir='ltr'><strong>intellexi,</strong></span> <span class='ocrx_word' id='word_1_668' title='bbox 2737 3297 3089 3366; x_wconf 89' lang='lat' dir='ltr'><strong>decrevique</strong></span> <span class='ocrx_word' id='word_1_669' title='bbox 3112 3295 3341 3352; x_wconf 90' lang='lat' dir='ltr'><strong>tandem</strong></span> <span class='ocrx_word' id='word_1_670' title='bbox 3364 3295 3616 3366; x_wconf 86' lang='lat' dir='ltr'><strong>experiri</strong></span> 
     </span>
    </p>
   </div>
   <div class='ocr_carea' id='block_1_93' title="bbox 1970 3384 3616 3456">
    <p class='ocr_par' dir='ltr' id='par_1_93' title="bbox 1970 3384 3616 3456">
     <span class='ocr_line' id='line_1_93' title="bbox 1970 3384 3616 3456; baseline -0.001 -15"><span class='ocrx_word' id='word_1_671' title='bbox 1970 3388 2281 3455; x_wconf 89' lang='lat' dir='ltr'><strong>fortunam,</strong></span> <span class='ocrx_word' id='word_1_672' title='bbox 2315 3386 2363 3442; x_wconf 93' lang='lat' dir='ltr'><strong>si</strong></span> <span class='ocrx_word' id='word_1_673' title='bbox 2397 3386 2592 3441; x_wconf 87' lang='lat' dir='ltr'><strong>saltim</strong></span> <span class='ocrx_word' id='word_1_674' title='bbox 2620 3386 2674 3441; x_wconf 89' lang='lat' dir='ltr'><strong>in</strong></span> <span class='ocrx_word' id='word_1_675' title='bbox 2699 3386 2790 3441; x_wconf 88' lang='lat' dir='ltr'><strong>his</strong></span> <span class='ocrx_word' id='word_1_676' title='bbox 2813 3400 2961 3456; x_wconf 90' lang='lat' dir='ltr'><strong>quos</strong></span> <span class='ocrx_word' id='word_1_677' title='bbox 2983 3384 3199 3442; x_wconf 89' lang='lat' dir='ltr'><strong>ceteris</strong></span> <span class='ocrx_word' id='word_1_678' title='bbox 3219 3384 3616 3455; x_wconf 70' lang='lat' dir='ltr'><strong>praefeceram,</strong></span> 
     </span>
    </p>
   </div>
   <div class='ocr_carea' id='block_1_94' title="bbox 1969 3471 3620 3544">
    <p class='ocr_par' dir='ltr' id='par_1_94' title="bbox 1969 3471 3620 3544">
     <span class='ocr_line' id='line_1_94' title="bbox 1969 3471 3620 3544; baseline -0.002 -15"><span class='ocrx_word' id='word_1_679' title='bbox 1969 3474 2139 3531; x_wconf 83' lang='lat' dir='ltr'><strong>fidem</strong></span> <span class='ocrx_word' id='word_1_680' title='bbox 2192 3473 2530 3529; x_wconf 90' lang='lat' dir='ltr'><strong>invenirem.</strong></span> <span class='ocrx_word' id='word_1_681' title='bbox 2577 3475 2647 3529; x_wconf 88' lang='lat' dir='ltr'><strong>Et</strong></span> <span class='ocrx_word' id='word_1_682' title='bbox 2697 3472 2834 3529; x_wconf 90' lang='lat' dir='ltr'><strong>licet</strong></span> <span class='ocrx_word' id='word_1_683' title='bbox 2886 3472 3153 3544; x_wconf 89' lang='lat' dir='ltr'><strong>pluribus</strong></span> <span class='ocrx_word' id='word_1_684' title='bbox 3200 3471 3620 3543; x_wconf 90' lang='lat' dir='ltr'><strong>experimentis</strong></span> 
     </span>
    </p>
   </div>
   <div class='ocr_carea' id='block_1_95' title="bbox 1970 3560 3614 3630">
    <p class='ocr_par' dir='ltr' id='par_1_95' title="bbox 1970 3560 3614 3630">
     <span class='ocr_line' id='line_1_95' title="bbox 1970 3560 3614 3630; baseline -0.002 -12"><span class='ocrx_word' id='word_1_685' title='bbox 1970 3577 2137 3618; x_wconf 91' lang='lat' dir='ltr'><strong>unam</strong></span> <span class='ocrx_word' id='word_1_686' title='bbox 2169 3576 2369 3618; x_wconf 92' lang='lat' dir='ltr'><strong>eorum</strong></span> <span class='ocrx_word' id='word_1_687' title='bbox 2400 3561 2758 3618; x_wconf 89' lang='lat' dir='ltr'><strong>voluntatem</strong></span> <span class='ocrx_word' id='word_1_688' title='bbox 2791 3561 3025 3630; x_wconf 90' lang='lat' dir='ltr'><strong>scirem,</strong></span> <span class='ocrx_word' id='word_1_689' title='bbox 3054 3560 3308 3629; x_wconf 87' lang='lat' dir='ltr'><strong>cogitavi</strong></span> <span class='ocrx_word' id='word_1_690' title='bbox 3332 3565 3525 3615; x_wconf 89' lang='lat' dir='ltr'><strong>tamen</strong></span> <span class='ocrx_word' id='word_1_691' title='bbox 3543 3573 3614 3615; x_wconf 91' lang='lat' dir='ltr'><strong>eo</strong></span> 
     </span>
    </p>
   </div>
   <div class='ocr_carea' id='block_1_96' title="bbox 1969 3647 3614 3720">
    <p class='ocr_par' dir='ltr' id='par_1_96' title="bbox 1969 3647 3614 3720">
     <span class='ocr_line' id='line_1_96' title="bbox 1969 3647 3614 3720; baseline -0.002 -15"><span class='ocrx_word' id='word_1_692' title='bbox 1969 3650 2105 3705; x_wconf 91' lang='lat' dir='ltr'><strong>mihi</strong></span> <span class='ocrx_word' id='word_1_693' title='bbox 2128 3649 2262 3706; x_wconf 94' lang='lat' dir='ltr'><strong>illos</strong></span> <span class='ocrx_word' id='word_1_694' title='bbox 2277 3649 2485 3706; x_wconf 86' lang='lat' dir='ltr'><strong>vinciri</strong></span> <span class='ocrx_word' id='word_1_695' title='bbox 2515 3663 2684 3720; x_wconf 90' lang='lat' dir='ltr'><strong>posse</strong></span> <span class='ocrx_word' id='word_1_696' title='bbox 2710 3647 2900 3717; x_wconf 93' lang='lat' dir='ltr'><strong>modo,</strong></span> <span class='ocrx_word' id='word_1_697' title='bbox 2919 3648 3392 3703; x_wconf 88' lang='lat' dir='ltr'><strong>siauctoritatem</strong></span> <span class='ocrx_word' id='word_1_698' title='bbox 3414 3661 3614 3703; x_wconf 89' lang='lat' dir='ltr'><strong>eorum</strong></span> 
     </span>
    </p>
   </div>
   <div class='ocr_carea' id='block_1_97' title="bbox 1968 3735 3615 3808">
    <p class='ocr_par' dir='ltr' id='par_1_97' title="bbox 1968 3735 3615 3808">
     <span class='ocr_line' id='line_1_97' title="bbox 1968 3735 3615 3808; baseline -0.002 -16"><span class='ocrx_word' id='word_1_699' title='bbox 1968 3737 2086 3794; x_wconf 91' lang='lat' dir='ltr'><strong>illis</strong></span> <span class='ocrx_word' id='word_1_700' title='bbox 2113 3751 2484 3808; x_wconf 90' lang='lat' dir='ltr'><strong>opponerem,</strong></span> <span class='ocrx_word' id='word_1_701' title='bbox 2507 3741 2564 3792; x_wconf 92' lang='lat' dir='ltr'><strong>et</strong></span> <span class='ocrx_word' id='word_1_702' title='bbox 2587 3742 2832 3793; x_wconf 89' lang='lat' dir='ltr'><strong>conatus</strong></span> <span class='ocrx_word' id='word_1_703' title='bbox 2865 3735 3095 3791; x_wconf 91' lang='lat' dir='ltr'><strong>illorum</strong></span> <span class='ocrx_word' id='word_1_704' title='bbox 3130 3735 3370 3791; x_wconf 87' lang='lat' dir='ltr'><strong>illicitos</strong></span> <span class='ocrx_word' id='word_1_705' title='bbox 3407 3736 3615 3790; x_wconf 86' lang='lat' dir='ltr'><strong>horum</strong></span> 
     </span>
    </p>
   </div>
   <div class='ocr_carea' id='block_1_98' title="bbox 1964 3821 3617 3896">
    <p class='ocr_par' dir='ltr' id='par_1_98' title="bbox 1964 3821 3617 3896">
     <span class='ocr_line' id='line_1_98' title="bbox 1964 3821 3617 3896; baseline -0.002 -17"><span class='ocrx_word' id='word_1_706' title='bbox 1964 3825 2257 3896; x_wconf 86' lang='lat' dir='ltr'><strong>gravitate</strong></span> <span class='ocrx_word' id='word_1_707' title='bbox 2289 3838 2659 3887; x_wconf 85' lang='lat' dir='ltr'><strong>coercerem;</strong></span> <span class='ocrx_word' id='word_1_708' title='bbox 2693 3838 2803 3893; x_wconf 77' lang='lat' dir='ltr'><strong>qua</strong></span> <span class='ocrx_word' id='word_1_709' title='bbox 2855 3826 3049 3877; x_wconf 88' lang='lat' dir='ltr'><strong>tamen</strong></span> <span class='ocrx_word' id='word_1_710' title='bbox 3104 3822 3398 3877; x_wconf 92' lang='lat' dir='ltr'><strong>molitione</strong></span> <span class='ocrx_word' id='word_1_711' title='bbox 3440 3821 3617 3877; x_wconf 89' lang='lat' dir='ltr'><strong>nichil</strong></span> 
     </span>
    </p>
   </div>
   <div class='ocr_carea' id='block_1_99' title="bbox 1969 3907 3619 3984">
    <p class='ocr_par' dir='ltr' id='par_1_99' title="bbox 1969 3907 3619 3984">
     <span class='ocr_line' id='line_1_99' title="bbox 1969 3907 3619 3984; baseline -0.003 -15"><span class='ocrx_word' id='word_1_712' title='bbox 1969 3912 2208 3984; x_wconf 91' lang='lat' dir='ltr'><strong>profeci.</strong></span> <span class='ocrx_word' id='word_1_713' title='bbox 2234 3911 2524 3967; x_wconf 88' lang='lat' dir='ltr'><strong>Dederunt</strong></span> <span class='ocrx_word' id='word_1_714' title='bbox 2548 3912 2699 3967; x_wconf 92' lang='lat' dir='ltr'><strong>enim</strong></span> <span class='ocrx_word' id='word_1_715' title='bbox 2724 3910 2860 3965; x_wconf 91' lang='lat' dir='ltr'><strong>mihi</strong></span> <span class='ocrx_word' id='word_1_716' title='bbox 2893 3911 3092 3979; x_wconf 90' lang='lat' dir='ltr'><strong>verba,</strong></span> <span class='ocrx_word' id='word_1_717' title='bbox 3120 3924 3228 3965; x_wconf 93' lang='lat' dir='ltr'><strong>non</strong></span> <span class='ocrx_word' id='word_1_718' title='bbox 3262 3907 3525 3975; x_wconf 91' lang='lat' dir='ltr'><strong>consilia,</strong></span> <span class='ocrx_word' id='word_1_719' title='bbox 3555 3914 3619 3964; x_wconf 91' lang='lat' dir='ltr'><strong>ut</strong></span> 
     </span>
    </p>
   </div>
   <div class='ocr_carea' id='block_1_100' title="bbox 1969 3995 3619 4069">
    <p class='ocr_par' dir='ltr' id='par_1_100' title="bbox 1969 3995 3619 4069">
     <span class='ocr_line' id='line_1_100' title="bbox 1969 3995 3619 4069; baseline -0.004 -11"><span class='ocrx_word' id='word_1_720' title='bbox 1969 4001 2221 4058; x_wconf 90' lang='lat' dir='ltr'><strong>Colticas</strong></span> <span class='ocrx_word' id='word_1_721' title='bbox 2272 4000 2435 4068; x_wconf 91' lang='lat' dir='ltr'><strong>irem,</strong></span> <span class='ocrx_word' id='word_1_722' title='bbox 2472 4014 2587 4069; x_wconf 87' lang='lat' dir='ltr'><strong>quo</strong></span> <span class='ocrx_word' id='word_1_723' title='bbox 2614 3999 2731 4068; x_wconf 89' lang='lat' dir='ltr'><strong>jam</strong></span> <span class='ocrx_word' id='word_1_724' title='bbox 2763 4001 2970 4054; x_wconf 88' lang='lat' dir='ltr'><strong>exacto</strong></span> <span class='ocrx_word' id='word_1_725' title='bbox 3002 4012 3152 4054; x_wconf 91' lang='lat' dir='ltr'><strong>anno</strong></span> <span class='ocrx_word' id='word_1_726' title='bbox 3181 4002 3237 4053; x_wconf 93' lang='lat' dir='ltr'><strong>et</strong></span> <span class='ocrx_word' id='word_1_727' title='bbox 3271 4012 3339 4052; x_wconf 92' lang='lat' dir='ltr'><strong>eo</strong></span> <span class='ocrx_word' id='word_1_728' title='bbox 3370 3995 3619 4067; x_wconf 87' lang='lat' dir='ltr'><strong>amplius</strong></span> 
     </span>
    </p>
   </div>
   <div class='ocr_carea' id='block_1_101' title="bbox 1966 4083 3617 4158">
    <p class='ocr_par' dir='ltr' id='par_1_101' title="bbox 1966 4083 3617 4158">
     <span class='ocr_line' id='line_1_101' title="bbox 1966 4083 3617 4158; baseline -0.003 -13"><span class='ocrx_word' id='word_1_729' title='bbox 1966 4104 2077 4146; x_wconf 93' lang='lat' dir='ltr'><strong>non</strong></span> <span class='ocrx_word' id='word_1_730' title='bbox 2112 4090 2352 4157; x_wconf 88' lang='lat' dir='ltr'><strong>fueram,</strong></span> <span class='ocrx_word' id='word_1_731' title='bbox 2384 4087 2555 4157; x_wconf 92' lang='lat' dir='ltr'><strong>quasi</strong></span> <span class='ocrx_word' id='word_1_732' title='bbox 2589 4087 2660 4142; x_wconf 91' lang='lat' dir='ltr'><strong>ad</strong></span> <span class='ocrx_word' id='word_1_733' title='bbox 2690 4087 2769 4142; x_wconf 90' lang='lat' dir='ltr'><strong>ibi</strong></span> <span class='ocrx_word' id='word_1_734' title='bbox 2803 4085 3162 4158; x_wconf 90' lang='lat' dir='ltr'><strong>pausandum</strong></span> <span class='ocrx_word' id='word_1_735' title='bbox 3197 4089 3330 4157; x_wconf 90' lang='lat' dir='ltr'><strong>post</strong></span> <span class='ocrx_word' id='word_1_736' title='bbox 3360 4083 3617 4140; x_wconf 88' lang='lat' dir='ltr'><strong>laborem</strong></span> 
     </span>
    </p>
   </div>
   <div class='ocr_carea' id='block_1_102' title="bbox 1967 4172 3618 4245">
    <p class='ocr_par' dir='ltr' id='par_1_102' title="bbox 1967 4172 3618 4245">
     <span class='ocr_line' id='line_1_102' title="bbox 1967 4172 3618 4245; baseline -0.002 -12"><span class='ocrx_word' id='word_1_737' title='bbox 1967 4177 2177 4233; x_wconf 91' lang='lat' dir='ltr'><strong>messis</strong></span> <span class='ocrx_word' id='word_1_738' title='bbox 2206 4181 2266 4231; x_wconf 92' lang='lat' dir='ltr'><strong>et</strong></span> <span class='ocrx_word' id='word_1_739' title='bbox 2295 4175 2740 4244; x_wconf 87' lang='lat' dir='ltr'><strong>vindemiarum,</strong></span> <span class='ocrx_word' id='word_1_740' title='bbox 2777 4173 2923 4245; x_wconf 92' lang='lat' dir='ltr'><strong>ipsis</strong></span> <span class='ocrx_word' id='word_1_741' title='bbox 2975 4173 3208 4228; x_wconf 90' lang='lat' dir='ltr'><strong>interim</strong></span> <span class='ocrx_word' id='word_1_742' title='bbox 3262 4172 3618 4229; x_wconf 87' lang='lat' dir='ltr'><strong>laboraturis</strong></span> 
     </span>
    </p>
   </div>
   <div class='ocr_carea' id='block_1_103' title="bbox 1967 4260 3620 4337">
    <p class='ocr_par' dir='ltr' id='par_1_103' title="bbox 1967 4260 3620 4337">
     <span class='ocr_line' id='line_1_103' title="bbox 1967 4260 3620 4337; baseline -0.003 -15"><span class='ocrx_word' id='word_1_743' title='bbox 1967 4280 2074 4337; x_wconf 92' lang='lat' dir='ltr'><strong>pro</strong></span> <span class='ocrx_word' id='word_1_744' title='bbox 2108 4279 2247 4336; x_wconf 90' lang='lat' dir='ltr'><strong>pace</strong></span> <span class='ocrx_word' id='word_1_745' title='bbox 2278 4268 2335 4320; x_wconf 90' lang='lat' dir='ltr'><strong>et</strong></span> <span class='ocrx_word' id='word_1_746' title='bbox 2371 4264 2569 4334; x_wconf 89' lang='lat' dir='ltr'><strong>quiete</strong></span> <span class='ocrx_word' id='word_1_747' title='bbox 2602 4267 2826 4331; x_wconf 83' lang='lat' dir='ltr'><strong>nostra,</strong></span> <span class='ocrx_word' id='word_1_748' title='bbox 2862 4276 2924 4318; x_wconf 86' lang='lat' dir='ltr'><strong>re</strong></span> <span class='ocrx_word' id='word_1_749' title='bbox 2957 4266 3150 4317; x_wconf 89' lang='lat' dir='ltr'><strong>autem</strong></span> <span class='ocrx_word' id='word_1_750' title='bbox 3195 4276 3331 4317; x_wconf 85' lang='lat' dir='ltr'><strong>vera</strong></span> <span class='ocrx_word' id='word_1_751' title='bbox 3361 4260 3431 4316; x_wconf 89' lang='lat' dir='ltr'><strong>ad</strong></span> <span class='ocrx_word' id='word_1_752' title='bbox 3466 4261 3620 4332; x_wconf 89' lang='lat' dir='ltr'><strong>quod</strong></span> 
     </span>
    </p>
   </div>
   <div class='ocr_carea' id='block_1_104' title="bbox 1969 4349 3619 4424">
    <p class='ocr_par' dir='ltr' id='par_1_104' title="bbox 1969 4349 3619 4424">
     <span class='ocr_line' id='line_1_104' title="bbox 1969 4349 3619 4424; baseline -0.003 -16"><span class='ocrx_word' id='word_1_753' title='bbox 1969 4351 2825 4424; x_wconf 89' lang='lat' dir='ltr'><strong>intendebantoportunitatem</strong></span> <span class='ocrx_word' id='word_1_754' title='bbox 2840 4358 2899 4406; x_wconf 89' lang='lat' dir='ltr'><strong>et</strong></span> <span class='ocrx_word' id='word_1_755' title='bbox 2915 4349 3104 4406; x_wconf 91' lang='lat' dir='ltr'><strong>ocium</strong></span> <span class='ocrx_word' id='word_1_756' title='bbox 3127 4350 3393 4406; x_wconf 88' lang='lat' dir='ltr'><strong>absentia</strong></span> <span class='ocrx_word' id='word_1_757' title='bbox 3420 4353 3619 4405; x_wconf 89' lang='lat' dir='ltr'><strong>nostra</strong></span> 
     </span>
    </p>
   </div>
   <div class='ocr_carea' id='block_1_105' title="bbox 1969 4438 3618 4511">
    <p class='ocr_par' dir='ltr' id='par_1_105' title="bbox 1969 4438 3618 4511">
     <span class='ocr_line' id='line_1_105' title="bbox 1969 4438 3618 4511; baseline -0.005 -14"><span class='ocrx_word' id='word_1_758' title='bbox 1969 4440 2273 4511; x_wconf 90' lang='lat' dir='ltr'><strong>adepturis</strong></span> <span class='ocrx_word' id='word_1_759' title='bbox 2306 4447 2368 4496; x_wconf 93' lang='lat' dir='ltr'><strong>ut</strong></span> <span class='ocrx_word' id='word_1_760' title='bbox 2392 4440 2762 4511; x_wconf 85' lang='lat' dir='ltr'><strong>perﬁcerent.</strong></span> <span class='ocrx_word' id='word_1_761' title='bbox 2791 4438 2941 4509; x_wconf 84' lang='lat' dir='ltr'><strong>Feci,</strong></span> <span class='ocrx_word' id='word_1_762' title='bbox 2966 4442 3026 4494; x_wconf 91' lang='lat' dir='ltr'><strong>et</strong></span> <span class='ocrx_word' id='word_1_763' title='bbox 3050 4439 3159 4493; x_wconf 92' lang='lat' dir='ltr'><strong>hoc</strong></span> <span class='ocrx_word' id='word_1_764' title='bbox 3184 4438 3374 4492; x_wconf 90' lang='lat' dir='ltr'><strong>minus</strong></span> <span class='ocrx_word' id='word_1_765' title='bbox 3398 4439 3618 4504; x_wconf 87' lang='lat' dir='ltr'><strong>astute,</strong></span> 
     </span>
    </p>
   </div>
   <div class='ocr_carea' id='block_1_106' title="bbox 1970 4523 3622 4600">
    <p class='ocr_par' dir='ltr' id='par_1_106' title="bbox 1970 4523 3622 4600">
     <span class='ocr_line' id='line_1_106' title="bbox 1970 4523 3622 4600; baseline -0.004 -16"><span class='ocrx_word' id='word_1_766' title='bbox 1970 4533 2028 4584; x_wconf 92' lang='lat' dir='ltr'><strong>et</strong></span> <span class='ocrx_word' id='word_1_767' title='bbox 2065 4528 2283 4600; x_wconf 89' lang='lat' dir='ltr'><strong>paratis</strong></span> <span class='ocrx_word' id='word_1_768' title='bbox 2315 4542 2443 4598; x_wconf 66' lang='lat' dir='ltr'><strong>quae</strong></span> <span class='ocrx_word' id='word_1_769' title='bbox 2474 4526 2805 4584; x_wconf 87' lang='lat' dir='ltr'><strong>necessaria</strong></span> <span class='ocrx_word' id='word_1_770' title='bbox 2855 4530 3041 4594; x_wconf 92' lang='lat' dir='ltr'><strong>erant,</strong></span> <span class='ocrx_word' id='word_1_771' title='bbox 3076 4523 3480 4579; x_wconf 75' lang='lat' dir='ltr'><strong>benedictione</strong></span> <span class='ocrx_word' id='word_1_772' title='bbox 3529 4537 3622 4579; x_wconf 82' lang='lat' dir='ltr'><strong>ac-</strong></span> 
     </span>
    </p>
   </div>
   <div class='ocr_carea' id='block_1_107' title="bbox 1970 4609 3624 4688">
    <p class='ocr_par' dir='ltr' id='par_1_107' title="bbox 1970 4609 3624 4688">
     <span class='ocr_line' id='line_1_107' title="bbox 1970 4609 3624 4688; baseline -0.006 -14"><span class='ocrx_word' id='word_1_773' title='bbox 1970 4622 2161 4688; x_wconf 91' lang='lat' dir='ltr'><strong>cepta,</strong></span> <span class='ocrx_word' id='word_1_774' title='bbox 2198 4617 2289 4673; x_wconf 91' lang='lat' dir='ltr'><strong>die</strong></span> <span class='ocrx_word' id='word_1_775' title='bbox 2319 4621 2349 4671; x_wconf 79' lang='grc'>5</span> <span class='ocrx_word' id='word_1_776' title='bbox 2384 4615 2501 4671; x_wconf 86' lang='lat' dir='ltr'><strong>Kal.</strong></span> <span class='ocrx_word' id='word_1_777' title='bbox 2540 4615 2774 4672; x_wconf 92' lang='lat' dir='ltr'><strong>Octobr.</strong></span> <span class='ocrx_word' id='word_1_778' title='bbox 2812 4614 2992 4684; x_wconf 90' lang='lat' dir='ltr'><strong>(Sept.</strong></span> <span class='ocrx_word' id='word_1_779' title='bbox 3048 4614 3141 4681; x_wconf 69' lang='lat'><strong>&#39;27)</strong></span> <span class='ocrx_word' id='word_1_780' title='bbox 3193 4624 3467 4681; x_wconf 89' lang='lat' dir='ltr'><strong>pransum</strong></span> <span class='ocrx_word' id='word_1_781' title='bbox 3521 4609 3624 4664; x_wconf 88' lang='lat' dir='ltr'><strong>ivi-</strong></span> 
     </span>
    </p>
   </div>
   <div class='ocr_carea' id='block_1_108' title="bbox 1973 4696 3624 4776">
    <p class='ocr_par' dir='ltr' id='par_1_108' title="bbox 1973 4696 3624 4776">
     <span class='ocr_line' id='line_1_108' title="bbox 1973 4696 3624 4776; baseline -0.004 -16"><span class='ocrx_word' id='word_1_782' title='bbox 1973 4720 2117 4776; x_wconf 90' lang='lat' dir='ltr'><strong>mus,</strong></span> <span class='ocrx_word' id='word_1_783' title='bbox 2171 4704 2517 4775; x_wconf 86' lang='lat' dir='ltr'><strong>quibusdam</strong></span> <span class='ocrx_word' id='word_1_784' title='bbox 2564 4718 2637 4758; x_wconf 86' lang='lat' dir='ltr'><strong>ex</strong></span> <span class='ocrx_word' id='word_1_785' title='bbox 2687 4702 3001 4769; x_wconf 90' lang='lat' dir='ltr'><strong>fratribus,</strong></span> <span class='ocrx_word' id='word_1_786' title='bbox 3049 4696 3490 4769; x_wconf 89' lang='lat' dir='ltr'><strong>quamplurimis</strong></span> <span class='ocrx_word' id='word_1_787' title='bbox 3548 4712 3624 4753; x_wconf 83' lang='lat' dir='ltr'><strong>ex</strong></span> 
     </span>
    </p>
   </div>
   <div class='ocr_carea' id='block_1_109' title="bbox 1971 4782 3624 4864">
    <p class='ocr_par' dir='ltr' id='par_1_109' title="bbox 1971 4782 3624 4864">
     <span class='ocr_line' id='line_1_109' title="bbox 1971 4782 3624 4864; baseline -0.004 -18"><span class='ocrx_word' id='word_1_788' title='bbox 1971 4792 2155 4864; x_wconf 86' lang='lat' dir='ltr'><strong>laycis</strong></span> <span class='ocrx_word' id='word_1_789' title='bbox 2186 4792 2489 4847; x_wconf 87' lang='lat' dir='ltr'><strong>nobiscum</strong></span> <span class='ocrx_word' id='word_1_790' title='bbox 2523 4788 3025 4849; x_wconf 83' lang='lat' dir='ltr'><strong>accumbentibus.</strong></span> <span class='ocrx_word' id='word_1_791' title='bbox 3051 4790 3108 4842; x_wconf 89' lang='lat' dir='ltr'><strong>et</strong></span> <span class='ocrx_word' id='word_1_792' title='bbox 3152 4792 3286 4857; x_wconf 90' lang='lat' dir='ltr'><strong>post</strong></span> <span class='ocrx_word' id='word_1_793' title='bbox 3315 4782 3491 4840; x_wconf 81' lang='lat' dir='ltr'><strong>solito</strong></span> <span class='ocrx_word' id='word_1_794' title='bbox 3531 4798 3624 4839; x_wconf 86' lang='lat' dir='ltr'><strong>ac-</strong></span> 
     </span>
    </p>
   </div>
   <div class='ocr_carea' id='block_1_110' title="bbox 1970 4872 3627 4949">
    <p class='ocr_par' dir='ltr' id='par_1_110' title="bbox 1970 4872 3627 4949">
     <span class='ocr_line' id='line_1_110' title="bbox 1970 4872 3627 4949; baseline -0.005 -13"><span class='ocrx_word' id='word_1_795' title='bbox 1970 4882 2235 4937; x_wconf 87' lang='lat' dir='ltr'><strong>curatius</strong></span> <span class='ocrx_word' id='word_1_796' title='bbox 2264 4879 2564 4935; x_wconf 89' lang='lat' dir='ltr'><strong>nobiscum</strong></span> <span class='ocrx_word' id='word_1_797' title='bbox 2611 4876 3143 4949; x_wconf 89' lang='lat' dir='ltr'><strong>progredientibus,</strong></span> <span class='ocrx_word' id='word_1_798' title='bbox 3176 4885 3398 4943; x_wconf 90' lang='lat' dir='ltr'><strong>nosque</strong></span> <span class='ocrx_word' id='word_1_799' title='bbox 3444 4872 3627 4927; x_wconf 88' lang='lat' dir='ltr'><strong>dedu-</strong></span> 
     </span>
    </p>
   </div>
   <div class='ocr_carea' id='block_1_111' title="bbox 1969 4960 3626 5037">
    <p class='ocr_par' dir='ltr' id='par_1_111' title="bbox 1969 4960 3626 5037">
     <span class='ocr_line' id='line_1_111' title="bbox 1969 4960 3626 5037; baseline -0.005 -13"><span class='ocrx_word' id='word_1_800' title='bbox 1969 4968 2394 5037; x_wconf 89' lang='lat' dir='ltr'><strong>centibus,tota</strong></span> <span class='ocrx_word' id='word_1_801' title='bbox 2420 4964 2590 5037; x_wconf 89' lang='lat' dir='ltr'><strong>plebe</strong></span> <span class='ocrx_word' id='word_1_802' title='bbox 2616 4965 2770 5035; x_wconf 88' lang='lat' dir='ltr'><strong>quod</strong></span> <span class='ocrx_word' id='word_1_803' title='bbox 2794 4980 2905 5020; x_wconf 91' lang='lat' dir='ltr'><strong>non</strong></span> <span class='ocrx_word' id='word_1_804' title='bbox 2933 4964 3239 5034; x_wconf 85' lang='lat' dir='ltr'><strong>sperabam</strong></span> <span class='ocrx_word' id='word_1_805' title='bbox 3267 4960 3626 5030; x_wconf 89' lang='lat' dir='ltr'><strong>ingeminan-</strong></span> 
     </span>
    </p>
   </div>
   <div class='ocr_carea' id='block_1_112' title="bbox 1972 5047 3626 5126">
    <p class='ocr_par' dir='ltr' id='par_1_112' title="bbox 1972 5047 3626 5126">
     <span class='ocr_line' id='line_1_112' title="bbox 1972 5047 3626 5126; baseline -0.004 -14"><span class='ocrx_word' id='word_1_806' title='bbox 1972 5063 2048 5126; x_wconf 92' lang='lat' dir='ltr'><strong>te,</strong></span> <span class='ocrx_word' id='word_1_807' title='bbox 2086 5072 2173 5112; x_wconf 91' lang='lat' dir='ltr'><strong>me</strong></span> <span class='ocrx_word' id='word_1_808' title='bbox 2202 5054 2430 5111; x_wconf 88' lang='lat' dir='ltr'><strong>scilicet</strong></span> <span class='ocrx_word' id='word_1_809' title='bbox 2462 5067 2574 5109; x_wconf 90' lang='lat' dir='ltr'><strong>non</strong></span> <span class='ocrx_word' id='word_1_810' title='bbox 2608 5051 2679 5106; x_wconf 91' lang='lat' dir='ltr'><strong>ad</strong></span> <span class='ocrx_word' id='word_1_811' title='bbox 2714 5066 2971 5122; x_wconf 67' lang='lat' dir='ltr'><strong>praesens</strong></span> <span class='ocrx_word' id='word_1_812' title='bbox 3024 5064 3401 5107; x_wconf 85' lang='lat' dir='ltr'><strong>reversurum</strong></span> <span class='ocrx_word' id='word_1_813' title='bbox 3433 5047 3626 5105; x_wconf 88' lang='lat' dir='ltr'><strong>disce-</strong></span> 
     </span>
    </p>
   </div>
   <div class='ocr_carea' id='block_1_113' title="bbox 1972 5136 3627 5208">
    <p class='ocr_par' dir='ltr' id='par_1_113' title="bbox 1972 5136 3627 5208">
     <span class='ocr_line' id='line_1_113' title="bbox 1972 5136 3627 5208; baseline -0.004 -8"><span class='ocrx_word' id='word_1_814' title='bbox 1972 5144 2129 5200; x_wconf 89' lang='lat' dir='ltr'><strong>dere.</strong></span> <span class='ocrx_word' id='word_1_815' title='bbox 2191 5144 2471 5199; x_wconf 87' lang='lat' dir='ltr'><strong>Notabam</strong></span> <span class='ocrx_word' id='word_1_816' title='bbox 2528 5139 2777 5208; x_wconf 85' lang='lat' dir='ltr'><strong>singula,</strong></span> <span class='ocrx_word' id='word_1_817' title='bbox 2826 5144 2886 5194; x_wconf 91' lang='lat' dir='ltr'><strong>et</strong></span> <span class='ocrx_word' id='word_1_818' title='bbox 2947 5139 3239 5194; x_wconf 89' lang='lat' dir='ltr'><strong>admirans</strong></span> <span class='ocrx_word' id='word_1_819' title='bbox 3295 5136 3627 5207; x_wconf 89' lang='lat' dir='ltr'><strong>inopinatos</strong></span> 
     </span>
    </p>
   </div>
   <div class='ocr_carea' id='block_1_114' title="bbox 1972 5222 3626 5297">
    <p class='ocr_par' dir='ltr' id='par_1_114' title="bbox 1972 5222 3626 5297">
     <span class='ocr_line' id='line_1_114' title="bbox 1972 5222 3626 5297; baseline -0.004 -11"><span class='ocrx_word' id='word_1_820' title='bbox 1972 5230 2089 5287; x_wconf 91' lang='lat' dir='ltr'><strong>voti</strong></span> <span class='ocrx_word' id='word_1_821' title='bbox 2122 5242 2321 5284; x_wconf 89' lang='lat' dir='ltr'><strong>eorum</strong></span> <span class='ocrx_word' id='word_1_822' title='bbox 2356 5229 2692 5297; x_wconf 89' lang='lat' dir='ltr'><strong>proventus,</strong></span> <span class='ocrx_word' id='word_1_823' title='bbox 2726 5223 2988 5279; x_wconf 89' lang='lat' dir='ltr'><strong>sentiens</strong></span> <span class='ocrx_word' id='word_1_824' title='bbox 3019 5223 3193 5277; x_wconf 89' lang='lat' dir='ltr'><strong>etiam</strong></span> <span class='ocrx_word' id='word_1_825' title='bbox 3234 5223 3289 5277; x_wconf 91' lang='lat' dir='ltr'><strong>in</strong></span> <span class='ocrx_word' id='word_1_826' title='bbox 3325 5236 3410 5276; x_wconf 89' lang='lat' dir='ltr'><strong>me</strong></span> <span class='ocrx_word' id='word_1_827' title='bbox 3442 5222 3626 5279; x_wconf 88' lang='lat' dir='ltr'><strong>multa</strong></span> 
     </span>
    </p>
   </div>
   <div class='ocr_carea' id='block_1_115' title="bbox 1971 5308 3631 5389">
    <p class='ocr_par' dir='ltr' id='par_1_115' title="bbox 1971 5308 3631 5389">
     <span class='ocr_line' id='line_1_115' title="bbox 1971 5308 3631 5389; baseline -0.007 -14"><span class='ocrx_word' id='word_1_828' title='bbox 1971 5325 2031 5375; x_wconf 91' lang='lat' dir='ltr'><strong>et</strong></span> <span class='ocrx_word' id='word_1_829' title='bbox 2056 5333 2199 5389; x_wconf 92' lang='lat' dir='ltr'><strong>pene</strong></span> <span class='ocrx_word' id='word_1_830' title='bbox 2222 5312 2664 5371; x_wconf 83' lang='lat' dir='ltr'><strong>innumerabilia</strong></span> <span class='ocrx_word' id='word_1_831' title='bbox 2678 5312 2925 5368; x_wconf 86' lang='lat' dir='ltr'><strong>verbere</strong></span> <span class='ocrx_word' id='word_1_832' title='bbox 2940 5314 2996 5365; x_wconf 92' lang='lat' dir='ltr'><strong>et</strong></span> <span class='ocrx_word' id='word_1_833' title='bbox 3013 5310 3387 5380; x_wconf 89' lang='lat' dir='ltr'><strong>correptione</strong></span> <span class='ocrx_word' id='word_1_834' title='bbox 3410 5308 3631 5375; x_wconf 84' lang='lat' dir='ltr'><strong>dignis-</strong></span> 
     </span>
    </p>
   </div>
   <div class='ocr_carea' id='block_1_116' title="bbox 1973 5396 3624 5475">
    <p class='ocr_par' dir='ltr' id='par_1_116' title="bbox 1973 5396 3624 5475">
     <span class='ocr_line' id='line_1_116' title="bbox 1973 5396 3624 5475; baseline -0.007 -13"><span class='ocrx_word' id='word_1_835' title='bbox 1973 5409 2138 5475; x_wconf 81' lang='lat' dir='ltr'><strong>sima,</strong></span> <span class='ocrx_word' id='word_1_836' title='bbox 2156 5403 2451 5461; x_wconf 89' lang='lat' dir='ltr'><strong>subdebar</strong></span> <span class='ocrx_word' id='word_1_837' title='bbox 2473 5400 2663 5457; x_wconf 92' lang='lat' dir='ltr'><strong>animo</strong></span> <span class='ocrx_word' id='word_1_838' title='bbox 2682 5398 2923 5471; x_wconf 90' lang='lat' dir='ltr'><strong>judiciis</strong></span> <span class='ocrx_word' id='word_1_839' title='bbox 2943 5396 3154 5454; x_wconf 66' lang='lat' dir='ltr'><strong>divinae</strong></span> <span class='ocrx_word' id='word_1_840' title='bbox 3179 5396 3624 5467; x_wconf 72' lang='lat' dir='ltr'><strong>misericordiae,</strong></span> 
     </span>
    </p>
   </div>
   <div class='ocr_carea' id='block_1_117' title="bbox 1814 5528 2040 5588">
    <p class='ocr_par' dir='ltr' id='par_1_117' title="bbox 1814 5528 2040 5588">
     <span class='ocr_line' id='line_1_117' title="bbox 1814 5528 2040 5588; baseline -0.004 -1"><span class='ocrx_word' id='word_1_841' title='bbox 1814 5528 2040 5588; x_wconf 72' lang='grc' dir='ltr'>ΝΟΤΕ.</span> 
     </span>
    </p>
   </div>
   <div class='ocr_carea' id='block_1_118' title="bbox 253 5597 1220 5681">
    <p class='ocr_par' dir='ltr' id='par_1_118' title="bbox 253 5597 1220 5681">
     <span class='ocr_line' id='line_1_118' title="bbox 253 5597 1220 5681; baseline -0.014 -13"><span class='ocrx_word' id='word_1_842' title='bbox 253 5608 410 5681; x_wconf 71' lang='grc'><strong>(214)</strong></span> <span class='ocrx_word' id='word_1_843' title='bbox 444 5607 491 5662; x_wconf 86' lang='grc' dir='ltr'>ι.</span> <span class='ocrx_word' id='word_1_844' title='bbox 526 5616 586 5659; x_wconf 90' lang='lat' dir='ltr'><strong>e.</strong></span> <span class='ocrx_word' id='word_1_845' title='bbox 626 5611 746 5655; x_wconf 86' lang='lat' dir='ltr'><strong>non</strong></span> <span class='ocrx_word' id='word_1_846' title='bbox 786 5597 1220 5656; x_wconf 88' lang='lat' dir='ltr'><strong>erubescentes.</strong></span> 
     </span>
    </p>
   </div>
  </div>
