3950 6304
419 323 531 390 371

1377 324 1748 388 HUGONIS
1791 322 2142 386 ABBATIS
2181 321 2858 387 FLAVINIACENSIS
3451 337 3458 340 ’
3689 324 3786 386 3'72

424 479 820 527 rememorans
847 459 1064 539 judicia
1095 461 1193 522 Dei
1239 460 1466 522 occulta
1497 465 1554 520 et
1587 475 1897 534 numquam
1926 456 2073 534 inju-
2099 455 2157 520 A
2184 458 2518 518 vecordium
2549 473 2823 519 coercere
2846 455 3388 533 praesumptionem,
3409 460 3470 517 et
3493 461 3790 533 perterrere

428 562 540 616 sta.
568 557 636 614 Et
668 570 822 614 nunc
841 553 1030 612 adhuc
1051 555 1158 610 hec
1182 552 1447 611 scribens
1464 551 1735 624 supplico
1752 550 1879 621 tibi,
1907 554 2074 622 pater

428 644 966 703 misericordiarum
980 645 1038 700 et
1054 639 1934 707 Deustotiusconsolationis,da
1954 653 2079 712 pec-

428 734 616 792 catori
630 732 880 807 supplici
896 737 1000 790 tuo
1014 731 1262 789 animum
1279 728 1679 802 patientem,in
1696 727 2074 784 tribulatione

427 823 651 895 gratias
663 825 956 894 agentem,
973 823 1167 876 errata
1182 833 1284 876 sua
1301 832 1618 888 agnoscere
1633 822 1693 873 et
1705 819 1814 874 sub
1834 815 2078 886 ﬂagellis

427 912 672 986 pietatis
705 916 822 968 tua)
863 908 1164 966 humiliter
1197 907 1266 968 ad
1300 913 1357 963 te
1389 907 1703 979 suspirare.
1740 907 1824 962 Ab
1856 905 1954 961 illo
1984 905 2076 961 die

429 1000 713 1058 neminem
748 996 1273 1055 Flaviniacensium
1315 996 1454 1064 vidi,
1489 996 1796 1052 manifesta
1849 993 2077 1062 cognita

337 1145 358 1154 ,
430 1089 530 1145 Dei
570 1089 812 1158 virtute,
847 1086 943 1158 qui
997 1085 1250 1157 disponit
1301 1085 1487 1140 omnia
1529 1085 1584 1140 in
1629 1081 2074 1154 tranquillitate,

439 1177 570 1248 quia
608 1178 980 1233 recesserunt
1013 1187 1214 1229 omnes
1241 1187 1271 1229 a
1305 1187 1414 1243 me,
1448 1173 1544 1242 qui
1578 1178 1638 1228 et
1677 1187 1808 1228 cum
1857 1185 2077 1226 mecum

447 1267 670 1335 essent,
697 1263 868 1334 longe
899 1266 1063 1318 erant
1097 1277 1125 1317 a
1158 1276 1268 1332 me,
1291 1266 1350 1316 et
1373 1261 1422 1316 si
1446 1261 1540 1331 qui
1567 1261 1919 1316 adheserunt
1943 1257 2081 1312 mihi

433 1352 487 1409 in
511 1351 911 1422 tribulatione,
928 1350 1197 1407 videntes
1222 1349 1374 1420 quod
1400 1350 1696 1406 defecerat
1717 1347 2080 1403 Flaviniacus

431 1455 461 1497 a
492 1455 602 1511 me,
638 1440 747 1514 ipsi
780 1454 1010 1512 quoque
1040 1439 1257 1496 abiere.
1296 1440 1366 1494 Et
1397 1437 1530 1508 quia
1577 1439 1794 1494 abusus
1827 1450 1950 1492 sum
1985 1449 2083 1506 po-

429 1530 612 1588 tentia
671 1532 728 1584 et
781 1527 998 1586 honore
1029 1527 1302 1596 seculari,
1339 1525 1471 1582 dum
1518 1525 1706 1595 licuit,
1739 1523 1909 1580 donis
1940 1523 2078 1594 tuis,

433 1619 686 1688 Christe,
718 1617 848 1688 quia
901 1620 1088 1672 totum
1135 1619 1263 1671 erat
1313 1615 1416 1670 abs
1467 1618 1548 1683 te,
1585 1629 1691 1670 nec
1723 1618 1788 1671 ut
1817 1612 1989 1668 debui
2023 1616 2079 1667 et

431 1707 593 1778 potui
627 1707 922 1764 reveritus
945 1719 1069 1762 sum
1095 1705 1356 1761 datorem
1385 1703 1616 1762 illorum
1643 1707 1733 1760 te:
1758 1717 1894 1759 ecce
1919 1701 2080 1756 solus

435 1812 582 1866 sum,
608 1803 668 1852 et
690 1810 803 1852 non
835 1811 959 1852 sum
995 1794 1172 1859 solus,
1198 1793 1331 1865 quia
1365 1797 1470 1850 nec
1503 1793 1664 1850 solus
1692 1793 1883 1865 patior
1907 1810 1922 1859 ;
1946 1807 2080 1849 con-
2104 1805 2163 1870 Β
2193 1789 2452 1860 suscepti
2485 1795 2641 1846 sunt.
2667 1789 2948 1858 Ingressis
2979 1793 3036 1844 et
3069 1787 3209 1858 illis,
3243 1788 3340 1858 qui
3368 1788 3792 1858 expectabantur
3899 1781 3901 1788 ’

435 1885 742 1957 patiuntur
773 1883 924 1939 enim
957 1887 1246 1952 quotquot
1277 1885 1410 1938 sunt
1446 1887 1664 1953 patres,
1699 1886 1981 1952 quotquot
2014 1897 2077 1938 se

427 1974 655 2030 viscera
689 1978 931 2044 paterna
964 1971 1179 2029 habere
1211 1974 1628 2028 memorantur.
1655 1969 1766 2026 Sed
1791 1971 1883 2027 cui
1915 1986 2078 2026 aver-

429 2066 588 2118 teras
619 2059 822 2116 faciem
855 2062 1035 2129 tuam,
1065 2058 1223 2128 juste
1255 2059 1446 2114 factus
1469 2059 1986 2114 estconturbatus.
2014 2061 2076 2116 ln

427 2149 696 2206 omnibus
725 2163 828 2204 ore
858 2151 918 2205 et
945 2147 1123 2204 corde
1155 2146 1437 2203 benedice
1461 2151 1538 2215 te,
1566 2146 1753 2202 solum
1779 2161 1965 2202 meum
1989 2162 2078 2202 re-

435 2236 862 2307 fugium,quiet
877 2236 1288 2292 conturbatum
1311 2249 1420 2290 non
1445 2234 1778 2304 deseruisti,
1796 2235 1897 2290 sed
1915 2235 2076 2290 miris

429 2328 487 2380 et
523 2324 702 2380 variis
735 2322 922 2378 modis
953 2336 1056 2378 cor
1089 2337 1274 2378 meum
1306 2322 1582 2391 visitasti,
1617 2327 1683 2378 ut
1712 2321 1915 2379 scirem
1949 2338 2076 2394 quze

433 2413 644 2484 patior,
674 2426 704 2466 a
733 2415 794 2466 te
825 2424 989 2477 esse;
1013 2411 1148 2480 quia
1179 2410 1289 2466 etsi
1324 2410 1580 2482 peccavi,
1605 2415 1665 2466 et
1695 2415 1930 2482 peccata
1953 2427 2076 2468 mea

434 2499 615 2556 multa
651 2501 783 2554 sunt
821 2501 880 2553 et
911 2497 1232 2568 innumera,
1267 2513 1458 2554 arenae
1504 2498 1677 2554 maris
1725 2513 1964 2555 numero
2016 2504 2074 2556 et

434 2586 692 2659 pondere
709 2585 1208 2658 incomparabilia,
1224 2599 1335 2642 non
1351 2585 1756 2656 tamen'qualia
1779 2591 1840 2642 ct
1859 2592 2075 2657 quanta

432 2674 860 2746 imposuerunt,
896 2673 1032 2730 mihi
1064 2679 1217 2730 sunt.
1251 2675 1318 2730 Et
1349 2688 1488 2730 ecce
1538 2679 1706 2746 porto
1756 2675 1980 2746 pondus
2009 2674 2077 2709 ⁸³³

433 2761 760 2832 ignominiae
776 2762 1081 2834 impositae,
1101 2763 1523 2818 obtenebratur
1547 2762 1681 2817 mihi
1705 2763 1793 2818 sol
1811 2777 2072 2834 vespere,

430 2863 596 2906 mane
626 2853 686 2906 et
716 2848 978 2920 meridie,
1013 2849 1317 2906 benedicta
1352 2850 1710 2922 dispensatio
1740 2855 1840 2906 tua
1873 2850 1930 2906 in
1963 2865 2070 2906 me.

501 2937 640 2994 Veni
673 2952 816 3008 ergo
847 2937 1144 2994 Divionem
1176 2937 1327 2994 ultra
1355 2953 1514 3010 spem
1531 2943 1590 2994 et
1610 2943 1806 2994 votum
1835 2940 2074 2995 fratrum

427 3031 488 3083 et
520 3026 768 3082 filiorum
791 3031 1127 3082 nostrorum
1154 3043 1168 3090 ;
1194 3026 1297 3081 sed
1319 3031 1376 3080 et
1404 3025 1482 3082 ibi
1507 3026 1740 3082 turbata
1767 3031 1936 3083 erant
1958 3042 2078 3083 om-

430 3115 521 3171 nia
545 3114 846 3171 nimietate
868 3113 1228 3170 inilrmitatis
1253 3129 1380 3184 quae
1405 3114 1702 3171 invaserat
1727 3119 1954 3186 patrem
1979 3131 2077 3172 no-

431 3207 638 3272 strum,
657 3215 826 3273 quem
842 3205 902 3257 tu
929 3201 1151 3258 sanasti
1174 3201 1542 3260 orationibus
1566 3201 1816 3258 filiorum
1837 3218 2072 3259 suorum

433 3289 688 3348 fidelium
703 3293 956 3346 tuorum.
977 3291 1244 3346 Attamen
1261 3289 1587 3359 infirmitas,
1607 3290 1867 3360 ejusdem
1894 3293 2076 3362 patris

429 3391 553 3434 mea
587 3376 697 3434 fuit
728 3375 1058 3448 inﬁrmitas,
1093 3377 1224 3448 quia
1259 3391 1364 3432 nec
1396 3377 1448 3434 ei
1499 3377 1780 3449 loquutus
1823 3394 1968 3450 sum,
2001 3381 2070 3436 ad

429 3479 600 3536 quem
622 3477 896 3520 veneram
919 3465 1355 3536 accepturusde
1371 3469 1530 3520 tanta
1556 3465 1930 3522 tribulatione
1943 3483 2075 3522 con-

431 3551 644 3608 silium.
675 3551 818 3607 Aliis
861 3565 979 3607 rem
1021 3565 1132 3607 non
1171 3551 1426 3622 judicavi
1461 3552 1892 3624 propalandam,
1921 3557 2070 3626 quod

431 3639 620 3696 adhuc
651 3641 936 3710 agebatur
966 3643 1024 3696 ut
1065 3640 1373 3697 credebam
1407 3643 1463 3697 in
1495 3641 1794 3708 clanculo;
1822 3643 1922 3699 sed
1949 3643 2075 3700 Col-

429 3727 580 3784 ticas
603 3727 740 3798 abii,
766 3726 898 3798 quia
925 3727 1139 3800 prioris
1157 3728 1420 3800 ejusdem
1445 3729 1554 3785 loci
1579 3729 1723 3786 satis
1753 3745 1841 3785 me
1873 3731 2073 3786 crede-

429 3813 558 3872 bam
573 3815 936 3887 strenuitati,
953 3816 1325 3886 cujustamen
1349 3817 1608 3874 bonitate
1626 3833 1738 3874 non
1757 3819 1812 3874 in
1837 3818 2068 3889 longum

429 3905 646 3962 fruitus
671 3919 800 3962 sum
828 3923 840 3959 :
865 3907 924 3961 et
954 3904 1010 3961 in
1041 3905 1302 3962 crastino
1325 3906 1590 3963 eumdem
1612 3921 1742 3963 cum
1768 3907 1948 3963 fratre
1972 3909 2068 3978 qui

427 3992 728 4050 nobiscum
751 3993 1088 4064 advenerat,
1107 3993 1494 4050 Flaviniacum
1521 3994 1668 4065 misi,
1694 4001 1756 4051 ut
1781 3995 1904 4067 ipse
1927 3995 2071 4052 stul-

426 4079 622 4134 torum
643 4079 1054 4150 comprimeret
1079 4079 1447 4136 insolentiam
1471 4085 1526 4136 et
1547 4080 1844 4138 edomaret
1870 4099 2070 4155 super-

429 4163 602 4221 biam.
635 4165 776 4236 (Fel.
815 4166 962 4237 140.)
995 4165 1118 4232 Quo
1151 4167 1474 4239 venientes,
1509 4169 1754 4226 nuncios
1808 4171 2066 4242 episcopi

428 4253 820 4319 invenerunt;
853 4257 912 4309 et
943 4253 1115 4310 simul
1142 4253 1337 4310 villam
1373 4256 1619 4326 ingressi
1663 4261 1820 4328 sunt,
1853 4259 1952 4314 sed
1987 4260 2069 4316 in-

431 4339 692 4397 tentione
725 4341 974 4398 diversa.
1001 4343 1124 4398 Mox
1147 4342 1298 4398 enim
1323 4348 1387 4400 ut
1407 4358 1516 4414 ego
1541 4345 1867 4402 Flaviniaco
1889 4347 2064 4420 exivi,

431 4427 741 4486 contrariae
767 4427 950 4501 partis
973 4429 1074 4485 ﬁlii
1098 4445 1208 4486 non
1231 4445 1440 4500 segnes
1471 4431 1524 4488 in
1556 4433 1952 4502 exequutione
1977 4435 2064 4491 sui

2106 3159 2154 3222 C

2185 549 2452 622 exemplo
2477 550 2784 622 Cham,qui
2811 550 2942 620 quia
2969 549 3151 621 patris
3174 549 3424 606 verenda
3449 548 3679 620 detexit,
3701 566 3792 608 ma-

2187 638 2557 696 ledictionem
2595 639 2923 696 hereditate
2975 639 3253 711 possedit,
3286 639 3563 695 inmemor
3595 639 3719 696 ﬁdei
3747 646 3793 697 et

2187 729 2348 799 pacis
2363 733 2568 800 pactae,
2588 728 2930 798 gavisusest
2945 729 3094 799 quod
3112 727 3432 784 invenisset
3455 727 3636 784 locum
3657 733 3791 801 opta-

2187 821 2307 873 tum
2332 817 2498 887 quasi
2525 831 2663 873 suas
2685 817 2928 888 injurias
2952 816 3302 882 ulciscendi;
3325 820 3383 871 et
3407 815 3686 872 infamiam
3715 832 3791 874 no-

2187 910 2389 974 stram,
2417 909 2724 976 antequam
2749 920 2838 961 me
2859 905 3201 962 conveniret
3222 904 3434 973 legatis
3455 909 3554 960 aut
3579 904 3786 974 litteris,

2186 993 2456 1050 omnibus
2483 993 2536 1049 in
2567 993 2726 1050 curia
2758 996 2818 1050 et
2847 997 3015 1049 extra
3049 993 3267 1050 curiam
3301 991 3692 1063 publicandam
3711 1008 3790 1049 cu-

2188 1080 2357 1137 ravit.
2392 1082 2507 1139 Nec
2539 1097 2731 1148 mora;
2764 1080 3091 1138 Hubaldum
3129 1081 3198 1137 de
3228 1081 3368 1151 suis,
3403 1079 3518 1138 illis
3547 1065 3790 1137 fratribus

2189 1169 2633 1227 infamatoribus
2660 1170 2883 1227 nostris
2906 1170 3190 1226 sociatum
3229 1169 3610 1225 Flaviniacum
3635 1169 3785 1240 misit,

2188 1264 2247 1312 et
2261 1273 2290 1312 e
2319 1259 2553 1315 diverso
2567 1259 2870 1315 venientes
2885 1257 3057 1328 legati
3076 1259 3186 1328 sui,
3203 1261 3260 1314 et
3277 1259 3484 1326 nostri,
3499 1258 3789 1314 coenobium

2191 1345 2619 1415 ingrediuntur.
2638 1347 2833 1403 Nostri
2857 1351 3146 1404 conventu
3171 1345 3445 1416 adunato,
3463 1345 3646 1402 salute
3659 1345 3790 1414 data,

2189 1447 2373 1506 pauca
2396 1449 2502 1505 pro
2523 1438 2786 1507 tempore
2807 1439 2865 1490 et
2889 1449 2951 1490 re
2975 1435 3222 1504 loquuti,
3240 1449 3369 1490 cum
3395 1433 3791 1504 redarguissent

2189 1536 2288 1578 eos
2317 1523 2514 1579 verbis
2545 1523 2820 1594 juvenum
2849 1537 2980 1580 esse
3009 1523 3244 1578 nimium
3279 1522 3568 1591 credulos,
3603 1521 3796 1594 optule-

2193 1615 2324 1666 runt
2354 1611 2442 1667 eis
2475 1625 2548 1666 ex
2579 1617 2775 1668 nostra
2803 1616 2967 1683 parte
2992 1611 3393 1683 purgationem
3419 1610 3714 1680 illatorum,
3738 1625 3794 1665 nc

2191 1697 2568 1756 dissentirent
2592 1714 2622 1756 a
2656 1701 3014 1770 subjectione
3039 1704 3240 1756 nostra
3258 1705 3317 1754 et
3339 1698 3658 1755 obedientia
3677 1715 3690 1764 ;
3709 1711 3793 1754 nec

2189 1877 2440 1934 omnium
2457 1879 2574 1935 fere
2590 1878 2741 1934 votis
2753 1883 2810 1934 et
2827 1892 3088 1947 assensu,
3101 1877 3480 1933 revolvuntur
3493 1875 3544 1930 in
3561 1891 3656 1931 nos
3668 1872 3792 1930 mille

2189 1967 2470 2036 convicia,
2489 1964 3575 2037 eﬂ‘undunturobprobria,improperia
3589 1964 3790 2020 dilatan-

2188 2059 2304 2124 tur,
2330 2069 2460 2124 quae
2483 2054 2616 2110 dum
2647 2053 2844 2110 recolo
2865 2055 3098 2124 horreo,
3120 2054 3256 2110 dum
3279 2054 3498 2110 horreo
3516 2056 3724 2124 stupeo,
3744 2056 3789 2109 et

2190 2141 2286 2199 lux
2303 2143 2423 2214 ipsa
2441 2143 2576 2198 mihi
2590 2147 2680 2199 est
2696 2143 3073 2199 fastidio.Nec
3086 2146 3179 2198 est
3193 2143 3550 2198 inventusex
3561 2142 3789 2198 omnibus

2187 2229 2400 2299 quibus
2433 2228 2852 2298 benefeceram,
2883 2228 2981 2299 qui
3013 2229 3196 2285 vicem
3225 2231 3487 2284 nostram
3519 2226 3786 2283 doluisset.

2187 2320 2245 2373 et
2278 2315 2470 2373 saltim
2503 2317 2744 2372 verbum
2779 2331 2883 2387 pro
2911 2319 3081 2388 patre
3121 2329 3471 2386 quamquam
3518 2319 3791 2386 peccatore

2188 2405 2464 2460 dedisset.
2499 2405 2559 2460 In
2605 2404 2996 2461 conciliabulo
3041 2403 3142 2460 illo
3173 2405 3390 2459 fratres
3420 2411 3481 2459 et
3510 2401 3606 2458 ﬁlii
3635 2399 3790 2458 nostri

2187 2499 2406 2549 sanctae
2421 2493 2771 2549 obedientiae
2792 2491 3050 2549 libellum
3071 2491 3301 2563 repudii
3324 2491 3796 2562 conscripserunt;

2205 2582 2416 2639 domno
2448 2582 2728 2654 episcopo
2759 2581 3094 2638 filiationem
3146 2595 3249 2652 per
3293 2579 3524 2650 legatos
3553 2580 3668 2650 ejus
3691 2577 3798 2633 oile-

2187 2669 2460 2739 rentes,ei
2485 2669 2678 2726 villam
2701 2669 2918 2726 servari
2946 2669 3382 2741 promittentes,
3408 2671 3465 2724 et
3488 2668 3542 2723 in
3564 2666 3795 2726 omnibus

2187 2757 2321 2813 mihi
2347 2759 2856 2815 abrenunciantes.
2884 2760 3236 2814 Decreverat
3260 2757 3375 2813 hoc
3407 2757 3596 2813 facere
3627 2768 3794 2810 manus

2185 2850 2304 2914 tua,
2330 2848 2502 2916 Deus,
2521 2849 2579 2901 et
2613 2851 2851 2918 peccata
2885 2860 3008 2902 mea
3039 2845 3216 2902 etiam
3249 2845 3468 2915 majora
3503 2855 3796 2917 promerue-

2187 2941 2338 3006 rant,
2374 2936 2468 3006 qui
2502 2936 2880 3006 possederant
2913 2949 3040 3004 nos,
3066 2934 3325 3006 Domine,
3365 2936 3580 3005 absque
3610 2937 3680 3002 te,
3710 2945 3794 2987 nec

2186 3023 2586 3094 indignabitur
2614 3023 2912 3080 humilitas
2933 3028 3131 3078 nostra
3165 3022 3284 3093 pati
3318 3035 3687 3094 quaecumque
3714 3019 3794 3075 de-

2186 3113 2462 3182 creveris,
2499 3111 2712 3168 intuitu
2757 3111 3173 3167 misericordize
3221 3114 3364 3168 tum.
3398 3113 3552 3168 Tunc
3581 3109 3790 3181 primum

2187 3198 2397 3269 legatis
2427 3200 2644 3256 nostris
2673 3201 2742 3255 ad
2776 3214 2880 3255 nos
2921 3199 3047 3256 sine
3099 3200 3293 3255 fructu
3344 3197 3614 3267 reversis,
3645 3193 3790 3253 didici

2186 3289 2368 3344 satius
2397 3303 2526 3345 esse
2577 3289 2694 3344 Deo
2745 3289 2968 3358 absque
3018 3287 3350 3345 Flaviniaco
3382 3287 3621 3357 servire,
3650 3297 3790 3356 quam

2185 3382 2428 3447 prepter
2449 3377 2836 3433 Flaviniacnm
2865 3378 3039 3432 Deum
3053 3375 3369 3447 offendere,
3389 3375 3542 3446 quod
3555 3389 3655 3445 ego
3671 3375 3792 3428 fece-

2184 3478 2326 3534 ram,
2353 3479 2481 3521 cum
2509 3466 2661 3522 fastu
2687 3464 2978 3536 superbiae
3003 3464 3274 3532 turgidus
3297 3468 3356 3520 et
3380 3465 3791 3534 obsequentium

2183 3553 2384 3609 cuneis
2434 3553 2733 3609 delinitus.
2769 3554 2946 3608 Deum
2980 3567 3088 3608 non
3123 3555 3185 3607 ut
3219 3552 3398 3609 debui
3434 3551 3672 3623 respexi.
3704 3561 3793 3603 nec
3899 3551 3901 3578 *

2187 3641 2447 3696 timorem
2473 3641 2598 3710 ejus
2618 3641 2809 3697 animo
2825 3639 3206 3696 circumdedi.
3224 3641 3452 3710 Fateor,
3471 3639 3618 3696 sensi
3640 3635 3788 3708 quod,

2183 3743 2292 3783 non
2318 3727 2504 3784 dicam
2529 3727 2791 3796 credere,
2809 3727 2911 3784 sed
2941 3741 3046 3783 nec
3064 3741 3304 3798 sperare
3327 3727 3490 3798 potui
3515 3747 3528 3781 :
3554 3725 3675 3796 quia
3695 3721 3791 3778 vidi

2185 3830 2272 3872 me
2299 3816 2533 3872 omnino
2565 3816 2691 3872 sine
2721 3815 2946 3884 amicis,
2980 3815 3104 3886 qui,
3136 3829 3209 3870 ex
3251 3829 3368 3885 quo
3404 3815 3581 3887 potui,
3610 3812 3675 3869 ad
3703 3812 3792 3867 hoc

2181 3916 2410 3974 semper
2444 3903 2704 3960 laboravi
2738 3908 2800 3959 ut
2832 3917 3246 3972 congregarem
3280 3903 3419 3958 mihi
3453 3902 3676 3959 amicos.
3701 3896 3789 3954 Sed

2185 3990 2318 4047 licet
2355 3991 2543 4062 ipsum
2587 3989 2823 4046 fluvium
2878 3990 3148 4046 Romana
3196 3989 3549 4060 eloquentim
3593 3989 3791 4044 beatum

2182 4079 2547 4136 Ambrosium
2587 4078 2861 4148 legissem
2884 4078 2939 4132 in
2969 4077 3137 4134 libris
3157 4078 3229 4134 de
3249 4077 3458 4134 ofﬁciis
3475 4079 3610 4134 tuba
3632 4071 3791 4132 sancti

2180 4167 2432 4239 Spiritus
2454 4166 2812 4222 intonantem
2839 4171 2898 4220 et
2917 4170 3326 4222 eructuantem
3357 4166 3513 4223 vires
3533 4162 3790 4228 amicitiae,

2178 4255 2433 4311 nondum
2467 4258 2659 4310 tamen
2679 4254 2748 4310 ad
2772 4253 3003 4325 plenum
3030 4253 3345 4311 didiceram
3369 4255 3502 4326 quis
3527 4256 3674 4310 esset
3698 4251 3794 4306 fru-

2177 4349 2309 4400 ctus
2336 4343 2593 4414 ejusdem
2626 4341 2918 4411 amicitiai,
2941 4341 3094 4412 quod
3131 4342 3484 4399 omnimodis
3514 4340 3690 4398 nescit
3710 4335 3791 4408 qui

2180 4431 2491 4501 unicuique
2510 4445 2774 4502 persona)
2796 4433 2990 4486 actum
3014 4445 3336 4500 congruum
3357 4431 3496 4488 dare
3513 4443 3621 4487 non
3633 4425 3792 4484 novit.

431 4515 744 4588 propositi,
779 4516 1118 4575 Sedelocum
1156 4519 1350 4574 ierunt
1377 4519 1637 4590 pontifici
1660 4523 1862 4576 nostro
1886 4521 2065 4592 prima
2099 4505 2146 4568 C
2177 4518 2338 4575 Unde
2363 4519 2426 4574 ﬁt
2449 4521 2510 4574 ut
2533 4517 2876 4590 plerumque
2899 4517 3072 4574 noxio
3093 4517 3342 4575 velimus
3363 4515 3792 4584 assentariegra-

425 4603 637 4675 gaudia
661 4604 966 4677 perlaturi,
985 4605 1135 4676 quod
1160 4607 1342 4664 abbas
1361 4607 1831 4675 Flaviniacensis,
1848 4623 1988 4666 suus
2007 4613 2068 4666 et

426 4691 712 4750 :ecclesize
726 4693 912 4752 hostis
925 4698 1184 4766 apertus,
1201 4708 1362 4765 aquo
1387 4698 1545 4752 tanta
1574 4710 1782 4766 passus
1809 4698 2068 4768 pontifex

429 4780 600 4852 foret,
630 4781 956 4838 :ecclesiam
981 4781 1305 4852 dimiserat,
1333 4781 1490 4854 fugm'
1503 4782 1842 4853 praesidium
1871 4782 2068 4840 latitu-

427 4881 530 4926 rus
561 4883 674 4926 non
709 4883 1060 4927 reversurus
1088 4869 1365 4940 elegerit;
1390 4871 1659 4927 :ecclesia
1687 4871 1802 4940 jam
1827 4872 1951 4930 sine
1975 4888 2071 4944 pa-

427 4961 608 5030 store,
625 4958 790 5016 locus
811 4957 935 5014 sine
960 4960 1212 5028 rectore,
1239 4963 1494 5015 castruzn
1518 4959 1642 5016 sine
1663 4964 1880 5017 tutore.
1907 4961 2072 5017 Vide-

429 5049 520 5100 ret
550 5046 718 5115 cujus
747 5045 858 5102 hoc
888 5047 1015 5100 erat
1047 5045 1408 5116 pr03picere,
1441 5061 1510 5102 ne
1558 5047 1708 5117 quod
1759 5049 2069 5120 dampnum

428 5124 747 5187 inferretur
777 5133 948 5188 matri
981 5132 1285 5203 mcclesiae,
1312 5147 1456 5191 neve
1487 5133 1584 5190 ille
1616 5134 1838 5191 rediret
1861 5137 1959 5207 qui
1985 5152 2072 5194 re-

428 5222 708 5289 cesserat,
743 5220 878 5290 quia
907 5221 1096 5277 omnia
1142 5225 1443 5278 constaret
1491 5222 1699 5279 amodo
1746 5223 2070 5296 periclitari

429 5305 484 5360 in
509 5304 636 5375 ejus
659 5308 992 5377 praesentia.
1012 5308 1212 5366 Audiit
1235 5309 1642 5383 episCOpus,et
1657 5310 1874 5368 letatus
1887 5316 1996 5382 est,
2012 5317 2073 5368 et

431 5391 693 5448 auditum
719 5393 994 5451 omnibus
1020 5398 1389 5466 protestatus
1419 5400 1530 5454 est.
1556 5399 1623 5454 Et
1657 5399 1755 5470 qui
1789 5399 2072 5456 debuerat

2179 4607 2409 4676 tillcari,
2433 4611 2492 4662 et
2515 4605 2807 4662 innocenti
2836 4621 3022 4662 amico
3050 4620 3162 4661 non
3191 4620 3503 4663 vereamur
3535 4599 3788 4667 insidiari,

2179 4695 2332 4766 quod
2355 4699 2520 4751 extra
2541 4695 2786 4751 officium
2819 4699 2930 4751 est.
2956 4695 3120 4762 Quod
3144 4693 3277 4750 dum
3302 4693 3522 4752 stultus
3543 4693 3672 4763 agit,
3692 4689 3792 4745 vio-

2178 4783 2374 4839 lantur
2396 4782 2613 4838 fmdera
2635 4782 2811 4853 pacis,
2832 4786 2896 4838 ut
2918 4797 3024 4838 nec
3049 4781 3296 4838 dicenda
3318 4783 3400 4838 sit
3423 4780 3663 4838 amicitia
3685 4789 3792 4848 quae

2179 4870 2334 4926 nulla
2349 4876 2460 4940 est,
2477 4870 2611 4940 quia
2628 4870 2684 4925 in
2708 4869 2866 4926 nullo
2883 4870 3218 4940 congruitei
3236 4870 3335 4941 qui
3350 4866 3670 4940 hujusmodi
3690 4869 3786 4922 est.

2179 4959 2263 5014 Sit
2287 4959 2464 5028 igitur
2489 4957 2858 5014 benedictum
2877 4958 3338 5029 nomenpomini,
3360 4958 3527 5028 cujus
3541 4952 3792 5028 judicium

2177 5061 2455 5104 concessa
2469 5045 2560 5102 vel
2575 5045 2854 5116 permissa
2869 5045 2999 5102 dedi
3011 5049 3117 5116 t,et
3131 5045 3535 5103 misericordia
3551 5038 3787 5100 abstulit.

2251 5133 2360 5190 Sed
2393 5133 2523 5204 quis
2552 5137 2748 5204 potest
2782 5133 3137 5204 investigare
3159 5133 3286 5190 vias
3309 5132 3595 5190 hominis?
3614 5129 3790 5196 Quam-

2183 5237 2353 5294 quam
2374 5221 2758 5293 persuaderet
2791 5221 2926 5277 mihi
2950 5236 3112 5278 mens
3133 5225 3194 5278 et
3213 5221 3388 5291 ratio,
3403 5219 3621 5290 judicio
3640 5214 3726 5272 Dei
3743 5212 3789 5268 id

2183 5309 2436 5380 actitari,
2470 5309 2790 5366 deliberavi
2820 5314 3008 5366 tamen
3039 5310 3230 5366 animo
3261 5309 3426 5364 adire
3456 5304 3787 5377 Lugdunum,

2182 5397 2274 5454 vel
2303 5399 2436 5470 quia
2468 5397 2798 5470 intercepto
2827 5396 3048 5455 nullum
3073 5402 3166 5454 est
3197 5395 3528 5466 consilium,
3563 5391 3647 5450 vel
3675 5386 3787 5461 quia

1788 5521 2024 5578 VARUE
2066 5520 2464 5578 LECTIONES.

506 5581 574 5616 ⁴³ί
601 5595 718 5640 υοω
744 5595 918 5643 erasa
947 5601 995 5644 c.
