3950 6332
170 288 299 351 373

1463 288 1963 356 CHRONICON.
2000 325 2071 335 —
2105 290 2259 354 LIB.
2296 292 2369 353 ΙΙ.

3505 287 3623 349 3⁸74

167 427 274 485 tot
297 423 415 485 sibi
440 423 718 484 adversis
741 425 1216 497 succedentibus,
1246 425 1455 485 bonum
1475 431 1566 485 est
1589 439 1619 484 a
1642 423 1850 485 multo-
1878 424 1932 488 A
1965 424 2065 484 bat
2108 438 2138 484 a
2182 439 2271 484 me
2300 440 2415 486 vox
2442 430 2502 485 et
2532 438 2759 484 sensus.
2794 420 2923 483 Dixi
2958 439 3048 482 me
3081 424 3310 484 venisse
3355 425 3423 483 ad
3459 423 3627 483 festi'

172 530 319 574 rum
343 515 595 572 maxime
619 517 949 589 sapientum
976 531 1222 587 querere
1236 517 1485 573 caritate
1518 516 1846 572 consilium.

172 607 470 662 Videbam
487 605 646 659 enim
667 620 757 660 me
776 606 1131 675 prmgravari
1157 621 1186 661 a
1210 605 1447 676 proprio
1470 605 1774 676 episcopo,
1792 608 1850 660 et

174 695 329 751 ideo
380 694 803 749 recurrentium
837 693 972 748 mihi
1006 693 1319 749 videbatur
1350 694 1420 749 ad
1453 692 1853 763 metropolita-

177 798 360 852 num,
394 784 719 838 SBCll‘ldlllll
751 783 897 838 scita
931 797 1237 851 canonum,
1274 786 1394 838 tum
1431 785 1673 853 propter
1708 781 1854 836 anti-

182 885 379 940 quam
402 869 881 935 familiaritatem,
915 874 969 924 et
996 874 1055 924 ut
1083 870 1272 941 rebar,
1301 867 1703 924 indissolubile
1735 867 1856 923 vin-

180 958 402 1014 culum
462 958 760 1027 amicitiaa,
808 958 1070 1027 quojugi
1122 957 1404 1027 obsequio
1453 971 1540 1011 me
1576 955 1853 1027 peculiari

180 1047 393 1119 ipsius
425 1045 715 1102 famulitio
772 1045 1114 1102 devinxerat
1147 1045 1350 1101 sedula
1384 1044 1566 1101 nostri
1599 1043 1851 1112 devotio,

180 1136 365 1207 quod
397 1135 600 1205 utique
632 1134 926 1191 vinculum
959 1134 1156 1190 nullus
1182 1134 1316 1189 mihi
1349 1133 1659 1189 videbatur
1684 1147 1856 1203 posse

181 1223 570 1292 rescindere,
616 1238 722 1279 nec
782 1223 906 1294 ipsa
942 1238 1144 1278 manus
1178 1223 1390 1277 referta
1426 1235 1700 1277 munere:
1736 1225 1856 1275 tum

182 1316 454 1384 propter
470 1312 823 1368 obstinatam
838 1311 977 1366 dicti
993 1310 1254 1381 episcopi
1274 1310 1712 1381 proterviam,et
1732 1323 1861 1378 pro-

186 1406 434 1456 tervam
460 1400 937 1469 obstinationem,
967 1413 1076 1469 qna
1107 1398 1315 1455 nemini
1346 1396 1859 1467 umquaminimieo

187 1489 453 1559 ignovit,
480 1503 586 1544 nec
618 1488 791 1545 noxio
823 1492 923 1544 aut
952 1486 1246 1543 innocenti
1282 1486 1564 1557 pepercit,
1591 1484 1747 1555 quod
1780 1484 1862 1539 fu-

189 1592 308 1633 ror
341 1576 521 1634 animi
553 1577 682 1647 ejus
746 1576 1033 1632 animatus
1065 1575 1118 1629 in
1152 1589 1257 1630 nos
1315 1573 1475 1630 nullo
1528 1572 1636 1627 nisi
1672 1570 1857 1640 magni

187 1679 462 1721 censura
485 1664 696 1734 judicii
725 1665 875 1720 foret
899 1663 1218 1719 medendus
1240 1661 1612 1718 antidoto.lvi
1640 1661 1853 1730 itaque,

1963 516 2203 573 vitatem
2237 515 2644 587 dedicationis,
2683 530 2810 586 qua:
2843 519 3079 587 postera
3111 516 3203 572 die
3237 516 3429 573 futura
3454 522 3615 581 erat;

1964 619 2078 660 non
2111 611 2481 676 receperunt,
2518 605 2652 675 quia
2681 604 2877 660 villam
2903 603 3182 675 episcopo
3213 604 3617 674 reddiderant,

1963 697 2022 748 et
2054 708 2142 748 me
2162 707 2273 749 non
2299 699 2682 764 suscepturos
2711 693 3124 764 promiserant.
3163 693 3459 763 Loqnutus
3490 708 3616 749 sum

1963 782 2036 837 de
2085 781 2314 837 infamia
2376 781 2512 837 mihi
2573 781 2860 851 imposita,
2919 796 3022 852 pro
3083 795 3191 852 qua
3254 782 3617 837 defendenda

1963 869 2179 925 Eduam
2204 869 2524 940 profiscisci
2550 874 2789 940 paratus
2812 884 2988 925 eram.
3016 870 3153 926 Cum
3186 869 3533 927 monuissem
3555 876 3621 927 ut

1965 971 2185 1013 mecum
2221 958 2391 1026 irent,
2445 973 2550 1013 nec
2576 958 2681 1014 hoc
2712 959 3043 1027 audierunt,
3077 959 3416 1030 episcopum
3441 963 3505 1015 ut
3537 958 3622 1014 di-

1965 1047 2175 1101 cebant
2199 1051 2487 1102 verentes.
2521 1047 2735 1103 Videns
2765 1047 2896 1117 quia
2931 1048 3084 1103 omni
3125 1062 3326 1104 eorum
3352 1048 3448 1118 qui
3480 1048 3617 1104 mihi

1960 1132 2301 1202 juraverant
2327 1135 2647 1191 destitutus
2667 1150 2824 1190 eram
2845 1135 3055 1191 solatio
3078 1140 3137 1191 et
3160 1136 3620 1203 amminiculo,et

1970 1220 2129 1276 solus
2160 1221 2423 1283 relictus,
2472 1237 2603 1277 cum
2636 1223 2822 1279 omnia
2857 1239 2983 1293 quae
3025 1224 3361 1292 oﬂ‘erebam,
3395 1224 3616 1281 derisui

1969 1308 2347 1378 haberentur,
2373 1310 2662 1366 destinavi
2688 1325 2792 1381 per
2822 1326 2911 1366 me
2942 1311 3129 1382 ipsum
3155 1311 3226 1367 ad
3251 1317 3509 1368 nostrum
3531 1324 3620 1368 re-

1968 1397 2118 1451 verti
2146 1399 2581 1463 monasterium,
2608 1400 2752 1455 satis
2775 1402 2835 1455 et
2854 1414 3029 1470 super
3052 1400 3199 1455 satis
3219 1404 3460 1470 experta
3483 1400 3618 1455 iide-

1972 1484 2156 1554 litate,
2205 1485 2300 1541 ubi
2337 1485 2446 1556 ipsi
2482 1486 2630 1541 idem
2656 1488 2750 1556 qui
2788 1502 3009 1544 mecum
3034 1494 3201 1544 erant
3232 1503 3261 1544 a
3294 1503 3382 1543 me
3407 1488 3460 1543 in
3492 1503 3619 1544 cra-

1971 1572 2140 1641 stina,
2164 1588 2269 1628 nec
2289 1578 2598 1644 expectata
2624 1575 2941 1631 festivitate
2957 1577 3143 1632 sancti
3169 1576 3404 1645 Benigni
3429 1591 3619 1633 reces-

1972 1666 2195 1716 serunt.
2233 1661 2583 1719 Benedictus
2628 1664 2797 1731 Deus,
2830 1663 2926 1733 qui
2962 1664 3238 1719 misertus
3270 1668 3358 1720 est
3409 1663 3614 1731 nostri,

185 1760 261 1810 et
294 1753 657 1810 invenissem
686 1753 888 1823 utique
919 1752 1070 1822 quod
1101 1766 1493 1822 speraveram,
1530 1749 1638 1805 nisi
1674 1748 1858 1819 pluris
1892 1776 1940 1834 Β
1973 1748 2400 1818 ipsejudicabit
2424 1764 2655 1806 causam
2683 1765 2885 1820 meam,
2918 1765 3047 1807 cum
3081 1750 3322 1807 liberam
3349 1753 3549 1808 fecerit
3588 1767 3616 1806 a

185 1846 517 1898 constaret
545 1841 697 1912 apud
729 1840 1230 1911 archiepiscopum
1275 1852 1581 1909 numquam
1615 1851 1793 1892 vacua
1828 1851 1857 1891 a

188 1944 453 1987 munere
485 1929 735 1985 amicitia
768 1929 1029 2000 episcopi
1064 1928 1309 1983 servitio
1334 1931 1556 1982 nostro.
1593 1928 1857 1980 Attamen

192 2018 499 2075 remissus
522 2032 647 2073 sum
672 2018 744 2073 ab
767 2031 836 2071 eo
860 2032 965 2087 pro
989 2015 1348 2071 defendenda
1374 2020 1432 2069 et
1456 2013 1665 2069 tuenda
1695 2018 1859 2083 parte

190 2112 415 2162 nostra
435 2105 509 2161 ad
532 2104 714 2174 illum,
740 2119 769 2159 a
791 2104 958 2173 cujus
982 2104 1202 2159 alarum
1235 2102 1560 2173 patrocinio
1585 2104 1858 2171 rapuerat

192 2209 320 2264 me,
360 2193 634 2250 domuum
664 2192 892 2249 seniicet
938 2192 1373 2256 Divionensem;
1409 2196 1469 2246 ut
1504 2190 1625 2260 ipse
1655 2203 1861 2244 conve-

192 2283 363 2338 niret
397 2282 751 2353 episcopum,
804 2280 1073 2350 quoniam
1108 2280 1537 2347 ineouventum,
1572 2276 1860 2333 indiscus-

198 2384 366 2440 sum,
401 2368 725 2424 inauditum
750 2382 837 2423 me
861 2367 1028 2423 bonis
1050 2367 1320 2423 ecclesiae
1342 2365 1679 2437 spoliasset,
1704 2364 1857 2433 quod

195 2457 512 2513 canonicis
551 2455 785 2512 omnino
836 2455 1241 2511 sanctionibus
1282 2454 1684 2510 aversabatur.
1722 2450 1858 2506 Veni

198 2546 414 2616 itaque
445 2543 766 2601 ebdomada
802 2543 921 2615 ipsa
970 2548 1102 2599 ante
1149 2544 1359 2598 festum
1393 2541 1588 2596 Sancti
1625 2538 1859 2608 Benigni

200 2633 378 2703 (Nov.
413 2636 487 2705 1),
513 2647 645 2690 cum
667 2632 721 2687 in
754 2631 906 2688 omni
928 2638 1081 2687 terra
1107 2630 1389 2686 adversus
1422 2644 1509 2685 me
1531 2628 1720 2684 hostis
1746 2626 1861 2683 cla-

204 2726 424 2791 maret,
449 2725 507 2776 et
530 2736 642 2776 non
660 2720 779 2789 jam
810 2726 975 2775 extra
1001 2733 1367 2789 synagogam,
1396 2717 1498 2773 sed
1522 2722 1687 2772 extra
1709 2730 1861 2771 com-

202 2824 447 2867 munem
476 2809 731 2865 omnium
763 2807 1180 2863 habitationem
1210 2808 1283 2862 ab
1316 2805 1569 2861 inimicis
1597 2803 1730 2875 pelli
1765 2803 1862 2858 de-

203 2898 356 2955 bere
391 2896 709 2967 judicarer.
772 2896 1089 2952 Audierant
1117 2898 1174 2949 et
1224 2894 1335 2965 ipsi
1389 2893 1599 2948 malum
1633 2906 1856 2956 meum;

201 3000 347 3042 nam
379 2985 510 3056 quis
559 2985 723 3041 locus
773 2988 933 3039 esset
964 2998 1077 3054 quo
1112 2984 1255 3038 bona
1294 2982 1436 3037 fama
1499 2979 1683 3036 nostri
1719 2993 1860 3050 prae-

1973 1836 2252 1906 peceatis,
2271 1852 2398 1907 quae
2415 1838 2786 1893 increverunt
2803 1853 3118 1909 supernos,
3137 1840 3382 1894 animam
3407 1854 3609 1895 meam.

2043 1924 2160 1979 Misi
2184 1939 2323 1993 ergo
2347 1926 2621 1996 episeopo
2646 1926 2898 1993 litteras,
2926 1929 2989 1983 ut
3013 1927 3164 1996 quod
3190 1942 3294 1997 per
3318 1942 3405 1982 me
3426 1927 3615 1997 ipsum

1970 2025 2078 2067 non
2107 2017 2386 2083 poteram,
2421 2012 2640 2069 litteris
2665 2013 2985 2083 implerem,
3012 2028 3255 2083 quarum
3282 2017 3481 2070 textus
3506 2014 3616 2070 iste

1969 2105 2056 2154 est
2074 2118 2085 2154 :
2109 2102 2599 2157 Reuerentissimo
2608 2102 2775 2172 patri
2789 2102 2845 2157 et
2860 2101 3294 2159 dominosqu
3310 2101 3620 2158 Eduorum

1968 2189 2345 2261 episcopofra
2354 2191 2441 2245 ter
2451 2192 2627 2260 Huqo
2638 2190 3122 2247 Flaciniacensis
3134 2189 3408 2247 (ecclesiae
3417 2204 3618 2247 servus

1967 2276 2223 2333 salutem
2241 2319 2253 2331 .
2273 2281 2314 2333 Α
2330 2278 2614 2349 Lugduno
2641 2292 2969 2347 regressus,
2985 2278 3148 2335 vobis
3164 2279 3235 2334 ut
3252 2293 3438 2350 nuper
3457 2279 3622 2351 apud

1967 2365 2206 2421 Eduam
2216 2366 2617 2433 eondizeram,
2638 2379 2944 2423 occurrere
2963 2366 3154 2434 debui,
3180 2366 3285 2423 sed
3302 2369 3449 2436 quia
3464 2366 3622 2423 dom-

1967 2467 2081 2509 nus
2112 2454 2529 2525 Lugdunensis
2555 2454 2791 2525 cognita
2814 2467 2999 2511 causa
3018 2455 3224 2511 nostra
3258 2454 3510 2525 speciali
3529 2468 3621 2510 me

1958 2541 2165 2611 patris
2176 2543 2369 2599 nostri
2389 2541 3101 2613 Dieionensipatrocinio,
3127 2556 3166 2598 a
3186 2545 3360 2614 cujus
3379 2556 3471 2598 me
3490 2543 3621 2599 ala-

1966 2642 2103 2684 rum
2117 2629 3224 2701 tuitionerapnerat,commisit,utejus
3237 2631 3487 2687 consilio
3504 2644 3620 2685 om-

1966 2717 2064 2772 nis
2076 2717 2211 2787 ipsa
2240 2730 2424 2774 causa
2441 2717 2648 2773 nostra
2665 2716 3004 2773 muniretur
3015 2718 3072 2771 et
3069 2719 3499 2787 protegeretur,
3516 2718 3620 2775 Di-

1967 2804 2196 2860 cionem
2232 2806 2588 2875 peraccessi.
2648 2806 2849 2860 Valens
2894 2819 3029 2860 rero
3058 2806 3479 2861 Flaciniacum
3506 2806 3615 2874 ire,

1968 2894 2255 2961 quosdam
2266 2892 2965 2965 deﬂabribus,quosdam
2977 2892 3157 2948 etiam
3173 2892 3242 2948 de
3253 2892 3552 2949 nobilibus
3564 2894 3628 2951 et

1966 2980 2382 3051 servientibus,
2408 2980 2490 3036 ad
2506 2994 2597 3036 me
2617 2980 2780 3052 apud
2810 2978 3528 3052 Vidiliacumcenirefeci,
3553 2982 3627 3037 ut

201 3066 589 3145 cesserat,ad
614 3087 783 3144 quem
808 3073 952 3128 tanti
987 3071 1287 3127 infortunii
1314 3084 1504 3126 rumor
1536 3084 1646 3125 non
1665 3082 1860 3124 acces-
1893 3122 1937 3145 η
1967 3070 2995 3140 mecumirent,quinequesemecum
3014 3068 3225 3135 ituros,
3254 3068 3619 3140 nequeintra

202 3163 429 3219 sisset?
460 3122 560 3218 sed
592 3122 722 3218 e‘um
773 3161 903 3231 plus
933 3159 1099 3215 dolor
1157 3122 1861 3228 satiricis.sit-
1892 3122 1940 3183 C
1970 3122 2747 3227 Ῐὲὶιὶέέῇέάὲάὲἰιῖέέέὲῥὲάνόέ
2764 3122 3070 3224 dixem,
3097 3122 3622 3224 causam

206 3257 409 3321 xerat,
445 3250 578 3321 quia
605 3250 736 3322 plus
766 3249 1155 3305 laboraverat.
1183 3248 1240 3302 Ei
1267 3247 1432 3303 mihi!
1461 3246 1597 3317 quid
1624 3246 1859 3301 refero?

207 3341 384 3410 Vide,
416 3338 673 3407 Domine,
736 3336 867 3407 quia
918 3334 1187 3404 tribulor,
1235 3333 1604 3390 vulneratum
1636 3337 1729 3389 est
1758 3348 1862 3389 cor

206 3442 408 3485 meum
461 3426 729 3491 caritate,
765 3424 895 3494 quia
929 3438 957 3479 a
992 3422 1127 3478 ﬁliis
1169 3423 1394 3478 viscera
1428 3428 1688 3477 materna
1727 3436 1863 3492 qua-

203 3517 449 3573 tiuntur
478 3518 538 3570 et
588 3513 954 3569 scinduntur.
992 3511 1133 3579 (Fol.
1172 3509 1336 3579 160‘.)
1390 3510 1581 3565 Inveni
1614 3510 1865 3565 oil‘ensos

205 3604 442 3662 animos
487 3602 765 3671 omnium,
790 3600 922 3670 quia
955 3614 1023 3655 eo
1053 3599 1176 3670 ipso
1209 3614 1323 3669 quo
1356 3614 1457 3654 eos
1488 3598 1858 3668 oil'enderam,

207 3692 446 3750 scilicet
461 3692 519 3746 in
542 3689 881 3746 dimissione
906 3688 1169 3756 fratrum,
1188 3693 1396 3742 memet
1415 3686 1820 3742 destruxeram
1847 3704 1862 3754 ;

211 3779 373 3837 unde
399 3783 462 3834 et
488 3777 891 3850 compassione
923 3792 1026 3848 pro
1058 3777 1148 3832 his
1168 3781 1224 3831 et
1249 3776 1379 3831 aliis
1398 3775 1618 3845 judicio
1660 3789 1863 3830 eorum

208 3869 430 3926 merito
452 3880 654 3924 carere
685 3865 987 3921 debebam.
1015 3866 1224 3920 Verum
1251 3864 1346 3920 ubi
1379 3863 1605 3931 adveni,
1631 3879 1661 3918 a
1696 3867 1862 3934 patre

211 3961 529 4028 susceptus
579 3952 868 4022 benivole,
920 3951 1139 4009 contuli
1181 3967 1309 4008 cum
1346 3951 1445 4007 illo
1498 3951 1860 4007 incommoda

209 4046 467 4107 hominis
513 4044 842 4113 utriusque,
883 4046 941 4097 et
994 4040 1331 4097 consiliator
1384 4040 1521 4095 mihi
1555 4041 1744 4095 factus
1773 4042 1861 4094 est

211 4138 426 4207 bonus,
438 4136 601 4205 juxta
623 4131 777 4204 quod
796 4146 925 4188 eum
945 4130 1191 4187 decebat
1205 4129 1365 4199 dare,
1387 4133 1446 4184 et
1467 4128 1673 4184 melius
1693 4142 1862 4199 quam

210 4240 307 4280 me
330 4222 623 4280 decuisset
657 4219 944 4290 accipere.
973 4220 1109 4274 Nam
1131 4218 1263 4289 quia
1295 4217 1555 4273 dixeram
1588 4216 1863 4287 episcopo

210 4327 308 4369 me
335 4311 402 4368 ad
434 4325 566 4368 eum
591 4312 901 4365 venturum
941 4322 1072 4364 cum
1124 4320 1153 4361 a
1189 4306 1464 4375 Lugduno
1493 4304 1858 4375 regrederer,

210 4400 314 4472 qui
338 4414 445 4469 me,
473 4403 540 4456 ut
561 4398 859 4455 audieram
882 4401 938 4452 et
973 4410 1076 4466 per
1106 4409 1196 4450 me
1229 4393 1415 4465 ipsum
1456 4394 1865 4464 probaveram,

1970 3245 2332 3315 asserebant,
2348 3244 2488 3301 acti.
2507 3244 2715 3301 Μογικί
2727 3244 3025 3300 utmecum
3037 3244 3620 3314 Eduamproﬂcisce-

1967 3335 2197 3403 rentur,
2214 3349 2286 3390 no
2295 3334 2550 3390 luerunt.
2578 3334 2676 3391 Ita
2700 3333 2860 3389 omni
2880 3332 3215 3389 nostrorum
3235 3332 3620 3389 amminiculo

1970 3422 2292 3480 destitutus
2313 3422 2372 3478 et
2386 3422 2697 3493 spoliatus,
2724 3421 2974 3478 Dicione
2998 3434 3088 3476 me
3114 3421 3341 3491 recepi;
3367 3420 3440 3488 et,
3463 3419 3623 3492 quod

1970 3511 2161 3567 solum
2176 3510 2370 3582 potui,
2406 3510 2641 3568 litteras
2663 3511 2775 3566 bas
2794 3508 3375 3578 cestmpaternitati
3396 3507 3618 3577 direxi,

1972 3598 2397 3669 expoliationis
2418 3599 2665 3665 indices,
2688 3596 3157 3654 restaurationis
3182 3596 3495 3665 supplices,
3526 3595 3622 3652 de-

1956 3688 2265 3758 fensionis
2287 3687 2344 3743 et
2352 3687 2740 3757 purgationis
2766 3698 2909 3741 mea
2929 3684 3423 3755 prasentatrices.
3459 3685 3623 3753 Roqo

1970 3776 2178 3847 itaque
2188 3788 2260 3830 ne
2281 3789 2423 3845 erga
2440 3787 2530 3829 me
2541 3774 2721 3830 aliter
2734 3787 2918 3843 quam
2943 3772 3141 3828 sancti
3161 3784 3409 3827 canones
3411 3772 3622 3841 praci-

1960 3863 2160 3933 piunt,
2186 3875 2364 3933 agere
2383 3861 2601 3928 velitis,
2642 3859 2789 3931 quia
2811 3861 2871 3915 et
2895 3872 2998 3929 ego
3035 3859 3102 3914 in
3139 3856 3339 3915 nostro
3353 3857 3623 3929 capitulo

1970 3951 2259 4019 Eduensi,
2280 3949 2439 4019 quod
2443 3948 2701 4020 justitia
2722 3946 3045 4004 dictaverit
3052 3945 3308 4017 paratus
3325 3959 3458 4001 sum
3491 3958 3622 4001 eae-

1970 4039 2096 4109 qui.
2116 4037 2435 4107 Adcertite,
2468 4050 2664 4107 queso,
2699 4035 2850 4107 quid
2878 4033 3141 4091 debeatis
3161 4033 3350 4102 nobis,
3363 4034 3433 4088 ut
3442 4034 3502 4088 et
3516 4047 3623 4090 nos

1969 4125 2222 4192 faciatis
2241 4125 2550 4181 advertere
2569 4123 2721 4193 quid
2741 4121 3052 4179 debeamus
3079 4120 3260 4178 vobis.
3296 4120 3507 4178 Valete.

2046 4214 2158 4269 llas
2191 4213 2348 4283 ipsas
2380 4212 2610 4267 litteras
2640 4213 2875 4281 apertas
2911 4208 3096 4265 direxi
3119 4207 3401 4279 capitulo,
3435 4211 3491 4262 et
3524 4222 3622 4262 ex-

1971 4307 2113 4358 tunc
2144 4314 2329 4371 usque
2371 4314 2521 4357 nunc
2584 4297 2809 4363 Divioni
2868 4311 3092 4367 maneo,
3147 4301 3331 4364 tuum,
3367 4293 3617 4363 Christe,

1975 4387 2679 4464 prmstolandoauxilium,
2706 4401 2818 4441 non
2845 4393 2910 4443 ut
2932 4386 3135 4451 abbas,
3162 4385 3263 4441 sed
3287 4383 3449 4455 quasi
3476 4397 3626 4438 unus

210 4489 483 4548 omnibus
517 4487 686 4543 bonis
717 4484 1090 4556 spoliaverat,
1126 4483 1234 4539 fuit
1264 4481 1569 4539 consilium
1606 4486 1662 4537 ut
1697 4480 1862 4552 prius
1890 4474 1943 4534 D
1974 4494 2007 4536 e
2037 4478 2338 4546 fratribus,
2371 4476 2525 4547 quod
2555 4475 2689 4530 mihi
2721 4479 2813 4530 est
2837 4473 3043 4531 tutius.

216 4577 607 4634 Flaviniaeum
640 4575 808 4644 irem,
841 4573 1193 4643 loquuturus
1222 4570 1520 4638 fratribus,
1557 4570 1773 4626 casatis
1804 4573 1861 4625 et

215 4664 619 4724 servientibus
640 4660 884 4722 nostris.
918 4668 977 4717 et
1007 4664 1405 4731 temptaturus
1427 4673 1595 4730 quem
1614 4672 1750 4727 erga
1776 4672 1864 4713 me

217 4758 489 4825 gererent
505 4751 801 4818 aﬂ‘ectum,
819 4764 933 4820 quo
949 4754 1254 4805 uterentur
1268 4746 1455 4803 animo
1473 4764 1487 4812 ;
1504 4746 1598 4818 qui
1617 4746 1750 4801 mihi
1770 4745 1864 4802 ubi

217 4844 288 4899 ab
307 4843 394 4900 eis
406 4843 801 4898 discesseram
815 4836 942 4893 vale
958 4837 1235 4905 fecerant,
1252 4839 1310 4890 et
1328 4834 1579 4891 reditum
1603 4839 1867 4890 nostrum

217 4931 500 4988 maturius
532 4924 769 4998 impleri
802 4928 1166 4994 rogaverunt.
1211 4924 1292 4979 lvi
1328 4924 1544 4993 itaque,
1570 4926 1626 4977 et
1661 4921 1869 4978 nuncio

216 5020 542 5091 praemisso,
571 5015 1033 5086 priorem.quem
1052 5016 1249 5068 amoto
1271 5026 1340 5067 eo
1365 5011 1461 5081 qui
1496 5024 1718 5066 mecum
1742 5014 1871 5065 erat

216 5108 404 5181 priore
457 5100 806 5170 Colticensi,
838 5100 892 5155 in
944 5100 1133 5157 locum
1165 5099 1293 5169 ejus
1320 5098 1767 5168 substitueram,
1797 5098 1867 5154 ad

214 5211 294 5254 me
316 5194 475 5270 apud
506 5190 885 5257 Vidiliacum,
919 5192 976 5244 et
1009 5203 1138 5245 cum
1169 5202 1238 5244 eo
1284 5201 1430 5257 quos
1463 5186 1697 5255 dignum
1732 5185 1868 5241 duxi

210 5289 400 5346 venire
430 5278 719 5342 mandavi
756 5277 905 5347 (Oet.
967 5280 1079 5350 31).
1111 5278 1409 5333 Venerunt
1468 5274 1613 5331 satis
1644 5277 1871 5345 protra-

203 5376 409 5448 henda,
434 5377 500 5431 et
532 5368 835 5426 inmutata
858 5369 980 5421 erat
1008 5366 1187 5422 facies
1209 5378 1433 5433 eorum,
1454 5367 1511 5419 et
1531 5378 1635 5419 cor
1665 5377 1869 5418 eorum

197 5462 536 5529 recesserat
569 5472 603 5513 a
672 5466 793 5521 me,
836 5466 939 5508 nec
998 5452 1352 5524 agnoscebar
1384 5453 1457 5508 ab
1509 5450 1628 5506 illis
1659 5449 1873 5520 quibus

190 5556 372 5620 omnia
406 5554 581 5611 bona
612 5543 897 5612 feceram,
917 5545 972 5598 et
994 5540 1513 5613 obstupescebam,
1540 5538 1670 5611 quia
1694 5537 1872 5607 fugie-

2048 4568 2367 4639 Episcopus
2395 4570 2587 4621 autem
2618 4562 2863 4620 consilio
2904 4577 2934 4617 a
2975 4577 3035 4617 se
3068 4561 3194 4632 ipso
3224 4562 3486 4629 accepto,
3521 4572 3627 4627 per

1977 4656 2248 4713 nuncium
2283 4654 2433 4710 diem
2478 4652 2612 4707 mihi
2644 4650 2954 4707 constituit
2978 4648 3129 4721 apud
3158 4647 3395 4715 Eduam,
3422 4645 3624 4701 dicens

1978 4761 2066 4800 me
2099 4759 2208 4800 non
2232 4756 2365 4798 esse
2388 4740 2723 4812 spoliatum,
2748 4742 2805 4793 et
2831 4736 2963 4793 inde
2987 4732 3539 4801 dandumjudicium
3576 4733 3624 4787 si

1978 4831 2248 4889 revestiri
2299 4831 2591 4885 deberem.
2626 4828 2744 4896 Ego
2802 4822 3227 4880 communicato
3259 4818 3506 4876 consilio
3538 4834 3629 4874 re-

1980 4919 2186 4992 spondi
2217 4919 2302 4974 eis
2328 4916 2545 4973 litteris
2566 4913 2810 4969 directis
2832 4912 2885 4966 in
2911 4912 3017 4966 hcc
3041 4910 3217 4964 verba
3246 4907 3528 4963 :Domino
3546 4908 3624 4965 Ν.

1978 5008 2520 5077 Eduensiepiswpo
2518 5002 2730 5075 frater
2753 5002 2930 5071 Huqo
2952 4994 3432 5055 Flaciniacensis
3454 4996 3630 5051 eccle-

1977 5100 2085 5156 sia
2096 5109 2301 5153 servus
2320 5093 2594 5151 salutem.
2618 5089 2887 5147 Miratur
2903 5086 3219 5143 humilitas
3250 5083 3456 5141 nostra
3486 5098 3630 5161 quo-

1978 5185 2144 5243 modo
2158 5181 2436 5240 discretio
2438 5177 2835 5252 paternitatis
2854 5174 3062 5232 vestra
3084 5173 3240 5230 diem
3252 5171 3403 5228 mihi
3415 5171 3632 5228 consti-

1982 5270 2425 5341 tuerit,E’duam
2439 5268 2619 5338 quasi
2631 5266 2713 5323 ad
2713 5267 2751 5337 j
2755 5264 3020 5322 udicium
3021 5257 3634 5333 proﬁciscendipici-

1982 5361 2061 5417 tis
2074 5354 2440 5427 etiam,quod
2456 5354 2654 5425 magis
2682 5354 3095 5417 miramur,me
3126 5361 3244 5404 non
3272 5360 3396 5404 esse
3411 5344 3632 5415 spolia-

1982 5451 2123 5504 tum.
2151 5446 2357 5503 Nonne
2373 5456 2513 5497 mea:
2532 5441 2603 5498 ut
2615 5441 2697 5497 ad
2706 5453 2884 5497 aures
2902 5437 3133 5495 vestras
3143 5448 3345 5492 rumor
3358 5430 3632 5503 infamia

1980 5534 2193 5593 nostra
2194 5529 2489 5605 pervenit,
2505 5529 2612 5601 qui
2627 5528 2965 5587 debueratis
2988 5524 3262 5584 laborare
3273 5520 3355 5579 ad
3376 5517 3631 5578 liberan-
