3950 6304
371 262 486 327 875

1330 276 1698 343 HUGONIS
1743 279 2090 342 ABBATIS
2134 280 2815 349 FLAVINIACENSIS

3667 288 3788 352 376

371 396 500 492 das,
524 414 642 462 non
666 404 1083 484 infamandas,
1095 427 1405 487 jielrsonas,
1424 416 2028 477 Flaciniacuminisi-
2053 413 2112 479 Α
2141 417 2386 477 maxime
2399 424 2687 480 statutum
2707 421 2918 492 fuerat,
2939 425 2998 480 ut
3017 420 3487 483 reversis'missis
3507 420 3636 482 suis
3658 435 3789 482 eum

365 487 497 579 stis,
522 493 733 550 villam
745 497 910 556 vobis
920 505 1522 574 servarimandastis,
1534 507 1782 579 fratres
1793 508 2026 565 nostros

369 577 818 668 etﬂliosmostro
839 587 1064 657 abjecto
1087 594 1338 659 nomine,
1360 577 1795 666 inﬁtiationem
1807 598 2028 668 recepi-

365 665 500 734 stis,
522 671 973 742 meindiscusso,
1004 680 1298 742 inaudito,
1329 683 1602 740 einicbil
1617 687 1821 742 minus
1843 665 2025 756 quam

353 757 939 840 proscribioerente?
959 767 1166 824 Nonne
1197 771 1360 840 apud
1379 773 1618 829 Eduam
1631 773 1696 828 in
1716 775 1822 830 illo
1837 775 2024 832 oestro

367 839 706 933 lionorabili
719 854 1128 920 consilio,cam
1149 839 1268 926 Luq
1277 859 1500 916 dunum
1521 875 1609 916 me
1615 862 2026 933 profecturum

367 927 674 1002 dixissem,
680 942 874 1004 promi
881 942 1026 998 itere
1044 960 1133 1001 me
1149 947 1398 1016 fecistis
1412 951 1483 1005 ut
1497 951 1568 1006 de
1581 927 1746 1006 bonis
1767 949 2025 1006 ecclesia

364 1027 482 1072 non
509 1035 599 1076 me
619 1024 1092 1096 intromitterem,
1138 1049 1326 1106 neque
1346 1037 1592 1107 aliquid
1610 1040 1894 1108 cuiquam
1921 1037 2024 1091 da-

362 1115 506 1174 νθθη,
525 1111 704 1176 Wain
727 1115 810 1171 ad
833 1117 1110 1174 tuen/Iam
1141 1123 1198 1176 et
1227 1123 1659 1195 defendendam
1687 1125 2025 1195 nequitiam

362 1202 590 1250 meam?
616 1200 1149 1270 Ubisnntabbates,
1176 1211 1454 1276 decanus,
1478 1217 1945 1273 archidiaconus
1967 1199 2030 1266 et

360 1281 634 1375 meliores
647 1291 712 1343 in
723 1291 894 1358 clero,
900 1309 1005 1362 per
1017 1311 1164 1364 quos
1177 1299 1320 1355 talis
1324 1316 1730 1375 persona,qua
1739 1305 1816 1360 lis
1833 1299 2025 1360 μίατῖ

363 1371 668 1432 niacensis
679 1378 863 1437 abbas
875 1395 998 1438 esse
1010 1384 1190 1452 debet,
1217 1392 1532 1447 conrentns
1550 1371 1641 1448 est
1653 1401 1679 1450 .9
1701 1393 1916 1448 Etecce
1938 1393 2022 1448 ad

356 1459 854 1553 judiciumcocor,
880 1484 987 1524 non
1007 1474 1164 1529 resta
1175 1478 1489 1547 arationis,
1516 1494 1630 1535 non
1649 1482 2020 1553 redintegra‘

365 1545 678 1613 tionis,sed
707 1555 1350 1630 adjudiciumjudicii.
1382 1566 1436 1621 si
1465 1545 1702 1624 debeam
1717 1545 2009 1628 inoestiri.

367 1632 1084 1711 Ubisunt,queso,decreta
1105 1652 1560 1722 apostolica,ubi
1583 1657 1904 1714 constituta
1917 1673 2015 1716 ca-

2139 505 2356 566 litteris
2405 509 2807 582 absolutoriis,
2852 511 2928 568 ibi
2977 527 3210 584 quoque
3241 528 3271 569 a
3302 513 3697 584 suﬁ‘raganeis
3733 518 3791 571 et

2138 595 2360 654 diocesi
2389 613 2492 655 sua
2524 600 2800 658 viaticum
2833 602 3145 672 acciperet.

2208 687 2326 744 Hoc
2341 703 2488 745 anno
2502 689 2648 746 obiit
2663 690 2966 762 Philippus
2981 690 3422 749 Catalauncnsis
3442 691 3786 763 episcopus;

2137 789 2252 844 quo
2298 775 2471 832 etiam
2522 792 2672 836 anno
2726 793 2929 848 magna
2965 779 3069 834 fuit
3131 793 3368 836 annonae
3424 781 3700 852 panuria,
3731 786 3784 837 et

2136 863 2302 920 multi
2336 865 2482 920 fame
2511 867 2828 937 periclitati
2853 870 3006 924 sunt.

2206 951 2328 1020 (fol.
2388 956 2534 1025 142.)
2589 955 2774 1026 Igitur
2844 971 2992 1012 anno
3061 955 3278 1012 incarn.
3358 959 3583 1014 Domm.
3650 961 3788 1014 1l00

2136 1039 2315 1111 (Sept.
2341 1041 2431 1114 30)
2456 1042 2816 1101 advenerunt
2836 1045 2994 1100 missi
3019 1045 3089 1100 ad
3115 1045 3330 1100 Gallias
3358 1045 3536 1116 legati
3559 1050 3788 1104 sancta:

2133 1128 2402 1186 Romanae
2417 1131 2702 1201 ecclesiae,
2721 1132 3013 1189 Iohannes
3031 1137 3086 1188 et
3108 1133 3480 1202 Benedictus,
3499 1150 3530 1190 a
3568 1136 3790 1206 quibus

2131 1216 2422 1272 conciliun
2465 1218 2650 1289 primo
2697 1220 2845 1290 apud
2905 1220 3120 1276 Eduam
3174 1221 3568 1292 designatum,
3629 1223 3789 1293 apud

2135 1307 2334 1361 urbem
2367 1306 2728 1362 Valentinam
2774 1307 3106 1364 institutum
3139 1316 3232 1364 est
3261 1313 3294 1364 2
3325 1310 3447 1366 Kal.
3484 1310 3783 1380 Octobris,

2132 1394 2200 1450 ad
2236 1395 2388 1464 quod
2419 1399 2818 1451 convenerunt
2842 1396 3283 1468 archiepiscopi,
3309 1399 3572 1470 episcopi
3595 1404 3656 1453 et
3685 1401 3787 1455 ab-

2133 1483 2298 1538 bates
2330 1497 2569 1539 numero
2591 1485 2677 1552 25,
2717 1485 3164 1540 occurrentibus
3210 1485 3418 1556 legatis
3449 1487 3650 1543 domui
3680 1488 3788 1544 Lu-

2126 1569 2444 1638 gdunensis
2487 1571 2932 1643 archiepiscopi,
2987 1573 3122 1643 quia
3173 1573 3297 1644 ipse
3344 1574 3782 1644 infirmabatur,

2128 1673 2472 1728 quamquam
2525 1660 2787 1731 episcopi
2850 1661 3157 1716 dioceseos
3186 1661 3334 1732 ejus,
3393 1662 3784 1732 Liguonensis

359 1723 592 1826 uomica,
618 1741 750 1826 qua
767 1735 1007 1788 censent
1029 1739 1312 1794 neminem
1334 1743 1659 1810 spoliatum
1684 1749 2011 1805 vorandum
2039 1767 2092 1826 B
2125 1723 2182 1802 et
2216 1747 2616 1804 Cabilonensis
2647 1778 2716 1790 —
2746 1749 3192 1806 Matisconeusis
3215 1751 3367 1806 enim
3393 1752 3452 1806 in
3471 1751 3782 1809 redeundo

360 1811 444 1863 ad
441 1811 766 1905 indicium,
793 1833 921 1873 cum.
945 1836 1054 1877 non
1081 1827 1329 1883 situnde
1347 1831 1628 1899 judicari
1659 1835 2008 1905 debeatjam

359 1899 658 1957 nudatus?
678 1907 925 1963 Sed/(eu
947 1913 1159 1968 misero
1171 1917 1324 1972 mibi
1337 1927 1358 1972 ,ν
1379 1923 1784 1994 cuisolieiqor
1795 1899 2007 1982 etinte-

351 1988 562 2079 qritas
581 2005 870 2051 canonum
891 1998 1158 2069 deperiit.
1202 2007 1374 2062 Diem
1404 2009 1596 2079 igitur
1621 1988 2007 2072 constitutam

358 2075 662 2175 attendere
683 2096 920 2155 nequeo,
940 2091 1088 2160 quia
1110 2107 1222 2149 non
1245 2075 1442 2151 debeo:
1473 2100 1630 2156 Data
1663 2101 1760 2157 die
1789 2117 2006 2175 compe-

359 2161 448 2260 ten
459 2165 522 2229 ti,
525 2182 680 2235 para
689 2171 782 2226 tus
791 2188 923 2230 sum
935 2184 1378 2240 occurrere..S'in
1391 2185 1568 2254 alias,
1585 2188 1652 2244 in
1666 2161 2006 2260 Lugdunen-

356 2251 412 2339 si
429 2257 692 2322 capitulo
703 2263 960 2328 paratus
971 2281 1101 2322 sum
1113 2284 1168 2323 m
1177 2251 1588 2339 emasculare.
1605 2277 1679 2332 Si
1691 2251 1773 2333 ad
1781 2280 2006 2338 altiora
2019 2317 2026 2321 -

361 2337 636 2438 tenz'lit-is,
649 2346 994 2438 etquadia'i
1029 2371 1045 2407 ρ
1073 2337 1876 2427 icbiliqienditis.Romanum
1905 2381 2006 2438 a1)-

346 2426 510 2514 pello
513 2429 550 2496 j
556 2430 659 2486 udi
664 2434 838 2503 cium,
867 2439 956 2495 eti
961 2441 1174 2498 nterim
1187 2426 1440 2514 eaiparte
1463 2451 1571 2504 Dei
1585 2452 1641 2505 et
1653 2451 1810 2510 beati
1835 2426 2004 2512 Petri

359 2513 608 2606 ejusque
643 2521 889 2593 Vicarii,
907 2528 1074 2584 domn
1086 2533 1106 2585 i
1119 2513 1349 2604 quoque
1367 2537 1780 2606 Lugdunensis
1801 2543 1860 2598 et
1877 2558 2006 2601 nos-

360 2600 442 2656 tri
465 2608 721 2674 capituli
757 2613 1078 2674 Eduensis
1112 2600 1402 2680 interdico
1436 2600 1508 2680 ne
1525 2627 1678 2683 milii
1700 2600 2006 2688 abbatiam

357 2689 871 2788 {vitaainiacenscm
911 2707 1234 2780 adferatis,
1268 2726 1408 2768 nece
1429 2715 1491 2770 in
1514 2729 1584 2771 ea
1622 2718 1891 2788 aliquem
1909 2735 2005 2777 su-

359 2773 830 2845 bintromittatis.

363 2949 373 2959 .
426 2865 942 2944 Exemplarearum
975 2885 1232 2954 capitulo
1249 2903 1478 2959 quoque
1508 2891 1744 2949 missum
1761 2898 1884 2962 est;
1909 2909 2008 2951 cu-

351 2965 448 3054 ius
467 2972 593 3013 cum
616 2963 1177 3028 fuissetvoluntaset
1195 2975 1456 3036 definitio
1472 2986 1533 3035 ut
1551 2982 1882 3054 investirer,
1908 2999 2008 3039 no-

356 3041 810 3122 luitepiseopus.
846 3060 1110 3114 Attamen
1131 3066 1496 3132 postmodum
1524 3071 1816 3126 mandavit
1840 3041 1902 3128 ut
1921 3088 2008 3130 se-

352 3134 536 3190 cunda
581 3139 720 3195 feria
773 3145 973 3212 prima:
1021 3149 1356 3210 ebdomadae
1400 3155 1453 3210 in
1484 3157 1736 3215 adventu
1785 3161 2001 3218 Eduam

353 3220 494 3277 irem
539 3225 948 3301 investiturus,
983 3242 1080 3291 aut
1105 3240 1278 3294 tertia
1306 3242 1443 3298 feria
1468 3249 1602 3300 ante
1635 3247 1998 3306 nativitatem

350 3308 576 3406 Pomini
613 3317 796 3371 media
831 3319 918 3374 via
939 3321 1226 3390 justitiam
1251 3329 1300 3382 ei
1330 3331 1673 3403 facerem,et
1693 3335 1818 3406 ipse
1839 3337 1994 3394 mihi.

353 3395 479 3454 Dixi
502 3415 591 3456 me
612 3402 848 3472 iturum,
890 3409 936 3464 si
964 3412 1226 3470 mitteret
1249 3419 1561 3476 monachos
1583 3395 1643 3476 et
1673 3395 1996 3480 servientes

354 3485 450 3583 qui
477 3501 717 3583 mecum
744 3493 924 3583 irent,
951 3501 1009 3552 et
1043 3499 1094 3554 in
1128 3516 1196 3556 eo
1228 3506 1523 3562 remansit.
1561 3509 1702 3574 (Fol.
1757 3512 1904 3583 141.)
1931 3514 1994 3568 Et

352 3570 586 3629 interim
620 3580 852 3647 publica
887 3589 942 3639 et
989 3589 1216 3656 privata
1251 3570 1653 3652 satisfactione
1687 3570 1995 3656 conciliavi

353 3660 737 3758 mihianimos
760 3670 1020 3743 fratrum,
1055 3680 1359 3736 subdendo
1391 3697 1481 3738 me
1513 3683 1630 3740 illis
1661 3690 1720 3741 et
1751 3701 1996 3758 corpore

349 3751 405 3800 et
428 3750 748 3844 voluntate,
783 3761 919 3829 quia
951 3764 1032 3819 sic
1077 3767 1210 3822 mihi
1237 3785 1507 3827 noveram
1532 3774 1831 3844 expedire,
1859 3750 1993 3833 eum

350 3849 464 3903 quo
500 3840 644 3935 bene
693 3849 994 3920 agebatur,
1032 3854 1076 3909 si
1107 3856 1302 3912 saltim
1334 3859 1488 3915 inter
1516 3840 1744 3919 infimos
1766 3840 1996 3935 privato

347 3927 783 3989 concedebatur
813 3938 1026 3996 vivere.

419 4017 583 4072 Anno
615 4021 686 4075 ab
719 4022 1118 4085 incarnatione
1163 4033 1383 4088 Domini
1417 4041 1556 4093 1100
1593 4040 1744 4109 apud
1790 4042 1998 4098 Ansam

347 4114 742 4195 convenerunt
761 4113 1186 4189 archiepiscopi
1205 4121 2005 4195 Lugdunensis,Cantuarien'

345 4187 804 4254 sis,Senonensis
820 4187 1214 4274 ,Turonensis,
1236 4187 1636 4284 Bituricensis,
1659 4219 2003 4291 etepiscopi

344 4289 587 4372 numero
596 4296 825 4372 novem,
845 4287 1149 4363 Eduensis,
1167 4295 1295 4350 Mati
1306 4301 1626 4372 sconensis,
1650 4287 1988 4364 Cabilonen-

343 4362 442 4454 sis,
479 4367 1494 4450 Autissiodorensis;Parisiacensis,
1531 4362 1769 4454 Diensis.
1805 4400 1861 4449 et
1895 4397 2001 4452 alii

2123 1850 2152 1890 a
2186 1835 2361 1890 Roma
2393 1840 2604 1906 captus
2645 1852 2673 1892 a
2703 1837 2964 1894 Wiberto
3006 1838 3060 1893 in
3095 1839 3360 1896 custodia
3393 1840 3779 1898 detinebatur

2122 1955 2182 1964 —-
2219 1939 2332 1979 non
2382 1923 2733 1994 interfuerit,
2770 1925 3071 1997 prohibiti,
3102 1931 3164 1983 ut
3216 1927 3542 1999 dicebatur,
3576 1929 3652 1985 ab
3681 1945 3780 1987 eo-

2121 2010 2251 2068 dem
2287 2011 2672 2081 Lugdunensi.
2727 2014 3015 2071 Eduensis
3061 2020 3256 2072 autem
3312 2017 3599 2088 interfuit,
3635 2019 3778 2089 quia

2119 2101 2509 2156 accusabatur
2537 2116 2567 2157 a
2617 2102 2911 2158 canonicis
2964 2103 3088 2159 suis
3139 2103 3210 2160 de
3256 2106 3512 2174 symonia
3545 2109 3604 2162 et
3636 2107 3778 2164 aliis

2119 2189 2497 2259 quibusdam;
2531 2205 2636 2260 pro
2675 2190 2840 2259 cujus
2859 2191 3197 2249 defensione
3228 2194 3474 2250 maxime
3506 2193 3606 2251 illo
3635 2211 3780 2252 con-

2117 2280 2396 2332 venerant
2422 2277 2852 2347 Lugdunenses.
2885 2279 2968 2335 lbi
2999 2295 3108 2350 ego
3144 2282 3197 2336 in
3232 2283 3417 2352 primo
3441 2282 3605 2339 aditu
3627 2298 3776 2340 con-

2117 2363 2236 2420 cilii
2272 2365 2676 2436 purgationem
2703 2367 2998 2424 illatorum
3020 2368 3291 2438 offerens,
3318 2371 3777 2429 accusatoribus

2119 2454 2458 2510 tacentibus
2491 2459 2552 2531 et
2587 2455 3016 2524 deficientibus,
3043 2457 3264 2527 judicio
3286 2458 3520 2514 concilii
3553 2459 3627 2516 ad
3649 2461 3774 2531 pri-

2117 2555 2265 2595 mam
2298 2529 2914 2599 abbatis'Divionensis
2945 2559 3146 2599 vocem
3169 2545 3241 2600 de
3264 2546 3498 2602 abbatis
3520 2529 3774 2604 investi-

2117 2633 2236 2697 tus,
2253 2629 2585 2686 astantibus
2599 2631 2898 2687 canonicis
2911 2631 2990 2686 Ed
3001 2647 3108 2688 uen
3122 2632 3343 2690 sibuset
3356 2634 3771 2705 laudantibus,

2117 2730 2300 2788 cappa
2333 2722 2390 2773 et
2419 2719 2625 2775 baculo
2664 2719 2934 2782 donatus,
2977 2721 3030 2776 in
3076 2721 3234 2778 circo
3255 2723 3510 2780 residere
3534 2724 3767 2794 jussus.

2119 2809 2251 2876 post
2273 2805 2468 2862 soluto
2483 2806 2732 2863 concilio
2767 2808 2832 2862 ad
2859 2809 3096 2880 propria
3120 2824 3246 2866 sum
3268 2811 3572 2882 remissus,
3607 2811 3774 2870 litte-

2120 2891 2202 2948 ris
2235 2895 2582 2964 apostolicis
2643 2896 2900 2952 munitus
2933 2897 2986 2952 in
3047 2897 3170 2954 haec
3200 2900 3376 2956 verba
3414 2919 3426 2953 :
3461 2899 3583 2968 (fol.
3618 2903 3770 2973 152’)

2115 2981 2423 3040 Jobannes
2451 2983 2507 3038 et
2533 2984 2906 3053 Benedictus,
2950 2985 3170 3042 sancta
3197 2988 3476 3044 Romana
3504 2989 3771 3048 ecclesia

2117 3071 2458 3131 cardinales
2478 3075 2538 3130 et
2557 3075 2762 3144 legati,
2783 3075 3111 3144 monachis,
3150 3077 3386 3136 clericis
3407 3079 3465 3134 et
3485 3079 3666 3137 laicis
3687 3081 3773 3137 ad

2115 3157 2423 3217 abbatiam
2441 3162 2950 3219 Flaciniacensem
2957 3163 3419 3235 pertinentibus,
3443 3165 3770 3226 obedienti-

2115 3247 2240 3317 bus,
2269 3249 2540 3306 salutem.
2587 3250 2863 3307 Fratrem
2890 3251 3160 3308 nostrum
3197 3251 3468 3309 abbatem
3501 3255 3768 3314 vestram

2111 3335 2440 3407 Hugonem,
2465 3337 2634 3394 nobis
2652 3338 3063 3408 karissimum,
3089 3353 3262 3412 quem
3280 3341 3768 3414 sanctasynodus

2098 3423 2340 3495 judicio
2360 3425 2602 3482 concilii
2616 3425 2686 3481 de
2699 3424 2944 3482 abbatia
2955 3426 3284 3496 incesticit,
3309 3429 3624 3486 dilectioni
3641 3445 3768 3490 ees-

2110 3513 2218 3569 tree
2229 3514 2693 3569 commendantes
2704 3515 3085 3584 remittimus,
3087 3517 3499 3587 praecipientes
3509 3523 3769 3592 exparte

2109 3603 2221 3658 Dei
2234 3602 2290 3656 et
2303 3600 2450 3658 beati
2475 3601 2662 3672 Petri,
2686 3603 2756 3659 ut
2772 3605 3080 3660 Dicionem
3108 3605 3404 3664 venientes
3421 3621 3556 3664 eum
3575 3610 3650 3666 ut
3663 3611 3769 3668 ab-

2112 3689 2302 3746 batem
2312 3691 2571 3747 oestrum
2589 3692 2943 3761 requiratis,
2961 3693 3093 3749 etin
3103 3707 3280 3750 manu
3290 3694 3764 3770 karissimifra-

2109 3777 2224 3835 tris
2236 3778 2448 3846 nostri,
2471 3779 2694 3835 sancta
2712 3781 2992 3836 Romana
3011 3782 3268 3839 ecclesia
3265 3783 3418 3854 filii,
3443 3785 3763 3842 Dieionen-

2107 3867 2196 3923 sis
2215 3865 2471 3932 abbatis,
2484 3868 3024 3938 promittentes,cos
3045 3884 3178 3925 eum
3209 3884 3412 3928 secure
3428 3872 3488 3929 et
3508 3874 3764 3944 patente

2111 3953 2494 4022 tractaturos,
2513 3955 2875 4012 cmnbonore
2895 3956 3088 4014 debito
3099 3957 3182 4034 ad
3189 3961 3618 4018 monasterium
3629 3977 3764 4020 eum

2107 4041 2431 4098 reducatis.
2451 4042 2790 4101 Obedientes
2805 4043 3764 4120 benedictionibusmultiplicemi-

2112 4130 2178 4187 ni
2187 4149 2214 4200 ;
2223 4129 2531 4188 inobedien
2538 4132 2622 4189 tes
2641 4146 2774 4188 vero
2785 4133 2942 4189 iram
2961 4135 3068 4190 Dei
3079 4135 3145 4190 in
3152 4137 3451 4206 posteram
3460 4139 3758 4210 sentietis,

2114 4220 2174 4276 et
2193 4234 2231 4277 a
2261 4219 2430 4277 nobis
2441 4234 2555 4291 pro
2567 4221 2941 4278 contumacia
2957 4223 3314 4282 sententiam
3333 4226 3585 4296 dignam
3600 4230 3764 4285 eaei-

2111 4309 2311 4378 pietis.
2336 4309 2422 4368 Et
2433 4309 2581 4380 quia
2599 4308 2866 4366 nosh'um
2898 4311 3001 4380 est,
3033 4309 3269 4370 obedire
3295 4313 3637 4373 nolentibus
3652 4318 3768 4374 aut

2115 4398 2177 4454 di
2173 4397 2530 4471 ferentibus
2547 4412 2887 4469 praecavere
2920 4399 3014 4456 cel
3050 4399 3307 4470 obviare,
3337 4401 3763 4462 interdicimus

343 4450 482 4552 duo;
512 4461 567 4510 θῑ
595 4472 735 4552 Pace
755 4467 974 4520 statuta
1021 4467 1092 4523 de
1115 4471 1204 4526 via
1238 4473 1743 4536 lerosolimitana
1767 4479 2000 4552 loquuti
2032 4473 2084 4532 D
2114 4450 2380 4544 omnibus
2400 4450 2584 4543 nobis:r
2584 4488 2650 4543 in
2678 4487 2830 4544 villa
2851 4450 3450 4546 Flaciniacensi’etin
3486 4491 3763 4552 omnibus

342 4548 606 4611 sunt,eos
620 4548 716 4618 qui
732 4559 1032 4626 voverant,
1069 4561 1126 4612 et
1143 4562 1259 4615 voti
1280 4569 1675 4634 exequutores
1718 4584 1825 4624 non
1844 4548 1995 4628 ifue-

340 4634 543 4726 rant,.a
577 4641 980 4698 communione
1002 4654 1395 4718 segregantes,
1427 4654 1812 4726 quoadusque
1856 4665 1990 4717 vota

334 4720 714 4790 complerent.
754 4727 1191 4790 Miseratautem
1210 4720 1610 4807 Lugdunensis
1635 4720 1862 4812 legatos
1886 4748 1997 4804 Ro-

337 4820 778 4896 mam,perquos
797 4818 946 4875 velle
965 4836 1132 4878 suum
1153 4839 1314 4896 papa)
1334 4829 1671 4886 ostenderat
1699 4833 1768 4888 de
1793 4836 1881 4892 via
1906 4852 1996 4892 ea-

335 4892 693 4965 dem,utcum
710 4918 812 4960 sua
831 4892 1302 4970 benedictione—et
1322 4917 1689 4976 absolutione
1705 4921 1806 4978 illo
1821 4923 1993 4981 debe-

337 4988 426 5038 ret
461 4985 637 5053 ire;et
660 4991 952 5052 Romanus
967 5001 1228 5067 pontifex
1253 5011 1900 5074 annuerat,ammonens
1927 5019 1987 5069 ut

335 5085 440 5141 per
453 5086 515 5130 se
535 5075 1104 5150 iret,utlegationem
1122 5103 1282 5145 suam
1299 5092 1348 5148 ei
1364 5096 1758 5152 committeret
1781 5099 1834 5155 in
1855 5103 1984 5158 Asia

335 5173 506 5257 quam
533 5163 678 5217 bene
701 5176 930 5224 rexerat
953 5171 1005 5227 iu
1035 5175 1382 5250 Burgundia,
1417 5185 1474 5236 et
1499 5182 1730 5240 interim
1762 5187 1986 5257 legatos

333 5260 361 5300 a
379 5245 566 5304 latere
588 5265 696 5306 suo
711 5253 1023 5314 mittendos
1049 5278 1153 5332 pro
1170 5280 1338 5334 posse
1353 5245 1692 5341 instrueret,
1711 5245 1982 5344 quivices

334 5347 496 5404 papae
519 5346 952 5406 exequerentur
987 5365 998 5402 :
1034 5353 1090 5402 et
1118 5350 1247 5408 ideo
1269 5353 1406 5411 illud
1431 5357 1784 5430 colloquium
1811 5379 1977 5434 quam

2111 4575 2344 4630 omnino
2357 4575 2501 4630 locis
2511 4574 2593 4630 ad
2611 4575 2859 4632 eandem
2869 4574 3178 4632 abbatiam
3192 4577 3643 4648 pertinentibus
3668 4580 3759 4637 di-

2108 4664 2313 4719 vinum
2333 4663 2606 4734 oﬁcium,
2631 4662 2810 4720 donec
2821 4663 3133 4736 praceptis
3151 4665 3377 4722 nostris
3391 4679 3528 4736 qua
3541 4668 3760 4726 sancta

2105 4751 2368 4823 synodus
2377 4751 2672 4822 ﬁrmavit,
2705 4751 3015 4809 obediatis.

2177 4839 2515 4895 Imminente
2560 4853 2701 4895 vero
2750 4839 2954 4896 eodem
2994 4839 3262 4911 concilio,
3313 4846 3450 4898 ante
3495 4858 3760 4902 mensem

2085 4934 2281 4984 unum
2311 4930 2370 4983 et
2401 4941 2470 4984 eo
2508 4926 2758 4999 amplius
2810 4928 3003 4985 missze
3061 4929 3288 4986 fuerant
3321 4944 3352 4985 a
3385 4945 3477 4986 me
3535 4930 3758 4990 littera}

2102 5015 2512 5086 Flaviniacum,
2539 5030 2784 5086 quarum
2807 5020 3007 5073 textus
3031 5017 3143 5073 iste
3173 5022 3294 5074 est:
3325 5017 3547 5076 Frater
3577 5021 3759 5094 Hugo

2101 5103 2583 5161 Flaciniacensis
2595 5105 2878 5175 eapulsus
2897 5104 3100 5176 abbas,
3121 5105 3382 5164 Girardo
3395 5106 3463 5140 ⁸³³
3468 5109 3680 5180 priori
3700 5111 3762 5168 et

2099 5192 2368 5250 omnibus
2381 5193 2489 5264 qui
2505 5206 2568 5250 se
2591 5194 2948 5265 proﬁtentur
2969 5195 3128 5260 ﬁlios
3162 5195 3422 5253 ecclesia
3439 5197 3761 5257 Flavinia-

2053 5333 2062 5341 ,
2095 5279 2288 5336 censis
2298 5279 2624 5350 monachis,
2653 5281 2912 5351 clericis,
2930 5281 3138 5353 lagois,
3166 5283 3416 5353 casatis,
3439 5286 3760 5343 servienti-

2095 5365 2234 5436 bus;
2244 5366 2536 5426 nobilibus
2548 5368 2605 5424 et
2614 5367 2980 5440 ignobilibus
2991 5372 3760 5442 cujuscmnqueatatisaut

1694 5484 1932 5541 VARIIE
1975 5487 2268 5544 LECTION
2275 5490 2374 5546 ES.
