3950 6318
142 284 272 373 817

1433 312 1930 379 CHRONICON.
1971 347 2041 362 --
2071 316 2224 378 LIB.
2274 317 2343 378 ΙΙ.

3463 318 3580 380 3‘78

142 443 545 507 conditionis.
592 447 968 522 Audiuimus,
994 449 1259 525 fratres,
1290 452 1349 509 et
1369 450 1591 510 scimns
1629 450 1816 509 conci-
1847 474 1901 535 Α
1936 465 2063 508 nem
2091 449 2281 509 inveni
2313 450 2782 522 inreverentiam,
2810 448 2889 507 ita
2922 454 2986 508 ut
3004 448 3179 509 etiam
3209 447 3303 508 his
3338 450 3432 524 qui
3462 465 3588 510 me-

149 537 316 595 lium
340 537 764 596 celebrandam
789 556 825 596 a
853 540 1269 598 cardinalibns
1293 542 1513 598 sanctae
1544 542 1820 597 Romana

151 628 425 685 ecclesia
455 632 489 683 2
513 627 661 684 Kal.
701 628 963 686 Octobris
991 630 1154 699 apud
1178 629 1381 684 urbem
1421 630 1815 697 Valentinani,

150 716 243 771 ad
278 716 442 788 quod
477 717 787 774 convocati
825 718 966 773 sunt
994 717 1444 789 archiepiscopi,
1480 719 1735 790 episcopi
1766 718 1823 774 et

150 802 427 861 abbates.
460 804 555 860 Ad
573 804 684 862 hoc
701 819 801 862 eos
822 805 1154 862 invitamus
1172 820 1246 861 ea;
1254 815 1433 877 parte
1454 807 1564 861 Dei
1587 806 1646 862 et
1664 806 1765 861 bea
1775 806 1821 861 ii

151 893 342 949 Petri
361 894 420 963 ej
424 905 611 963 usque
624 894 847 951 vicarii
871 893 1072 950 damni
1087 909 1260 966 papa
1281 895 1604 952 Paschalis
1622 895 1679 950 et
1693 907 1822 950 car-

151 979 471 1037 dinalimn
509 980 811 1038 Johannis
850 983 1033 1053 atque
1060 982 1389 1050 Benedicti,
1426 984 1642 1054 quia/1
1668 983 1822 1039 pices

147 1068 431 1137 eiusdem
455 1082 635 1139 papa:
665 1070 1044 1141 exequendas
1075 1070 1289 1127 directi
1320 1072 1477 1127 sunt.
1516 1072 1637 1129 Nos
1668 1072 1823 1127 enim

146 1157 421 1213 concilio
448 1170 555 1213 nos
572 1157 1090 1228 praesentabimns,
1119 1160 1235 1215 Deo
1249 1159 1597 1229 protectore,
1623 1161 1677 1215 si
1694 1159 1824 1214 cita

147 1258 354 1301 comes
370 1244 597 1317 fuerit,
620 1246 828 1316 parati
855 1260 985 1303 cum
1018 1248 1129 1303 Dei
1152 1247 1455 1317 adjutorio
1478 1248 1710 1315 audire,
1736 1260 1824 1302 re-

144 1333 450 1403 spondere
468 1333 812 1403 etjadicari
835 1335 1133 1392 canonice.
1174 1336 1425 1391 Veniant
1440 1337 1633 1406 igitur
1657 1350 1824 1392 acca-

144 1421 417 1490 satores,
443 1420 859 1479 criminatores
881 1422 937 1477 et
960 1423 1152 1489 testes,
1178 1425 1534 1493 quicumque
1555 1438 1694 1494 erga
1718 1438 1823 1481 nos

143 1522 415 1565 causam
442 1508 675 1577 habent,
712 1513 817 1581 qni
841 1510 1179 1580 expalsioni
1202 1511 1258 1566 et
1270 1512 1589 1582 spcliatoni
1610 1514 1823 1569 nostra:

146 1598 578 1665 consensistis,
609 1599 716 1669 qui
741 1599 1101 1662 inauditum,
1136 1600 1583 1670 indempnatnm
1606 1600 1823 1672 abjeci-

140 1686 301 1754 stis,
342 1688 403 1742 et
428 1688 741 1744 ammoniti
778 1688 1128 1758 resipiscere
1170 1689 1542 1758 despexistis.
1591 1690 1825 1758 Venite,-

146 1772 249 1831 ibi
294 1776 454 1831 enim
495 1774 741 1832 dabitur
791 1775 949 1832 locus
997 1776 1287 1833 audiendi
1326 1791 1445 1845 eos,
1482 1776 1585 1833 ubi
1622 1778 1823 1833 omnia

150 1863 287 1918 Deo
305 1863 567 1934 favente
582 1863 751 1934 jnste
780 1863 1200 1920 tractabuntur
1230 1866 1288 1920 et
1312 1866 1606 1921 canonice.

232 1951 341 2007 His
388 1952 649 2022 acceptis
700 1951 935 2021 litteris,
985 1953 1231 2008 consilio
1270 1954 1405 2007 dato
1438 1954 1720 2024 quendam
1754 1954 1822 2008 de

147 2040 287 2096 suis
332 2043 535 2103 contra
580 2055 667 2095 me
707 2040 1145 2112 conspiratores
1182 2041 1263 2095 illi
1300 2042 1603 2105 miserunt,
1646 2042 1825 2098 1101111-

148 2142 295 2183 nem
330 2128 426 2198 qui
460 2128 516 2183 in
547 2128 726 2184 scolis
781 2144 1021 2200 puerum
1072 2130 1388 2197 occiderat,
1438 2136 1493 2185 et
1529 2131 1822 2188 Christum

145 2216 413 2287 ejusque
453 2217 798 2286 genitricem
841 2217 1311 2288 baptismumquc
1354 2220 1667 2289 abnegans,
1706 2235 1825 2275 ser-

145 2320 295 2360 vum
313 2320 374 2360 se
393 2304 484 2360 dia
502 2305 617 2360 boli
638 2306 873 2376 propria
899 2307 1268 2361 confessione
1289 2308 1589 2374 feeerat,et
1607 2309 1826 2377 absque

149 2392 487 2463 penitentia
518 2394 837 2449 monachus
864 2393 1169 2450 ordinatus
1194 2395 1410 2459 fuerat;
1438 2400 1645 2465 postea
1669 2395 1827 2451 mali-

146 2496 275 2550 gno
295 2481 535 2551 spiritui
556 2481 830 2553 traditus,
848 2486 905 2535 et
921 2483 1285 2537 orationibus
1302 2484 1543 2538 fratrum
1560 2490 1821 2544 0010108,

156 2570 464 2640 publicam
497 2569 629 2625 inde
659 2570 1079 2625 confessionem
1116 2572 1353 2639 fecerat,
1381 2576 1440 2625 et
1465 2578 1674 2641 quater
1696 2588 1827 2643 pr0'

158 2658 425 2713 fessione
450 2656 688 2726 violata,
715 2658 950 2713 tandem
974 2674 1077 2729 pro
1103 2659 1485 2714 fornicatione
1509 2664 1566 2714 et
1593 2661 1830 2715 immun-

162 2744 324 2801 dicia
358 2760 387 2800 0
423 2747 639 2818 populo
673 2745 744 2801 (10
782 2749 1132 2802 10000810110
1171 2762 1299 2803 0001
1343 2747 1522 2802 sociis
1566 2748 1709 2814 suis,
1748 2749 1798 2802 ei

158 2835 397 2892 scilicet
425 2835 522 2906 qui
555 2840 761 2891 contra
796 2850 885 2891 me
915 2837 1396 2907 conspiraverant
1418 2868 1484 2875 ——
1510 2851 1610 2891 sex
1635 2841 1824 2891 autem

155 2928 338 2979 erant
360 2955 458 2993 —,
487 2924 787 2995 projectus
814 2924 1020 2989 fuerat,
1043 2928 1099 2978 et
1124 2928 1288 2979 extra
1314 2924 1636 2981 01001081οι0
1662 2940 1824 2980 80010

161 3012 472 3083 presbiter
510 3012 819 3068 ordinatus
859 3017 1005 3077 erat,
1048 3027 1176 3067 cum
1219 3019 1352 3068 ante
1393 3014 1497 3067 hec
1537 3013 1725 3068 omnia
1770 3014 1824 3067 in

161 3098 320 3155 cella
353 3099 670 3156 Colticensi
704 3099 874 3154 archa
908 3101 1115 3169 fracta,
1152 3102 1393 3171 pecunia
1426 3101 1675 3171 sublata,
1705 3100 1827 3157 dal-
1914 3124 1925 3137 -

159 3189 376 3243 matica
422 3188 612 3244 furata
642 3194 701 3243 et
746 3187 798 3243 in
835 3189 1104 3259 proprios
1148 3204 1288 3244 usus
1331 3195 1549 3261 aptata,
1592 3190 1827 3246 saerile-
1858 3197 1904 3259 Ο

153 3276 318 3346 gium
370 3281 799 3347 perpetrasset,
838 3279 894 3332 et
942 3277 1050 3331 alia
1095 3278 1360 3347 quedam,
1416 3293 1545 3348 qua)
1603 3280 1822 3333 referre

158 3364 366 3435 pudet,
393 3365 802 3421 commisisset.
826 3367 885 3419 In
907 3366 1168 3436 episcopi
1189 3366 1600 3437 sociorumque
1630 3371 1821 3422 tamen

168 3453 489 3522 praesentia
530 3452 937 3523 purgationem
978 3452 1271 3509 illatorum
1316 3459 1449 3508 ante
1480 3454 1589 3509 alia
1621 3454 1674 3508 in
1708 3469 1828 3518 om_

169 3540 330 3595 nium
353 3540 647 3595 audientia
670 3540 887 3610 optuli;
913 3541 1067 3610 quod
1093 3541 1502 3596 deficientibus
1526 3549 1826 3597 00008010-

167 3627 337 3683 ribus
384 3628 660 3698 prosequi
701 3642 941 3683 necesse
984 3642 1098 3683 non
1138 3629 1273 3691 fuit;
1317 3635 1377 3683 et
1419 3630 1502 3684 sic
1536 3630 1589 3684 in
1623 3645 1821 3686 eorum

161 3719 491 3786 prmsentia
523 3716 756 3770 abbatia
786 3715 1007 3784 judicio
1033 3716 1263 3771 concilii
1289 3716 1423 3770 mihi
1449 3717 1674 3773 reddita
1709 3722 1821 3788 est,

160 3809 222 3859 et
254 3803 384 3859 sedi
417 3802 740 3858 restitutus
780 3818 926 3858 sum.
974 3803 1210 3859 Litterae
1251 3818 1479 3874 quoque
1520 3806 1707 3862 11118810
1739 3821 1826 3862 re-

158 3897 351 3963 cepta
385 3906 498 3947 non
533 3896 694 3959 sunt,
745 3891 1009 3962 quamvis
1041 3906 1069 3947 a
1106 3892 1451 3961 quibusdam
1488 3893 1656 3949 100110
1689 3896 1819 3952 8101.

162 3981 267 4035 Die
308 3984 503 4035 autem
548 3979 892 4035 festivitatis
933 3980 1301 4051 exceptionis
1341 3982 1607 4051 corporis
1637 3985 1821 4040 sancti

161 4069 438 4138 Prejeeti,
487 4082 614 4138 quae
657 4067 993 4124 celebratur
1023 4072 1055 4121 8
1084 4070 1220 4124 Idus
1260 4071 1622 4138 Novembris,
1658 4087 1826 4130 vene-

164 4162 303 4214 runt
348 4156 645 4215 Divionem
692 4155 806 4212 duo
847 4171 916 4212 ex
958 4157 1239 4212 fratribus
1290 4157 1825 4217 Flaviniacensibus

164 4245 328 4302 missi
360 4246 432 4300 ab
464 4245 569 4313 eis,
606 4245 949 4300 mandantes
982 4248 1042 4299 ut
1072 4244 1342 4315 redirem,
1380 4245 1485 4316 ipsi
1517 4246 1826 4304 obedirent

165 4333 356 4390 nobis.
391 4331 712 4388 Consilium
737 4347 875 4388 vero
900 4335 1142 4388 fratrum
1171 4336 1507 4389 0081101001
1533 4334 1660 4405 fuit,
1689 4337 1821 4406 quia

169 4422 446 4478 dicebant
504 4436 610 4492 pro
669 4421 877 4477 timore
926 4420 1225 4477 Sarmatiae
1275 4425 1333 4476 et
1382 4422 1819 4495 Sombornonis,

170 4524 419 4582 quorum
453 4514 780 4566 castrorum
808 4509 1173 4565 habitatores
1206 4510 1512 4565 ecclesiam
1544 4512 1824 4569 Flavinia-

164 4614 398 4655 eensem
440 4598 879 4669 impugnabant,
925 4613 986 4653 se
1029 4613 1139 4652 non
1171 4612 1344 4668 posse
1378 4602 1439 4653 111
1473 4599 1716 4655 decebat
1750 4602 1819 4656 ad

167 4703 271 4744 008
309 4687 533 4754 venire,
577 4686 624 4742 si
668 4686 744 4740 hii
788 4687 884 4756 qui
925 4691 1250 4757 praesentes
1298 4686 1559 4751 aderant,
1592 4687 1820 4759 {litteris

166 4775 494 4843 obedirent,
527 4773 761 4846 culpam
794 4774 1096 4830 clamando
1120 4780 1179 4830 et
1202 4779 1577 4830 securitatem
1604 4781 1659 4831 et
1686 4778 1822 4833 obe-

167 4864 445 4919 dientiam
478 4864 742 4923 1010οη0
777 4862 1007 4933 prioris,
1042 4863 1175 4933 quia
1210 4863 1453 4918 domnus
1481 4863 1658 4920 abbas
1690 4866 1820 4920 abe-

166 4956 275 5019 rat,
310 4956 373 5008 01
406 4956 654 5022 paterne
680 4952 751 5005 ab
774 4951 858 5006 018
886 4954 1168 5006 tractaret
1201 4950 1609 5021 promittendo,
1637 4957 1694 5006 et
1718 4967 1819 5009 eos

168 5041 261 5109 qui
294 5040 453 5095 domi
487 5043 658 5094 01001
696 5038 1030 5094 idemtidem
1066 5040 1325 5094 facturos
1358 5039 1716 5109 spondendo,
1756 5046 1817 5096 ut

171 5128 510 5183 Sarmatiam
544 5126 707 5195 irem,
741 5132 1127 5197 suscepturus
1152 5127 1222 5181 ab
1247 5126 1332 5181 eis
1355 5126 1519 5199 juxta
1555 5131 1815 5183 10001001

170 5215 521 5272 11110101001.
558 5215 664 5281 Ivi,
689 5218 746 5268 et
774 5214 948 5269 nichil
980 5230 1179 5270 eorum
1215 5215 1429 5269 factum
1453 5220 1566 5283 081,
1593 5229 1720 5270 00111
1746 5215 1813 5271 ad

169 5320 248 5360 me
278 5304 522 5376 quidam
558 5301 876 5371 venissent,
923 5302 1186 5357 dicentes
1219 5301 1520 5357 honestius
1555 5302 1610 5356 id
1642 5318 1699 5358 sc
1734 5305 1818 5358 fa-

165 5398 357 5450 cturos
394 5392 450 5446 in
489 5388 758 5460 capitulo
792 5389 1229 5446 Flaviniacensi.
1263 5388 1493 5443 Credidi
1535 5390 1819 5446 011010010-

163 5482 419 5538 tionibus
460 5476 748 5546 omnium,
782 5482 836 5532 et
868 5478 921 5532 in
955 5477 1330 5549 susceptione
1363 5480 1563 5533 nostra
1596 5477 1816 5533 nullum

161 5572 459 5638 honorem,
530 5562 755 5620 nullum
809 5565 1096 5635 affectum,
1158 5563 1372 5621 nullam
1433 5566 1818 5621 reverentiam

158 5662 458 5732 expertus,
486 5651 636 5724 quin
661 5651 854 5721 potius
884 5653 1157 5723 dedecus,
1182 5651 1595 5711 contumeliam
1618 5657 1675 5710 et
1702 5667 1820 5710 om-

1933 555 2063 597 cum
2113 546 2300 611 erant,
2352 542 2516 612 panis
2558 546 2891 611 negaretur,
2937 544 2995 595 et
3039 555 3225 610 equus
3277 541 3579 610 servienti,

1936 644 2102 700 quem
2159 630 2341 685 solum
2403 646 2625 687 mecum
2683 630 3059 697 adduxeram,
3108 634 3163 683 et
3216 629 3339 700 ipsa
3394 630 3582 686 omnis

1932 720 2257 775 reverentia
2308 720 2481 773 etiam
2522 734 2551 774 a
2582 719 2832 774 minimis
2874 733 2986 773 non
3032 717 3166 771 mihi
3212 717 3581 787 redderetur,

1934 808 2103 862 immo
2138 807 2245 878 ipsi
2272 807 2367 877 qui
2402 807 2721 875 diligebant
2745 820 2871 876 008,
2897 806 3084 861 vocati
3111 821 3139 861 0
3165 819 3253 860 me
3287 804 3415 875 ipso
3450 808 3585 859 ante

1934 910 2020 951 me
2053 896 2251 951 venire
2279 910 2384 950 11011
2411 895 2715 962 auderent,
2745 896 2892 950 sicut
2926 893 3240 965 protestati
3264 898 3418 961 sunt,
3454 882 3590 963 pro?

1934 985 2100 1039 hibiti
2152 984 2222 1039 ab
2274 985 2522 1040 inimicis
2579 984 2819 1053 nostris,
2867 990 2926 1038 et
2964 984 3205 1053 insuper
3251 981 3360 1037 nisi
3408 980 3588 1037 citius

1935 1074 2187 1129 monitus
2219 1087 2505 1128 cameram
2542 1074 2810 1139 exissem,
2846 1073 3036 1128 iturus
3068 1086 3197 1127 cum
3230 1071 3316 1127 eis
3348 1069 3417 1126 ad
3451 1085 3590 1125 con-

1934 1162 2151 1225 cilium,
2206 1165 2339 1233 quia
2389 1161 2733 1217 retardabar
2788 1176 2889 1231 pro
2938 1176 3088 1230 equo
3132 1159 3326 1215 famuli
3377 1158 3585 1228 008111,

1936 1250 2101 1306 11110ξο
2134 1256 2191 1306 01
2217 1251 2529 1323 opprobria
2562 1256 2616 1305 et
2655 1248 3071 1306 tumultuantis
3103 1248 3291 1303 turbm
3328 1247 3587 1303 turbatio

1936 1339 2068 1393 mihi
2102 1340 2508 1395 intentaretur.

2004 1464 2145 1533 (Fel.
2186 1469 2325 1533 143.)
2371 1466 2526 1519 Mane
2570 1464 2684 1520 dici
2725 1462 2908 1533 ipsius
2948 1462 2999 1516 in
3044 1458 3305 1531 capitulo
3351 1459 3583 1515 litteras

1934 1552 2312 1608 cardinalium
2338 1552 2519 1607 lectas
2538 1550 2806 1606 omnibus
2825 1549 3086 1620 exposui,
3105 1554 3163 1603 et
3186 1547 3475 1619 expositis
3495 1547 3584 1602 eis

1940 1644 2130 1695 utrum
2156 1640 2485 1709 obedircnt,
2516 1638 2810 1709 requisivi.
2837 1640 2895 1693 In
2915 1638 3114 1692 verbis
3142 1650 3278 1691 vero
3303 1650 3503 1691 eorum
3528 1637 3585 1690 et

1940 1728 2108 1784 factis
2140 1728 2295 1784 nulla
2331 1728 2560 1783 inventa
2590 1732 2680 1783 est
2714 1726 3025 1794 humilitas,
3061 1729 3160 1780 aut
3192 1738 3327 1793 erga
3360 1727 3585 1779 statuta

1854 1831 1904 1890 Β
1935 1816 2164 1871 concilii
2217 1816 2565 1872 obedientia.
2617 1816 2706 1870 Sic
2748 1815 2801 1868 in
2842 1813 3000 1869 nulla
3041 1828 3103 1867 re
3136 1814 3477 1880 honoratus,
3512 1809 3583 1865 ad

1936 1904 2241 1961 concilium
2285 1905 2627 1960 Pletavense
2668 1904 2923 1974 proxima
2967 1900 3287 1956 ebdomada
3325 1898 3582 1955 futurum

1936 1993 2355 2063 accelerantcs,
2381 1994 2529 2062 apud
2558 1991 2809 2048 Colticas
2836 2004 3020 2059 usque
3046 1989 3098 2043 in
3126 1987 3274 2043 diem
3308 1991 3580 2057 quartum

1938 2082 2235 2149 remorati,
2270 2080 2674 2149 retrogradum
2709 2080 2819 2134 iter
2853 2077 3205 2149 arripuimus
3236 2089 3299 2130 ea
3326 2073 3588 2131 occasio-

1937 2184 2025 2239 ne,
2054 2171 2183 2240 quia
2210 2170 2519 2226 noluerunt
2542 2170 2623 2223 ire
2647 2184 2714 2223 eo
2738 2168 2889 2238 quod
2914 2168 2983 2222 de
3012 2163 3351 2220 investitura
3386 2177 3577 2218 sermo

1936 2264 2228 2327 ageretur,
2262 2275 2391 2314 0010
2423 2259 2593 2313 0110111
2619 2272 2707 2312 100
2731 2271 2924 2312 0010111
2949 2255 3034 2309 018
3069 2253 3363 2324 professus
3390 2264 3576 2306 essem

1938 2348 2081 2402 bene
2116 2347 2453 2402 investitum
2481 2366 2492 2400 :
2523 2349 2581 2401 ut
2608 2345 2696 2401 vel
2722 2345 2800 2399 sic
2826 2344 3073 2399 ducerer
3104 2340 3175 2395 ab
3206 2339 3311 2409 eis,
3347 2339 3444 2408 qui
3477 2352 3582 2393 nec

1938 2452 2108 2491 unum
2144 2435 2337 2491 saltim
2372 2436 2607 2490 fratrem
2645 2434 2887 2489 amicum
2921 2430 3088 2487 nobis
3116 2433 3172 2484 et
3208 2441 3582 2499 pernecessa-

1936 2524 2085 2578 rium
2115 2523 2416 2579 comitatui
2452 2526 2677 2592 nostro,
2705 2521 2798 2592 qui
2826 2536 2927 2592 pro
2950 2519 3118 2574 libitu
3142 2530 3341 2572 eorum
3372 2515 3580 2584 ageba-

1938 2617 2051 2681 tur,
2085 2612 2399 2681 adjungere
2421 2612 2716 2678 volebant,
2743 2626 2870 2664 eum
2896 2608 3005 2679 ipsi
3031 2621 3232 2663 omnes
3254 2606 3451 2660 essent
3477 2602 3581 2657 ini-

1938 2700 2091 2768 mici,
2127 2714 2187 2754 re
2220 2706 2408 2755 autem
2441 2713 2574 2754 vera
2600 2700 2674 2753 ob
2700 2699 2753 2753 id
2782 2698 2863 2751 ire
2888 2696 3220 2763 noluerunt,
3247 2693 3399 2763 quia,
3426 2690 3578 2762 parti

1938 2804 2057 2844 suae
2076 2788 2265 2844 minus
2288 2788 2617 2855 credentes,
2641 2783 3173 2853 conciliijustitiam
3194 2779 3460 2836 ctdomni
3486 2779 3583 2834 ab-

1941 2876 2090 2932 batis
2131 2875 2491 2932 Divionensis
2532 2879 2908 2943 nostramque
2941 2871 3582 2939 verebantur'praeseu-

1936 2966 2096 3020 tiam.
2133 2965 2296 3031 Quod
2323 2964 2452 3019 hinc
2476 2963 2696 3033 liquido
2720 2961 2905 3017 conici
2942 2962 3154 3032 potest,
3181 2957 3316 3027 quia
3336 2971 3464 3012 cum
3491 2969 3578 3010 me

1938 3054 2014 3110 ita
2038 3058 2328 3110 remorato
2347 3053 2650 3124 quemdam
2671 3052 2741 3108 de
2763 3051 2884 3107 suis
2908 3050 3006 3105 1110
3026 3048 3321 3103 misissent
3340 3060 3467 3101 cum
3488 3043 3576 3099 lit-

1936 3143 2101 3213 teris,
2135 3146 2193 3198 et
2226 3143 2333 3198 1100
2368 3156 2454 3197 100
2488 3141 2692 3211 inscio,
2726 3154 2829 3195 nec
2870 3137 3119 3195 concilio
3153 3133 3439 3203 interfuit,
3473 3147 3579 3187 nec

1934 3231 2331 3287 cardiualibus
2350 3230 2647 3301 loquutus,
2670 3233 2731 3284 ut
2752 3228 2927 3296 venit,
2946 3227 3029 3282 sic
3052 3224 3244 3280 rediit.
3266 3223 3365 3277 Hic
3384 3225 3577 3277 autem

1937 3320 2093 3376 illius
2138 3319 2478 3390 superioris,
2523 3332 2691 3388 quem
2734 3316 3037 3372 Valentino
3069 3312 3316 3370 concilio
3347 3308 3579 3366 clande-

1936 3409 2085 3465 stina
2126 3410 2257 3477 fuga
2301 3423 2363 3463 se
2406 3407 2752 3463 subduxisse
2792 3403 3254 3470 memoravimus,
3288 3402 3342 3456 10
3376 3414 3580 3471 perpe-

1935 3497 2190 3554 tratione
2213 3497 2504 3565 sacrilegii
2530 3495 2790 3566 pecuniae
2814 3498 2871 3549 et
2895 3493 3220 3548 (101010110εο
3250 3488 3495 3546 sublatae
3519 3491 3577 3542 et

1936 3585 1991 3640 in
2043 3585 2388 3657 cxpulsione
2440 3598 2543 3655 pro
2596 3582 2976 3637 fornicatione
3028 3576 3574 3645 sanctimonialium,

1935 3673 2337 3728 maritatarum
2369 3676 2427 3727 et
2462 3686 2771 3742 puerorum
2803 3670 3098 3740 particeps
3129 3672 3183 3721 et
3219 3665 3415 3722 socius
3446 3664 3574 3733 fuit,

1933 3776 2104 3817 causa
2139 3764 2430 3831 caputque
2471 3758 2600 3813 mali
2632 3758 2777 3813 abba
2808 3756 3147 3823 designatus
3178 3769 3207 3808 a
3241 3752 3347 3809 sibi
3379 3750 3580 3806 simili-

1935 3848 2064 3917 bus,
2100 3848 2194 3919 qui
2229 3852 2471 3903 mortcm
2506 3846 2734 3901 abbatis
2764 3843 2956 3899 Sancti
2990 3840 3256 3897 Germani
3290 3837 3579 3894 Autissio-

1935 3937 2220 4004 (10100818,
2239 3951 2268 3991 0
2286 3951 2398 4004 quo
2417 3934 2485 3989 de
2509 3933 2861 3988 monasterio
2888 3933 3017 4000 fuga
3042 3929 3240 4000 lapsus
3264 3929 3575 3995 susceptus

1935 4026 2124 4081 fuerat
2146 4029 2205 4079 et
2228 4024 2472 4078 honeste
2501 4021 2751 4091 habitus,
2779 4020 2958 4075 tercia
2984 4033 3151 4073 manu
3168 4017 3493 4087 juraverat,
3517 4015 3575 4089 et

1934 4112 2076 4168 obid
2093 4113 2162 4167 ad
2188 4111 2400 4166 Cellam
2424 4110 2629 4180 pulsus
2651 4108 2910 4165 habitum
2936 4106 3255 4175 dimiserat,
3281 4107 3339 4159 et
3363 4102 3575 4156 iterum

1935 4204 2063 4272 post
2089 4199 2528 4269 ignominiosam
2550 4197 2677 4267 ejus
2698 4196 3096 4268 expulsionem
3116 4210 3145 4249 a
3167 4207 3254 4249 me
3281 4194 3572 4261 receptus,

1935 4288 2239 4344 inhoneste
2260 4291 2315 4343 et
2339 4286 2569 4342 omnino
2593 4286 2819 4358 perdite
2848 4285 3096 4353 vixerat,
3122 4283 3193 4339 ad
3218 4282 3325 4337 hoc
3348 4278 3576 4335 inhians

1936 4376 2245 4446 dejectioni
2285 4379 2518 4446 nostrae,
2562 4379 2618 4431 ut
2653 4375 2775 4446 ipse
2819 4376 3257 4444 subrogaretur.

2006 4519 2236 4587 Verum,
2270 4517 2404 4587 quid
2440 4517 2644 4573 mirum
2669 4516 2714 4572 si
2733 4515 3010 4586 juvenilia
3034 4519 3274 4585 pectora
3298 4528 3327 4567 a
3352 4524 3490 4565 vero
3514 4513 3574 4564 et

1928 4604 2089 4675 justo
2111 4604 2444 4660 exorbitare
2467 4605 2624 4673 cogit
2649 4603 2979 4659 dominandi
3003 4601 3237 4671 cupido,
3258 4598 3418 4655 nullo
3442 4596 3579 4651 reli-

1932 4693 2122 4761 gionis
2154 4693 2500 4748 humilitatis
2532 4691 2870 4746 caritatisve
2896 4689 3152 4759 radicata
3186 4684 3578 4756 plantaminc?

1931 4785 2142 4835 cumet
2169 4780 2325 4851 ipsas
2350 4785 2571 4835 mentes
2594 4778 2737 4834 senii
2769 4775 3122 4831 albescentis
3153 4773 3371 4829 canicie
3404 4786 3577 4827 vene-

1933 4867 2164 4936 randas,
2192 4874 2251 4922 et
2282 4883 2410 4937 quze
2443 4882 2471 4921 a
2509 4865 2706 4937 primis
2737 4864 2899 4919 annis
2932 4862 3269 4931 religionem
3300 4858 3575 4930 01101010-

1932 4955 2067 5022 rint,
2097 4957 2166 5009 ab
2192 4955 2308 5026 ipsa
2336 4970 2564 5025 quoque
2586 4959 2703 5007 tam
2737 4951 3011 5007 diuturna
3046 4947 3351 5003 monachili
3383 4947 3577 5017 gravi-

1931 5043 2070 5097 tatis
2102 5043 2510 5109 imaginatione
2545 5042 2907 5107 desuescerc,
2943 5043 3003 5092 et
3042 5037 3093 5091 in
3130 5040 3328 5107 patres
3359 5035 3572 5090 armari

1932 5131 2145 5186 faciat?
2183 5131 2440 5185 Priorem
2486 5130 2563 5184 ibi
2609 5129 2803 5184 dictus
2834 5126 3146 5198 episcopus
3177 5124 3577 5179 constituerat

1927 5217 2304 5286 grandevum,
2340 5218 2707 5284 honoratum,
2734 5221 2794 5271 et
2824 5215 2919 5285 qui
2952 5214 3138 5286 primo
3172 5226 3393 5266 mecum
3428 5225 3578 5265 8001-

1932 5320 2033 5376 per
2057 5306 2262 5360 fuerat.
2302 5304 2398 5360 llic
2424 5304 2519 5359 ubi
2546 5320 2632 5359 me
2659 5303 3044 5359 Flaviniaeum
3070 5299 3414 5367 introduxit,
3441 5313 3573 5353 cum

1931 5407 2019 5447 me
2043 5392 2094 5446 in
2117 5406 2219 5447 sua
2247 5391 2554 5462 prmsentia
2577 5406 2785 5461 passus
2809 5392 3011 5447 fuisset
3035 5387 3402 5444 dehonestari
3428 5385 3576 5441 1110-
3600 5392 3615 5403 ’

1929 5480 2083 5549 gatis
2111 5479 2505 5547 contumeliis,
2540 5483 2599 5534 et
2627 5477 2847 5546 virgam
2881 5476 3233 5549 pastoralem
3258 5475 3313 5530 in
3340 5475 3466 5545 ipso
3491 5473 3575 5529 in-

1929 5581 2136 5636 gressu
2170 5570 2370 5623 nostro
2402 5566 2653 5623 latenter
2678 5564 2732 5620 vi
2757 5568 2813 5620 et
2847 5568 3050 5635 aperta
3080 5564 3280 5634 rapina
3313 5560 3569 5628 tulisset,

1933 5653 2089 5711 illam
2118 5656 2376 5713 nostram
2408 5651 2839 5713 Valentinensis
2878 5651 3280 5709 investituram
3312 5644 3570 5716 concilii,
