3950 6298
435 271 554 335 3'79

1391 275 1754 341 HUGONIS
1799 272 2152 336 ABBATIS
2197 277 2874 347 FLAVINIACENSIS
3705 293 3806 356 380

437 405 494 467 in
511 404 1007 478 crastinum,cum
1025 407 1212 467 omnia
1233 407 1405 468 nobis
1428 411 1767 484 perturbata
1794 409 2082 482 relinque-
2107 412 2164 470 A
2263 415 2380 473 llec
2428 422 2621 475 autem
2673 418 2781 476 fuit
2829 416 3062 477 occasio
3101 417 3392 480 modernaa
3423 420 3802 500 dissensionis,

441 505 550 569 ret,
577 498 778 568 exivit,
802 503 862 554 et
887 513 988 570 per
1011 499 1134 555 dies
1158 505 1224 556 10
1247 501 1460 572 quibus
1484 501 1620 556 inibi
1648 505 1909 556 moratus
1929 516 2077 570 sum,

441 593 598 646 tanta
621 603 748 645 sum
769 591 999 644 artatus
1017 589 1307 660 custodia,
1330 597 1394 647 ut
1411 591 1595 646 omnis
1615 590 1748 646 mihi
1770 595 2083 659 negaretur

441 676 511 733 ad
547 675 842 748 publicum
886 691 1218 749 processus,
1261 679 1514 735 omnium
1556 680 1625 734 ad
1666 693 1753 734 mc
1783 683 2082 734 vetaretur

439 779 747 841 accessus;
764 771 823 820 et
840 779 946 821 non
970 765 1154 822 solum
1174 766 1327 824 nulla
1345 767 1706 824 investitura:
1731 767 2078 837 melioratie,

439 867 641 910 verum
690 854 878 911 omnis
919 869 1057 925 erga
1099 869 1187 911 me
1225 857 1476 912 omnium
1511 871 1702 912 rerum
1737 856 2082 926 procederet

439 941 839 1012 deterioratie,
876 941 993 999 illis
1036 944 1306 1016 privatim
1337 949 1396 999 et
1428 943 1658 1016 publice
1691 959 1794 1016 per
1827 944 1989 1000 devia
2023 947 2082 999 et

439 1027 762 1087 facineresa
787 1030 1018 1102 impune
1043 1032 1470 1104 gradientibus,
1497 1039 1552 1088 et
1580 1033 1634 1088 in
1660 1031 1820 1088 nullo
1853 1031 2084 1102 religie-

437 1117 527 1173 nis
558 1122 780 1174 statuta
813 1121 1210 1188 servantibus,
1245 1120 1388 1176 adeo
1413 1128 1474 1176 ut
1499 1124 1739 1192 propter
1770 1135 1968 1177 eorum
2002 1121 2084 1176 in-

439 1205 836 1276 corrigibilem
867 1213 925 1264 et
965 1208 1291 1278 pudendam
1325 1209 1844 1278 conversationem,
1878 1215 1933 1265 et
1971 1223 2086 1264 ma-

437 1293 592 1350 xime
616 1295 748 1364 quia
775 1295 1176 1353 inobedientes
1209 1302 1374 1352 erant
1400 1299 1695 1368 preceptis
1721 1298 2079 1370 apostolicis,

439 1383 827 1454 compellerer
844 1385 1064 1454 egredi,
1081 1385 1265 1440 donec
1285 1385 1446 1442 ﬁnite
1463 1385 1711 1442 concilio
1731 1387 1889 1442 Picta
1900 1387 2078 1455 vensi,

446 1470 546 1526 ubi
587 1471 658 1528 de
699 1485 874 1528 causa
923 1473 1206 1529 Educnsis
1257 1474 1566 1542 invaseris,
1619 1474 1785 1544 cujus
1831 1475 2081 1531 tuitione

441 1571 642 1615 eorum
686 1560 862 1616 factio
900 1563 1340 1632 protegebatur,
1386 1561 1653 1618 diﬁluitie
1693 1563 1990 1632 synedalis
2021 1567 2078 1618 et

439 1649 718 1704 canonica
746 1653 1188 1720 expectabatur,
1221 1651 1542 1720 legatorum
1575 1652 1821 1708 consilio
1844 1658 1904 1707 et
1929 1651 2082 1720 judi-

2193 503 2326 574 quia
2373 505 2684 564 videbatur
2727 507 2812 564 eis
2860 513 3099 580 propter
3134 509 3573 582 permissionem
3619 529 3804 585 praece-

2194 599 2348 666 ptam
2389 596 2443 652 in
2487 597 2704 655 litteris
2741 598 3060 656 faciendam
3089 601 3144 657 in
3177 615 3346 657 manu
3389 601 3618 659 abbatis
3644 604 3785 663 Divie

2191 685 2406 755 nensis,
2440 686 2590 742 velle
2614 701 2702 743 me
2726 687 3216 746 Flaviniacensem
3237 688 3562 747 aecclesiam
3582 691 3803 750 subdere

2192 772 2400 829 ditieni
2431 775 2822 842 Divienens's;
2858 777 3010 848 quod
3043 791 3150 848 ego
3173 791 3278 834 nec
3309 792 3695 851 speraveram,
3719 796 3802 840 nec

2193 861 2474 917 volebam.

2265 941 2404 1010 (Fel.
2441 943 2604 1016 143³.)
2637 945 2696 999 In
2731 943 2929 1016 spacie
2963 943 3144 1014 igitur
3172 944 3456 1016 temporis
3487 961 3600 1017 quo
3629 946 3801 1010 Valen:

2191 1030 2420 1087 tincnse
2449 1031 2809 1089 celebratum
2849 1037 2944 1088 est
2971 1033 3303 1103 concilium,
3337 1033 3485 1089 obiit
3519 1035 3798 1109 Wibertus,

2191 1122 2260 1176 20
2290 1133 2440 1174 anno
2485 1134 2556 1175 ex
2601 1136 2715 1190 quo
2749 1121 2940 1176 sedem
2990 1120 3205 1177 invasit
3251 1121 3650 1194 apostolicam,
3693 1140 3800 1182 cum

2195 1206 2434 1262 haberqt
2469 1207 2523 1264 in
2555 1209 2826 1280 captione
2876 1209 3355 1266 Matisconensem
3406 1209 3728 1283 episcopum
3753 1219 3801 1270 et

2192 1294 2338 1352 alios
2389 1297 2766 1368 quamplures
2817 1297 3111 1354 clericalis
3157 1297 3401 1368 ordinis,
3453 1312 3597 1369 quos
3634 1315 3803 1357 omnes

2193 1397 2298 1455 pre
2331 1385 2700 1442 absolutione
2721 1399 2828 1442 sua
2860 1385 2914 1441 in
2944 1399 3188 1455 egressu
3216 1400 3320 1442 suo
3352 1401 3458 1458 per
3479 1401 3540 1444 se
3563 1388 3798 1458 absolvit,

2191 1486 2430 1528 monens
2480 1473 2841 1544 episcopum,
2877 1478 2940 1530 ut
2973 1475 3210 1530 Romam
3262 1487 3528 1530 remeans
3558 1475 3698 1546 apud
3725 1490 3804 1548 pa-

2192 1572 2321 1628 pam
2342 1575 2446 1630 pro
2467 1575 2570 1616 sua
2593 1561 2888 1617 laboraret
2911 1561 3233 1633 ereptione.
3259 1560 3366 1628 Qui
3388 1554 3590 1633 papam
3609 1561 3800 1632 adiens,

2192 1649 2453 1719 repperit
2484 1649 2560 1705 ibi
2603 1648 2828 1720 legatos
2876 1650 3142 1706 ecclesiae
3188 1649 3477 1707 Educnsis
3522 1665 3690 1722 super
3715 1665 3801 1706 suo

439 1735 529 1790 cie
549 1737 851 1806 negocium
872 1739 1152 1794 tecelesize
1175 1739 1592 1796 ventilaretur:
1617 1744 1734 1796 tum
1761 1741 2074 1812 prmcipue,
2109 1757 2161 1816 Β
2191 1735 2472 1808 episcopo
2503 1738 2936 1808 ceuquirentes,
2962 1741 3020 1794 et
3051 1742 3216 1808 gesta
3245 1737 3480 1794 concilii
3513 1739 3800 1796 referentes

442 1823 573 1894 quia
595 1825 664 1880 ad
685 1825 1135 1896 propulsandam
1155 1826 1315 1883 illius
1333 1827 1585 1883 malivoli
1607 1827 1914 1884 infaustam
1937 1843 2080 1899 pra:-

436 1909 729 1980 latienem,
759 1913 1004 1984 majores
1023 1913 1076 1968 in
1097 1915 1361 1970 aecclesia
1387 1915 1658 1986 Educnsi,
1685 1931 1929 1986 quorum
1953 1920 2080 1971 erat

436 1998 592 2054 istud
625 2001 809 2056 nostri
841 2000 1072 2058 discidii
1102 2017 1287 2072 genus
1319 2003 1613 2074 dirimere,
1648 2004 2082 2059 Pictavisabie-

437 2091 588 2155 rant,
625 2087 750 2142 sine
775 2089 986 2158 quibus
1018 2091 1354 2146 veccrdium
1389 2091 1764 2162 praesumptio
1787 2107 1894 2147 non
1920 2096 2082 2162 pote-

436 2177 530 2228 rat
559 2176 884 2231 ceherceri.
920 2177 1266 2234 Miscrabilis
1288 2184 1343 2234 et
1371 2194 1614 2250 prorsus
1643 2180 1952 2250 dCSperata
1982 2181 2083 2235 hu-

430 2261 683 2330 jusmedi
719 2263 1010 2319 hominum
1045 2266 1444 2336 praesumptio,
1473 2267 1571 2336 qui
1596 2281 1697 2322 nec
1722 2268 1896 2322 Deum
1923 2281 2084 2322 reve-

438 2353 643 2404 rentur
676 2365 782 2405 ncc
813 2350 1094 2422 homines,
1127 2352 1262 2408 dum
1295 2353 1637 2408 intemerata
1663 2368 1691 2409 a
1716 2353 1914 2409 seculo
1941 2370 2084 2425 prae-

437 2442 608 2507 cepta
631 2443 913 2508 spernunt
937 2439 1284 2512 apostolica,
1308 2445 1367 2496 et
1389 2440 1760 2498 interdictum
1795 2457 2080 2514 usurpare

439 2538 548 2580 non
572 2531 836 2582 metuunt
857 2527 1112 2584 divinum
1133 2529 1378 2586 oﬁlcium
1397 2531 1408 2584 !
1427 2531 1547 2585 Non
1566 2531 1802 2586 dubium
1825 2531 1958 2601 quin
1979 2546 2080 2587 eos

439 2611 510 2666 ad
535 2611 687 2668 hunc
706 2612 874 2670 finem
895 2614 1127 2670 duxerit
1148 2615 1316 2685 digna
1342 2617 1690 2687 necessitas,
1713 2621 1772 2672 ut
1797 2617 1926 2688 quia
1949 2633 2082 2674 cen-

436 2703 812 2770 tempnentes
843 2703 1042 2774 Deum,
1070 2718 1174 2758 nec
1207 2705 1580 2760 attendentes
1609 2718 1668 2760 se
1702 2705 1879 2775 ipsos,
1905 2705 1960 2761 in
1991 2720 2083 2777 pa-

437 2791 560 2844 tres
596 2795 914 2860 armantur,
952 2795 1006 2845 et
1043 2792 1411 2862 publicantcs
1441 2791 1707 2864 pudenda
1739 2807 1939 2849 eorum
1965 2795 2082 2864 pie-

433 2875 576 2932 tatis
609 2881 866 2948 paternm
891 2879 1020 2948 jura
1057 2880 1305 2946 violant;
1342 2895 1469 2951 qum
1499 2880 1725 2936 etiamsi
1761 2881 2076 2952 publicata,

433 2977 539 3020 nec
575 2970 764 3022 tamen
796 2982 824 3022 a
856 2983 935 3036 se,
972 2967 1220 3024 irridere
1251 2969 1436 3025 solum
1468 2969 1812 3037 voluissent,
1849 2969 2083 3024 maledi-

433 3051 647 3110 ctionis
687 3055 858 3110 Cham
900 3055 1238 3112 hereditarii
1281 3071 1658 3127 possessores
1703 3057 1912 3112 ferent.
1959 3057 2080 3114 Fiat

2196 1824 2540 1896 modumque
2571 1827 2965 1882 accusationis
3005 1845 3018 1881 :

2263 1912 2424 1978 Quod
2451 1914 2784 1984 promiserit
2809 1915 3089 1970 Walterie
3115 1915 3525 1972 archidiacene
3551 1919 3800 1986 praesente

2191 1999 2482 2071 Stephano
2530 2009 2769 2058 cantere
2817 2003 2871 2058 in
2926 2003 3272 2059 dormitorio
3321 2003 3594 2072 Educnsi,
3625 2002 3670 2059 si
3699 2003 3800 2073 ipse

2191 2088 2493 2159 adjuvat-et
2515 2105 2665 2160 eum,
2692 2105 2763 2147 ne
2787 2096 2972 2146 mater
2993 2090 3121 2159 ejus
3145 2091 3232 2146 vel
3261 2091 3465 2162 frater,
3491 2105 3659 2162 penes
3679 2105 3800 2162 quos

2193 2191 2458 2248 magnum
2491 2183 2621 2235 erat
2654 2193 2841 2250 posse,
2876 2183 3157 2235 nocerent
3177 2179 3230 2235 ei
3255 2179 3326 2236 de
3347 2179 3676 2251 episcopatu
3705 2177 3801 2234 adi-

2193 2265 2491 2336 piscendo,
2536 2267 2774 2322 haberet
2819 2265 3101 2337 quidquid
3141 2267 3318 2322 vellet
3362 2267 3420 2321 in
3459 2265 3721 2334 aacclesia,
3753 2269 3801 2321 et

2191 2354 2342 2423 quod
2372 2369 2478 2425 pro
2501 2354 2607 2411 hac
2631 2355 3021 2425 accusatione,
3045 2355 3212 2426 cujus
3233 2359 3402 2411 erant
3425 2359 3687 2412 auctores
3706 2368 3800 2410 om-

2192 2457 2296 2497 nes
2331 2441 2447 2498 fere
2477 2443 2762 2514 canonici,
2814 2443 2900 2499 illi
2951 2457 3120 2514 quam
3170 2443 3421 2500 maxime
3461 2444 3555 2514 qui
3587 2441 3799 2499 concilio

2191 2529 2584 2587 interfuerunt
2607 2531 2764 2588 missi
2783 2532 2856 2589 ab
2879 2531 3010 2588 aliis
3034 2546 3274 2588 numero
3298 2536 3366 2588 13
3391 2532 3464 2589 de
3485 2530 3799 2604 primoribus

2190 2617 2492 2686 aecclesiee,
2523 2623 2583 2674 et
2613 2619 2669 2675 in
2701 2634 2766 2676 ea
2799 2621 3072 2676 meliores
3102 2619 3502 2678 archidiaconi
3531 2620 3655 2688 duo,
3684 2631 3801 2690 prte-

2193 2703 2441 2774 positus,
2462 2709 2686 2774 cantor,
2707 2709 2764 2762 et
2785 2704 2882 2761 alii
2907 2705 3216 2762 nobilitate
3231 2707 3288 2761 et
3311 2705 3553 2763 scientia
3572 2706 3800 2761 honesta-

2193 2795 2364 2862 teque
2395 2791 2824 2863 praecellentes,
2857 2807 2967 2862 ego
3000 2809 3230 2865 quoque
3262 2794 3389 2866 ipse
3421 2793 3516 2865 qui
3547 2792 3614 2850 ad
3643 2791 3799 2863 queri-

2191 2879 2440 2936 moniam
2471 2880 2712 2952 capituli
2742 2879 3028 2938 Educnsis
3049 2881 3270 2952 judicio
3297 2881 3533 2940 concilii
3554 2881 3606 2936 in
3631 2880 3793 2936 sedem

2189 2971 2246 3023 et
2280 2967 2470 3026 locum
2504 2969 2818 3026 restitutus
2857 2983 3046 3034 eram;
3087 2970 3242 3040 quod
3274 2985 3386 3042 pro
3419 2971 3546 3033 hac,
3579 2969 3792 3040 inquam,

2190 3056 2586 3128 accusatione,
2614 3072 2782 3128 quam
2799 3072 2870 3113 eo
2887 3057 3115 3113 enixius
3137 3057 3388 3116 domnus
3409 3059 3588 3114 abbas
3605 3055 3796 3114 Clunia-
3853 3093 3856 3097 -

432 3138 550 3196 illis
569 3146 632 3196 ut
653 3148 955 3212 peccatum
977 3158 1201 3214 eorum,
1223 3145 1376 3216 quod
1403 3145 1718 3216 penitende
1737 3159 1838 3200 cer
1858 3149 2080 3202 rectum
2112 3130 2161 3194 Ο
2189 3145 2384 3201 censis
2409 3159 2510 3216 per
2533 3144 2756 3216 legatos
2775 3159 2932 3215 suos,
2952 3144 3198 3202 domnus
3217 3160 3451 3216 quoque
3470 3141 3795 3201 Divionensis

432 3241 543 3283 non
575 3236 684 3300 est,
719 3231 793 3286 sit
821 3235 877 3286 et
912 3236 1214 3303 peccatum
1247 3237 1302 3288 et
1336 3246 1514 3289 causa
1559 3233 1807 3304 peccati,
1840 3238 1898 3288 et
1927 3233 2078 3289 idem

434 3323 737 3388 peccatum
771 3319 926 3388 quod
950 3333 1021 3374 ex
1043 3325 1288 3390 peccato
1321 3321 1530 3392 oritur,
1561 3322 1636 3376 sit
1663 3336 1774 3378 non
1802 3321 1918 3392 jam
1953 3336 2081 3392 pec-

432 3411 626 3460 catum
652 3408 1074 3472 tantummodo,
1096 3408 1197 3463 sed
1223 3411 1525 3480 peccatum
1551 3413 1606 3464 et
1635 3424 1802 3480 paena
1830 3409 2074 3481 peccati,

438 3497 504 3548 ut
523 3498 729 3564 putent
747 3509 810 3550 se
829 3494 1040 3552 divinae
1065 3495 1214 3566 legis
1233 3501 1451 3553 statuta
1473 3497 1706 3568 impune
1723 3497 2075 3569 rescindere,

432 3579 568 3635 dum
601 3585 921 3638 attrectant
949 3584 1192 3640 inhibita
1227 3585 1432 3642 altaris
1463 3589 1838 3642 sacrosancta
1871 3590 2079 3657 myste-

432 3669 551 3738 ria;
583 3685 694 3726 non
721 3671 1119 3741 intelligentes
1143 3673 1279 3744 quid
1303 3678 1542 3731 sanctus
1563 3674 1674 3730 Lee
1699 3673 1854 3730 dicat
1881 3675 1935 3730 in
1959 3675 2080 3748 epi-

432 3757 582 3815 stola
615 3774 718 3816 sua
755 3779 766 3816 :
803 3762 956 3832 quod
988 3761 1035 3819 si
1070 3762 1200 3833 quis
1236 3767 1440 3819 contra
1479 3777 1764 3820 canonum
1808 3763 2075 3820 instituta

429 3846 628 3904 venire
676 3851 1070 3922 temptaverit,
1105 3855 1164 3908 et
1197 3851 1490 3924 prohibita
1543 3851 1854 3908 admittere
1900 3866 2077 3909 ausus

431 3936 626 4008 fuerit,
661 3951 690 3993 a
725 3953 830 3994 sue
861 3954 923 3995 se
956 3940 1183 3996 noverit
1226 3939 1413 3995 eﬂlcie
1455 3938 1937 4008 submovendum,
1971 3955 2075 3996 nec

429 4026 849 4082 communionis
881 4031 1102 4084 nostra;
1136 4029 1392 4084 futurum
1427 4040 1556 4082 esse
1584 4031 1942 4098 consortem,
1977 4027 2072 4098 qui

431 4112 630 4168 secius
661 4128 789 4170 esse
821 4113 1008 4170 noluit
1036 4115 1378 4186 disciplinas.
1415 4116 1638 4180 Quanta
1670 4129 1808 4170 vero
1832 4115 1885 4170 in
1911 4116 2075 4172 eiset

429 4202 839 4256 coessentibus
857 4201 968 4256 sibi
991 4201 1066 4256 sit
1082 4203 1428 4271 ebczecatio,
1449 4201 1581 4258 hinc
1605 4203 1777 4260 datur
1801 4202 2072 4276 intelligi,

431 4288 586 4358 quod
617 4288 726 4360 ipsi
759 4288 856 4360 qui
890 4304 993 4359 pro
1023 4289 1141 4345 vita
1170 4304 1272 4346 sua
1305 4289 1655 4361 dampnabili
1688 4297 1746 4347 et
1782 4291 2072 4362 pudenda,

429 4376 813 4447 omnibusque
864 4380 1017 4448 nota,
1063 4391 1093 4433 a
1135 4378 1486 4435 monasterio
1532 4379 1678 4451 pulsi
1725 4385 1864 4435 sunt
1903 4394 2073 4437 manu

2188 3247 2294 3306 per
2345 3247 2406 3290 se
2455 3233 2796 3304 efferebant,
2847 3249 2962 3304 quo
3009 3233 3422 3292 inclementius
3474 3229 3795 3304 tyrannidem

2191 3321 2378 3394 ipsius
2408 3321 2504 3392 qui
2529 3321 2943 3393 impetebatur,
2967 3321 3192 3394 experti
3218 3325 3414 3392 erant,
3435 3318 3794 3379 controversia

2191 3410 2246 3466 in
2271 3409 2518 3466 concilio
2541 3413 2670 3467 orta
2697 3411 2900 3476 fuerit;
2934 3409 3266 3466 dicentibus
3285 3408 3382 3468 his
3406 3409 3502 3482 qui
3524 3414 3704 3482 partes
3723 3419 3796 3462 ac-

2189 3498 2376 3556 cusati
2409 3499 2820 3568 defendebant,
2866 3512 2979 3554 non
3021 3511 3153 3554 esse
3185 3497 3428 3556 idoneas
3458 3498 3528 3555 ad
3558 3507 3795 3554 accusan-

2189 3585 2323 3644 dum
2345 3601 2650 3660 personas,
2666 3601 2773 3658 pro
2792 3600 2860 3642 eo
2880 3585 3034 3656 quod
3051 3583 3190 3644 ov'es
3211 3591 3504 3658 pastorem
3525 3583 3794 3658 reprehen-

2189 3675 2328 3734 dere
2351 3678 2450 3732 aut
2477 3689 2754 3731 accusare
2789 3689 2898 3730 non
2932 3674 3168 3746 habent,
3202 3675 3280 3730 hii
3314 3675 3558 3731 maxime
3588 3672 3676 3744 qui
3702 3669 3793 3727 ele-

2187 3763 2369 3821 ctioni
2391 3761 2518 3834 ejus
2538 3768 2979 3834 consenserant,
3003 3768 3061 3818 et
3087 3764 3351 3819 faverant
3385 3757 3788 3819 consecrationi.

2187 3851 2508 3908 Audierant
2546 3865 2775 3922 quoque
2813 3849 3118 3907 anathema
3159 3851 3458 3908 invectum
3491 3850 3544 3906 in
3573 3863 3682 3918 eos,
3712 3847 3790 3917 qui

2186 3955 2314 3997 eam
2337 3939 2758 4012 reprobandam
2781 3938 3002 3996 scirent
3021 3951 3128 3994 nec
3148 3938 3607 4008 manifestarent,
3627 3939 3679 3992 et
3693 3946 3790 3989 rem

2187 4031 2371 4101 ipsam
2399 4033 2533 4085 ante
2555 4027 3053 4084 consecrationem
3077 4031 3266 4083 actam
3290 4027 3614 4094 constabat,
3642 4020 3791 4095 quod-

2189 4131 2298 4187 que
2321 4121 2452 4186 post
2475 4114 2980 4170 consecrationem
3004 4117 3314 4170 accusator
3334 4114 3460 4186 ipse
3481 4108 3708 4169 diaconii
3726 4107 3790 4163 of-

2188 4203 2380 4260 ficium
2423 4201 2730 4272 locumque
2771 4202 3156 4274 promotionis
3191 4203 3264 4258 ab
3293 4216 3365 4258 ee
3395 4197 3714 4272 susceperit,
3741 4197 3785 4250 et

2189 4290 2363 4346 testis
2396 4289 2793 4346 accusationis
2825 4289 3074 4346 ofﬁcium
3103 4289 3382 4360 cantoris,
3415 4295 3472 4344 et
3505 4288 3726 4356 uterque
3747 4279 3786 4336 ei

2187 4377 2504 4434 heminium
2547 4376 2814 4446 fecerint,
2859 4391 2970 4432 non
3011 4391 3138 4434 esse
3180 4376 3558 4433 sufficientem
3588 4382 3791 4428 accusa-

431 4461 614 4536 layca,
647 4464 726 4520 hii
757 4464 815 4521 in
845 4464 952 4523 hac
983 4467 1105 4522 feee
1145 4467 1428 4538 temporis
1459 4466 1689 4538 praelati
1719 4471 1986 4523 rectores
2016 4471 2076 4522 et
2104 4482 2157 4544 D
2185 4465 2426 4532 tionem,
2471 4465 2526 4520 in
2569 4479 2679 4535 qua
2719 4464 2870 4520 alter
2911 4467 3240 4536 accusator,
3285 4463 3436 4522 alter
3473 4465 3617 4520 esset
3647 4455 3788 4544 testis

428 4551 643 4610 domini
688 4554 1178 4612 constituuntur:
1215 4555 1500 4626 quendam
1544 4556 1616 4611 ab
1656 4554 1744 4610 eis
1787 4569 1816 4610 a
1859 4554 2072 4625 quibus

426 4655 579 4698 nunc
597 4642 979 4714 honorantur,
1009 4643 1242 4715 publico
1265 4643 1586 4714 obprobrio
1610 4641 1814 4710 habiti,
1840 4642 2071 4713 publica

427 4729 824 4802 despectiene,
875 4731 1206 4802 abjectiene
1259 4731 1579 4802 reprobati,
1631 4729 1977 4786 verberibus
2011 4735 2070 4786 et

427 4818 678 4877 vinculis
729 4819 1086 4877 dedecerese
1133 4824 1393 4876 scemate
1440 4816 1832 4888 dehonestati,
1873 4822 1930 4872 et
1975 4818 2072 4890 qui

428 4907 659 4978 publica
683 4911 924 4965 notatus
944 4907 1313 4965 confessione
1331 4921 1362 4962 a
1381 4905 1542 4962 clere
1566 4905 1988 4978 reprobandus,
2013 4912 2073 4963 et

426 4993 610 5050 solum
630 4995 688 5052 in
707 4995 818 5053 flne
839 4997 976 5054 vitae
998 4993 1541 5074 suascommunione
1561 4993 1868 5050 donandus
1889 4999 2068 5066 esset,

426 5079 520 5135 hic
551 5081 875 5139 celerarius
907 5082 1266 5153 monasterii,
1295 5085 1461 5154 pater
1481 5081 1972 5152 congregationis,
2006 5087 2068 5140 ut

426 5182 625 5224 curam
647 5174 810 5239 gerat
835 5171 906 5227 de
927 5171 1197 5228 omnibus
1221 5174 1526 5242 promotus
1548 5172 1669 5235 est;
1703 5169 1916 5241 quique
1939 5175 2068 5242 post

425 5255 870 5326 abnegatienem
903 5259 1116 5316 Christi
1140 5259 1240 5316 Dei
1262 5262 1325 5314 et
1343 5257 1565 5313 Domini
1590 5257 1715 5314 sine
1749 5257 2068 5329 penitentia

422 5343 730 5400 ordinatus
779 5343 1062 5402 diaconus
1111 5346 1239 5416 fuit,
1292 5359 1445 5402 nunc
1493 5349 1624 5416 post
1673 5345 1970 5402 homicidii
2011 5350 2068 5403 et

422 5431 828 5502 abnegationis
883 5432 1174 5504 publicam
1233 5433 1633 5505 penitentiam,
1683 5434 1960 5491 sacerdos
2008 5440 2085 5492 et

351 5571 354 5575 .
422 5520 658 5594 princes
684 5517 816 5590 (sic)
839 5518 1149 5576 institutus
1177 5523 1288 5576 est.

2189 4553 2456 4624 idemque
2496 4557 2824 4610 accusator.
2875 4552 3102 4622 Legatis
3131 4567 3162 4609 e
3194 4556 3399 4610 contra
3432 4543 3788 4624 respondenti-

2188 4643 2316 4711 bus,
2351 4640 2407 4696 in
2437 4655 2610 4697 causa
2644 4639 2914 4712 symenim
2947 4639 3170 4696 nullum
3197 4642 3450 4710 omnino,
3482 4645 3785 4712 quamquam

2186 4730 2474 4800 infamem,
2497 4743 2842 4800 quamquam
2866 4727 3160 4784 subditam
3185 4743 3513 4800 personam,
3536 4716 3784 4782 removeri

2186 4819 2259 4875 ab
2289 4816 2682 4887 accusatione,
2705 4816 3104 4874 cum'demnus
3135 4831 3283 4888 papa
3315 4813 3620 4886 Gregorius
3640 4809 3720 4866 νυ
3741 4806 3784 4861 in

2185 4904 2434 4964 concilio
2451 4906 2706 4962 Romane
2725 4904 2796 4961 ad
2815 4903 3248 4961 accusationem
3272 4894 3566 4976 cujusdam
3589 4893 3786 4956 abbatis

2187 4993 2582 5066 symoniacum
2623 4991 2928 5064 quemdam
2962 4993 3304 5065 deposuerit
3341 4992 3680 5065 epis00pum,
3708 4996 3786 5038 e0-

2185 5085 2314 5139 dem
2329 5083 2541 5139 abbate
2554 5081 2740 5154 primo
2755 5094 2860 5152 pro
2873 5095 2937 5136 ca
2947 5080 3075 5136 dem
3088 5079 3540 5152 symonia,cujus
3553 5077 3666 5148 ipse
3677 5083 3786 5143 par-

2185 5171 2298 5228 tice
2306 5171 2884 5242 psetcensentaneus
2908 5167 3116 5240 fuerat,
3134 5168 3420 5240 deposito,
3444 5163 3780 5224 sufﬁcientem

2183 5273 2314 5316 esse
2347 5259 2403 5315 in
2434 5273 2546 5316 uno
2578 5261 2918 5314 accusatore
2949 5260 3005 5312 et
3043 5272 3154 5313 uno
3189 5261 3340 5313 teste
3368 5251 3776 5312 accusationem.

2181 5347 2303 5404 Illis
2334 5361 2564 5419 quoque
2593 5345 2692 5418 qui
2715 5345 3074 5418 impetebant
3091 5344 3524 5416 ebjicientibus,
3547 5341 3598 5396 et
3621 5345 3780 5419 sacra-

2181 5418 2376 5490 mento
2414 5418 2666 5504 probare
2707 5431 3062 5503 volentibus,
3099 5432 3232 5504 quia
3269 5431 3528 5504 juniores
3556 5418 3778 5504 erantet

2181 5537 2293 5579 non
2326 5501 2472 5580 adeo
2505 5520 2562 5578 in
2592 5520 2912 5580 canonibus
2953 5501 3285 5591 exercitati,
3328 5519 3613 5590 ignorasse
3649 5501 3776 5580 quod
