3950 6330
130 340 262 407 381
1437 345 1933 409 CHRONICON.
1968 382 2043 392 —
2077 346 2229 407 LIB.
2269 346 2341 407 ll.
3464 345 3579 412 882

136 485 321 543 esset
350 480 407 540 in
440 482 748 556 promisso
771 483 870 541 illo
902 483 1088 557 pestis
1120 483 1415 557 symoniae,
1478 488 1535 542 et
1568 498 1697 541 mox
1760 488 1823 542 ut
1851 482 1907 544 A
1938 481 2036 541 illo
2068 481 2307 541 miserat
2337 481 2584 541 domnus
2620 479 3032 555 Lugdunensis,
3050 484 3115 539 ut
3152 484 3352 555 partes
3382 481 3577 553 Augu-

139 573 558 643 resciverunt,
580 573 937 646 prodidisse,
967 575 1167 645 sicque
1194 589 1223 630 a
1249 573 1578 643 sejaculum
1595 590 1824 631 excom-
1936 574 2315 631 studunensis
2339 588 2439 631 sua
2468 574 2590 631 vice
2614 578 2901 630 tueretur.
2935 573 3392 629 Adveneruntet
3409 585 3578 627 eano-

143 659 589 717 municationis
660 659 1102 731 repellentibus,
1180 659 1594 731 adjicientibus
1649 660 1822 716 etiam
1934 663 2046 719 mei
2072 663 2352 719 adversus
2381 678 2508 719 eum
2532 678 2771 719 numero
2793 667 2878 717 35.
2912 663 3275 731 Repetentur
3319 658 3572 729 quaajam

149 747 331 818 quod
347 746 563 805 electio
578 749 781 819 ejusin
800 750 926 821 ipso
940 750 1178 807 exordio
1199 751 1484 806 inﬁrmata
1511 755 1566 806 et
1592 751 1823 809 omnino

152 838 492 909 reprobata
511 837 736 894 fuerita
759 839 1232 911 metropolitano,
1268 854 1455 911 proco
1482 840 1632 910 quod
1676 854 1824 895 anno

152 930 225 981 et
260 926 364 982 die
384 925 440 981 in
460 927 1069 984 exeommunicatione
1090 928 1387 997 manserit,
1410 926 1824 984 archidiaconii

164 1015 432 1072 ofﬁcium
450 1016 504 1071 in
521 1014 796 1072 azcclesia
815 1018 1198 1087 Linguouensi
1214 1018 1550 1089 optinendo,
1570 1018 1824 1087 itemque

167 1103 579 1159 archidiaconi
601 1108 663 1160 et
677 1106 937 1161 cantoris
960 1120 1156 1162 -—eum
1173 1122 1281 1161 non
1298 1111 1452 1161 esset
1467 1105 1746 1162 diaconus
1773 1136 1827 1146 -

166 1191 223 1246 in
262 1191 537 1249 :eeelesia
554 1193 633 1249 Ed
647 1194 829 1263 uensi,
848 1198 1049 1250 contra
1066 1196 1310 1251 vetitum
1326 1195 1582 1263 ejusdem
1617 1197 1827 1249 metro-

164 1280 447 1351 politani,
474 1286 534 1337 et
557 1282 756 1352 legati,
782 1287 839 1339 et
877 1283 929 1338 in
967 1284 1109 1355 ipsis
1134 1283 1467 1355 przelaturis
1498 1284 1826 1353 symionace

163 1370 741 1442 vivendo;‘quodque
757 1376 955 1443 postea
973 1388 1140 1443 quam
1166 1372 1449 1428 infirmata
1468 1377 1578 1440 est,
1604 1373 1826 1441 absque

161 1459 540 1515 conscientia
560 1460 804 1531 capituli
822 1461 1079 1530 Lugduni
1097 1461 1378 1516 diaconus
1395 1461 1703 1517 ordinatus
1725 1460 1822 1515 sit.

163 1545 533 1601 Referebant
566 1548 742 1603 etiam
778 1548 927 1602 idem
952 1548 1151 1618 legati,
1190 1549 1283 1603 ubi
1310 1548 1829 1617 adjmlieiumven-

164 1637 297 1685 tum
335 1638 450 1700 est,
485 1633 907 1690 dissensionem
944 1635 1286 1704 accrevisse,
1323 1634 1655 1690 dicentibus
1710 1633 1829 1704 epi-

161 1720 399 1791 scopis,
440 1737 545 1792 pro
579 1737 689 1778 usu
719 1722 1028 1779 Gallicanae
1058 1723 1357 1789 aacclesim,
1378 1723 1471 1792 qui
1509 1722 1671 1793 quasi
1695 1737 1829 1777 con-

161 1806 450 1863 firmatus
480 1814 609 1865 erat
644 1810 697 1865 in
722 1810 970 1867 concilio
992 1811 1433 1867 Clarimontensi
1459 1826 1562 1882 pro
1578 1825 1829 1883 prtesen-

160 1899 253 1955 tia
270 1899 495 1955 Urbani
520 1913 705 1970 papae,
724 1899 1556 1970 itemqueinconciliishabitis
1591 1913 1621 1954 a
1672 1898 1829 1953 dom-

165 2004 247 2043 no
285 1988 669 2057 Lugdunensi
703 1989 1102 2059 purgationem
1129 1989 1530 2059 imponendam
1574 1986 1681 2057 ipsi
1733 1984 1826 2055 qui

166 2076 605 2146 impetebatur,
642 2076 901 2147 quamvis
932 2077 1036 2133 hoc
1061 2092 1341 2132 canonum
1380 2074 1833 2132 auctoritatibus

168 2166 419 2221 ﬁrmare
439 2179 553 2221 non
592 2166 945 2221 sufficerent.
996 2166 1275 2235 Legatise
1316 2166 1548 2220 diverso
1596 2178 1834 2233 respon-

170 2254 485 2323 dentibus,
504 2257 561 2308 et
578 2254 855 2309 canonica
871 2255 1193 2311 assertione
1213 2255 1835 2323 ﬁrmantibus,aeeusa-

170 2346 378 2398 torum
394 2356 527 2398 esse
543 2343 790 2413 probare
807 2344 957 2413 quod
981 2342 1322 2413 objecerint,
1343 2343 1389 2397 si
1408 2341 1652 2412 legitimi
1674 2345 1830 2409 sunt,

169 2430 269 2485 vel
308 2430 365 2484 in
406 2445 583 2485 causa
617 2432 891 2501 symonize
912 2432 1010 2496 ubi
1034 2431 1189 2487 nulla
1207 2429 1828 2501 requiriturtegalitas,

171 2532 246 2574 eo
266 2533 505 2589 quoque
530 2519 1355 2588 quiaccusabaturRomanam
1396 2520 1594 2575 sedem
1640 2515 1835 2589 appel-

172 2604 1005 2677 lante,euiappcllatieninon
1048 2622 1344 2663 assensum
1385 2608 1457 2663 sit
1516 2608 1587 2661 ab
1614 2606 1732 2661 eis:
1764 2620 1832 2659 eo

174 2693 342 2764 quod
372 2708 598 2763 curam,
624 2709 793 2764 quam
827 2695 923 2750 alii
949 2696 1004 2750 in
1039 2700 1204 2766 parte
1265 2695 1680 2751 sollicitudinis
1724 2692 1831 2762 ipsi

171 2781 471 2837 haberent
492 2781 545 2836 in
582 2781 945 2852 plenitudine
966 2784 1296 2855 potestatis,
1320 2784 1415 2853 qui
1462 2784 1709 2837 Romana
1729 2796 1836 2836 tec-

173 2869 362 2925 clesia
395 2872 452 2925 et
472 2869 706 2940 judices
734 2870 787 2925 in
812 2871 1012 2926 eadem
1032 2877 1226 2927 essent
1253 2872 1541 2928 (ecclesia.
1579 2874 1833 2941 Cumque

178 2957 566 3013 tardantibus
598 2958 1197 3030 epiSCOpisjudicium
1223 2961 1381 3029 dare,
1404 2975 1508 3015 nos
1530 2959 1833 3015 imminens

174 3050 235 3101 et
274 3045 609 3117 eXpectatio
640 3047 1050 3118 episcoporum
1065 3052 1409 3104 conventum
1432 3048 1725 3117 solvisset,
1753 3048 1837 3102 di-

180 3134 409 3190 latione
424 3134 579 3203 data,
600 3135 891 3191 sententia
907 3151 1208 3207 suspensa,
1228 3136 1280 3190 in
1296 3138 1616 3192 crastinum
1632 3136 1833 3191 eadem

180 3222 484 3279 rediutius
505 3223 807 3293 ventilata,
835 3225 1073 3293 agitata,
1094 3240 1197 3280 nec
1214 3226 1517 3282 terminata
1556 3257 1609 3264 κ-
1635 3230 1835 3295 peten-

181 3311 354 3367 tibus
379 3312 650 3366 omnibus
665 3312 1282 3383 cpiscopisdejudicio
1311 3313 1736 3369 dissidentibus
1766 3344 1831 3353 —

182 3398 441 3455 induciae
473 3399 624 3455 datae
658 3404 791 3455 sunt
818 3416 999 3471 usque
1032 3402 1100 3456 ad
1128 3401 1468 3457 Pietavense
1502 3402 1831 3471 concilium,

182 3503 305 3559 quo
334 3502 472 3559 pars
498 3492 743 3559 utraque
774 3493 981 3545 vocata
1013 3493 1102 3545 est
1128 3505 1230 3556 ;eo
1254 3495 1443 3545 tamen
1470 3490 1833 3560 apontiticali

182 3580 243 3631 et
279 3575 633 3632 sacerdotali
669 3591 956 3647 suspenso
995 3579 1206 3650 officio,
1233 3594 1359 3634 cum
1413 3579 1560 3633 idem
1584 3593 1758 3651 perse
1777 3583 1836 3634 et

184 3679 332 3721 suos
356 3678 593 3720 munera
630 3665 890 3735 quaedam
914 3666 1386 3738 episcopisnocte
1433 3667 1633 3721 eadem
1652 3666 1837 3721 misis-

185 3758 305 3820 set,
338 3768 515 3823 quzea
548 3753 892 3824 quibusdam
927 3760 1221 3827 suscepta,
1256 3770 1284 3810 a
1320 3754 1668 3824 quibusdam
1698 3758 1833 3810 sunt

187 3842 505 3913 reprobata
541 3862 552 3896 :
574 3842 729 3912 quod
751 3842 1269 3898 etiamcardinales
1288 3858 1397 3898 non
1414 3843 1675 3911 latuerit,
1694 3843 1837 3898 adeo

187 3934 256 3985 ut
286 3929 339 3984 in
375 3929 643 4000 plenario
676 3935 969 3986 conventu
1029 3931 1233 4001 gratia:
1269 3931 1838 3987 circumsedentibus

189 4017 438 4074 redditae
473 4019 542 4073 ab
567 4018 802 4087 eissint,
840 4018 992 4088 quod
1026 4018 1417 4074 sacerdotalia
1458 4024 1693 4090 pectora
1711 4018 1836 4074 auri

190 4120 355 4162 sacra
391 4107 573 4161 fames
602 4105 713 4161 etsi
742 4109 1112 4177 temptasset,
1146 4122 1256 4162 non
1294 4107 1631 4179 irrupisset.

264 4195 377 4250 Hoc
411 4193 813 4264 quidem,cum
830 4209 1088 4266 praesens
1116 4194 1752 4265 cssetMasticoncnsis,
1782 4196 1835 4250 in

193 4282 488 4338 audientia
522 4281 716 4338 domni
752 4296 913 4353 papze
938 4283 1364 4338 referebantur.
1409 4283 1840 4339 Aderantetlit-

192 4369 733 4426 terecardinalium
751 4369 874 4426 sedi
891 4370 1234 4441 apostolica:
1257 4371 1498 4427 directae
1515 4387 1619 4443 pro
1635 4370 1836 4427 eadem

192 4473 362 4527 causa
399 4472 508 4524 ;ne
533 4458 688 4529 quod
721 4459 933 4514 factum
966 4463 1090 4513 erat
1125 4459 1195 4513 ad
1245 4459 1522 4515 honorem
1566 4461 1836 4516 Romame

1857 1842 1910 1902 B

1934 751 1989 807 in
2023 752 2199 824 priori
2225 752 2473 808 concilio
2521 767 2699 823 super
2748 751 3119 807 accusatione
3151 749 3278 823 ejus
3338 748 3569 818 objecta

1936 840 2163 897 fuerant
2196 858 2211 908 ;
2244 841 2455 911 quibus
2479 841 2623 897 miro
2644 840 2832 907 modo,
2860 839 3040 895 multo
3085 837 3454 903 documento,
3478 837 3571 890 set

1934 944 2045 985 non
2068 929 2379 1000 probabili,
2394 931 2465 987 ab
2480 929 2589 985 alia
2617 934 2779 1000 parte
2794 928 3115 983 resistitur.
3135 928 3318 981 Manet
3336 927 3577 979 contro-

1938 1019 2125 1074 versia
2148 1019 2407 1089 praefata,
2434 1023 2491 1073 et
2520 1019 2817 1074 fereatoto
2838 1015 3088 1072 concilio
3102 1016 3576 1085 repugnatursu-

1940 1108 2134 1177 perius
2164 1107 2338 1163 dictis
2371 1106 2751 1163 cardinalium
2774 1105 3261 1177 rcsponsionibus
3311 1118 3415 1173 pro
3461 1116 3569 1157 usu

1938 1194 2243 1253 Gallicanae
2272 1196 2570 1263 zecclesiae,
2598 1195 2713 1250 illis
2729 1209 2890 1250 suam
2915 1193 3322 1249 auctoritatem
3338 1191 3391 1245 in
3410 1188 3569 1245 nullo

1938 1283 2253 1352 infringere
2282 1284 2630 1345 volentibus.
2658 1298 2762 1339 nec
2785 1281 3159 1354 appellationi
3200 1276 3574 1337 assentienti-

1940 1372 2064 1426 bus.
2085 1372 2223 1437 (Fol.
2250 1374 2389 1441 144.)
2407 1374 2585 1426 Datur
2600 1378 2790 1426 tamen
2804 1372 2855 1425 ei
2879 1370 3041 1425 locus
3060 1385 3119 1424 se
3138 1366 3417 1439 purgandi
3436 1380 3564 1420 cum

1938 1459 2164 1515 idoneis
2193 1461 2480 1530 personis,
2518 1461 2669 1515 sicut
2694 1459 2957 1515 voluerat
2985 1457 3311 1525 concilium,
3348 1460 3408 1510 et
3460 1455 3569 1509 hoc

1940 1548 2010 1602 im
2023 1549 2601 1618 przesentiarummon
2619 1563 2897 1604 concessa
2913 1547 3191 1603 dilatione
3207 1546 3300 1600 ind
3313 1543 3574 1600 uciarum

1942 1651 2068 1706 qua)
2094 1637 2524 1706 quaerebantur,
2552 1652 2656 1693 nec
2677 1637 2945 1692 admissis
2959 1637 3028 1691 ad
3048 1634 3447 1705 purgationem
3474 1631 3573 1685 Ca-

1944 1723 2250 1795 bilonensi,
2288 1740 2455 1796 quem
2481 1741 2674 1783 secum
2698 1725 3040 1789 adduxerat,
3085 1728 3141 1779 et
3183 1721 3372 1777 Diensi
3403 1732 3571 1802 quem

1941 1814 2419 1884 archiepiSCOpus
2452 1815 2707 1869 miserat.
2727 1813 2887 1878 Quod
2916 1828 3045 1867 cum
3064 1813 3279 1867 factum
3305 1823 3417 1864 non
3434 1806 3573 1863 fuis-

1943 1907 2053 1968 set,
2081 1903 2301 1971 judicio
2327 1902 2481 1971 dato,
2507 1902 2592 1957 eis
2616 1902 2828 1957 frustra
2846 1901 3043 1957 sedem
3067 1897 3450 1969 apostolicam
3475 1910 3574 1966 ap-

1944 1989 2320 2060 pellantibus,
2354 1992 2670 2059 rogabatur
2699 1989 2908 2045 stolam
2943 1987 3186 2043 reddere
3218 1990 3274 2041 et
3315 1983 3570 2040 anulum.

1943 2080 2011 2133 Et
2035 2079 2266 2133 interim
2288 2078 2411 2149 ipse
2446 2084 2603 2133 retro
2637 2078 2819 2132 altare
2844 2076 3125 2132 secedens
3147 2088 3277 2129 eum
3296 2072 3439 2141 suis,
3468 2084 3574 2125 nec

1937 2167 2155 2236 judicio
2192 2182 2393 2238 parcre
2417 2166 2620 2235 voluit,
2657 2182 2761 2221 nec
2786 2166 2854 2221 ad
2904 2176 3243 2220 consessum
3290 2172 3570 2227 remeare,

1945 2260 2008 2311 ut
2034 2255 2789 2327 praecipiebatur,assensit.
2821 2254 3203 2320 Quamobrem
3254 2251 3326 2305 ab
3355 2247 3579 2318 episeo-

1947 2345 2056 2416 pali
2083 2349 2140 2400 et
2158 2345 2504 2400 sacerdotali
2520 2350 2607 2399 cst
2627 2342 3056 2399 ofﬁcioomnino
3075 2338 3398 2410 depositus,
3424 2339 3483 2390 et
3498 2334 3581 2389 ni-

1944 2434 1993 2488 si
2019 2433 2306 2501 obedirct,
2333 2447 2362 2488 a
2388 2432 2567 2488 limini
2580 2434 2686 2487 bus
2702 2436 2918 2487 sanctae
2932 2428 3194 2486 ecclesia;
3209 2428 3575 2495 segregatus;

1944 2535 2261 2590 omnesque
2289 2521 2386 2591 qui
2407 2520 2724 2577 eiulterius
2749 2520 3101 2590 utepiseopo
3131 2515 3433 2572 obedirent
3483 2510 3576 2565 vel

1946 2613 2378 2677 revererentur,
2409 2614 2626 2664 aeterna
2654 2607 3060 2664 maledictione
3111 2605 3451 2670 multantur,
3486 2597 3574 2653 vel

1945 2696 2041 2766 qui
2074 2697 2123 2752 ei
2155 2712 2323 2767 Opem
2358 2698 2575 2751 ferrent
2602 2696 2655 2750 in
2685 2695 3006 2767 pertinacia
3030 2691 3399 2764 persistendi.
3427 2687 3574 2755 Quid

1944 2791 2136 2841 autem
2171 2784 2592 2853 intercesserit,
2629 2784 2781 2853 quod
2807 2798 2936 2838 cum
2959 2781 3306 2839 Turonensis
3361 2776 3581 2835 archie-

1946 2875 2244 2945 piscopus,
2273 2879 2333 2929 et
2387 2872 2765 2940 lledonensis,
2811 2874 2867 2926 et
2926 2870 3022 2926 alii
3074 2869 3447 2940 quamplures
3490 2882 3582 2922 eo-

1944 2968 2285 3034 opcratores
2301 2977 2363 3018 se
2379 2961 2564 3032 primo
2580 2965 2718 3032 optu
2731 2960 2904 3016 lerint
2923 2957 3278 3015 defensionis
3291 2959 3346 3011 et
3364 2955 3586 3025 adjuto-

1947 3067 2040 3107 res
2071 3050 2452 3122 purgationis,
2473 3050 2602 3119 quia
2618 3053 2785 3105 erant
2809 3048 2877 3104 de
2906 3046 3203 3119 provincia
3240 3045 3583 3114 Lugdunen-

1945 3141 2015 3209 si,
2033 3141 2084 3195 in
2102 3145 2362 3210 tempore
2381 3137 2755 3194 necessitatis
2771 3134 3448 3204 subtraxerint,reticere
3464 3146 3575 3188 non

1945 3230 2242 3285 debemus.
2278 3227 2380 3283 Ubi
2405 3222 3222 3292 audieruntcanonicinostri,
3263 3222 3316 3277 id
3359 3222 3430 3276 ab
3487 3220 3574 3276 eis

1946 3315 2290 3387 praesentari
2318 3330 2582 3387 personas
2614 3314 2697 3369 illi
2728 3315 2896 3384 cujus
2940 3310 3282 3382 ignorabant
3308 3309 3481 3364 vitam
3517 3311 3578 3364 et

1945 3420 2152 3474 mores,
2180 3404 2415 3460 solliciti
2441 3404 2511 3459 ad
2531 3419 2632 3459 eos
2657 3403 3028 3470 conveniunt,
3051 3399 3321 3471 privatim
3349 3399 3579 3454 contes-

1945 3497 2139 3550 tantes
2170 3499 2227 3548 et
2252 3492 2505 3564 publice,
2540 3507 2610 3547 ne
2643 3491 3130 3547 attaminarentur
3176 3486 3579 3544 communione

1946 3580 2102 3636 illius
2124 3595 2227 3636 nec
2244 3581 2474 3636 dicendi
2490 3579 2859 3648 sacramenti,
2877 3579 3048 3633 immo
3066 3575 3579 3648 perjurii,quorum

1949 3670 2293 3740 purgatione
2308 3668 2509 3724 eadem
2524 3668 2918 3724 certissimum
2941 3669 3065 3721 erat
3094 3661 3413 3736 perieulum
3435 3661 3483 3716 si
3501 3665 3583 3716 ta-

1946 3771 2074 3813 men
2102 3757 2368 3828 purgatio
2396 3756 2640 3812 dieenda
2661 3759 2824 3812 esset
2845 3753 3107 3810 criminis
3155 3749 3532 3820 exaggeratio
3565 3764 3580 3811 ;

1948 3850 2279 3900 asserentes
2303 3844 2473 3899 sinon
2490 3843 2948 3913 adquievisscnt,
2984 3855 3046 3895 se
3096 3841 3384 3908 quotquot
3416 3840 3585 3891 erant

1948 3932 2235 4002 canonici,
2272 3932 2587 4002 perjurium
2613 3944 2811 3986 eorum
2846 3928 3072 3983 ratione
3114 3930 3174 3981 et
3220 3927 3588 3980 sacramento

1948 4020 2365 4087 deelaraturos,
2399 4023 2453 4073 et
2471 4017 2695 4087 judicio
2714 4017 2864 4085 ignis
2888 4017 3265 4088 probaturos.
3284 4011 3445 4077 Quod
3469 4009 3589 4066 dic-

1951 4110 2157 4165 tumab
2188 4108 2421 4178 incepto
2437 4123 2536 4162 eos
2562 4105 2879 4177 prohibuit,
2899 4103 3137 4160 maxime
3160 4101 3293 4172 quia
3312 4098 3586 4155 videbant

1948 4197 2109 4252 viros
2126 4198 2306 4251 tanta:
2322 4194 2757 4251 auctoritatiset
2775 4192 3104 4249 nobilitatis
3120 4190 3402 4246 rationem
3423 4201 3588 4244 suam

1949 4283 2546 4340 evidentiassertione
2567 4288 2624 4339 et
2673 4277 3325 4351 doeumentoprobabili
3364 4282 3590 4334 astrue-

1952 4388 2033 4428 rc.
2062 4374 2214 4428 Etde
2240 4387 2309 4428 eo
2330 4372 2562 4443 quidem
2586 4372 2659 4427 ita
2682 4386 2742 4428 se
2759 4386 2853 4426 res
2868 4370 3062 4426 habet.
3086 4370 3215 4440 Ipse
3235 4380 3371 4423 vero
3395 4379 3594 4435 quam-

1951 4476 2120 4532 quam
2155 4461 2483 4533 depositus,
2510 4474 2856 4531 quamquam
2886 4474 2915 4515 a
2936 4458 3235 4515 consortio
3255 4459 3311 4512 et
3339 4468 3595 4511 commu-

193 4536 476 4603 aecel’esiae
505 4546 837 4603 cardinales
861 4547 1119 4603 sinerent
1144 4549 1480 4618 infringere.
1508 4550 1575 4604 Et
1601 4564 1730 4604 eum
1748 4564 1838 4603 ro-
1870 4542 1921 4600 D
1951 4551 2121 4605 nionc
2140 4550 2422 4606 :ecclesiae
2437 4564 2537 4618 seq
2550 4552 2865 4618 uestratus,
2888 4547 3093 4603 stolam
3110 4544 3436 4611 retinuit,et
3453 4556 3596 4596 anu-

194 4643 359 4706 garet
392 4652 500 4707 pro
522 4637 821 4692 confratre
852 4636 1519 4708 episeopedimissnscst
1553 4639 1624 4693 ab
1639 4652 1840 4706 eo,ac-

195 4725 380 4796 eeptis
405 4725 696 4781 mandatis
754 4731 813 4782 ut
865 4725 1111 4794 justitia}
1174 4727 1433 4782 faverent
1485 4726 1837 4797 cardinales,

199 4813 345 4884 apud
377 4827 442 4869 se
475 4816 665 4869 ratum
703 4813 826 4868 fore
851 4813 1131 4884 judicium
1152 4814 1414 4884 aequitati
1449 4814 1605 4869 Petri
1652 4813 1840 4885 prola-

203 4908 336 4958 tum.
370 4901 583 4971 Sicque
615 4901 812 4970 rediit,
838 4906 897 4956 et
954 4902 1286 4958 Pictavcnsi
1351 4903 1602 4959 concilio
1662 4903 1841 4957 inter-

202 4988 322 5045 fuit.

268 5078 422 5145 Quod
457 5084 944 5149 aggregatumest
966 5080 1021 5136 in
1044 5080 1511 5138 :ecclcsiasancti
1534 5080 1709 5149 Petri,
1746 5079 1839 5135 die

199 5174 530 5225 oc‘avarum
564 5168 755 5224 sancti
784 5168 1009 5224 Martini
1050 5171 1198 5242 (215)
1243 5171 1405 5241 (Nov.
1442 5173 1549 5241 13),
1613 5170 1838 5239 episco-

206 5269 391 5325 porum
424 5262 484 5311 et
507 5257 787 5312 abbatum
814 5272 1053 5312 numero
1084 5262 1170 5313 80.
1226 5258 1401 5315 Alluit
1437 5261 1493 5313 et
1554 5258 1841 5314 Eduensis

203 5358 317 5399 cum
340 5344 722 5401 Cabilonensi
756 5345 986 5402 Diensis
1017 5362 1247 5417 quoque
1287 5346 1619 5417 episcopus,
1666 5361 1835 5416 quem

1952 4638 2066 4694 lum
2100 4655 2113 4702 ;
2152 4640 2297 4693 bona
2332 4642 2521 4693 tamen
2546 4637 2825 4707 episcopii
2875 4635 3074 4691 clerici
3120 4630 3501 4703 providebant
3531 4633 3591 4682 et

1952 4725 2356 4797 disponebant,
2388 4726 2537 4795 quod
2562 4728 2620 4779 et
2641 4740 2789 4779 nunc
2815 4737 2997 4792 usque
3032 4720 3271 4787 faciunt,
3311 4715 3581 4772 omnimo-

1952 4814 2042 4871 dis
2062 4815 2115 4869 id
2149 4816 2269 4884 igre
2291 4816 2509 4870 ferente
2534 4810 2994 4881 archiepiscOpo,
3018 4808 3173 4878 quod
3195 4810 3361 4860 extra
3381 4802 3587 4860 volun-

1950 4908 2131 4958 tatem
2164 4918 2323 4959 suam
2354 4906 2409 4956 et
2431 4903 2742 4955 accusatus
2773 4903 2831 4952 et
2851 4897 3151 4966 judicatus
3171 4891 3593 4964 depositusque

1952 4978 2147 5047 l'oreta
2171 5006 2232 5046 se
2252 4991 2519 5045 sacratus
2534 4986 2870 5057 episcopus,
2898 4981 3256 5054 querimonia
3277 4985 3443 5035 extra
3462 4994 3594 5050 pro-

1952 5079 2197 5135 vinciam
2228 5076 2507 5133 vcntilata
2542 5090 2641 5145 per
2666 5087 2868 5128 manus
2901 5071 3245 5139 legatorum,
3272 5082 3378 5124 nec
3401 5067 3473 5124 ad
3505 5082 3588 5137 se,

1950 5168 2045 5239 qui
2074 5165 2561 5236 metropolitanus
2593 5168 2651 5218 et
2677 5161 2891 5233 primas
2923 5164 3050 5216 erat
3080 5156 3414 5230 provinciae,
3444 5156 3590 5212 infra

1949 5254 2307 5327 provinciam
2324 5252 2503 5307 relata
2520 5251 2834 5307 secundum
2850 5249 3000 5305 scita
3018 5247 3315 5304 canonica.
3335 5245 3418 5301 Ad
3438 5245 3595 5314 quod

1949 5351 2141 5399 tamen
2176 5341 2603 5411 exequendum,
2628 5346 2687 5394 et
2720 5339 2797 5394 ita
2825 5342 2885 5395 ut
2944 5341 3137 5395 actum
3160 5342 3253 5392 est
3315 5348 3597 5406 peragen-

1789 5457 2010 5514 NOTIE.

270 5539 510 5636 Z215)”,
531 5563 845 5636 epistolam
868 5564 1191 5635 legatorum
1217 5565 1287 5623 ad
1308 5567 1674 5623 Lambertum
1692 5568 1856 5621 Atre-

603 5635 733 5692 ansi
765 5636 877 5693 XX:
911 5641 1063 5694 1125.
1089 5637 1229 5694 Vide
1253 5637 1464 5694 ibidem
1511 5636 1856 5694 Actaeonci-

208 5638 526 5707 batensem,

2783 5561 2798 5571 ο

2811 5601 2822 5614 0

1966 5562 2025 5617 lii
2060 5577 2109 5618 a.
2152 5565 2302 5629 1100,
2338 5574 2449 5615 non
2487 5559 2731 5630 integra.
2760 5561 2800 5615 K
