3950 6340
427 346 546 411 883
645 383 664 398 .

1377 354 1740 417 HUHONIS
1782 355 2132 420 .\BB.\TIS
2175 353 2866 420 FLAVINIAGENSIS

3714 355 3813 417 8i

433 481 590 555 dum,
617 483 794 556 justas
812 499 914 544 eos
936 481 1182 544 rationis
1203 485 1442 545 evidens
1459 485 1700 544 adduxit
1717 488 2064 548 necessitas.
2096 490 2148 551 A
2182 488 2356 560 regiae
2381 487 2586 562 stirpis
2617 502 2799 547 uxore
2824 485 3148 560 repudiata,
3171 483 3458 545 thuriﬂde
3486 485 3722 559 violata,
3743 506 3814 550 re

437 571 662 628 Etenim
692 589 822 631 cum
856 575 910 631 in
935 575 1062 647 ipso
1097 575 1414 647 primordio
1439 576 1694 633 scandali
1743 578 2069 634 cardinales

437 659 832 734 advenissent,
852 663 1089 720 hortatu
1111 668 1166 721 et
1209 666 1480 736 precibus
1505 667 1761 736 ejusdem
1789 667 2071 738 pseudoe-

437 747 660 821 piscopi
684 751 753 806 ad
767 754 1221 824 componendam
1239 768 1436 824 pacem
1453 754 1759 823 :ecclesize,
1779 770 1906 824 quze
1923 755 2070 810 fmda

437 833 856 894 dilaceratione
879 840 979 896 sed
1005 841 1328 898 necessaria
1345 841 1746 910 scindebatur,
1765 841 1997 896 .Eduam
2016 841 2070 894 in

439 921 586 979 festo
601 927 786 982 sancti
804 927 1028 982 Nazarii
1047 934 1352 996 venerunt,
1367 933 1425 985 et
1448 929 1643 984 audita
1663 928 1844 1000 partis
1860 929 2072 984 utrius-

437 1025 550 1080 que
582 1014 866 1070 senlentia
889 1019 1056 1072 tanto
1089 1017 1285 1073 favore
1310 1017 1651 1088 prosequuti
1683 1022 1814 1073 sunt
1839 1021 1898 1072 et
1948 1020 2072 1071 tue-

438 1098 1014 1175 banturvicesillius,
1042 1106 1633 1176 quamquamjustitia
1662 1105 2070 1161 canonicorum

439 1189 586 1258 parti
621 1190 863 1263 faveret,
888 1197 948 1249 ut
984 1193 1055 1249 de
1106 1194 1347 1250 maxima
1413 1193 1771 1250 dissensione
1810 1193 1878 1248 ad
1919 1193 2075 1262 pacis

437 1275 708 1332 unionem
743 1279 1054 1349 rediretur,
1087 1287 1148 1337 et
1169 1281 1302 1338 talis
1323 1297 1424 1337 eos
1455 1281 1765 1338 concordia
1797 1281 2068 1348 sociaret,

435 1362 530 1419 cui
565 1367 830 1435 quamvis
858 1383 994 1438 egre
1016 1385 1045 1424 a
1069 1370 1364 1427 canonicis
1395 1385 1697 1426 assensum
1723 1373 1898 1424 esset.
1935 1369 2072 1434 Quae.

437 1465 564 1508 cum
601 1456 830 1512 tandem
856 1459 1248 1514 obstinatione
1270 1459 1396 1528 ejus
1439 1460 1493 1514 in
1534 1459 1761 1515 irritum
1813 1457 2064 1513 deducta

440 1540 666 1613 fuisset,
691 1545 762 1600 ab
785 1546 1002 1602 eisdem
1047 1551 1176 1618 post
1225 1547 1483 1619 capitulo
1527 1549 1868 1616 abnegatam
1904 1547 2074 1616 justi-

441 1627 600 1698 tiam,
626 1631 694 1686 ad
719 1634 1070 1691 audientiam
1095 1639 1299 1706 metroy
1325 1635 1527 1691 olitani
1549 1641 1609 1691 et
1627 1635 1904 1706 judicium
1926 1635 2068 1704 ejus,

440 1715 513 1771 de
535 1722 967 1778 communitatis
991 1723 1410 1795 dilapidatione
1431 1725 1582 1780 unde
1596 1726 2074 1792 agebatur,voca-

2178 579 2256 648 gii
2286 579 2495 635 cubilis
2527 577 2741 634 decore
2773 576 3140 647 obnubilato,
3165 575 3307 646 regii
3329 575 3620 647 germinis
3645 579 3809 650 splen-

2179 666 2320 722 dore
2333 667 2656 734 obfuscato,
2673 665 2872 721 comiti
2893 680 2996 721 suo
3014 663 3420 734 Audegavensi
3439 681 3684 721 uxorem
3699 671 3810 724 sub-

2180 754 2379 824 ripuit,
2401 753 2569 810 militi
2586 753 2787 824 utique
2800 768 2906 810 suo
2926 752 3017 808 cui
3035 752 3200 808 fidem
3220 753 3603 824 promiserat,
3629 759 3808 812 etcar-

2181 843 2269 898 nis
2291 842 2799 911 consanguinitate
2817 841 3140 913 prepinquo
3159 861 3171 895 :
3192 841 3337 896 adeo
3355 847 3424 896 ut
3443 857 3522 896 ex
3539 857 3646 897 una
3666 852 3806 914 parte

2182 928 2238 982 in
2272 928 2469 996 tertio,
2494 927 2685 984 exalia
2714 927 2769 982 in
2801 931 3006 997 quarta
3029 926 3500 998 propinquitatis
3550 941 3804 999 sanguine

2182 1019 2580 1087 necterentur,
2601 1020 2657 1072 et
2685 1015 2878 1072 federa
2893 1015 3146 1086 conjugii
3169 1030 3296 1086 quae
3311 1030 3382 1072 ne
3409 1016 3806 1076 dirimerentur

2183 1103 2398 1174 regalis
2429 1103 2656 1174 gladi-is
2672 1103 2828 1160 ulter
2850 1105 3134 1158 hactenus
3159 1103 3437 1174 inhibuit,
3466 1103 3743 1177 impudica
3757 1113 3807 1164 et

2184 1192 2552 1248 incontinens
2578 1192 2734 1260 regis
2758 1191 3278 1249 dissolvitlascivia
3329 1192 3628 1263 impudica
3657 1200 3712 1250 et
3740 1196 3806 1251 in-

2185 1295 2480 1350 reverens,
2516 1280 2830 1336 scindenda
2863 1285 2924 1335 et
2953 1279 3274 1336 dirimenda
3315 1284 3404 1336 tot
3440 1281 3610 1337 annis
3648 1282 3804 1338 violat

2182 1369 2764 1438 obstinatia.Verum,
2791 1368 2928 1440 quid
2965 1368 3193 1437 mirum,
3225 1369 3272 1425 si
3305 1367 3360 1423 in
3399 1369 3578 1426 ﬂuvio
3623 1371 3803 1442 seculi,

2185 1457 2239 1512 in
2273 1462 2538 1514 torrente
2569 1458 2770 1514 lluoris
2795 1457 2961 1527 regii,
2995 1457 3305 1512 Leviathan
3337 1458 3620 1528 antiquus
3659 1473 3805 1530 quem

2185 1547 2494 1602 absorbeat
2511 1546 2728 1602 invenit
2747 1563 2760 1612 ;
2777 1546 2874 1616 qui
2891 1545 2945 1600 in
2966 1546 3247 1602 descensu
3261 1546 3541 1602 Iordanis
3568 1548 3805 1618 prcciosa

2183 1639 2243 1690 et
2264 1635 2450 1691 electa
2484 1635 2656 1706 rapit,
2685 1635 2740 1690 in
2762 1634 2965 1690 ordine
2987 1635 3393 1705 episcoporum
3429 1635 3530 1704 qui
3575 1649 3804 1706 praesse

2185 1723 2399 1779 debent
2423 1723 2579 1795 ipsos
2605 1722 2990 1793 przesidentes
3005 1721 3048 1779 si
3059 1722 3110 1776 bi
3125 1722 3454 1778 substernit
3481 1726 3505 1778 ’ἒ
3519 1723 3638 1778 Rex
3653 1724 3802 1794 regia}

443 1808 664 1906 tusest.
685 1809 843 1874 Quod
867 1813 1112 1882 respuit,
1138 1819 1194 1870 et
1212 1814 1282 1868 de
1321 1812 1500 1884 priori
1516 1813 1874 1882 benignitate
1888 1809 2074 1866 cardi-
2101 1846 2154 1906 Β
2185 1811 2476 1868 castitatis
2489 1826 2644 1879 osor,
2664 1810 2805 1880 regii
2823 1811 2976 1866 thori
2996 1809 3288 1866 violentus
3311 1810 3802 1882 eﬂ‘ractor,diade-

441 1892 652 1951 nalium
669 1899 1066 1968 confidens,ad
1085 1901 1448 1969 designatum
1465 1899 2074 1956 Valentinenseconci-

437 1978 574 2038 lium
599 1999 700 2040 eos
715 1985 926 2043 ibidem
947 2003 1338 2060 responsurus
1355 1995 1412 2044 et
1426 1989 1840 2046 satisfacturus
1868 1988 2073 2044 invita-

440 2068 544 2140 vit,
575 2077 635 2126 et
665 2073 932 2131 nolentes
963 2075 1046 2132 ire
1065 2077 1254 2145 coegit
1279 2077 1624 2132 invitatione
1669 2092 1790 2145 sua,
1848 2075 1964 2131 illis
2011 2080 2068 2130 et

443 2173 546 2228 pro
566 2160 1476 2234 publicodampnocommunitati
1494 2164 1943 2220 eorumillatoet
1971 2180 2071 2232 pro

441 2247 687 2316 privatis
703 2249 932 2321 injuriis
947 2253 1236 2310 hominum
1253 2255 1380 2324 ejus
1399 2253 1817 2322 rejicientibus,
1836 2257 1894 2308 et
1909 2268 2072 2324 aper-

435 2337 908 2410 tosscinimicos,
943 2341 1135 2396 exhoc
1161 2342 1402 2398 maxime
1426 2332 1555 2412 quia
1581 2341 1651 2396 de
1676 2343 1850 2397 rebus
1880 2342 2072 2397 dome-

439 2423 606 2488 sticis
631 2427 700 2480 ad
720 2429 1030 2485 concilium
1050 2435 1286 2486 etcxtra
1313 2431 1667 2501 provinciam
1692 2431 2068 2499 vocabantur,

447 2515 933 2575 protestantibus.
955 2517 1203 2573 Dolenda
1225 2518 1713 2574 hominismiscria
1731 2519 1825 2588 qui
1851 2517 2069 2574 nullum

447 2614 714 2669 umquam
750 2603 975 2675 dilexit,
1001 2620 1029 2660 a
1061 2606 1284 2662 nemine
1307 2606 1560 2662 dilectus
1591 2613 1702 2676 est,
1750 2605 1890 2662 nulli
1934 2607 1986 2661 in
2010 2621 2071 2662 se

445 2691 709 2758 peccanti
729 2691 980 2763 ignovit,
999 2693 1140 2750 nulli
1176 2697 1308 2765 post
1331 2695 1471 2750 iram
1495 2694 2074 2750 benedictionemtri-

443 2776 590 2848 buit,
626 2777 680 2834 in
713 2779 834 2836 sola
869 2783 1128 2852 pecuniae
1150 2783 1562 2853 aggregatione
1595 2798 1755 2854 spem
1781 2799 2073 2840 suamom-

448 2879 575 2920 nem
599 2869 1005 2926 constituens!
1037 2871 1650 2941 Noncredaturnobis,
1678 2871 1726 2927 si
1748 2886 1858 2926 non
1883 2872 1938 2926 in
1962 2872 2069 2946 hoc

439 2969 550 3008 vox
574 2969 684 3011 una
709 2964 992 3014 consonat
1015 2960 1290 3015 omnium.
1343 2961 1458 3015 Nec
1496 2964 1759 3016 nostrum
1793 2965 1906 3029 est,
1957 2959 2068 3014 etsi

439 3039 546 3098 lesi
577 3059 797 3115 sumus,
817 3045 958 3103 lesio
976 3048 1287 3103 maledicto
1313 3047 1586 3102 talionem
1613 3046 1954 3117 rependere,
1973 3047 2068 3117 qui

436 3129 654 3188 scimus
690 3133 743 3188 in
778 3149 884 3190 nos
917 3135 1300 3206 peccantibus
1322 3149 1426 3191 nos
1467 3135 1680 3189 debere
1725 3134 2068 3204 ignoscere;

2186 1915 2270 1954 ma
2283 1899 2358 1955 tis
2373 1899 2515 1968 regii
2534 1913 2748 1971 procax
2763 1897 3162 1967 conculcator,
3178 1898 3288 1954 etsi
3305 1898 3502 1969 potuit
3528 1900 3798 1968 reginama

2185 1986 2356 2042 thoro
2380 1991 2437 2042 et
2471 2001 2686 2042 corona
2705 1985 2965 2041 indebite
2983 1984 3258 2054 dejicere,
3277 2000 3392 2041 non
3410 1989 3643 2057 poterat
3667 1985 3800 2042 adul-

2181 2080 2364 2130 teram
2399 2075 2451 2129 in
2476 2073 2621 2130 solio
2644 2073 2807 2142 regni
2824 2072 3233 2128 benedictione
3249 2071 3509 2143 firmare,
3535 2073 3640 2130 nisi
3663 2073 3797 2129 inor-

2181 2162 2314 2218 dine
2343 2162 2750 2233 episcoporum
2781 2159 3220 2232 complicessibi
3243 2161 3588 2231 invenisset,
3606 2160 3798 2217 velsibi
3889 2195 3891 2198 -

2184 2249 2306 2321 ipse
2323 2251 2637 2306 miserabili
2653 2250 3064 2322 desperatione
3082 2263 3429 2320 promovere
3449 2249 3696 2319 iecisset,
3718 2251 3795 2320 qui

2184 2338 2501 2394 voluntatis
2523 2339 2648 2408 ejus
2662 2343 3076 2408 exequutores,
3092 2342 3150 2392 et
3172 2337 3392 2406 regina:
3420 2351 3580 2394 novae
3598 2338 3718 2392 novi
3733 2339 3796 2393 fo-

2184 2431 2308 2481 rent
2337 2430 2686 2484 saeratores.
2715 2424 3795 2497 Oimpudentia!omiserabilisdisper—

2183 2515 2268 2571 sio
2300 2514 2555 2586 lapidum
2589 2513 2907 2572 sanctuarii
2940 2513 2997 2569 in
3027 2515 3220 2586 capite
3245 2513 3602 2586 platearum!
3635 2515 3774 2582 (1099

2182 2603 2227 2659 si
2263 2604 2461 2674 regina
2485 2603 2772 2658 immerito
2785 2603 3081 2673 abjicitur,
3107 2601 3244 2672 quid
3266 2609 3364 2658 est
3387 2603 3544 2673 quod
3559 2602 3765 2659 adulter

2183 2693 2336 2762 quod
2368 2691 2865 2762 cognatojuncta,
2919 2691 3128 2746 marito
3186 2688 3545 2748 reclamante
3589 2691 3808 2759 vimque

2182 2795 2376 2852 passo.
2412 2779 2902 2838 subintrodicitur
2929 2777 3302 2850 ?(Fol.144’).
3337 2779 3396 2834 Si
3425 2780 3514 2835 vis
3536 2793 3682 2849 regia
3712 2778 3789 2848 jus

2181 2869 2452 2939 abnegat,
2490 2869 2575 2925 fas
2607 2869 2858 2938 subruit,
2905 2868 3066 2924 nefas
3094 2865 3336 2938 attollit,
3365 2867 3505 2938 quid
3522 2881 3652 2937 rogo
3692 2870 3782 2934 est,

2183 2957 2336 3029 quod
2371 2959 2534 3014 nefas
2558 2957 2926 3014 benedicitur
2958 2975 2974 3024 ;
3002 2962 3062 3012 et
3093 2957 3151 3012 in
3179 2957 3405 3028 templo
3452 2955 3788 3025 sacrilegium

2183 3046 2496 3115 attollitur,
2519 3045 2872 3102 adulterium
2889 3049 3175 3112 sacratur,
3203 3045 3576 3116 impudicicia
3597 3057 3789 3114 promo-

2180 3139 2370 3202 vetur,
2406 3134 2586 3190 ethoc
2619 3149 2722 3204 per
2754 3147 2958 3189 manus
2977 3133 3430 3205 episcoporum?
3458 3132 3697 3202 Nequius
3713 3131 3788 3186 hic

432 3219 531 3274 sed
567 3235 672 3276 nec
703 3195 973 3290 congruit
995 3222 1232 3278 veritati
1254 3226 1311 3278 et
1359 3222 1561 3294 pietati
1606 3195 2066 3294 aacclesiasticte,
2101 3195 2150 3258 δ’
2181 3195 2398 3292 aliquid
2424 3195 2811 3293 video,-quam
2844 3221 2898 3277 in
2925 3195 3786 3293 temporc-beatipapasNicbolai

433 3307 504 3362 de
535 3308 628 3364 his
661 3309 872 3378 quibus
895 3310 948 3365 in
973 3325 1036 3367 se
1062 3310 1440 3381 peccantibus
1465 3310 1772 3379 ignoverit,
1803 3310 1940 3367 falsa
1969 3326 2069 3382 pro

431 3395 588 3450 veris
601 3396 972 3468 concinnare,
997 3399 1130 3468 quia
1155 3413 1288 3453 vera
1309 3397 1547 3454 dilectio
1597 3412 1627 3452 a
1662 3398 1772 3454 ﬁde
1796 3399 1917 3455 veri
1943 3413 2069 3456 nes-

428 3481 512 3538 cit
543 3481 794 3540 deviare.
821 3485 1056 3542 Tribuat
1101 3486 1184 3542 illi
1225 3486 1502 3543 Dominus
1548 3491 1632 3556 ut,
1689 3486 1821 3556 quia
1875 3488 2066 3559 ceptis

428 3569 550 3626 suis
569 3571 754 3628 omnia
782 3572 1022 3630 adversa
1048 3575 1391 3646 responderi
1419 3574 1600 3642 videt,
1629 3589 1738 3630 non
1764 3575 1978 3631 adiciat
2005 3580 2067 3632 ut

425 3656 672 3714 similem
697 3660 980 3732 principio
1005 3662 1172 3718 ﬁnem
1219 3663 1724 3734 faciat,setsperet
1753 3663 1807 3718 in
1834 3663 2066 3719 nomine

426 3745 672 3816 Domini,
701 3763 811 3804 non
845 3749 898 3804 in
934 3749 1158 3808 incerto
1180 3751 1534 3821 divitiarum,
1562 3755 1618 3806 et
1671 3751 1956 3808 innitatur
1973 3766 2066 3807 su-

427 3849 529 3906 per
561 3835 789 3894 domino
813 3839 926 3894 Deo
959 3854 1084 3896 suo.
1113 3841 1309 3896 Amen.

495 3925 562 3980 Et
585 3925 853 3996 quoniam
887 3927 1046 3984 viros
1077 3927 1316 3985 virtutis
1336 3927 1628 3985 memoria;
1651 3927 2063 3986 commendare

421 4013 814 4082 gratissimum
833 4015 1173 4072 omnibuset
1199 4015 1341 4073 utile
1365 4016 1742 4078 arbitramur.
1771 4031 1883 4074 non
1903 4017 1975 4072 ab
2000 4030 2063 4072 re

419 4101 654 4158 videtur
672 4103 860 4172 nobis,
878 4103 924 4159 si
949 4104 1135 4160 zelum
1161 4104 1364 4159 horum
1382 4104 1709 4173 legatorum
1733 4111 1940 4160 contra
1963 4105 2063 4160 im-

422 4189 861 4260 pudicissimum
878 4190 1127 4262 Philippi
1141 4191 1298 4261 regis
1319 4193 1670 4248 Francorum
1687 4191 2059 4262 adulterium,

423 4277 697 4333 secunda
725 4277 1056 4334 Jhezabelis
1074 4279 1372 4335 veneﬁciis
1395 4293 1424 4334 a
1459 4295 1598 4336 vero
1621 4285 1681 4336 et
1703 4280 1889 4351 justo,
1933 4280 2060 4336 utili

423 4366 480 4418 et
507 4363 750 4420 honesto
782 4363 1106 4435 depravati,
1129 4365 1330 4435 paucis
1361 4365 1744 4436 explicemus.
1774 4367 1886 4423 Nec
1920 4366 2062 4422 indi-

419 4454 639 4520 gnetur
659 4466 796 4522 erga
827 4467 934 4508 nos
959 4452 1262 4524 quispiam,
1290 4453 1442 4524 quod
1467 4455 1630 4525 quasi
1665 4455 1823 4524 regia
1843 4469 1872 4509 a
1895 4455 2063 4512 nobis

2178 3311 2237 3366 in
2266 3311 2570 3379 Tietberga
2600 3309 2797 3378 regina
2827 3308 3131 3380 repudiata
3155 3315 3210 3364 et
3232 3309 3538 3365 Waldrada
3553 3306 3782 3364 adultera

2179 3398 2628 3454 subintroducta
2661 3411 2692 3453 a
2719 3397 3011 3466 Lothario,
3041 3397 3296 3453 Lotharii
3325 3391 3786 3468 imperatorisqui

2178 3487 2494 3543 monachus
2517 3485 2704 3542 factus
2717 3491 2805 3542 est
2822 3484 2956 3554 filio,
2976 3485 3130 3556 quia,
3163 3484 3274 3542 etsi
3291 3484 3370 3540 ibi
3407 3483 3579 3540 fallax
3595 3481 3785 3553 episco-

2179 3590 2385 3646 porum
2395 3575 2703 3646 judicium,
2727 3573 2774 3630 si
2801 3573 3014 3642 reginae
3039 3573 3368 3630 innocentis
3383 3571 3644 3643 dejectio,
3661 3568 3704 3625 si
3721 3567 3782 3622 le-

2175 3661 2948 3732 gitimithoridivortium,si
2976 3657 3776 3732 pelicisexaltatmmintrare-

2173 3749 2338 3822 gales
2369 3749 2534 3807 aulas
2569 3749 2983 3822 prostibulum,
3002 3764 3114 3807 non
3129 3748 3226 3805 illa
3252 3755 3449 3805 tamen
3464 3746 3778 3816 virojuncta,

2175 3853 2286 3894 non
2311 3852 2340 3894 a
2373 3837 2558 3894 latere
2586 3837 2720 3909 viri,
2751 3837 3164 3906 consanguinei
3197 3841 3252 3892 et
3271 3836 3479 3892 militis
3497 3837 3670 3906 rapta,
3687 3842 3778 3886 non

2172 3925 2230 3983 in
2262 3941 2327 3982 ea
2365 3925 2696 3996 nuptiarum
2717 3925 3012 3995 utrimque
3035 3928 3172 3980 sunt
3207 3925 3406 3980 federa
3439 3921 3660 3988 violata,
3697 3915 3779 3974 sed

2173 4014 2606 4073 concubinariaa
2620 4013 3040 4069 oblectationis
3058 4027 3126 4070 an
3141 4013 3312 4083 tiquaa
3330 4025 3544 4082 gurges
3557 4004 3780 4076 inexple-

2174 4104 2310 4161 bilis
2342 4094 3110 4174 intemperantermemoriae
3135 4101 3438 4171 reductus,
3463 4101 3589 4156 dum
3603 4105 3778 4153 concu-

2176 4191 2476 4264 piseentiae
2495 4204 2756 4246 aenerves
2797 4190 2956 4245 laxat
2979 4189 3258 4258 habenas,
3292 4203 3398 4246 nec
3412 4187 3517 4244 scit
3540 4191 3776 4241 revocare

2173 4279 2420 4348 solutas,
2439 4279 2549 4336 sibi
2569 4283 2834 4346 mortem,
2851 4291 3031 4346 regno
3064 4277 3391 4348 horrorem,
3423 4269 3778 4348 episcopisca-

2174 4365 2516 4436 lamitatem,
2533 4365 2916 4437 optimatibus
2943 4364 3338 4422 miserabilem
3359 4361 3582 4421 induxit
3602 4367 3768 4414 necem

2172 4460 2230 4512 et
2253 4452 3262 4524 confusionem.Hicomniaconfusa,
3287 4451 3476 4509 omnia
3489 4441 3770 4508 horrentia,

421 4543 701 4610 carpatur
721 4541 860 4610 vita,
883 4545 985 4598 aut
1007 4541 1300 4598 laceretur
1321 4546 1499 4598 tantae
1517 4541 1842 4611 majestatis
1855 4543 1947 4598 vel
1971 4557 2062 4598 no-
2089 4543 2143 4606 D
2173 4543 2362 4600 omnia
2395 4541 2684 4598 diabolico
2715 4547 2848 4597 astu
2872 4540 3310 4611 etmalignitate
3331 4541 3619 4609 corrupta.
3637 4533 3775 4587 Inve-

421 4625 594 4682 minis
617 4627 914 4685 excellens
937 4629 1280 4686 auctoritas.
1307 4631 1429 4684 Non
1453 4635 1540 4685 est
1561 4633 1777 4687 nostra:
1799 4629 2062 4686 volunta-

421 4715 500 4772 tis
539 4720 634 4772 aut
659 4716 864 4786 studii,
896 4717 951 4772 in
976 4717 1066 4774 his
1091 4716 1185 4774 vel
1212 4721 1446 4788 tempus
1467 4716 1798 4787 expendere
1827 4717 1917 4772 vel
1939 4722 2062 4774 stu-

419 4803 574 4860 dium
607 4807 866 4862 atterere
901 4822 914 4872 ;
950 4807 1055 4862 sed
1085 4805 1339 4861 virorum
1374 4805 1524 4860 facta
1569 4803 1762 4874 fortia,
1790 4819 1918 4875 quae
1935 4805 2058 4863 sine

369 4943 374 4948 .
414 4891 552 4964 illis,
588 4908 831 4964 quorum
847 4889 1282 4964 comparatione
1307 4893 1477 4948 fortia
1510 4896 1666 4962 sunt,
1693 4897 1752 4948 et
1784 4908 1914 4950 cum
1933 4895 2058 4965 qui-

416 4981 526 5038 bus
540 4981 902 5039 decertatum
917 4986 1028 5052 est,
1045 4981 1354 5038 memorari
1369 4984 1468 5036 aut
1483 4981 1578 5036 vix
1597 4985 1698 5036 aut
1719 4981 2055 5040 nullatenus

417 5074 680 5138 possunt,
713 5083 744 5124 a
769 5074 975 5126 nostro
998 5083 1110 5124 non
1131 5067 1386 5140 patimur
1408 5067 1649 5124 alienari
1672 5068 1892 5139 labore,
1926 5073 1988 5126 ut
2007 5071 2054 5126 si

417 5154 586 5210 fortia
613 5155 826 5210 audere
846 5156 1172 5227 nequimus,
1193 5155 1385 5212 saltim
1409 5155 1646 5212 fortium
1669 5157 1812 5212 bene
1831 5162 1957 5213 acta
1983 5159 2058 5213 ri-

418 5256 660 5299 memur.
691 5242 796 5312 (Cf.
820 5247 934 5316 ιαμ
959 5261 995 5315 ι,
1036 5249 1180 5317 196).
1208 5245 1264 5300 Si
1289 5245 1460 5303 sileat
1486 5246 1750 5316 scedula,
1776 5251 1898 5304 tota
1923 5264 2056 5305 eon-

415 5329 688 5385 clamabit
723 5331 984 5400 Francia,
1012 5332 1185 5388 immo
1220 5333 1676 5391 totusOccidens
1700 5350 1808 5391 una
1835 5335 2056 5393 intona-

419 5415 504 5470 bit
536 5417 683 5473 fama
717 5413 868 5488 quod
891 5433 1017 5488 rex,
1049 5417 1308 5488 legitimo
1337 5421 1609 5478 abdicato
1664 5422 2050 5494 matrimonio,

2173 4631 2280 4702 nit,
2313 4632 2568 4702 inquam,
2595 4645 2696 4685 rex
2729 4629 2842 4685 iste
2875 4629 2931 4684 in
2953 4629 3267 4700 episcopis,
3304 4643 3448 4700 quos
3473 4623 3578 4682 sibi
3617 4615 3770 4676 socia-

2173 4724 2283 4790 ret,
2311 4734 2454 4790 quos
2467 4718 2611 4774 tanti
2641 4709 2931 4786 sacrilegii
2955 4717 3260 4774 ministros
3284 4717 3554 4782 efficeret,
3589 4704 3771 4774 Philip.

2173 4823 2306 4880 pum
2339 4809 2681 4863 Trecensem
2712 4805 3074 4876 episcopum,
3104 4811 3161 4862 et
3195 4803 3528 4862 Walterium
3563 4792 3770 4886 Melden-

2173 4910 2295 4952 sem
2322 4913 2336 4961 ;
2369 4895 2463 4952 cui
2497 4896 2574 4951 ob
2601 4895 2710 4950 hoc
2739 4893 3144 4964 episcopatum
3169 4893 3352 4964 dedit,
3380 4896 3440 4949 ut
3471 4881 3766 4946 sacrationi,

2169 4983 2337 5053 cujus
2365 4982 2670 5039 Trecensis
2699 4983 2856 5037 esset
2881 4983 3180 5051 operator,
3215 4980 3308 5036 hic
3341 4981 3486 5036 foret
3505 4969 3768 5031 consenta-

2173 5086 2316 5127 neus
2345 5075 2403 5127 et
2437 5070 2724 5126 minister.
2748 5069 2856 5125 Sed
2883 5067 3020 5139 quid
3051 5061 3764 5139 succensemusepiscopos!

2172 5159 2386 5228 quibus
2401 5159 2592 5229 pietas
2607 5137 2934 5230 apostolica
2958 5156 3139 5213 errati
3153 5155 3364 5214 tribuit
3379 5137 3768 5212 remissionem?

2169 5247 2344 5304 Multa
2378 5247 2456 5303 hii
2485 5261 2515 5303 a
2549 5247 2758 5304 domno
2773 5245 3049 5318 episcopo
3064 5245 3425 5316 Lugdunensi
3443 5246 3567 5297 tunc
3582 5239 3765 5299 tempo-

2168 5335 2252 5392 ris
2285 5335 2478 5406 legato
2519 5336 2792 5391 Romana
2851 5332 3133 5390 {ecclesiae
3173 5333 3410 5390 coerciti
3460 5319 3758 5406 invectione,

2166 5401 2370 5492 multa,
2402 5423 2510 5480 nisi
2543 5422 2654 5494 ipsi
2677 5422 2784 5480 sibi
2811 5421 3253 5494 przecavissent,
3281 5415 3501 5477 multati
3550 5401 3758 5467 fuissent

1789 5519 2026 5574 VAIUE
2068 5520 2468 5576 LECTIONES.

485 5579 554 5614 ⁸³³
575 5580 890 5638 exaltatam
913 5581 1112 5658 primo
1140 5585 1636 5660 scriptum/uisse
1661 5587 1916 5647 videtur.
1970 5627 1973 5630 .
