3950 6322
94 304 212 384 38's

1361 308 1860 392 CHRONICON.
1895 360 1974 376 -
2001 325 2155 394 LIB.
2203 330 2276 393 II.

3401 338 3521 401 386

99 458 447 516 severitate.
469 458 606 529 Sed,
635 461 696 516 ut
724 456 948 531 praifati
973 474 1192 530 sumus,
1218 461 1472 519 Romana
1496 461 1685 533 pietas
1707 466 1763 517 et
1799 477 1847 538 Α
1883 464 2103 527 tes.nec
2136 463 2449 535 aliquando
2481 480 2509 522 a
2533 465 2704 523 laude
2729 468 2896 523 Deiet
2923 471 3337 540 pradicatione
3366 475 3519 530 veri-

99 549 570 604 erratadonavit
597 554 657 604 et
692 549 1035 604 remissione
1069 564 1172 606 sua
1217 552 1508 607 infamiam
1532 566 1767 622 supera-

104 637 211 691 vit.
240 637 401 693 Adeo
448 642 516 691 ut
559 637 1020 709 compelleretur
1052 639 1531 711 archiepiscopus
1550 639 1704 694 datis
1735 653 1763 693 a

104 728 289 780 Roma
318 726 426 782 sibi
454 725 695 792 litteris,
717 733 1029 797 utrumque
1044 728 1444 784 communione
1465 728 1765 798 suscipere

104 820 164 868 et
218 812 449 870 osculo.
505 814 668 880 Quod
702 829 772 869 ex
823 830 936 885 quo
967 815 1202 886 pietatis
1236 816 1391 871 fonte
1423 815 1762 883 manaverit,

105 909 325 973 qucrat
343 902 441 972 qui
467 901 721 971 volet,et
745 902 792 957 si
817 906 1016 972 potest
1047 902 1355 972 intelligat.
1384 904 1595 971 Regem
1628 918 1765 972 quo-

106 992 443 1062 queipsum
489 989 695 1060 pelicis
737 1006 857 1046 sum
902 991 1316 1061 prostitutione
1359 992 1697 1063 superbum,
1732 1007 1761 1046 a

107 1079 370 1150 rcproba
402 1078 664 1148 ejusdem
692 1080 1102 1148 conjunctione
1123 1086 1495 1150 scquestrare
1516 1085 1763 1149 tempta-

108 1168 213 1238 vit,
258 1165 579 1222 interdicta
627 1166 710 1221 illi
732 1181 947 1223 corona
970 1167 1078 1222 nisi
1121 1167 1409 1223 obedirct.
1436 1167 1620 1237 (1094)
1649 1167 1756 1223 Sed

120 1256 310 1311 nescit
335 1255 607 1326 impietas
623 1254 769 1309 mala
795 1268 921 1325 qua
948 1255 1105 1323 fecit,
1133 1255 1242 1311 nisi
1266 1271 1395 1312 cum
1420 1271 1524 1327 pro
1542 1256 1758 1312 eisdem

118 1344 383 1415 peccatis
410 1344 653 1414 caeperit
687 1343 804 1412 jam
844 1344 1056 1414 puniri.
1087 1348 1275 1415 (1095)
1308 1345 1411 1401 Diu
1432 1345 1502 1400 de
1526 1345 1616 1401 his
1646 1350 1759 1401 tra-

112 1438 340 1489 ctatum
364 1438 478 1501 est,
500 1432 609 1487 Sed
632 1432 824 1488 renuit
854 1432 1185 1503 apostolico
1216 1434 1434 1489 mederi
1468 1434 1756 1503 antidoto,

111 1522 198 1577 cui
247 1521 478 1577 veritas
517 1520 872 1589 etjudicium
896 1520 964 1575 ad
1009 1521 1315 1577 arbitrium
1350 1522 1566 1593 pendet
1629 1521 1758 1577 femi

111 1624 321 1677 neum;
346 1623 651 1679 usquequo
673 1610 905 1665 Urbano
935 1624 1083 1680 papa
1108 1610 1430 1665 decedente
1460 1609 1762 1666 Paschalis

107 1696 488 1766 succederet,
523 1701 580 1753 et
615 1699 719 1753 has
748 1697 1034 1754 aecclesiaa
1086 1698 1388 1754 columnas
1419 1699 1490 1755 de
1550 1699 1764 1768 quibus

1880 552 2020 606 tatis
2057 553 2392 623 reticentes,
2439 557 2591 625 quod
2628 571 2767 611 voce
2800 559 3138 628 prosequuti
3168 567 3356 632 erant,
3390 578 3517 620 san-

1878 640 2051 707 guine
2075 641 2440 712 confirmare,
2460 644 2507 697 si
2528 644 3237 714 sitneccsse,gesticntes.
3260 648 3516 715 Quorum

1876 729 2208 785 constantia
2238 730 2445 787 devota
2471 736 2528 786 et
2561 732 2793 788 devotio
2828 735 3301 791 constantissima
3335 738 3524 794 furen-

1878 814 2021 870 tium
2047 817 2197 872 facta
2222 823 2315 872 est
2350 820 2641 889 rcpressio
2678 824 2734 875 et
2759 820 2829 876 ad
2853 822 3233 891 penitentiam
3255 826 3519 883 cordium

1877 902 2197 962 inclinatio.
2219 907 2375 962 Adeo
2404 912 2462 963 ut
2497 909 2742 964 comites
2764 914 2824 964 et
2854 915 3139 981 quotquot
3165 919 3331 970 antea
3362 929 3525 983 gras-

1874 992 2243 1048 sabanturin
2296 995 2636 1051 confusione
2697 1011 2897 1052 eorum
2956 998 3242 1055 humiliati
3292 1002 3407 1057 sint
3466 1004 3522 1058 in

1875 1087 2193 1150 conspectu
2226 1082 2456 1139 illorum
2502 1085 2903 1141 satisfactione
2965 1088 3265 1157 praemissa
3290 1095 3346 1146 et
3380 1107 3525 1163 pra:-

1874 1169 2035 1222 tenta
2069 1170 2425 1227 obedientia.

1942 1256 2271 1314 Tractatum
2295 1265 2388 1315 est
2416 1262 2470 1315 in
2496 1262 2744 1317 concilio
2765 1262 2966 1319 eodem
2982 1263 3052 1319 de
3066 1264 3412 1335 expulsione
3427 1268 3529 1323 ab-

1875 1344 2029 1399 batis
2063 1349 2250 1403 sancti
2280 1349 2524 1417 Remigii
2552 1350 2765 1419 injusta
2801 1356 2856 1405 et
2902 1353 3219 1409 Burchardi
3242 1356 3526 1413 substitu-

1874 1432 2031 1488 tione
2062 1434 2294 1506 illicita,
2326 1442 2385 1491 et
2436 1453 2566 1493 cum
2600 1438 2696 1494 diu
2730 1452 2789 1492 re
2824 1440 3104 1496 ventilata
3150 1446 3523 1501 conversatio

1876 1520 2003 1589 ejus
2026 1529 2248 1593 sancta,
2283 1526 2560 1581 introitus
2585 1526 2897 1597 legitimus,
2924 1531 3212 1598 promotio
3235 1536 3411 1601 atque
3436 1548 3525 1590 sa-

1876 1611 2064 1666 cratio
2096 1611 2330 1667 inventa
2383 1613 2582 1669 fuisset
2633 1616 2926 1671 autentica
2957 1624 3011 1671 et
3062 1620 3360 1690 canonica,
3394 1636 3523 1691 quae

1879 1698 2053 1754 etiam
2079 1699 2299 1756 litteris
2324 1700 2514 1756 domui
2540 1717 2701 1773 papa:
2728 1704 2941 1759 Urbani
2967 1706 3375 1777 roborabatur,
3402 1710 3526 1779 qui-

107 1788 347 1885 agitur,
389 1786 491 1885 ad“
512 1785 725 1843 Callias
756 1787 1099 1885 destinaret,
1135 1787 1436 1885 quosjure
1466 1787 1766 1884 columnas
1796 1825 1850 1885 Β
1884 1786 1991 1843 bus
2023 1789 2230 1885 metito
2255 1788 2398 1844 fides
2445 1790 2843 1885 adhiberetur,
2891 1808 3021 1848 cum
3041 1794 3157 1863 jam
3190 1796 3314 1865 ipsa
3347 1798 3523 1853 etiam

105 1874 405 1931 ecclesia)
436 1874 628 1930 dictos
655 1889 728 1930 ex
780 1875 900 1946 ipsa
934 1875 1023 1931 sui
1077 1874 1419 1930 infirmitate
1460 1880 1517 1931 et
1572 1875 1767 1932 incon-

105 1978 289 2020 cussa
319 1963 493 2018 animi
519 1963 759 2033 virtute,
777 1963 1284 2034 quioperaeorum
1306 1964 1558 2020 solerter
1583 1964 1768 2020 intue-

105 2059 223 2121 tur,
251 2050 540 2120 colligere
566 2056 778 2123 potest.
807 2052 894 2107 llii
920 2057 1049 2123 post
1066 2052 1375 2109 consilium
1395 2053 1766 2109 Valentinum

106 2156 211 2212 per
246 2154 317 2196 se
350 2141 514 2211 ipsos
543 2156 679 2211 rege
707 2147 1023 2211 convento,
1060 2156 1191 2198 cum
1240 2142 1456 2198 nullam
1482 2143 1534 2198 in
1570 2144 1765 2200 verbis

104 2227 196 2284 vel
222 2228 466 2284 actibus
502 2227 629 2297 ejus
659 2230 1090 2300 correptionem
1125 2229 1210 2285 vel
1250 2230 1650 2302 penitentiam,
1688 2232 1767 2288 fo-

106 2315 330 2372 diendo
380 2317 537 2372 circa
570 2318 840 2373 arborem
892 2317 1309 2375 infructuosam
1342 2324 1400 2372 et
1452 2319 1764 2390 cophinum

100 2404 405 2461 stercoris
418 2405 807 2475 aggregando,
825 2407 1216 2477 reperissent:
1237 2422 1345 2462 non
1370 2409 1525 2478 passi
1545 2413 1763 2463 tantam

104 2493 319 2549 videre
351 2494 408 2548 in
427 2493 695 2549 aecclesia
736 2494 1023 2550 catholica
1058 2496 1425 2565 ignominiam
1449 2501 1507 2551 et
1530 2497 1767 2552 concul-

103 2582 430 2652 cationeni,
492 2582 791 2637 menbrum
835 2582 1130 2653 putridum
1167 2584 1221 2639 in
1276 2584 1526 2640 concilio
1580 2585 1766 2640 Picta-

104 2670 277 2725 vensi
298 2684 329 2723 a
362 2684 644 2740 compage
676 2671 941 2741 corporis
963 2671 1174 2727 Christi
1208 2672 1403 2741 gladio
1436 2672 1765 2729 anathema-

106 2758 182 2813 tis
204 2757 539 2828 praecidere
568 2774 682 2814 non
718 2762 1070 2815 metuerunt.
1101 2762 1281 2831 (1100,
1309 2760 1435 2815 Oct.
1471 2763 1586 2833 20.)
1620 2761 1765 2817 Ade-

105 2854 197 2901 rat
226 2846 314 2901 ibi
360 2861 558 2902 comcs
596 2847 977 2914 Pictavensis,
1002 2863 1220 2904 summa
1254 2864 1425 2920 prece
1458 2864 1561 2905 eos
1591 2850 1765 2919 depo-

104 2948 287 2990 scens
318 2949 389 2989 ne
418 2935 713 2992 dominum
758 2950 922 2992 suum
973 2938 1567 2993 excommunicarent.
1621 2938 1764 2993 Adc-

105 3027 243 3079 rant
273 3026 335 3077 et
367 3024 632 3095 episcopi
694 3022 1008 3080 identidem
1063 3026 1364 3091 facientes,
1401 3029 1456 3079 (-t
1488 3042 1617 3083 cum
1652 3042 1760 3081 non

104 3112 504 3183 impetrarent
534 3112 691 3182 quod
709 3112 1001 3183 volebant,
1026 3129 1054 3169 a
1079 3129 1355 3171 consessu
1391 3121 1450 3170 et
1470 3115 1600 3171 loco
1628 3131 1764 3171 con-

1881 1890 2016 1946 pars
2048 1876 2278 1932 inimica
2311 1879 2798 1935 restaurationem
2831 1881 2957 1950 ejus
2989 1896 3100 1936 non
3144 1885 3520 1952 reprobaret:

1882 1979 1988 2034 pro
2013 1966 2358 2035 quibusdam
2390 1966 2606 2022 litteris
2639 1968 2927 2037 confictis,
2966 1970 3127 2038 quasi
3161 1985 3190 2025 a
3223 1970 3361 2026 sede
3392 1986 3526 2043 apo-

1882 2052 2087 2108 stolica
2116 2053 2378 2121 directis,
2406 2054 2459 2110 in
2480 2055 2695 2125 quibus
2714 2055 3043 2111 cardinales
3066 2071 3171 2112 nec
3195 2057 3395 2114 stilum
3418 2061 3528 2115 Ro-

1880 2152 2107 2197 manum
2142 2156 2248 2197 nec
2309 2157 2719 2212 pergamenum
2756 2145 3071 2200 Romanum
3107 2147 3522 2217 agnoscebant,

1879 2230 2125 2285 maxime
2156 2244 2286 2285 cum
2321 2230 2377 2284 in
2408 2229 2745 2287 fineearum
2772 2232 3169 2302 subscriptum
3195 2234 3374 2289 foret:
3420 2236 3527 2292 Va-

1881 2318 2023 2387 lete,
2046 2318 2199 2389 quod
2238 2319 2491 2373 Romana
2517 2334 2627 2374 non
2680 2319 2851 2374 habet
2881 2321 3225 2389 auctoritas,
3252 2337 3356 2392 pro
3406 2322 3524 2378 illis

1879 2405 2111 2476 inquam
2126 2406 2494 2462 confutandis
2511 2408 2835 2477 judicatum
2855 2408 3031 2464 estad
3047 2409 3244 2465 sedem
3268 2410 3522 2466 eundum

1879 2494 2279 2564 apostolicam,
2329 2494 2673 2565 quibusdam
2707 2496 2803 2567 qui
2841 2497 3026 2567 primo
3057 2496 3521 2569 appellaverant,

1879 2582 1984 2637 nec
2012 2596 2351 2638 concessum
2383 2589 2514 2638 erat
2544 2584 2652 2653 eis,
2679 2584 2734 2639 id
2758 2599 2894 2653 egre
2921 2586 3272 2651 ferentibus;
3299 2586 3514 2656 quibus

1878 2674 2071 2725 tamen
2104 2670 2359 2726 evidenti
2395 2671 2622 2727 ratione
2674 2687 3015 2742 responsum
3047 2679 3157 2742 est,
3190 2674 3298 2730 etsi
3348 2675 3521 2731 satis-

1880 2760 2094 2815 factum
2136 2774 2247 2814 non
2271 2764 2382 2813 est.

1949 2847 2232 2913 Quantam
2265 2852 2457 2903 autem
2502 2847 2631 2902 fidei
2687 2848 2908 2917 frugem
2939 2847 3127 2904 virilis
3173 2848 3269 2904 illa
3306 2865 3521 2921 prepu-

1876 2935 2167 3004 gnationis
2197 2934 2457 2991 caelestis
2499 2950 2665 3004 seges
2691 2934 2977 3001 attulerit,
3030 2936 3159 2992 hinc
3190 2936 3386 3007 colligi
3419 2954 3519 3010 po-

1877 3027 1989 3079 test
2025 3023 2178 3094 quod
2231 3029 2454 3095 postea,
2490 3040 2619 3079 cum
2682 3023 2830 3094 apud
2868 3024 3065 3080 urbem
3098 3026 3385 3081 Senonum
3419 3042 3522 3082 rex

1876 3126 2007 3168 cum
2032 3113 2229 3181 regina
2261 3127 2362 3167 sua
2397 3127 2499 3184 per
2532 3116 2596 3167 1:5
2622 3112 2739 3167 fere
2767 3112 2894 3167 dies
2929 3118 3257 3169 remoratus
3290 3114 3516 3183 fuisset,

100 3200 253 3269 cilii,
298 3199 449 3255 idem
480 3215 679 3256 comes
709 3204 767 3256 et
800 3202 890 3256 sui
941 3202 1123 3257 minas
1170 3203 1548 3274 intendeudo,
1584 3203 1763 3273 aliqui
1798 3176 1845 3236 Ο
1875 3200 2097 3256 clausis
2131 3205 2252 3255 tota
2288 3201 2430 3256 urbe
2461 3201 2764 3269 aecclesiis,
2798 3200 2953 3256 nulla
2980 3202 3134 3256 facta
3163 3206 3256 3256 est
3285 3202 3334 3257 ei
3370 3202 3522 3257 chri-

107 3301 354 3358 quoque
387 3301 459 3342 ex
489 3286 803 3359 episcopis,
840 3288 1004 3344 multi
1034 3304 1106 3344 ex
1134 3289 1388 3356 clericis,
1439 3290 1765 3346 innumera-

108 3375 264 3432 biles
306 3390 380 3430 ex
427 3375 609 3446 laycis
656 3376 945 3432 exierunt.
981 3377 1073 3433 Sic
1102 3378 1305 3434 ordine
1335 3379 1590 3449 turbato,
1627 3393 1766 3449 pace

108 3464 161 3519 in
198 3463 467 3520 tumultu
502 3479 689 3534 versa,
740 3464 824 3519 illi
872 3471 1279 3522 remanserunt
1310 3466 1406 3536 qui
1440 3467 1643 3522 Finees
1678 3482 1767 3521 ze-

108 3552 230 3608 lum
269 3552 491 3608 imitari
522 3553 886 3622 gestiebant;
911 3558 967 3608 et
993 3554 1143 3609 sicut
1168 3553 1265 3611 ille
1294 3559 1553 3610 scortum
1577 3556 1768 3611 Zama-

108 3641 213 3698 riae
268 3656 402 3696 cum
456 3641 723 3697 Chorami
761 3642 1066 3697 Madianita
1097 3643 1292 3712 gladio
1318 3643 1581 3714 pupugit,
1616 3645 1769 3699 furo-

111 3743 358 3799 remque
389 3730 610 3785 Domini
645 3729 920 3801 placavit,
955 3731 1041 3787 sic
1064 3736 1125 3786 et
1156 3732 1274 3802 isti,
1307 3746 1419 3788 non
1452 3732 1622 3788 veriti
1660 3733 1769 3787 fre-

111 3818 322 3873 mitum
358 3819 878 3889 perstrepentium,
932 3818 1361 3875 adulterantem
1411 3835 1607 3890 regem
1639 3836 1769 3876 cum

109 3906 389 3962 adultera
406 3922 574 3977 quem
603 3908 903 3977 corrigere
935 3908 1344 3979 nequiverunt,
1379 3909 1771 3965 excommuni-

108 3996 371 4051 cationis
395 3995 648 4066 pugione
664 3996 1012 4067 perfossum,
1032 3998 1321 4068 vitae-,qutc
1342 3998 1394 4053 in
1411 3998 1639 4055 Christo
1653 4002 1768 4069 est,

110 4088 419 4140 extorrem
438 4084 842 4140 reddiderunt.
866 4086 983 4140 Hoc
997 4088 1188 4141 autem
1206 4090 1397 4142 actum
1412 4090 1519 4157 est,
1540 4086 1770 4157 quando

107 4172 225 4241 jam
247 4179 380 4227 erat
409 4172 755 4229 solvendum
786 4173 1116 4230 concilium.
1142 4176 1381 4245 Jamque
1402 4175 1530 4231 laus
1552 4174 1769 4231 Christi

122 4260 178 4315 in
202 4275 306 4317 ore
326 4275 529 4317 eorum
545 4261 644 4331 qui
660 4261 931 4316 astabant
944 4277 1050 4332 pro
1068 4262 1420 4319 demissione
1434 4262 1683 4333 concilii,
1708 4265 1767 4319 ut

117 4350 426 4419 morisest,
442 4349 781 4419 resonabat,
798 4355 1055 4406 etzestus
1079 4351 1693 4408 turbeetumultuantis
1709 4355 1771 4407 ut

117 4439 313 4494 fervor
336 4439 515 4494 maris
547 4438 998 4494 incandescebat
1020 4455 1127 4510 pro
1150 4439 1365 4495 domini
1389 4455 1478 4496 ειη
1503 4440 1660 4509 regis
1674 4454 1772 4495 ex-

1876 3289 2145 3345 stianitas
2176 3288 2347 3359 (216),
2395 3289 2450 3343 in
2485 3293 2706 3345 tantum
2738 3292 2798 3344 ut
2830 3288 3159 3345 Jhezabelis
3194 3290 3355 3346 furor
3384 3306 3524 3347 usus

1878 3379 2137 3433 novitate
2170 3378 2406 3449 profana
2436 3393 2638 3433 manus
2663 3378 2868 3448 impias
2893 3378 2947 3432 in
2978 3380 3152 3433 Deum
3174 3379 3517 3449 extendens,

1880 3466 2071 3522 missis
2105 3466 2542 3537 apparitoribus
2572 3466 2892 3522 aacclesiam
2942 3468 3255 3537 frangeret,
3290 3472 3348 3522 et
3370 3467 3425 3521 in
3456 3482 3521 3523 ea

1880 3554 1991 3609 sibi
2023 3555 2257 3609 missam
2289 3568 2317 3609 a
2352 3554 2439 3609 sui
2472 3555 2762 3609 similibus
2793 3554 2906 3609 dici
2939 3561 3195 3623 cogeret.
3224 3557 3301 3610 Ve
3326 3555 3510 3611 huma-

1879 3657 1966 3697 nae
2026 3641 2427 3713 impudentiae!
2471 3642 2800 3711 lnerubida,
2860 3642 3093 3698 servilis
3123 3647 3183 3699 et
3232 3658 3346 3698 non
3378 3644 3526 3713 regii

1881 3730 2055 3786 animi
2088 3729 2406 3798 cavillatio,
2442 3731 2695 3785 Romana
2729 3744 2831 3785 usa
2863 3729 3123 3801 levitate,
3158 3745 3308 3786 nunc
3339 3745 3535 3801 usque,

1882 3818 2141 3887 reginam
2175 3832 2336 3874 suam
2373 3822 2594 3886 tuetur,
2638 3822 2697 3872 et
2729 3816 3107 3873 dedccorosis
3161 3817 3529 3888 amplexibus

1882 3906 2105 3961 erroris
2127 3912 2184 3960 et
2214 3905 2593 3976 impudicitiae
2616 3905 2841 3960 cstibus
2863 3920 3167 3975 succensa,
3191 3920 3421 3961 coronae
3445 3906 3529 3961 di-

1880 3995 2163 4064 gnitatem
2212 3992 2556 4057 dedecorat;
2602 3996 2659 4047 et
2691 4008 2820 4047 cum
2852 3991 2990 4046 olim
3040 3993 3110 4048 ad
3166 3993 3525 4049 exorandum

1881 4086 2059 4139 Deum
2087 4081 2338 4152 gentiles
2363 4095 2550 4151 reges,
2575 4086 2633 4136 et
2657 4080 3029 4151 absquejugo
3052 4081 3212 4151 leges
3231 4080 3524 4154 dederint,

1881 4176 1942 4226 et
1974 4170 2549 4241 blasphematoribus
2575 4184 2678 4225 seu
2701 4170 3205 4240 contemptoribus
3220 4169 3318 4225 Dei
3346 4170 3531 4225 vindi-

1880 4264 2032 4315 ctam
2069 4258 2510 4328 intentaverint,
2547 4258 2638 4313 hic
2679 4258 3203 4328 regniFrancorum
3246 4273 3531 4331 propaga-

1883 4348 2352 4418 tor,christian33
2388 4346 2534 4416 legis
2549 4352 2971 4419 propugnator,
2988 4347 3285 4404 contraria
3312 4362 3530 4419 praece-

1883 4437 2000 4509 ptis
2016 4436 2519 4509 praedecessorum
2546 4436 2795 4507 peragit,
2830 4435 2977 4506 legis
3006 4442 3224 4493 sanctas
3253 4440 3311 4492 et
3325 4437 3532 4494 Roma-

117 4526 1026 4597 communicationeinsanientis,
1044 4543 1175 4584 cum
1190 4528 1697 4599 quidamepopulo
1712 4528 1767 4583 in
1799 4534 1853 4595 D
1883 4541 2087 4583 norum
2103 4524 2439 4596 pontificum
2469 4529 2693 4581 statuta
2721 4524 3026 4581 convellit:
3053 4518 3131 4595 et,
3168 4524 3320 4595 quod
3358 4524 3528 4594 pejus

120 4615 529 4685 superioribus
548 4615 885 4672 consistens
899 4615 1182 4673 aecclesiaa
1196 4616 1447 4688 lapidem
1465 4617 1629 4687 jecit,
1647 4632 1769 4673 car-

122 4703 346 4760 dinales
369 4704 544 4760 ferire
560 4703 788 4775 volens,
812 4706 981 4776 cujus
1005 4706 1121 4761 ictu
1146 4704 1397 4761 clericus
1417 4704 1650 4775 quidam
1670 4706 1768 4775 qui

123 4794 349 4848 astabat
396 4794 591 4864 capite
646 4792 798 4849 illiso
857 4794 1272 4865 prosternitur.
1336 4794 1624 4863 Sanguine
1658 4810 1770 4849 ma-

126 4880 347 4937 nent‘“
370 4882 732 4953 pavimenta,
766 4880 1017 4939 clamore
1049 4884 1290 4939 confuso
1336 4883 1540 4938 domus
1572 4882 1771 4953 imple-

126 4974 238 5040 tur,
264 4969 459 5026 furore
482 4976 541 5025 et
571 4970 799 5025 insania
824 4971 980 5028 intus
1004 4976 1061 5027 et
1084 4976 1251 5027 extra
1277 4972 1525 5028 ministri
1553 4976 1770 5028 satana:

127 5057 546 5127 debachantur:
583 5060 814 5114 Manent
862 5059 1125 5118 colunnze
1174 5060 1390 5116 Christi
1424 5060 1771 5131 immobiles,

128 5152 362 5203 mortem
388 5147 437 5203 si
470 5147 975 5217 Dominusjubeat
998 5149 1275 5221 intrepidi
1294 5150 1685 5221 opperientes,
1712 5154 1770 5206 et

129 5234 195 5292 ad
218 5251 349 5295 saxa
374 5236 645 5295 volantia
670 5237 865 5294 mitris
887 5237 1099 5295 ablatis
1118 5238 1313 5311 capita
1333 5239 1485 5295 nuJa
1507 5243 1775 5309 retegen-

1881 4620 1992 4685 est,
2024 4615 2240 4671 eisdem
2275 4613 2798 4685 patrocinantibus,
2830 4613 2878 4668 si
2910 4613 3024 4669 dici
3061 4612 3199 4668 licet
3234 4610 3387 4681 quod
3421 4627 3527 4682 pu-

1881 4703 2350 4774 det,ignominize
2391 4717 2513 4758 sua)
2553 4701 2815 4757 defendit
2853 4715 3080 4770 causas,
3113 4699 3529 4758 excusationes

1884 4791 2216 4864 praetendit,
2233 4796 2336 4846 eta
2350 4789 2561 4860 quibus
2576 4788 2704 4858 cogi
2720 4788 2928 4844 debuei
2948 4793 3004 4842 at
3038 4792 3103 4843 ut
3126 4786 3526 4858 resipisceret,

1882 4880 2102 4937 eisdem
2126 4879 2455 4936 faventibus
2495 4877 2837 4947 admonetur
2885 4883 2947 4931 ut
2979 4876 3035 4930 in
3067 4875 3375 4945 iniquitate
3402 4889 3533 4946 per-

1885 4970 2074 5027 duret.
2103 4970 2236 5038 Agit
2261 4968 2371 5023 hoc
2392 4963 3008 5022 Romante‘3‘avariciae
3031 4978 3243 5033 gurges
3274 4962 3534 5035 inexple-

1886 5059 2041 5129 bilis,
2058 5058 2155 5129 qui
2181 5058 2316 5113 dum
2342 5055 2539 5126 nequit
2564 5053 2808 5126 expleri,
2833 5054 2991 5110 novit
3018 5052 3528 5110 resecandatueri.

1885 5149 2096 5205 Verum
2130 5147 2202 5203 de
2230 5146 2319 5203 bis
2349 5146 2458 5202 ista
2483 5143 2790 5202 sufilciant.

1958 5234 2101 5306 (Fol.
2138 5233 2283 5307 145.)
2341 5237 2506 5291 Anno
2562 5233 2673 5291 inc.
2709 5233 2859 5290 dom.
2921 5236 3079 5304 1101,
3108 5231 3399 5291 Iohannes
3427 5232 3538 5291 Tu-

1500 5353 1735 5408 VARUE
1777 5351 2178 5408 LECTIONES.

192 5442 249 5477 ⁸⁸⁸
278 5445 367 5503 ita
396 5458 446 5503 c.
484 5442 615 5501 loco
649 5445 899 5497 manant.
934 5441 1002 5475 ⁸³⁸
1024 5456 1141 5501 eoa:
1168 5455 1209 5499 α
1238 5440 1461 5501 Lahm
1486 5442 1909 5513 pretermma.

1719 5536 1940 5596 ΝΟΤᾸΞ.

188 5616 327 5688 (216)
361 5612 403 5669 Ι.
441 5627 495 5669 e.
534 5609 745 5667 missa.
