3950 6314
388 323 501 388 391

1349 325 1718 388 HUGONIS
1761 325 2115 390 ABBATIS
2160 328 2844 392 FLAVINIACENSIS

3689 331 3789 395 392

391 467 609 534 posset,
645 463 702 516 et
736 457 953 532 aperiri
987 458 1099 515 sibi
1137 465 1364 516 uterum
1397 460 1469 516 ad
1518 461 1941 518 .detrahendam
1982 469 2038 519 et
2072 464 2124 524 A
2155 465 2344 521 omnis
2377 463 2712 536 iniquitatis
2742 469 2802 520 et
2825 461 3310 520 abbominationis
3330 458 3676 520 inundatio?
3692 465 3784 522 Sed

391 550 704 606 eruendam
721 548 988 603 informis
1011 548 1259 618 prodigii
1286 549 1572 604 sarcinam
1597 550 2036 621 deprecaretur,

391 653 497 693 nec
531 638 893 708 impetraret,
929 636 1000 691 ad
1033 637 1142 691 hoc
1176 651 1358 706 usque
1393 637 1832 706 ingravescente
1863 645 1921 694 et
1956 655 2041 694 re-

389 727 775 782 crudescente
803 724 1192 794 insania,cum
1221 725 1460 780 feminea
1486 727 1607 795 pati
1631 732 2039 797 cogeretur,et

397 822 602 871 natura
630 818 1002 885 repugnaret,
1023 814 1342 884 perductus
1361 819 1454 868 est
1477 819 1537 868 ut
1559 816 1699 869 mori
1724 816 1774 870 ci
1802 830 2038 870 necesse

395 907 574 972 esset,
611 902 1050 972 ignominiosam
1085 907 1326 956 mortem
1375 902 1445 956 de
1491 903 1868 969 ignominiosa
1919 905 2036 958 vita

391 993 818 1060 consequutus,
833 997 893 1046 et
906 993 1070 1045 extra
1085 990 1434 1046 cimiterium
1453 991 1673 1059 absque
1689 992 1876 1046 officio
1889 991 2039 1046 ebri-

392 1081 599 1137 stianis
621 1079 843 1148 debito,
862 1093 968 1134 suo
993 1083 1180 1134 tamen
1201 1078 1366 1147 jussu
1382 1085 1439 1133 et
1457 1079 1760 1149 petitione,
1777 1079 2038 1149 sepultu-

392 1185 453 1225 ra
487 1169 631 1225 asini
662 1167 948 1239 sepultus.
978 1167 1154 1236 Cujus
1185 1167 1433 1222 cadaver
1467 1171 1753 1236 apertum,
1781 1168 1854 1221 ita
1889 1168 1942 1222 in
1974 1183 2036 1222 se

393 1260 609 1315 habere
643 1259 941 1314 inventum
973 1262 1086 1327 est,
1113 1257 1266 1312 sicut
1301 1256 1543 1312 relatum
1577 1261 1682 1310 est.
1711 1258 1913 1312 Frater
1943 1257 2035 1312 hic

391 1354 517 1404 erat
544 1346 900 1416 Girardi,eui
919 1350 1046 1416 post
1072 1361 1172 1400 rex
1198 1345 1477 1416 praefatus
1499 1346 1917 1400 Eboracensem
1941 1345 2036 1400 de-

393 1436 478 1491 dit
502 1435 1070 1505 archiepisc0patum
1089 1451 1103 1498 ;
1120 1432 1287 1501 rujus
1301 1433 1416 1487 vita
1431 1448 1558 1488 eum
1579 1433 1722 1488 satis
1739 1448 2035 1503 superque

391 1528 552 1579 esset
569 1522 867 1590 notabilis,
885 1522 1058 1577 etiam
1073 1521 1305 1576 diabolo
1331 1520 1693 1576 sacriﬁcasse
1719 1521 2035 1592 impeteba-

393 1617 506 1668 tur.
537 1612 761 1667 Fuisset
789 1611 959 1665 nimia
985 1609 1038 1664 in
1062 1624 1260 1664 omnes
1296 1613 1595 1677 magn’ates
1635 1609 1762 1677 ejus
1802 1614 1858 1663 et
1898 1610 2034 1664 ami-

389 1715 488 1756 cos
513 1699 1164 1769 demonum—oppressio,
1183 1705 1238 1753 ct
1258 1697 1310 1751 in
1327 1712 1528 1753 omnes
1542 1703 1599 1752 et
1615 1699 2028 1768 obsequentes,

392 1787 502 1843 nisi
537 1787 894 1844 camerarius
943 1786 1088 1855 ejus,
1121 1786 1214 1841 cui
1269 1801 1505 1856 porcum
1560 1801 1762 1856 parare
1812 1789 1867 1840 ct
1921 1785 2030 1841 sibi
2061 1809 2118 1872 Β

388 1875 658 1932 clanculo
681 1875 876 1930 afferri
899 1875 1296 1944 mandaverat,
1325 1874 1668 1929 ammiratus
1695 1873 1833 1944 quid
1857 1873 2029 1928 vellet

390 1966 599 2031 facere,
629 1965 682 2018 in
709 1963 857 2019 locis
884 1963 1277 2018 abditioribus
1302 1977 1360 2017 se
1379 1962 1753 2030 occuluisset,
1780 1979 1909 2018 cum
1944 1977 2034 2018 ro-

383 2057 558 2122 gatus
575 2051 780 2107 fuisset
802 2051 1024 2120 egredi,
1043 2049 1368 2106 illistamen
1391 2050 1536 2106 locis
1561 2051 1630 2105 de
1655 2051 1866 2120 quibus
1887 2050 2034 2106 liber

387 2144 544 2196 esset
577 2139 806 2195 videndi
841 2154 968 2208 quae
1003 2140 1074 2193 ab
1108 2139 1208 2193 illo
1229 2139 1626 2208 operabantnr
1648 2153 1952 2204 accessus;
1975 2143 2032 2194 et

384 2242 514 2285 cum
539 2242 667 2284 eum
687 2242 817 2283 cum
843 2227 1085 2281 demone
1113 2226 1443 2295 loquentem
1470 2226 1932 2294 audisset,cujus
1953 2232 2037 2282 ta—

386 2331 514 2371 men
552 2329 752 2372 vocem
787 2315 1031 2370 audiens
1067 2315 1305 2369 formam
1354 2329 1462 2369 non
1515 2315 1775 2384 vidisset,
1811 2319 1866 2369 et
1901 2321 2034 2386 post

387 2419 519 2460 cum
546 2403 704 2459 illum
731 2417 835 2473 per
849 2403 1212 2458 necessarias
1229 2403 1756 2471 translatumjussu
1773 2403 2036 2460 demonis

391 2492 464 2548 ab
495 2491 596 2546 illo
630 2491 892 2559 vidisset,
925 2497 983 2545 et
1030 2494 1158 2561 post
1208 2491 1279 2545 ab
1323 2505 1391 2546 eo
1442 2489 1766 2560 adoratum,
1804 2491 2033 2548 infanda

389 2581 564 2636 etiam
599 2579 858 2650 quaedam
913 2580 968 2634 in
1009 2579 1400 2634 conciliabulo
1445 2579 1542 2635 illo
1579 2580 1860 2648 audisset,
1902 2596 2033 2637 cum

389 2673 520 2740 post
554 2673 798 2724 evocato
828 2667 882 2722 ei
914 2672 1270 2738 praeceptum
1291 2668 1498 2724 fuisset
1522 2668 1819 2723 instruere
1839 2669 2037 2724 convi-

389 2757 565 2827 vium,
581 2769 906 2812 convocare
925 2770 1125 2810 omnes
1147 2759 1434 2825 quotquot
1459 2762 1660 2826 posset
1680 2755 1750 2812 ad
1773 2757 2030 2827 epulum,

389 2847 449 2900 et
479 2842 550 2898 de
602 2841 700 2897 illo
752 2855 930 2913 porco
976 2842 1244 2897 omnibus
1295 2843 1524 2898 omnino
1572 2843 2033 2912 praelibationem

393 2931 677 3003 quandam
702 2945 931 3002 parare,
960 2934 1020 2987 ut
1055 2930 1251 2987 nullus
1282 2937 1438 2986 esset
1473 2931 1568 3000 qui
1603 2946 1717 2987 non
1743 2937 2032 3002 gustaret,

391 3020 491 3076 ille
517 3034 756 3090 porcum
783 3019 1385 3074 terrminfodissetzet
1409 3020 1479 3074 de
1505 3019 1620 3074 alio
1645 3020 1797 3089 quod
1823 3035 2036 3090 praece-

393 3113 553 3181 ptum
587 3109 780 3164 fuerat
809 3107 1052 3178 implere
1084 3107 1407 3163 stnduisset
1447 3127 1458 3161 :
1495 3107 1592 3163 illo
1632 3108 1709 3161 ita
1747 3117 1807 3162 ut
1837 3123 2036 3178 prece-

390 3204 558 3270 perat
591 3197 805 3252 factum
841 3195 1023 3250 fuisse
1054 3198 1294 3265 putante
1324 3203 1382 3250 et
1413 3196 1712 3265 credente,
1739 3195 1848 3251 nisi
1873 3197 2036 3253 adsa-

389 3299 556 3342 mone
589 3285 916 3340 instructus
950 3282 1172 3351 fuisset,
1210 3297 1239 3337 a
1274 3299 1408 3353 quo,
1443 3283 1724 3354 quidquid
1777 3297 2035 3340 camera-

390 3375 516 3430 rius
545 3373 786 3440 fecerat,
819 3371 1180 3441 publicatum
1208 3372 1262 3426 ei
1293 3376 1400 3428 est.
1438 3372 1557 3437 Qua
1591 3372 1662 3426 de
1697 3386 1757 3427 re
1789 3387 1920 3428 cum
1942 3388 2034 3428 ca-

388 3461 678 3517 merarius
709 3460 1111 3530 impeteretur,
1137 3465 1193 3514 et
1223 3461 1351 3531 capi
1387 3461 1782 3532 mandaretur,
1808 3461 1904 3517 ille
1935 3463 2030 3532 qui

389 3550 498 3605 hoc
533 3549 742 3604 timens
771 3547 881 3604 sibi
913 3554 1293 3618 praecaverat,
1319 3548 1514 3618 gladio
1545 3549 1760 3605 educto
1785 3564 1914 3605 sese
1937 3549 2033 3606 de-

391 3636 678 3693 fendendo
701 3636 929 3692 domum
957 3635 1130 3705 venit,
1149 3641 1205 3690 et
1229 3651 1548 3693 conscenso
1570 3652 1720 3708 equo
1745 3653 1912 3708 quem
1937 3654 2032 3710 pa-

390 3729 640 3795 raverat,
665 3723 738 3780 ad
761 3738 956 3794 regem
980 3724 1310 3781 Heinricum
1335 3725 1606 3782 Willelmi
1631 3738 2028 3782 successorem

386 3811 669 3884 confugit,
699 3811 792 3868 cui
827 3811 1016 3866 omnia
1051 3811 1276 3881 retulit,
1309 3817 1550 3882 paratus
1597 3813 1750 3882 quod
1798 3813 2030 3870 dicebat

389 3901 473 3958 uti
491 3900 818 3970 judicatum
839 3900 1045 3956 fuisset
1068 3901 1414 3971 approbare.
1439 3903 1553 3956 Hec
1566 3906 1623 3956 et
1639 3901 1752 3956 alia
1767 3901 2027 3972 quaedam

388 3991 755 4046 monstruosa
782 3989 1122 4062 ferebantur
1143 3988 1253 4044 hoc
1272 4003 1421 4044 anno
1443 3989 1513 4044 de
1535 4004 1604 4045 eo
1624 4004 1730 4060 per
1751 3994 1933 4045 totam
1948 3989 2030 4045 in-

387 4077 593 4148 sulam,
618 4076 850 4148 quando
875 4076 952 4132 ibi
979 4077 1210 4145 fuimus,
1234 4083 1291 4130 et
1316 4077 1443 4134 dies
1469 4093 1581 4147 quo
1605 4079 1676 4133 de
1698 4079 1787 4135 his
1817 4083 1876 4134 et
1897 4077 2030 4134 aliis

293 4185 298 4188 ·
389 4165 1094 4236 disceptatiohaberetur,
1111 4169 1168 4220 et
1179 4163 1458 4234 judicium
1476 4167 1729 4236 daretur,
1743 4167 2030 4223 constitu-

387 4258 486 4312 tus
508 4257 656 4323 erat,
673 4267 842 4324 quem
867 4257 1060 4308 tamen
1081 4267 1196 4308 non
1219 4255 1674 4323 expectavimus.
1697 4255 1814 4310 Hoc
1835 4261 2028 4310 tamen

387 4343 460 4399 de
473 4357 544 4399 eo
558 4341 828 4398 omnibus
841 4347 1040 4398 notum
1055 4347 1202 4413 erat,
1220 4357 1351 4400 esse
1368 4358 1498 4399 eum
1515 4343 1678 4400 malm
1691 4343 1826 4399 vitae
1839 4348 1897 4400 et
1913 4359 2032 4400 om-

387 4431 524 4488 nino
539 4430 803 4503 episcOpi
819 4429 1288 4502 oﬁlcioindignm,
1307 4447 1676 4503 quaeapuero
1696 4432 1920 4503 impura
1934 4447 2031 4488 ex-

2155 569 2262 608 nos
2297 554 2526 608 interim
2561 554 2666 608 hec
2694 553 2889 608 tristia
2916 557 3284 622 seponentes,
3303 551 3482 623 paulo
3505 552 3784 624 superiora

2156 647 2510 711 repetamus,
2536 645 2592 694 et
2628 641 2782 710 quod
2816 640 3118 696 dulcescat
3173 639 3410 710 spiritui
3468 640 3781 698 referamus.

2227 731 2338 784 Nos
2365 735 2558 784 autem
2593 727 3135 798 praetermittendus
3166 743 3194 782 a
3229 727 3400 784 nobis
3433 733 3528 784 est
3561 728 3783 786 domnus

2152 819 2316 886 llugo
2339 818 2522 874 abbas
2545 819 2737 872 Sancti
2761 817 2986 872 Martini
3011 816 3315 885 Eduensis,
3340 817 3442 886 qui
3468 817 3542 872 ad
3563 817 3779 874 eandem

2150 907 2474 963 ecclesiam
2509 907 2563 960 in
2595 906 2904 976 pristinum
2929 911 3148 961 statum
3171 904 3400 961 ordinis
3421 909 3483 961 et
3508 904 3782 975 religionis

2153 995 2574 1050 restituendam
2609 993 2680 1048 de
2702 993 2954 1050 ecclesia
2983 993 3312 1050 Divionensi
3337 996 3572 1064 raptus,
3590 997 3645 1048 et
3665 994 3780 1050 inibi

2151 1087 2353 1152 pastor
2378 1083 2705 1151 institutus,
2723 1096 2853 1137 cum
2879 1081 3058 1137 multa
3079 1080 3320 1138 adversa
3346 1095 3561 1152 passus
3579 1081 3782 1149 fuisset,

2148 1176 2204 1225 et
2231 1185 2334 1226 nec
2359 1175 2530 1226 nocte
2552 1185 2657 1225 nec
2679 1169 2772 1224 die
2793 1169 3211 1240 requiesceret,
3234 1183 3366 1225 cum
3389 1169 3570 1224 etiam
3593 1169 3660 1226 de
3682 1184 3784 1225 mo-

2149 1259 2407 1314 nasterio
2439 1257 2651 1330 expelli
2686 1257 2756 1313 ad
2787 1258 2986 1312 horam
3023 1271 3174 1326 quos
3199 1270 3397 1312 secum
3425 1257 3780 1312 adduxerata

2148 1348 2386 1404 Divione
2417 1347 2685 1416 vidisset,
2710 1350 2766 1401 et
2793 1351 2925 1416 post
2957 1346 3152 1402 securi
3187 1360 3515 1416 percussus
3549 1359 3685 1416 pene
3703 1359 3780 1401 ce-

2146 1437 2318 1491 rebro
2348 1439 2628 1492 vacuatus
2656 1441 2816 1490 esset
2847 1434 3175 1490 indefessus
3207 1433 3499 1504 perstitit,
3525 1440 3584 1489 et
3606 1435 3780 1489 novis-

2148 1525 2308 1592 sime,
2361 1530 2424 1580 ut
2469 1523 2704 1593 dicitur,
2757 1537 2981 1578 veneno
3040 1523 3220 1578 vitam
3271 1521 3484 1590 ﬁnivit,
3539 1521 3776 1578 bravium

2149 1613 2332 1668 beatae
2368 1611 2750 1682 perennitatis
2783 1610 3048 1680 adeptus.
3087 1611 3144 1664 [n
3179 1611 3349 1680 cujus
3397 1609 3566 1666 obitu
3614 1609 3778 1664 omnis

2147 1700 2244 1754 illa
2280 1700 2631 1768 religiositas
2653 1703 2822 1769 cepta
2849 1697 3121 1768 deperiit.
3147 1698 3289 1764 Quis
3313 1703 3512 1754 autem
3534 1696 3657 1766 ejus
3672 1711 3781 1753 suc-

2149 1803 2351 1844 cessor
2371 1789 2678 1844 institutus
2700 1788 2796 1856 sit,
2827 1788 3045 1842 referre
3071 1785 3456 1857 supersedeo,
3473 1785 3606 1857 quia
3627 1785 3782 1841 adin-

2145 1877 2360 1948 juriam
2393 1877 2586 1932 domni
2621 1875 3020 1945 Lugdunensis
3050 1875 3256 1930 referri
3291 1879 3512 1946 potest,
3544 1887 3646 1930 nec
3674 1873 3778 1929 sine

2148 1965 2277 2034 ejus
2310 1970 2446 2021 nota
2479 1963 2628 2028 dici;
2664 1979 2792 2019 cum
2827 1963 2946 2033 ille,
2982 1977 3152 2033 quem
3188 1964 3314 2033 ipse
3345 1961 3576 2018 nomine
3609 1967 3775 2030 tenus,

2148 2068 2218 2108 ne
2252 2053 2714 2107 intronizaretnr
2745 2051 2933 2107 adhuc
2967 2052 3178 2107 abbate
3204 2051 3461 2121 vivente,
3489 2049 3782 2106 interdixe.

2147 2146 2258 2210 rat,
2297 2145 2360 2196 ut
2391 2140 2630 2209 dicitur,
2663 2140 2753 2194 hic
2800 2154 2868 2193 eo
2923 2139 3168 2206 sciente,
3201 2153 3270 2194 eo
3322 2137 3700 2209 suscipiente,
3722 2151 3779 2192 eo

2145 2231 2436 2284 annuente
2468 2227 2774 2283 ordinatus
2805 2232 2916 2282 est.
2953 2227 3062 2283 Sed
3097 2226 3202 2282 hec
3235 2227 3490 2282 interim.

2219 2321 2381 2372 Anno
2415 2316 2594 2384 igitur
2631 2315 2872 2385 praifato
2921 2315 2994 2369 ab
3046 2313 3158 2370 ine.
3195 2315 3353 2369 Dom.
3396 2318 3534 2370 1099
3563 2313 3779 2369 domnus

2146 2412 2202 2460 et
2231 2410 2396 2476 pater
2423 2411 2623 2460 noster
2647 2403 2989 2474 Rodulphus
3018 2403 3163 2458 abba
3188 2407 3323 2473 post
3349 2402 3532 2458 multa
3551 2400 3780 2472 peregri-

2149 2493 2401 2549 nationis
2431 2497 2487 2546 et
2514 2492 2777 2548 laborum
2802 2491 3084 2562 pericula,
3114 2506 3245 2548 cum
3265 2491 3336 2547 ad
3357 2494 3578 2546 etei-nae
3600 2502 3778 2560 repan-

2147 2581 2392 2636 sationis
2424 2585 2733 2636 vocaretur
2761 2579 2972 2648 gaudia
2997 2579 3369 2650 repromissa,
3395 2579 3453 2634 in
3479 2578 3772 2648 quadrage-

2146 2670 2288 2726 sima
2322 2670 2601 2725 inﬁrmari
2635 2668 2813 2740 cepit.
2847 2669 3180 2724 Morabatur
3234 2673 3374 2724 tunc
3427 2667 3580 2740 apud
3617 2664 3774 2722 Flavi-

2147 2759 2374 2814 niacum
2419 2758 2637 2826 villam,
2673 2752 2976 2813 honestam
3025 2763 3080 2812 et
3132 2757 3412 2828 optimam
3463 2752 3769 2812 monasterii

2147 2847 2376 2916 cellam,
2407 2847 2492 2901 vel
2525 2851 2766 2917 prepter
2795 2845 3218 2901 incursantium
3242 2844 3684 2916 occupationum
3703 2841 3773 2896 vi-

2146 2936 2356 2990 tandas
2381 2934 2702 3003 molestias,
2719 2933 2808 2990 vel
2832 2940 2896 2989 ut
2918 2933 3161 2989 liberius
3183 2932 3590 3004 spiritualibus
3611 2931 3770 2986 inten-

2149 3023 2319 3078 deret
2347 3023 2596 3078 tbeoriis
2625 3027 2685 3076 et
2720 3021 3384 3078 filiorumutilitatibus.
3421 3022 3490 3076 Et
3536 3016 3768 3090 quamvis

2145 3111 2515 3180 gravissimis
2539 3109 2897 3166 infirmitatis
2916 3113 3529 3180 corporezeartaretur
3543 3109 3769 3164 anxieta-

2147 3197 2326 3265 tibus,
2347 3211 2566 3266 pernox
2590 3200 2780 3250 tamen
2807 3197 2864 3274 in
2887 3193 3569 3264 orationibusetvigiliis,
3586 3189 3768 3248 divinis

2151 3283 2437 3338 intererat
2467 3283 2692 3352 ofﬁciis,
2727 3282 2992 3338 diurnale
3023 3297 3144 3339 seu
3175 3282 3520 3338 nocturnale
3549 3277 3766 3336 ofﬁcium

2147 3378 2282 3427 ante
2321 3387 2382 3426 se
2415 3371 2686 3440 religiosa
2719 3371 3028 3427 devotione
3057 3369 3362 3426 celebrare
3388 3369 3618 3436 faciens,
3641 3369 3693 3422 et
3707 3362 3768 3419 ad

2146 3459 2382 3516 missam
2409 3474 2640 3530 semper
2664 3459 2721 3515 in
2745 3459 3004 3515 oratorio
3027 3459 3464 3515 sustentatione
3479 3458 3767 3525 obsequen-

2145 3547 2288 3604 tium
2323 3548 2503 3604 fultus
2531 3549 2689 3612 iens;
2724 3547 2820 3603 ubi
2852 3561 2990 3603 vero
3039 3546 3436 3602 immensitate
3487 3542 3693 3600 doloris
3717 3545 3766 3595 et

2143 3636 2500 3718 infirmitatis
2532 3636 2686 3691 lecto
2731 3635 2786 3690 in
2840 3638 3028 3692 totum
3070 3634 3374 3704 decubuit,
3421 3631 3568 3704 quod
3602 3629 3762 3688 solum

2144 3729 2399 3796 poterat,
2432 3723 2666 3794 affectu,
2719 3723 3034 3793 desiderio,
3070 3723 3338 3779 manibus
3390 3719 3685 3794 protensis,
3713 3718 3761 3771 et

2143 3811 2330 3870 oculis
2351 3816 2512 3869 totus
2533 3812 2604 3868 ad
2631 3813 2806 3868 Deum
2829 3811 3128 3880 vigilabat,
3147 3825 3252 3867 nec
3276 3811 3350 3867 de
3369 3811 3562 3881 rigore
3581 3817 3763 3879 prepo-

2143 3902 2265 3971 siti,
2301 3901 2490 3957 animo
2519 3906 2580 3957 et
2611 3901 2724 3956 fide
2752 3907 3050 3970 constans,
3076 3898 3393 3970 quidquam
3415 3897 3586 3954 minui
3608 3891 3763 3967 patie-

2143 3991 2335 4046 batur.
2373 3991 2440 4045 Et
2465 3990 2582 4060 jam
2613 3990 2761 4044 fama
2797 3989 3154 4044 infirmitatis
3182 3988 3308 4058 ejus
3361 3987 3580 4045 vicinos
3603 3988 3658 4039 et
3681 3980 3762 4036 ab-

2141 4082 2358 4147 sentes,
2392 4078 2561 4148 longe
2591 4079 2766 4133 etiam
2797 4076 3025 4148 positos
3053 4079 3455 4146 perterruerat
3485 4071 3688 4140 fideles,
3709 4071 3758 4124 et

2142 4167 2411 4222 certatim
2436 4167 2805 4223 confluebant
2832 4179 3052 4235 omnes,
3079 4164 3428 4236 mediocres,
3446 4163 3662 4229 divites,
3683 4169 3761 4214 co.

2144 4254 2554 4324 mites,duces,
2584 4254 2691 4326 ipsi
2724 4253 2898 4310 etiam
2925 4253 3234 4325 praesules,
3254 4259 3312 4310 ut
3339 4251 3489 4310 tanti
3515 4249 3614 4307 viri
3635 4241 3760 4303 sola-

2145 4346 2350 4400 rentur
2369 4343 2623 4414 alloquio
2645 4345 2702 4398 et
2727 4341 3006 4407 caritate;
3032 4341 3344 4412 dampnum
3368 4341 3518 4398 enim
3540 4335 3643 4396 sibi
3664 4345 3761 4390 ma-

2143 4429 2357 4488 ximum
2391 4429 2763 4501 reputabant,
2785 4428 2834 4484 si
2858 4427 3212 4485 insalutatus
3243 4429 3314 4483 ab
3346 4427 3434 4484 eis
3463 4421 3753 4482 recederet.

387 4519 630 4590 titisset,
666 4534 774 4576 nec
808 4517 1120 4590 aliquando
1152 4519 1614 4577 emendationem
1649 4521 2027 4591 suscepisset.
2059 4517 2113 4578 D
2144 4516 2366 4583 Quibus
2391 4518 2516 4589 ipse
2549 4521 2708 4574 tanta
2729 4516 3064 4587 sedulitate,
3091 4515 3455 4587 dapsilitate,
3477 4507 3754 4572 industria,

363 4609 510 4677 .Quo
527 4609 705 4666 etiam
729 4623 879 4665 anno
904 4608 1207 4666 inundatio
1231 4609 1531 4680 sanguinis
1553 4622 1586 4664 a
1607 4610 1849 4680 praefato
1872 4609 2030 4665 fonte

384 4711 620 4754 manare
634 4697 788 4754 dicta
803 4700 915 4768 est,
933 4711 1102 4768 quam
1118 4701 1308 4753 tamen
1323 4711 1438 4752 non
1452 4695 1788 4752 vidimusln
1805 4695 2030 4767 capella

384 4791 580 4844 autem
595 4787 868 4843 omnibus
889 4783 1097 4842 diebus
1119 4784 1428 4841 dominicis
1451 4783 1574 4840 sive
1596 4784 1763 4840 festis
1783 4785 2033 4842 sodomi-

385 4878 462 4932 ιω
493 4873 1093 4932 exeommunicantur.
1122 4872 1244 4942 (fol.
1271 4875 1396 4944 146)
1423 4871 1574 4928 Alibi
1606 4886 1838 4942 quoque
1863 4873 2032 4930 enixa

384 4966 472 5018 est
491 4975 665 5019 vacca
692 4963 877 5018 fetum
903 4959 1203 5016 informem
1227 4959 1546 5030 bicipitem,
1562 4958 2029 5034 quadricornem,

383 5049 678 5108 ammirari
701 5050 836 5122 quis
855 5054 1054 5122 posset
1075 5053 1294 5106 tantam
1317 5063 1510 5108 rerum
1531 5051 1870 5123 novitatem,
1898 5052 2029 5119 nisi,

389 5137 542 5209 quod
574 5137 860 5208 mirabile,
896 5139 994 5195 Dei
1028 5139 1376 5210 pacientiam
1413 5142 1570 5195 tanta
1603 5139 1895 5196 hominum
1923 5141 2035 5196 cri-

384 5227 538 5282 mina
571 5231 631 5282 et
661 5230 900 5296 peccata
932 5231 1096 5284 tanta
1146 5227 1425 5298 patientia
1476 5228 1790 5299 sustinere,
1825 5235 1886 5285 ut
1915 5229 2031 5299 jam

378 5326 534 5386 pene
569 5327 738 5370 rarus
768 5313 847 5370 sit
875 5315 970 5385 qui
1010 5314 1211 5372 credat
1243 5317 1420 5371 Deum
1451 5319 1553 5372 aut
1600 5331 1696 5372 res
1753 5317 2034 5374 humanas

383 5414 614 5471 curare,
643 5404 741 5458 aut
763 5400 822 5457 in
845 5402 1252 5460 malefactores
1273 5402 1589 5461 vindictam
1619 5419 1929 5472 exercere;
1952 5406 2033 5462 ita

385 5487 682 5547 cernimur
731 5502 933 5546 omnes
982 5489 1038 5546 in
1089 5490 1500 5561 iniquitatibus
1547 5491 1851 5549 eﬂ‘erbere.
1884 5493 2034 5560 Quid

383 5575 540 5638 enim
571 5589 724 5634 nunc
742 5575 800 5633 in
824 5577 1063 5650 mundo,
1087 5577 1199 5635 nisi
1222 5579 1672 5650 omnisjustitiai
1693 5581 2032 5656 exinanitio,

2142 4611 2202 4664 et
2232 4608 2479 4665 caritate
2502 4606 2722 4663 servire
2742 4605 3203 4674 ammonebat,ut
3218 4619 3348 4661 cum
3371 4601 3758 4676 peneinnume-

2143 4696 2362 4754 rabiles
2393 4696 2611 4752 cotidie
2633 4695 3016 4763 confluerent,
3043 4693 3251 4751 mirum
3283 4693 3578 4750 videretur
3605 4683 3754 4742 etiam

2144 4785 2232 4842 his
2258 4787 2356 4857 qui
2380 4785 2873 4856 suscipiebantur,
2892 4782 3045 4839 unde
3058 4786 3220 4838 tanta
3237 4778 3600 4848 abundantia,
3615 4774 3755 4830 tanta

2143 4874 2407 4946 largitas,
2435 4879 2594 4930 tanta
2626 4873 2683 4928 in
2711 4872 2865 4928 omni
2889 4876 3175 4943 apparatu
3199 4869 3420 4943 hylaris
3433 4875 3492 4926 et
3512 4879 3618 4924 non
3637 4858 3756 4918 defl-

2143 4964 2306 5020 ciens
2325 4963 2675 5020 exuberaret
2689 4961 2925 5018 caritas.
2944 4961 3060 5016 Nec
3075 4960 3407 5030 recusabat,
3418 4962 3478 5016 ut
3493 4951 3754 5028 plerisque

2143 5051 2388 5109 infirmis
2412 5051 2592 5109 moris
2619 5057 2728 5122 est,
2765 5049 3108 5107 intrantium
3137 5054 3194 5105 et
3225 5047 3556 5106 exeuntium
3607 5040 3755 5097 devo-

2142 5145 2337 5198 torum
2368 5141 2787 5212 frequentiam;
2813 5139 2948 5210 quin
2975 5138 3172 5210 potius
3202 5141 3370 5194 tanto
3395 5135 3595 5192 al’fectu
3615 5131 3670 5184 et
3686 5122 3754 5180 of-

2146 5230 2462 5288 ﬁciositate
2477 5245 2585 5300 qua
2603 5232 2854 5300 poterat,
2869 5232 2928 5284 et
2943 5232 3114 5298 gestu
3129 5226 3399 5298 corporis
3415 5215 3749 5292 suscipiebat:

2145 5325 2208 5378 ut
2240 5318 2436 5377 nullus
2467 5324 2626 5376 esset
2658 5317 2754 5390 qui
2784 5331 2895 5374 non
2919 5331 2982 5374 se
3005 5316 3313 5388 refectum,
3339 5313 3434 5386 qui
3457 5324 3562 5368 non
3583 5313 3752 5364 conso-

2143 5409 2348 5479 latum,
2377 5407 2473 5480 qui
2504 5422 2616 5464 non
2649 5406 2932 5477 adjutum,
2955 5404 3091 5462 dum
3123 5402 3312 5462 solum
3333 5402 3525 5461 videre
3552 5391 3745 5487 liceret,

2145 5495 2543 5569 profiteretur.
2559 5495 2862 5553 Direxerat
2881 5493 3000 5566 jam
3037 5491 3358 5550 Virdunum
3378 5482 3663 5562 epistolam
3680 5482 3748 5532 in-

2145 5584 2444 5644 ﬁrmitatis
2474 5599 2592 5644 sua
2624 5581 3070 5654 nunciatricem,
3100 5585 3162 5641 et
3191 5581 3304 5654 ipsi
3333 5573 3744 5646 circumitum“
