3950 6330
87 354 206 413 393

1376 336 1870 405 CHRONICON.
1906 376 1985 386 —-
2015 340 2168 404 LIB.
2204 341 2276 404 ΙΙ.

3412 350 3529 412 394

99 487 405 542 miserant
437 481 508 539 ad
537 480 978 551 congregandos
1011 479 1224 535 fratres
1254 478 1349 549 qui
1390 483 1630 550 possent
1679 490 1772 532 ve—
1800 476 1854 536 A
1885 480 1944 530 et
1972 475 2280 533 absolutus
2310 478 2381 534 ab
2408 478 2493 535 eis
2522 485 2631 533 est.
2668 479 2803 535 Inde
2837 482 3092 538 sociatus
3139 486 3409 543 omnibus
3474 487 3531 544 in

106 574 260 642 nire,
290 577 351 627 et
376 570 474 641 qui
498 584 612 626 non
638 573 892 639 possent,
919 572 977 623 ut
1004 567 1310 624 sanitatem
1335 566 1461 636 ejus
1482 580 1510 621 a
1532 563 1771 621 Domino

102 665 485 735 expeterent,
517 664 615 716 aut
648 659 868 715 exitum
897 658 1023 728 ejus
1052 656 1415 713 orationibus
1467 654 1775 728 praemuni-

106 756 244 808 rent
274 749 378 807 “9.

178 841 324 896 Cum
360 838 542 908 igitur
574 837 645 893 ad
677 852 808 893 eum
840 835 1145 892 visendum
1196 833 1468 890 certatim
1518 831 1774 903 undique

100 931 592 995 concurreretur,
629 925 752 996 ipse
780 939 979 980 omnes
1021 922 1601 990 commonefaciebat,
1658 935 1776 976 om-

115 1018 293 1074 nibus
328 1014 503 1070 ﬁdem
534 1029 705 1085 quam
736 1017 1008 1069 tenuerat
1038 1016 1095 1067 ct
1133 1027 1235 1082 pro
1270 1026 1380 1082 qua
1433 1008 1775 1066 exulaverat

110 1103 432 1161 tenendam
450 1102 814 1165 inculcabat;
841 1101 1043 1157 dicens
1060 1100 1206 1156 hanc
1225 1115 1354 1156 esse
1370 1114 1562 1154 veram
1581 1098 1769 1165 ﬁdem,

114 1196 260 1251 hanc
286 1190 643 1248 catholicam
666 1194 724 1245 et
748 1190 1149 1261 apostolicam,
1178 1203 1282 1259 pro
1307 1203 1418 1258 qua
1439 1186 1633 1243 nullus
1675 1185 1777 1241 du-

116 1283 310 1338 bitare
326 1280 579 1336 deberet
598 1278 717 1350 pati
734 1278 1000 1347 adversa,
1020 1278 1191 1331 immo
1207 1291 1310 1332 nec
1328 1276 1506 1346 ipsam
1531 1279 1774 1330 mortem

116 1370 319 1427 subire
347 1387 365 1435 ;
389 1382 669 1423 asserens
693 1382 774 1436 se,
801 1367 849 1422 si
863 1365 1083 1422 vellent
1101 1369 1525 1435 etoportunum
1542 1363 1770 1431 fuisset,

116 1460 171 1514 in
203 1464 327 1513 tam
347 1455 660 1513 tremanda
686 1456 848 1525 hora,
870 1470 1003 1511 cum
1026 1454 1095 1510 ad
1120 1454 1219 1510 Dei
1238 1452 1521 1523 judicium
1543 1452 1776 1507 festina-

117 1550 203 1601 ret
229 1546 454 1615 anima,
482 1550 818 1615 separatum
843 1558 974 1598 esse
991 1541 1145 1613 quod
1162 1542 1392 1597 dicebat
1409 1543 1774 1596 sacramento

117 1636 376 1702 ﬁrmare,
410 1636 472 1688 et
512 1647 615 1703 pro
650 1632 761 1686 ﬁde
793 1631 995 1687 eadem
1029 1631 1236 1700 milies,
1268 1630 1316 1684 si
1338 1631 1491 1684 Deus
1515 1627 1772 1697 juberet,

114 1724 267 1779 velle
289 1721 492 1778 occidi
521 1722 707 1789 (Mart.
733 1720 845 1790 28).
870 1722 941 1775 Et
964 1735 1093 1776 cum
1114 1719 1230 1789 jam
1256 1723 1416 1774 totus
1438 1717 1509 1772 ad
1530 1716 1619 1772 sui
1660 1716 1777 1771 dis-

1884 565 2085 622 osculo
2104 571 2328 633 sancto,
2356 582 2488 623 cum
2512 567 2761 623 vidisset
2788 567 3016 639 aliquos
3034 570 3312 628 nobilium
3338 580 3532 630 astan-

1886 659 1997 723 tes,
2032 655 2192 711 viros
2225 655 2540 724 religiosos
2570 662 2629 711 et
2664 658 2760 727 qui
2794 659 2969 713 Deum
2993 658 3181 729 pluris
3208 661 3529 718 habuerant

1886 757 2053 812 quam
2088 743 2367 811 seculum,
2404 743 2559 814 ipsos
2588 745 2762 800 etiam
2796 746 2867 801 ad
2892 760 2955 801 se
2982 748 3246 803 evocavit
3275 753 3333 803 et
3366 763 3535 807 oscu-

1886 829 2041 885 latus
2073 836 2183 886 est.
2222 831 2463 886 Stabant
2493 831 2510 885 i
2537 850 2548 886 l
2585 838 2808 902 partem
2839 836 3081 890 alteram
3114 840 3173 890 et
3203 837 3428 894 nobiles
3459 838 3536 893 fe-

1887 919 2074 989 minas,
2106 926 2166 975 et
2196 920 2337 992 ipszc
2370 936 2397 976 a
2435 921 2634 977 seculo
2662 937 2979 991 conversae,
3004 938 3174 979 soror
3196 925 3419 982 scilicet
3445 926 3535 982 Ri-

1883 1008 2085 1065 chardi
2110 1009 2455 1067 Albanensis
2476 1011 2758 1081 episcopi,
2785 1016 2842 1066 et
2863 1011 2971 1067 alia
2991 1012 3234 1083 quedam
3251 1030 3362 1071 non
3380 1016 3536 1086 igno-

1890 1097 2025 1153 bilis
2050 1098 2313 1173 familiae;
2342 1115 2487 1169 quas
2508 1115 2640 1155 cum
2666 1099 2738 1155 ad
2763 1114 2826 1155 se
2849 1100 3459 1174 similitcrevocasset,
3477 1109 3535 1160 et

1888 1187 1983 1258 pio
2008 1188 2193 1257 patris
2214 1189 2428 1244 affectu
2452 1203 2552 1244 eas
2579 1188 2727 1243 ﬁlias
2748 1192 2803 1243 ct
2829 1204 3064 1246 sorores
3086 1206 3223 1247 suas
3246 1198 3537 1262 protesta-

1888 1279 1981 1329 tus
1998 1276 2223 1345 fuisset,
2242 1276 2444 1332 dicens
2460 1275 2675 1331 debere
2689 1282 2748 1331 et
2764 1277 2917 1348 ipsas
2932 1278 3082 1348 patri
3111 1279 3372 1335 ultimum
3409 1282 3537 1337 vale

1885 1362 2104 1431 dicere,
2142 1378 2368 1419 manum
2411 1364 2497 1419 eis
2530 1366 2790 1434 porrexit
2826 1370 2890 1420 ut
2941 1381 3064 1421 eam
3108 1367 3535 1440 oscularentur,

1885 1452 2031 1506 hanc
2063 1452 2373 1521 designans
2407 1454 2661 1523 ipsarum
2691 1468 2824 1509 esse
2854 1453 3070 1510 debere
3100 1456 3170 1511 ad
3200 1472 3329 1513 eum
3353 1460 3539 1515 socia-

1886 1539 1995 1595 lem
2028 1540 2318 1611 unionem,
2353 1541 2507 1611 quod
2538 1557 2647 1597 non
2681 1542 2758 1597 sit
2792 1541 3015 1599 licitum
3048 1545 3324 1602 mulieres
3349 1562 3540 1604 sacer-

1886 1629 2123 1685 dotibus
2149 1629 2312 1700 jungi
2353 1630 2409 1684 in
2441 1630 2659 1700 osculo,
2695 1637 2754 1686 et
2786 1633 3030 1687 maxime
3060 1633 3367 1703 religiosas
3410 1637 3515 1693 reli

1888 1718 2086 1785 giosis.
2125 1719 2261 1773 Cum
2296 1718 2474 1787 igitur
2503 1724 2559 1773 et
2595 1718 2771 1791 ipsas,
2810 1721 3152 1779 ammonitas
3186 1729 3250 1779 ut
3278 1724 3370 1780 his
3412 1741 3540 1797 qua:

115 1812 485 1869 solutionem
520 1808 839 1873 laboraret,
879 1808 1009 1863 inde
1044 1814 1234 1863 tamen
1271 1810 1429 1863 totus
1468 1807 1519 1862 ei
1562 1820 1773 1873 sermo,
1806 1839 1861 1901 Β
1893 1807 2023 1862 aliis
2048 1807 2200 1863 dicta
2221 1813 2389 1863 erant
2412 1808 2802 1875 intenderent,
2830 1813 2886 1863 et
2910 1810 3129 1866 scirent
3152 1812 3351 1869 eadem
3385 1814 3539 1872 dicta

121 1905 309 1957 totum
343 1897 735 1962 desiderium,
770 1900 890 1952 tota
915 1896 1167 1965 affectio,
1196 1899 1261 1951 ut
1289 1895 1396 1951 hec
1422 1895 1565 1950 ﬁdes
1588 1910 1614 1948 s
1652 1908 1778 1949 rva-

120 1993 303 2057 retur,
323 1987 454 2043 haec
474 1989 599 2041 tota
612 1984 765 2041 virtu
778 1990 851 2053 te,
869 1988 993 2040 tota
1008 1984 1195 2039 anima
1211 1982 1647 2046 custodiretur;
1671 1996 1778 2036 nec

123 2077 331 2148 aliquis
361 2080 509 2132 ante
541 2089 673 2131 eum
698 2074 873 2143 venit,
901 2074 997 2144 qui
1025 2088 1135 2129 non
1166 2073 1234 2128 ad
1261 2074 1368 2129 hoc
1390 2085 1779 2128 commonere-

122 2172 218 2222 tur
245 2184 257 2222 :
293 2165 513 2221 dicens
545 2163 776 2219 omnino
808 2162 1151 2234 dampnatos
1180 2177 1309 2217 esse
1342 2175 1588 2231 quorum
1621 2175 1781 2216 mens

127 2255 194 2310 ab
208 2255 313 2310 hac
338 2251 727 2309 observantia
753 2266 856 2322 per
878 2266 941 2306 se
966 2249 1425 2321 rcpelleretur,si
1451 2249 1782 2319 contigeret

126 2357 222 2399 eos
246 2344 471 2412 absque
502 2340 844 2412 pmnitentia
870 2339 1125 2408 defungi,
1153 2343 1211 2394 ut
1236 2353 1346 2394 non
1373 2354 1476 2409 per
1503 2338 1782 2409 poeniten-

128 2431 259 2486 tiam
295 2429 522 2486 unitati
574 2429 841 2499 corporis
880 2428 1162 2484 aecclcsiae
1211 2428 1775 2496 redintegrarentur,

135 2518 436 2588 Aliquibus
459 2531 612 2586 ergo
633 2515 841 2572 diebus
866 2515 1386 2584 intercedentibus,
1404 2519 1566 2585 quasi
1586 2529 1783 2585 presa-

128 2606 418 2675 gusvicini
435 2606 538 2663 sui
563 2604 865 2674 transitus,
893 2605 1105 2660 fratres
1134 2612 1193 2659 et
1218 2603 1370 2659 ﬁlios
1391 2619 1535 2673 quos
1550 2602 1782 2659 Christo

134 2696 519 2765 adquisierat,
536 2696 671 2749 ante
687 2707 749 2748 se
764 2692 959 2748 venire
974 2692 1133 2761 fecit,
1157 2696 1216 2747 et
1264 2691 1609 2747 ammirabili
1658 2691 1783 2747 vul-

135 2787 220 2839 tus
235 2789 291 2839 et
305 2784 428 2838 oris
446 2781 648 2852 gratia
670 2781 741 2837 de
756 2779 945 2837 salute
963 2795 1067 2836 sua
1100 2794 1201 2835 eos
1233 2779 1778 2848 commonefaciens,

134 2875 186 2925 et
206 2872 258 2927 in
278 2870 533 2926 Domino
558 2884 799 2940 sperare
822 2882 1177 2938 ammonens,
1202 2867 1597 2924 conﬁtebatur
1629 2866 1782 2937 quod

141 2975 241 3015 non
270 2961 412 3016 bene
442 2974 559 3015 eos
592 2958 832 3027 rexerit,
868 2973 979 3013 nou
1012 2958 1091 3012 ita
1124 2962 1367 3028 paterno
1399 2971 1538 3026 erga
1564 2970 1667 3013 eos
1707 2956 1786 3012 af-

142 3050 283 3105 fectu
301 3048 492 3118 egisse
508 3052 534 3102 t
560 3052 621 3104 ut
641 3047 932 3116 debuerit,
960 3046 1092 3116 quia
1117 3046 1285 3102 homo
1302 3049 1481 3114 esset,
1504 3046 1600 3116 qui
1628 3060 1787 3102 num-

146 3152 300 3208 quam
332 3138 387 3192 in
417 3137 638 3193 eodem
676 3142 836 3192 statu
869 3141 1166 3207 permanet
1199 3135 1320 3204 (fol.
1352 3138 1497 3206 146).
1540 3136 1609 3189 Ει
1655 3149 1783 3191 cum

143 3240 237 3282 eos
259 3227 402 3282 satis
422 3242 491 3297 pa
510 3230 681 3281 terne
706 3224 1123 3280 ammonuisset
1146 3229 1203 3280 ut
1228 3224 1284 3279 in
1309 3224 1419 3279 ﬁde
1442 3228 1604 3279 recta
1638 3214 1799 3279 ﬁrmi
1819 3198 1867 3261 Ο

148 3316 552 3386 persisterent,
586 3314 742 3369 sicut
770 3328 900 3369 cum
932 3313 1199 3369 viderent
1229 3315 1572 3368 constanter
1602 3319 1658 3368 ct
1695 3312 1789 3367 ﬁr-

142 3404 300 3459 miter
320 3404 505 3475 perdu
525 3417 707 3470 rasse,
732 3406 789 3457 ct
814 3416 1014 3458 omnes
1030 3404 1293 3457 astantes
1309 3415 1380 3455 ne
1394 3400 1602 3456 flerent
1617 3414 1787 3457 manu

141 3496 459 3563 etvocequa
480 3495 724 3564 poterat
740 3496 1147 3561 compesceret
1166 3490 1333 3560 :Ego,
1352 3490 1453 3558 ait,
1474 3491 1582 3560 qui
1592 3490 1789 3561 patris

142 3580 254 3636 cice
263 3581 319 3636 et
328 3581 558 3653 oficia,
580 3580 719 3636 licet
730 3579 1568 3649 immeritas/nngor,primus
1580 3593 1681 3634 cos
1696 3578 1791 3637 ab-

1893 1910 2022 1951 esse
2055 1901 2113 1951 et
2146 1896 2276 1965 sibi,
2312 1910 2343 1951 a
2378 1911 2436 1952 se
2470 1896 2745 1952 dimissas
2801 1898 3005 1967 gratim
3029 1900 3125 1954 Dei
3159 1902 3539 1974 assignasset,

1893 2000 2109 2055 corpus
2137 1984 2485 2041 dominicum
2517 1986 2789 2057 sumpsit,
2818 1990 2873 2041 et
2909 1992 3070 2043 totus
3103 1987 3174 2043 ad
3204 1991 3380 2046 Deum
3408 2007 3543 2047 con-

1892 2088 2114 2143 versus,
2149 2090 2212 2128 sc
2238 2080 2297 2129 ct
2329 2088 2530 2129 omnes
2562 2074 2763 2145 pietati
2810 2074 2936 2143 ejus
2983 2077 3296 2148 commisit,
3344 2080 3544 2150 praeci-

1891 2162 2059 2234 piens
2088 2163 2358 2217 omnibus
2392 2168 2453 2218 ut
2487 2178 2655 2232 quem
2690 2163 3012 2219 nominaret
3037 2166 3264 2222 donnus
3288 2168 3540 2238 Godezo,

1892 2251 1987 2321 qui
2021 2251 2131 2306 sibi
2161 2251 2498 2320 assistebat,
2523 2244 2834 2321 virutique
2866 2253 2996 2308 boni
3020 2254 3336 2310 testimonii
3376 2260 3434 2312 et
3458 2269 3546 2312 re-

1892 2338 2115 2408 ligiosae
2146 2339 2633 2408 conversationis,
2670 2339 2858 2409 ipsum
2891 2341 2999 2396 sibi
3035 2340 3161 2412 ipso
3185 2343 3546 2401 dietumula-

1894 2428 2069 2484 tionis
2101 2442 2223 2483 suaa
2259 2442 2359 2498 per
2387 2427 2781 2483 obedientiam
2813 2443 3212 2486 successorem
3236 2432 3540 2506 eligerent,

1890 2521 1951 2571 et
1980 2515 2060 2570 illi
2093 2516 2429 2579 obedirent;
2464 2521 2520 2571 et
2554 2516 2601 2571 si
2639 2515 2789 2572 alter
2819 2516 2919 2573 illo
2943 2518 3212 2588 neglecto
3233 2525 3293 2576 et
3313 2520 3547 2593 repulso

1892 2604 2233 2675 eligeretur,
2267 2604 2426 2660 nullo
2460 2606 2628 2660 modo
2660 2606 2711 2660 ei
2742 2607 3071 2663 obedirent.
3116 2609 3353 2665 Dicebat
3393 2612 3546 2667 enim

1894 2692 2048 2748 nolle
2083 2697 2165 2762 ut,
2191 2692 2344 2762 quod
2378 2693 2498 2763 ipse
2532 2693 2942 2765 zediﬁcavcrat,
2987 2695 3138 2753 alius
3189 2698 3543 2755 destrueret.

1895 2780 1995 2835 Cui
2012 2785 2305 2851 praecepto
2319 2796 2448 2836 cum
2463 2796 2663 2837 omnes
2676 2796 2739 2836 se
2754 2796 3101 2839 assensuros
3120 2785 3545 2859 promisissent,

1896 2882 2093 2924 omnes
2126 2883 2293 2923 manu
2325 2873 2598 2939 protensa
2633 2869 2951 2940 benedixit,
2983 2875 3040 2925 et
3073 2870 3289 2928 clausis
3337 2873 3546 2945 oculis,

1896 2957 2262 3028 praeparabat
2297 2972 2359 3012 se
2392 2958 2463 3011 ad
2494 2956 2693 3013 horam
2722 2958 2946 3013 Domini
2980 2959 3266 3016 venientis
3308 2967 3369 3018 ut
3419 2976 3551 3033 ape-

1897 3044 2036 3100 ritet
2067 3044 2142 3114 ei,
2177 3044 2505 3101 intraturus
2533 3060 2663 3101 cum
2696 3058 2764 3101 eo
2794 3051 2852 3101 et
2885 3061 2988 3117 per
3026 3061 3155 3102 eum
3197 3048 3267 3103 ad
3316 3050 3550 3121 nuptias

1898 3134 2049 3203 agni.
2086 3134 2452 3203 Legebantur
2496 3138 2631 3191 ante
2659 3150 2789 3191 eum
2820 3136 3124 3206 passiones
3154 3137 3455 3196 dominicae
3481 3141 3553 3195 ab

1898 3237 1967 3278 eo
1997 3237 2165 3292 quem
2200 3223 2407 3293 voluit,
2441 3228 2498 3279 et
2523 3224 2613 3280 cui
2651 3225 2927 3295 przecepit
2964 3226 3129 3298 (220),
3172 3235 3382 3283 etcum
3408 3228 3555 3284 reci-

1900 3315 2026 3367 tare
2058 3310 2245 3367 lector
2279 3327 2411 3382 quoc
2442 3317 2501 3367 et
2533 3318 2747 3384 quanta
2779 3313 3041 3371 fecerunt
3074 3315 3147 3384 ei,
3184 3320 3345 3372 totus
3389 3317 3443 3372 in
3491 3334 3552 3373 sc

1902 3401 2205 3471 fremebat,
2242 3402 2387 3457 adeo
2419 3407 2478 3458 ut
2511 3404 2721 3459 crebro
2754 3404 3061 3460 audiretur
3084 3419 3194 3461 vox
3251 3406 3502 3462 dicentis
3538 3428 3550 3465 :

1898 3490 2154 3548 Inimici
2184 3492 2298 3548 Dei
2323 3504 2516 3562 quare
2544 3493 2972 3565 hocfecernnt?
2998 3495 3132 3551 Non
3160 3496 3560 3566 agnoscebant

1898 3580 2089 3635 Deam
2114 3593 2257 3637 cera
2285 3580 2592 3650 dicentem,
2625 3580 2787 3637 mira
2800 3583 3170 3653 facientem?
3190 3583 3305 3641 Alt!
3345 3587 3558 3655 quales

146 3670 849 3728 solcamanctoritateDei
863 3669 923 3726 et
956 3672 1299 3726 sanctorum
1321 3668 1379 3723 et
1404 3668 1597 3739 oficii
1635 3668 1790 3726 mihi
1887 3681 2081 3739 penas
2108 3668 2276 3724 modo
2306 3669 2511 3725 luant!
2542 3670 2711 3725 Venit
2741 3684 2881 3739 ergo
2916 3671 3057 3726 hora
3100 3686 3269 3741 quam
3325 3687 3557 3745 semper

144 3761 441 3829 conamissi,
466 3759 640 3815 etcos
657 3758 923 3829 posthac
926 3758 1182 3828 patrem,
1210 3757 1606 3813 karissimum
1630 3758 1793 3814 sicut

138 3847 675 3916 ﬁliiamantissimi
688 3847 745 3902 et
759 3846 1310 3903 desiderantissimi
1324 3864 1350 3917 ,-
1364 3846 1425 3901 et
1436 3845 1529 3902 sic
1544 3859 1788 3916 separa-

151 3932 326 3992 bimnr
343 3952 608 4008 corpore,
623 3950 742 3992 non
753 3936 953 3991 autem
974 3936 1129 4006 ,ςρὶτὶ
1137 3935 1294 3990 tuali
1313 3934 1641 4006 ajectionc.
1682 3935 1787 3991 Vos

142 4027 505 4094 praemittetis
506 4026 757 4099 patrem
788 4026 844 4081 et
856 4026 984 4096 ipso
998 4024 1220 4097 nfecta
1250 4024 1551 4080 deducetis
1571 4024 1653 4080 ad
1674 4026 1787 4081 Do-

156 4114 360 4171 minum
369 4130 512 4189 καθ
542 4116 603 4173 si
620 4116 779 4171 Dens
797 4114 1275 4171 misericordiam
1293 4114 1511 4169 anima
1544 4113 1786 4185 meafe-

160 4203 477 4274 cerit,qnod
487 4203 667 4261 credo
687 4203 1009 4274 etezpecto,
1042 4202 1287 4271 adiutor
1299 4201 1359 4257 et
1383 4201 1787 4259 corroborator

159 4302 239 4344 ero
253 4291 399 4361 ﬁdei
416 4293 634 4350 vestra
658 4290 926 4347 omnibus
950 4288 1172 4359 diebus,
1224 4291 1283 4345 et
1315 4292 1433 4347 mei
1470 4303 1789 4347 memorum

159 4379 1389 4453 memorereperanailinmgratieeDeiﬂec
1417 4378 1638 4449 dicens,
1668 4384 1789 4435 sto-

164 4461 261 4521 lam
289 4468 395 4524 sibi
426 4470 565 4526 fecit
596 4468 812 4538 aﬁ‘erri,
844 4474 905 4524 et
934 4483 1065 4524 cum
1093 4482 1219 4523 eam
1251 4467 1403 4523 collo
1436 4466 1561 4537 ejus
1609 4468 1787 4539 impo-

1898 3758 2225 3825 optaverat,
2246 3760 2305 3809 et
2329 3771 2458 3810 cum
2485 3755 2783 3826 paululum
2803 3755 3082 3826 siluisset,
3108 3758 3295 3814 oculis
3336 3760 3555 3817 clausis

1898 3842 2077 3898 veluti
2103 3842 2395 3898 dormiens
2414 3843 2682 3913 spiritum
2704 3844 2936 3899 emavit.
2965 3844 3188 3915 Corpus
3219 3846 3343 3914 ejus
3370 3846 3555 3904 lotum

1897 3938 1955 3985 et
1980 3936 2244 3987 curatum
2273 3931 2365 4002 pia
2390 3931 2639 3986 ﬁliorum
2664 3931 2989 4001 diligentia.
3016 3933 3277 3990 vestibus
3307 3937 3557 3993 sacratis

1896 4035 1970 4075 ex
2003 4034 2160 4075 more
2192 4020 2458 4077 indutum
2491 4025 2603 4089 est,
2638 4024 2694 4075 et
2729 4025 2861 4075 ante
2885 4021 3071 4077 altare
3096 4023 3282 4079 sancti
3317 4024 3555 4079 Firmini

1898 4109 2009 4181 piis
2038 4123 2270 4166 suorum
2295 4110 2552 4166 humeris
2577 4109 2831 4165 delatum
2858 4114 2970 4180 est,
2998 4114 3055 4165 et
3080 4112 3346 4170 excubiis
3397 4113 3560 4171 debi-

1895 4198 1993 4268 tis,
2013 4212 2158 4268 quas
2173 4198 2487 4254 dictavitet
2505 4200 2697 4269 potuit
2720 4213 2882 4255 amor
2908 4199 3177 4272 ﬁliorum,
3209 4202 3556 4261 honoratum

1897 4293 1989 4343 est
2024 4287 2209 4358 (Mart.
2245 4290 2356 4359 29).
2382 4289 2439 4343 In
2465 4287 2781 4344 crastinum
2816 4288 2992 4345 missa
3023 4305 3153 4346 cum
3187 4292 3362 4348 nimio
3394 4292 3559 4352 luctu

1898 4381 1955 4432 et
1986 4374 2213 4433 ululatu
2247 4376 2503 4432 omnium
2536 4376 2857 4447 celebrata,
2891 4379 2962 4435 ad
2996 4381 3412 4438 monasterium
3446 4383 3561 4441 iter

1899 4464 2135 4535 aggredi
2172 4469 2559 4534 maturarunt,
2592 4480 2706 4536 quo
2756 4480 2819 4522 se
2867 4467 3104 4538 sepeliri
3156 4472 3560 4544 mandaverat,

162 4554 691 4629 suissent,jacentis
712 4562 875 4613 tanta
897 4558 1086 4628 gratia
1109 4562 1170 4613 et
1192 4556 1402 4613 decore
1426 4557 1786 4628 respleuduit
1817 4555 1869 4616 D
1903 4555 2035 4626 quia
2070 4554 2221 4611 inter
2255 4554 2405 4611 ﬁlios
2434 4554 2490 4609 in
2521 4554 2721 4611 humili
2754 4555 2903 4627 loco,
2939 4558 3091 4613 sicut
3113 4562 3169 4612 et
3197 4560 3475 4630 praecepit
3499 4567 3564 4617 et

168 4640 321 4701 facies
342 4646 484 4717 ejus,
511 4652 570 4704 et
596 4648 675 4703 ita
691 4647 1093 4718 aptabaturei,
1112 4652 1389 4702 utomnes
1413 4646 1784 4716 mirarentur,

167 4734 213 4784 et
241 4746 382 4790 nunc
403 4751 592 4807 usque
613 4740 1021 4808 protestentur
1044 4734 1199 4806 quod
1224 4750 1531 4805 numquam
1556 4735 1635 4790 ita
1660 4736 1713 4790 ei
1733 4736 1789 4790 in

166 4820 275 4875 tota
302 4822 415 4879 vita
447 4838 556 4881 sua
586 4824 873 4881 habitudo
913 4824 1246 4881 vestimenti
1296 4823 1452 4880 illius
1500 4825 1555 4878 in
1600 4824 1789 4892 gratia

170 4915 415 4981 coaptata
447 4914 528 4969 sit
558 4914 713 4970 sicut
742 4917 902 4984 tunc,
927 4929 1058 4970 cum
1082 4912 1350 4969 omnibus
1372 4912 1583 4969 diebus
1604 4926 1790 4983 usque

171 4996 233 5050 ad
260 4997 312 5053 id
346 5005 576 5073 tempus
606 5009 666 5058 et
698 5003 898 5058 horam
928 5003 1025 5059 vix
1049 5002 1281 5058 inventa
1305 5002 1383 5057 sit
1416 5016 1658 5073 persona
1690 5002 1791 5058 ali-

175 5091 386 5153 qua,cui
401 5092 487 5147 sic
501 5093 843 5149 conveniret
860 5098 1104 5149 ornatus
1116 5092 1481 5163 etappositio
1495 5106 1791 5149 sacrarum

174 5176 399 5232 vestium
427 5179 582 5235 sicut
599 5181 674 5249 ei,
705 5181 756 5235 in
780 5182 991 5251 gratia,
1023 5181 1078 5235 in
1102 5182 1431 5252 honestate,
1458 5180 1513 5236 in
1537 5182 1793 5252 proceri-

176 5263 285 5318 tate
304 5264 358 5321 in
377 5266 600 5339 vultus,
621 5273 680 5325 et
704 5269 1223 5341 pronunciationis,
1244 5274 1302 5325 et
1327 5269 1683 5326 habitudinis
1714 5270 1796 5325 di-

176 5350 397 5416 gnitate.
429 5356 751 5415 Prostratis
771 5373 912 5428 ergo
932 5359 1222 5431 omnibus,
1243 5358 1495 5416 absolvit
1525 5364 1791 5431 cunctos,

1900 4642 2106 4712 voluit,
2140 4642 2414 4699 tumulari
2448 4643 2833 4714 disposuerat.
2861 4644 2992 4700 Ideo
3015 4652 3208 4702 autem
3243 4647 3443 4715 egredi
3468 4663 3564 4705 ac-

1900 4730 2220 4788 celeratum
2239 4737 2352 4802 est,
2372 4747 2440 4787 ne
2454 4732 2724 4789 veniente
2741 4736 2886 4789 duce
2902 4733 2992 4790 vel
3024 4734 3235 4789 comite
3268 4735 3563 4793 ceterisve

1902 4821 2107 4893 patrias
2140 4821 2511 4892 primoribus,
2546 4836 2576 4875 a
2611 4822 2823 4891 quibus
2857 4822 3032 4878 nimio
3074 4821 3430 4892 diligebatur
3481 4827 3569 4886 af.

1902 4909 2078 4977 fectu,
2111 4925 2327 4981 corpus
2354 4908 2480 4979 ejus
2507 4910 2882 4979 retineretur,
2916 4915 2973 4965 et
3010 4910 3080 4966 ad
3142 4914 3563 4972 monasterium

1904 5000 2149 5072 perferri
2181 5005 2516 5059 vetaretur;
2545 4998 2698 5069 quod
2722 5006 2780 5054 ct
2801 4999 3170 5070 contigisset,
3198 5000 3306 5057 nisi
3341 5003 3412 5059 ab
3446 5003 3561 5061 his,

1904 5104 2149 5161 quorum
2170 5087 2352 5145 studii
2368 5088 2421 5143 id
2434 5095 2559 5143 erat
2580 5089 3327 5160 prospicerc,anticipatum
3374 5100 3536 5150 esset

1906 5157 1969 5236 ut
2000 5194 2031 5235 a
2059 5177 2198 5234 villa
2228 5177 2444 5234 elatum
2470 5157 2594 5247 jam.
2621 5157 2844 5250 partem
2877 5157 2983 5234 viae
3031 5157 3378 5253 peregisset,
3432 5157 3567 5253 qua;

1907 5267 2070 5325 ducit
2102 5266 2204 5322 illo
2238 5282 2353 5338 quo
2380 5272 2505 5322 erat
2542 5268 2912 5325 tendendum.
2951 5268 3310 5327 Occurrebat
3331 5266 3565 5344 corpori

1910 5355 2235 5413 honoriﬁco
2268 5356 2441 5413 turba
2476 5357 2674 5429 populi
2705 5356 2923 5415 diversi
2950 5371 3129 5416 sexus
3155 5365 3217 5417 et
3263 5360 3474 5434 astatis,
3505 5367 3567 5421 et

1540 5457 1776 5515 VARIE
1814 5453 2217 5514 LECTIONES.

1748 5597 1969 5657 NOTAE.

240 5518 303 5554 ⁸³⁸
328 5526 393 5579 14
422 5524 594 5586 linea
617 5542 821 5589 erasa.

250 5660 677 5739 (QQOLScriptor
702 5669 909 5726 horum
942 5670 1119 5729 fuisse
1147 5668 1399 5730 videtur.

419 5756 627 5802 amen.
660 5739 882 5804 CLIV.

3215 5747 3291 5808 18
