3950 6306
459 302 576 368 395

1421 300 1780 368 I—lOGONIS
1824 299 2178 366 ABBATIS
2221 301 2905 370 FLAVINIACENSIS
3085 261 3092 265 ’
3731 313 3824 376 θρα

455 444 809 514 ubicumque
834 454 937 512 per
960 437 1128 497 villas
1162 440 1461 509 intrasset,
1499 441 1658 509 signa
1695 439 2100 512 pulsabantur,
2133 441 2188 500 A
2220 455 2356 496 sens
2399 456 2527 498 cum
2583 442 2882 512 fratribus,
2930 445 3309 520 quoadusque
3359 445 3488 501 navi
3535 445 3820 517 impositum

455 533 708 607 populus
737 547 767 588 a
791 530 936 588 vicis
958 534 1018 586 et
1041 524 1196 599 agris
1218 529 1578 586 conveniens
1600 529 1903 585 venientes
1931 543 2106 600 oppe-

456 625 720 680 riebatur
749 636 880 678 cum
910 619 1204 689 crucibus,
1239 615 1542 674 thurilililo
1589 622 1644 674 et
1699 617 2102 673 luminaribus.

459 711 606 768 Illud
642 714 834 767 autem
884 707 1230 777 mirabilius,
1283 705 1437 777 quod
1486 722 1616 763 cum
1661 721 1690 760 a
1743 705 1910 774 longe
1960 703 2109 760 vide-

461 807 591 857 rent
622 800 927 857 venientes
961 797 1180 854 funeris
1209 797 1655 866 obsequutores,
1699 794 1775 848 bii
1813 793 1908 864 qui
1938 798 2107 847 erant

457 892 514 946 in
547 890 705 960 agris
729 886 821 944 vel
857 887 911 941 in
947 885 1177 958 pascuis
1205 899 1509 954 equorum,
1537 883 1744 940 rustici
1789 883 1968 936 boves
2019 895 2106 934 rc-

457 979 820 1050 linquebant,
854 975 1086 1046 equites
1135 988 1320 1044 equos
1365 970 1780 1040 ascendebant,
1824 973 1881 1025 et
1931 969 2105 1025 funus

458 1067 665 1139 injussi
717 1063 1245 1138 prosequebantur,
1297 1066 1358 1117 et
1416 1075 1486 1116 ne
1542 1059 1748 1116 saltem
1804 1057 1964 1114 oneri
2027 1057 2104 1112 vi-

459 1157 741 1214 derentur
770 1167 904 1210 esse
937 1150 1148 1221 bajulis
1177 1150 1574 1222 exequiarum,
1611 1162 1738 1218 quae
1771 1145 2102 1202 necessaria

455 1251 622 1303 erant
655 1243 766 1315 ipsi
798 1243 909 1298 sibi
936 1241 1364 1312 praeparabant,
1391 1244 1600 1294 etcum
1625 1237 1956 1304 offerretur,
1993 1248 2103 1288 non

457 1333 843 1406 accipiebant.
910 1332 1047 1386 Cum
1107 1327 1210 1384 tali
1271 1327 1452 1397 igitur
1517 1323 1814 1396 triumpho
1879 1321 2103 1378 Tullum

457 1425 767 1490 venerunt,
816 1425 874 1475 et
902 1419 974 1474 ab
1023 1417 1300 1488 episcopo
1349 1421 1406 1471 et
1455 1416 1665 1470 abbate
1714 1413 1908 1468 Sancti
1959 1413 2106 1466 Man-

457 1512 606 1570 sueti
636 1512 838 1582 parata
863 1505 1268 1577 sollempniter
1293 1503 1692 1576 processione,
1718 1505 1842 1558 tota
1866 1515 2108 1568 congre-

454 1602 692 1671 gatione
723 1597 874 1655 albis
902 1595 1127 1664 induta,
1157 1594 1454 1662 crucibus,
1491 1591 1721 1647 vexillis
1768 1595 1826 1646 et
1874 1588 2106 1644 diverso

455 1689 659 1761 gloriae
692 1689 977 1758 apparatu
1009 1683 1202 1752 elatis,
1255 1696 1471 1751 corpus
1504 1684 1767 1735 sanctum
1790 1677 2102 1748 excipitur,

465 1783 600 1834 ante
627 1776 812 1831 altare
835 1772 1167 1844 deponitur,
1193 1775 1251 1825 et
1277 1769 1540 1838 exequiis
1582 1765 1979 1836 solcmpnlbus
2010 1765 2106 1819 ho-
2137 1798 2188 1856 Β

459 1872 720 1923 noratur.
755 1865 958 1933 Itaque
1009 1861 1084 1916 ibi
1139 1863 1543 1932 pernoctatum
1593 1862 1700 1912 est.
1757 1856 1943 1924 (Mart.
1990 1858 2103 1921 30.)

456 1955 562 2011 Ubi
593 1952 806 2022 illuxit,
841 1949 911 2007 ad
945 1949 1180 2004 missam
1213 1947 1420 2002 devota
1461 1947 1703 2000 fratrum
1753 1943 1970 1999 caritas
2017 1957 2104 1996 ac-

457 2043 736 2112 cingitur,
769 2044 826 2095 et
859 2035 1311 2094 occurrentibus
1342 2033 1612 2089 certatim
1650 2031 1938 2098 fidelibus,
1969 2045 2102 2085 cum

458 2146 680 2188 summa
715 2127 1026 2184 devotione
1056 2125 1110 2179 in
1167 2123 1336 2180 laude
1388 2123 1487 2177 Dei
1536 2127 1591 2177 et
1648 2119 1901 2176 fidelium
1946 2117 2106 2174 obla-

455 2221 615 2275 tione
649 2216 1110 2290 percelebratur.
1143 2211 1540 2282 Expectabant
1575 2209 1838 2264 ecclesia:
1871 2208 2104 2277 majoris

457 2307 644 2364 sancti
679 2302 954 2376 Stephani
987 2300 1250 2358 canonici
1275 2299 1488 2354 deferri
1517 2297 1628 2353 sibi
1651 2297 1877 2366 glebam
1901 2311 2106 2367 corpo~

435 2398 562 2467 'ris,
599 2399 664 2452 ut
691 2399 749 2449 et
783 2394 855 2448 ab
887 2391 1032 2462 ipsis
1061 2389 1327 2459 exequiis
1357 2387 1574 2442 debitis
1606 2387 2014 2455 honoraretur,
2047 2390 2101 2440 et

457 2499 565 2556 per
595 2479 945 2538 monasteria
977 2477 1234 2534 civitatis
1265 2475 1710 2547 deportaretur;
1743 2475 1844 2530 sed
1880 2475 1950 2529 ab
1996 2473 2102 2543 his,

458 2585 706 2644 quorum
733 2573 859 2626 erat
890 2568 1002 2622 iter
1049 2565 1402 2634 accelerare,
1455 2563 1795 2635 permissum
1839 2577 1948 2618 non
1995 2567 2105 2631 est,

458 2659 614 2732 quod
647 2659 794 2714 satis
823 2669 961 2726 egre
979 2655 1052 2710 ab
1073 2653 1349 2724 episcopo
1370 2656 1426 2708 et
1449 2652 1748 2708 canonicis
1781 2655 2104 2722 acceptum.

457 2748 578 2820 (fol.
616 2747 766 2818 147.)
800 2747 875 2802 Ea
927 2744 1021 2799 die
1071 2743 1242 2811 longo
1291 2741 1495 2797 ordine
1547 2739 2001 2812 praecedentium
2051 2743 2110 2793 et

459 2833 962 2906 subsequentium,
997 2834 1234 2887 ventum
1261 2835 1356 2887 est
1383 2830 1454 2884 ad
1483 2833 1895 2884 monasterium
1921 2832 2109 2896 sancti

456 2923 751 2982 Michaelis
797 2923 946 2992 (22f)
998 2934 1176 2990 super
1225 2919 1435 2974 Mosam
1490 2917 1723 2973 fluvium
1777 2917 1973 2984 situm,
2027 2913 2108 2970 uti

453 3019 595 3072 tunc
609 3018 667 3069 et
691 3025 844 3068 nunc
866 3008 1145 3080 praesidet
1168 3007 1315 3062 abba
1329 3006 1402 3060 tis
1415 3005 1604 3061 ofﬁcio
1619 3005 1864 3060 domnus
1878 3004 1941 3058 Ο.
1961 3004 2109 3073 (222)

455 3105 622 3162 bona)
647 3097 1044 3171 simplicitatis
1076 3096 1185 3165 vir,
1211 3094 1559 3151 innocentizc
1587 3099 1648 3149 et
1671 3093 1974 3162 religionis
2018 3092 2112 3164 do_

451 3191 753 3252 micilium,
789 3189 860 3244 de
879 3187 1083 3242 eodem
1106 3184 1370 3250 eenobio,
1399 3183 1494 3240 ubi
1519 3184 1608 3239 vir
1632 3182 1730 3238 Dei
1751 3182 1822 3238 de
1848 3197 1960 3252 quo
1991 3181 2112 3251 agi-

453 3286 548 3341 tur
579 3276 978 3335 monachicum
1010 3287 1200 3328 scema
1235 3275 1606 3342 susceperat,
1633 3274 1837 3342 raptus
1861 3270 1932 3326 ad
1962 3271 2112 3339 regi-

452 3382 582 3424 men
610 3365 961 3422 animarum!
992 3361 1097 3426 Qui
1120 3360 1294 3416 etiam
1323 3365 1480 3415 tanta
1507 3375 1568 3416 se
1588 3360 1835 3414 invicem
1863 3359 2112 3415 caritate

453 3455 805 3522 dilexerant,
840 3455 925 3519 ut,
962 3449 1324 3518 intelligeres
1347 3448 1634 3520 quandam
1660 3449 1712 3503 in
1734 3449 1820 3504 eis
1841 3447 2113 3505 caritatis

454 3551 515 3601 et
546 3540 957 3600 benivolentiae
989 3539 1448 3595 communionem
1483 3543 1541 3593 et
1572 3537 1820 3594 similem
1853 3538 2113 3594 innocin-

453 3633 551 3689 tire
582 3638 640 3688 et
672 3627 973 3699 religionis
999 3625 1394 3695 concordiam,
1433 3626 1584 3681 unde
1601 3631 1660 3682 et
1686 3625 1797 3681 iste
1825 3625 1986 3681 illum
2017 3641 2112 3696 pa-

450 3721 528 3776 tri
553 3719 754 3776 debito
778 3717 1168 3773 reverebatur
1190 3715 1432 3784 honore,
1459 3718 1518 3769 et
1542 3714 1717 3770 istum
1746 3714 1843 3769 ille
1865 3713 2108 3784 quadam

449 3808 767 3866 tenerrima
782 3812 840 3863 et
861 3803 1370 3877 inreprehensibili
1405 3801 1850 3874 amplexabatur
1883 3801 2114 3859 filiatiO'

453 3913 543 3969 ne,
570 3901 775 3969 utpote
795 3895 892 3966 qui
923 3896 1088 3951 bonae
1111 3893 1267 3962 vitae,
1298 3893 1463 3948 bonae
1481 3893 1664 3958 famm,
1683 3893 1848 3948 bona:
1871 3907 2111 3948 conver-

452 3981 1191 4052 sationiserantctgratim.
1215 3979 1316 4036 llic
1331 3985 1391 4036 ut
1409 3980 1634 4036 audivit
1651 3979 1834 4050 patris
1847 3980 2106 4037 defuncti

451 4073 660 4130 adesse
689 4069 1124 4142 corpusculum,
1160 4068 1326 4139 quasi
1367 4069 1462 4138 qui
1513 4073 1898 4139 suscepturus
1945 4072 2105 4124 esset

453 4159 888 4234 preciosissima
923 4159 1164 4228 pignora
1195 4160 1549 4226 sanctorum,
1583 4157 1946 4213 sicinstituit
1980 4172 2107 4225 pro-

451 4249 738 4307 cessionis
760 4247 1008 4303 officium
1033 4245 1326 4314 crucibus,
1344 4245 1591 4316 vexillis,
1617 4245 2101 4312 timiamatheriis,

449 4335 824 4396 ceroferariis
846 4340 902 4390 et
921 4335 1074 4390 omni
1090 4333 1292 4403 gloriae
1317 4339 1620 4406 apparatu,
1638 4341 1695 4391 et
1717 4335 1799 4391 sic
1812 4334 2105 4391 decoratis

448 4427 722 4486 omnibus
743 4424 952 4481 sericis
976 4438 1231 4494 auroque
1255 4424 1433 4480 textis
1456 4423 1724 4480 vestibus
1745 4425 1952 4480 obvius
1979 4439 2108 4496 pro-

2141 3143 2191 3207 C

2218 531 2482 600 aspectui
2509 531 2616 588 sub
2639 532 2980 602 duceretur,
3008 533 3207 602 dirigit
3231 533 3566 604 Virduuum,
3600 537 3824 595 omnibus

2221 619 2365 674 trito
2396 619 2544 675 calle
2575 620 3002 689 gradientibus,
3037 627 3096 676 et
3117 620 3449 692 psalmodize
3472 623 3706 679 cilicium
3738 641 3818 681 non

2219 707 2651 765 deserentibus.
2676 711 2920 764 Ventum
2949 711 3239 779 estigitur
3261 711 3328 766 ad
3350 710 3632 782 quandam
3667 713 3820 770 villam

2222 795 2518 853 Giniscort
2550 798 2780 854 nomine
2816 800 3175 870 populosam,
3227 815 3400 870 supra
3450 801 3734 871 praefatum
3763 805 3820 858 al-

2216 899 2382 939 veum
2410 886 2602 956 sitam,
2627 886 2822 942 tribus
2848 887 3036 957 leugis
3055 889 3127 943 ab
3152 889 3292 943 urbe
3315 888 3487 958 longe
3512 890 3752 960 positam,
3777 901 3818 946 ct

2217 971 2332 1027 illis
2363 975 2802 1031 remorantibus
2827 975 3246 1045 sliquantulum
3269 976 3363 1046 qui
3390 992 3492 1048 per
3506 978 3749 1036 sinuosos
3776 988 3819 1035 et

2216 1063 2467 1118 reflexos
2489 1063 2743 1120 fluminis
2765 1065 3064 1120 anfractus
3089 1081 3302 1136 corpus
3321 1065 3694 1138 deducebant,
3721 1084 3820 1124 cum

2215 1148 2298 1207 illi
2325 1150 2440 1219 jam
2474 1152 2770 1208 venissent
2797 1153 2894 1223 qui
2920 1154 3199 1223 exequias
3230 1155 3610 1222 deducebant,
3635 1162 3688 1212 et
3713 1143 3822 1213 remi

2212 1244 2843 1310 gantescxpectarent,
2863 1242 3264 1298 vcllcntetiam
3280 1247 3332 1298 et
3353 1247 3824 1302 ammonerentcle.

2217 1328 2373 1383 ricos
2402 1327 2578 1398 villae,
2619 1329 2792 1384 trium
2827 1329 3055 1385 scilicet
3089 1331 3511 1398 :ecclesiarum,
3542 1339 3606 1388 ut
3636 1334 3823 1405 corpori

2215 1417 2442 1472 obviam
2471 1427 2682 1473 euntes
2708 1418 2971 1474 funebria
2986 1419 3141 1488 justa
3170 1418 3588 1490 persolverent,
3618 1421 3826 1478 sicutiet

2217 1503 2313 1560 alii
2337 1506 2594 1560 fecerant
2615 1505 2789 1561 etiam
2810 1521 2922 1562 non
2947 1508 3246 1562 ammoniti
3275 1527 3287 1560 :
3321 1507 3567 1578 maligna
3605 1510 3823 1579 quadam

2215 1598 2273 1648 et
2303 1593 2537 1663 indigna
2567 1593 2894 1650 obicientes
2936 1596 3291 1666 sacerdotes,
3341 1611 3643 1666 numquam
3686 1597 3744 1653 ad
3780 1597 3822 1652 id

2216 1683 2342 1751 cogi
2371 1687 2709 1754 potuerunt,
2741 1684 3242 1753 utconsuetojure
3264 1685 3824 1741 humanitatisoratio—

2219 1786 2345 1827 nem
2364 1771 2805 1842 progredientes
2819 1772 3156 1838 darent;sed
3175 1773 3486 1842 malignum
3501 1788 3822 1830 eumasseve-

2220 1865 2572 1925 rantes,eum
2587 1874 2738 1929 esse,
2758 1861 2854 1930 qui
2869 1875 3004 1929 erga
3021 1861 3331 1933 episcOpos
3345 1861 3656 1918 rebellione
3674 1869 3822 1918 utere-

2219 1949 2502 2017 tur,ipsos
2519 1948 3294 2024 sacerdotio,imperatorem
3313 1965 3491 2020 regno
3503 1951 3656 2022 quasi
3670 1951 3825 2007 detrn.

2217 2035 2356 2092 dere
2385 2035 2709 2105 moliretur,
2743 2035 3185 2092 conclamabant
3221 2038 3450 2094 beatam
3481 2054 3606 2094 esse
3650 2037 3812 2094 horam

2216 2124 2436 2180 funeris
2455 2123 2602 2192 ejus,
2633 2124 2686 2178 in
2710 2139 2825 2195 quo
2849 2125 3036 2180 omnis
3051 2125 3394 2182 rebellionis
3408 2132 3464 2182 et
3481 2127 3820 2184 dissensionis

2214 2213 2448 2268 occasio
2471 2212 2819 2283 deperisset.
2839 2213 2938 2269 His
2961 2213 3038 2269 ita
3054 2213 3408 2283 garrulitate
3432 2215 3706 2272 rusticana
3722 2231 3821 2287 per-

2216 2302 2860 2372 strepentibus,corpus
2878 2303 3716 2374 pertransiit,prosequentium
3730 2310 3823 2360 tur-

2219 2389 2289 2445 ba
2313 2394 2544 2460 ceptum
2579 2390 2692 2445 iter
2723 2393 3074 2460 proscquuta
3107 2397 3216 2460 est,
3253 2392 3668 2448 rusticanorum
3692 2407 3820 2447 vesa-

2219 2479 2368 2534 niam
2387 2477 2606 2534 ultione
2622 2477 2812 2534 divina
2827 2479 3113 2547 evcstigio
3127 2486 3545 2550 consequente.
3563 2481 3684 2536 Cum
3704 2479 3819 2535 enim

2220 2569 2323 2624 hec
2350 2582 2412 2622 se
2438 2567 2649 2622 fecisse
2671 2567 2947 2635 gaudent,
2986 2572 3044 2622 et
3067 2568 3314 2638 quadam
3351 2570 3594 2640 superba
3632 2568 3822 2624 levitate

2222 2660 2382 2712 recte
2412 2669 2472 2710 se
2507 2655 2713 2712 fecisse
2744 2655 3106 2726 applaudunt
3138 2656 3246 2711 sibi
3287 2657 3476 2728 palam
3507 2661 3564 2712 et
3609 2656 3816 2728 publice,

2223 2744 2633 2816 impenitentes
2648 2743 2796 2813 ignis
2811 2743 2966 2799 ultor
2981 2743 3187 2800 invasit
3201 2749 3261 2800 et
3278 2750 3458 2800 totam
3484 2744 3664 2801 villam
3676 2745 3821 2800 incen-

2221 2833 2404 2888 dioab
2437 2833 2666 2900 integro
2697 2837 3121 2888 concrematam
3151 2832 3401 2889 necdum
3434 2847 3620 2889 mense
3655 2837 3820 2888 exacto

2223 2922 2400 2978 fuisse
2411 2923 2664 2976 constat.
2685 2921 2802 2976 Non
2819 2919 3183 2989 credenthis,
3202 2921 3296 2991 qui
3313 2921 3816 2978 noncreduntDeum

2222 3009 2534 3066 vindictam
2560 3009 2885 3064 retribuere
2901 3009 2952 3063 in
2971 3009 3170 3064 hostes
3187 3011 3384 3080 populi
3402 3011 3510 3080 sui,
3533 3010 3816 3080 sanguinem

2222 3113 2524 3155 servorum
2553 3111 2792 3153 suorum
2822 3101 3088 3168 paratum
3121 3096 3350 3154 ulcisci.
3391 3101 3511 3154 Jam
3559 3097 3625 3154 ad
3669 3110 3817 3153 mona-

2223 3187 2465 3243 sterium
2498 3185 2745 3242 nuncius
2777 3184 3211 3242 adventantium
3241 3187 3610 3258 exequiarum
3647 3200 3820 3258 praecu-

2221 3282 2508 3344 currerat,
2528 3273 2644 3342 jam
2668 3289 2812 3342 grex
2839 3273 3089 3330 filiorum
3123 3275 3272 3346 patri
3299 3275 3397 3345 pie
3417 3275 3651 3332 devotus
3677 3275 3724 3329 in
3749 3287 3819 3328 oc-

2220 3378 2459 3421 cursum
2485 3363 2754 3434 corporis
2775 3376 2958 3434 appro
2969 3363 3306 3434 pinquantis
3320 3363 3493 3434 longo
3511 3377 3754 3436 processu
3773 3376 3819 3414 sc

2223 3453 2619 3524 proripuerat,
2645 3457 2702 3508 et
2727 3456 3150 3522 praetergressa
3173 3451 3418 3509 civitate
3435 3452 3502 3509 ad
3531 3449 3816 3509 suburbium

2222 3541 2723 3597 ultramuraneum
2738 3539 3370 3611 opperiensvenientes
3387 3541 3438 3596 in
3452 3539 3696 3598 aecclesia
3719 3551 3816 3592 san-

2223 3628 2303 3683 cti
2319 3627 2573 3684 Victoris
2585 3627 2950 3682 consederat.
2971 3627 3108 3682 Erat
3123 3627 3179 3682 in
3194 3641 3257 3682 ea
3267 3627 3400 3683 dem
3423 3623 3816 3697 congregatione

2223 3715 2731 3786 frateraliquantm
2747 3713 3102 3784 utilitatis,si
3116 3716 3330 3772 scisset
3351 3717 3653 3788 reprimere
3665 3717 3816 3769 motus

2221 3805 2394 3862 animi
2411 3804 2783 3874 indignantis,
2799 3809 2860 3859 et
2875 3804 3174 3875 appetitus
3217 3805 3482 3876 frangere
3511 3802 3686 3861 carnis
3701 3798 3813 3855 malr

2221 3893 2599 3960 blandientis,
2629 3897 2688 3949 ut
2725 3892 2881 3963 quod
2913 3893 3254 3964 plerumque
3277 3895 3429 3951 male
3449 3897 3667 3964 ceperat
3703 3891 3812 3944 bene

2221 3985 2418 4038 nosset
2443 3980 2773 4036 dimittere.
2806 3981 2903 4050 qui
2925 3985 2982 4036 et
3007 3980 3564 4052 ordinationiejusin
3587 3976 3742 4045 initio,
3770 3974 3809 4026 in

2217 4070 2406 4126 medio
2435 4073 2496 4125 et
2528 4071 2580 4124 in
2614 4070 2724 4125 fine
2752 4084 2980 4140 semper
3000 4069 3198 4124 extitit
3230 4071 3576 4138 contrarius,
3605 4062 3813 4123 etomni-

2219 4159 2325 4215 bus
2349 4173 2530 4230 prope
2555 4159 2724 4214 factis
2744 4158 2870 4228 ejus
2887 4164 2946 4214 et
2965 4159 3278 4230 praeceptis
3304 4174 3410 4217 seu
3433 4151 3810 4214 constitutioni-
3884 4213 3888 4232 ι

2219 4247 2327 4304 bus
2352 4251 2482 4303 erat
2510 4247 2913 4313 adversarius;
2933 4247 3036 4304 sed
3061 4249 3219 4318 quod
3237 4247 3539 4305 destruere
3562 4259 3658 4301 non
3685 4243 3810 4313 pote-

2219 4335 2472 4407 rat,quia
2487 4336 2659 4391 aliter
2672 4335 3117 4406 nequibat,cgre
3131 4335 3444 4394 videbatur
3457 4336 3803 4392 assentaneus.

2221 4426 2358 4480 Erat
2379 4424 2578 4495 etiam,
2603 4428 2664 4481 ut
2686 4425 3013 4493 videbatur,
3035 4431 3094 4480 et
3118 4430 3182 4481 ut
3216 4427 3532 4494 asserebat,
3561 4417 3808 4478 infirmita-

445 4517 594 4574 cedit
620 4514 856 4587 corpori
882 4519 1044 4569 totus
1069 4512 1331 4583 festivus,
1350 4517 1600 4583 excepto
1616 4514 1767 4584 quod
1789 4527 1918 4569 cum
1939 4513 2108 4580 lacri,
2137 4497 2190 4557 D
2224 4515 2381 4570 tibus
2396 4514 2592 4570 carnis
2607 4513 3030 4584 aliquantulum
3047 4514 3427 4586 praepeditus,
3445 4514 3589 4570 sicut
3606 4508 3808 4581 plerum-

446 4607 556 4664 mis
588 4611 649 4662 et
670 4604 924 4675 gemitu;
961 4616 1306 4673 quamquam
1332 4605 1390 4657 et
1423 4601 1527 4657 hoc
1561 4601 1637 4657 sit
1662 4602 1930 4658 festivum
1955 4617 2105 4680 esse,

447 4695 729 4766 exequias
763 4692 1192 4762 religiosorum,
1226 4706 1426 4748 eorum
1459 4691 1704 4746 maxime
1738 4690 1835 4760 qui
1884 4690 2111 4748 labora-

451 4790 665 4842 verunt
699 4784 754 4839 in
790 4783 970 4839 verbo
989 4785 1048 4836 et
1066 4795 1265 4852 opere,
1286 4784 1345 4834 et
1368 4779 1438 4834 de
1463 4794 1709 4849 quorum
1733 4779 1852 4834 vita
1876 4794 1990 4835 non
2008 4779 2110 4838 du-

451 4874 693 4942 bitatur,
730 4871 786 4927 in
821 4885 1068 4942 quorum
1098 4867 1471 4924 estimatione
1495 4866 1622 4923 laus
1645 4871 1845 4923 nostra
1879 4883 1988 4923 non
2015 4885 2108 4940 pe-

449 4962 768 5031 riclitatur,
790 4959 1094 5016 celebrare
1119 4956 1524 5028 sollempniter
1541 4956 1594 5010 in
1619 4955 1839 5024 gemitu
1859 4957 2104 5030 etanimi

445 5050 815 5108 contritione.
837 5046 1122 5103 Volebant
1139 5044 1316 5116 aliqui
1343 5043 1662 5115 reprimere
1678 5044 1955 5116 impetum
1971 5045 2100 5118 viri,

445 5138 548 5194 sed
581 5137 674 5207 qui
709 5141 952 5192 noverat
987 5133 1248 5191 defuncti
1280 5133 1690 5202 innocentiam,
1729 5133 1908 5190 nichil
1933 5135 2106 5202 nimis

447 5228 738 5282 facturum
771 5239 833 5280 se
863 5224 1146 5280 credebat
1175 5223 1246 5279 ad
1269 5221 1397 5290 ejus
1427 5237 1531 5294 pro
1557 5223 1669 5278 Deo
1694 5225 2104 5282 reverentiam-

449 5314 635 5384 (Mart.
670 5311 778 5383 3f.)
814 5313 968 5368 Fecit
1001 5327 1143 5381 ergo
1178 5318 1346 5368 nocte
1380 5309 1499 5380 illa,
1535 5309 1688 5380 Quod
1715 5310 1904 5382 potuit
1937 5317 1996 5369 et
2021 5313 2104 5370 di-

445 5401 629 5458 ctavit
655 5399 964 5458 aestuantis
995 5400 1240 5456 affectus
1274 5397 1467 5467 animi,
1503 5402 1563 5453 et
1603 5397 1794 5455 locata
1851 5415 1994 5459 nave
2043 5407 2100 5460 et

448 5489 642 5547 nautis
669 5487 878 5559 bajulis
902 5487 1123 5546 funeris
1146 5502 1248 5559 per
1271 5488 1479 5543 Mosam
1507 5486 1762 5558 fluvium,
1790 5489 1915 5561 ipse
1957 5506 2101 5564 prm-

2221 4617 2334 4674 que
2365 4602 2580 4659 assolet
2610 4617 2682 4659 ex
2713 4601 3110 4672 indignatione
3141 4607 3201 4658 et
3229 4603 3472 4660 adversa
3495 4594 3799 4657 habitudine.
3883 4639 3886 4656 ,

2221 4707 2326 4748 seu
2357 4691 2730 4762 passionibus
2755 4689 3001 4747 hominis
3033 4691 3333 4748 interioris
3363 4689 3688 4748 exteriorem
3713 4694 3806 4738 cor-

2219 4780 2408 4853 rumpi
2437 4786 2494 4834 et
2525 4777 2843 4848 indignari;
2877 4779 3012 4836 dum
3044 4795 3156 4836 non
3198 4784 3285 4836 est
3338 4781 3436 4851 qui
3481 4776 3804 4834 medicamen-
3881 4787 3883 4796 π

2215 4872 2339 4927 tum
2372 4868 2662 4937 adhibeat,
2699 4873 2798 4923 aut
2827 4867 3107 4938 malagma
3136 4867 3321 4939 plaga)
3352 4866 3544 4925 liventi
3573 4860 3800 4932 imponat.

2218 4957 2370 5029 quod
2423 4956 2506 5013 illi
2554 4969 2724 5028 quam
2765 4957 3010 5014 maxime
3053 4958 3361 5029 contingit,
3409 4955 3501 5028 qui
3551 4949 3802 5026 passiones

2216 5048 2422 5104 animae
2447 5045 2596 5118 patri
2622 5045 2914 5116 spirituali
2939 5045 3132 5102 differt
3155 5045 3440 5103 confiteri.
3457 5045 3572 5111 Hic,
3595 5030 3798 5095 dumalii

2216 5136 2608 5205 accinguntur
2635 5134 3016 5206 expeditioni,
3053 5149 3163 5204 qua
3209 5134 3361 5206 patri
3409 5131 3624 5190 obviam
3673 5124 3796 5184 eant,

2214 5239 2450 5297 operam
2470 5224 2610 5281 dare
2624 5224 2759 5281 dum
2773 5228 3058 5280 conantur
3073 5227 3132 5278 et
3157 5221 3475 5282 necessaria
3494 5211 3796 5292 praeparant,

2214 5313 2284 5372 ad
2316 5314 2570 5384 priorem
2599 5312 2885 5371 accedens
2909 5325 3120 5369 causas
3151 5310 3502 5369 infirmitatis
3550 5299 3795 5394 enuncial,

2214 5417 2325 5460 non
2358 5418 2528 5476 posse
2559 5417 2622 5459 se
2645 5402 2761 5458 iter
2782 5399 2925 5458 illud
2948 5401 3238 5458 conficere
3261 5402 3538 5467 autumat,
3563 5399 3616 5452 ut
3640 5387 3796 5447 remit-

2211 5494 2375 5548 tatur
2387 5495 2612 5549 exorat.
2631 5490 2798 5548 Prior
2815 5489 3451 5563 tergiversationisejus
3461 5499 3565 5544 non
3581 5483 3792 5553 ignarus,

2046 5589 2268 5649 ΝΟΤιΕ.

518 5657 665 5734 (sai)
695 5659 748 5720 s.
785 5657 974 5717 Mihel.

2277 5661 2426 5738 (222)
2461 5659 2788 5720 Odelricus.
