3950 6326
58 334 157 395 897
1303 336 1797 402 CHRONICON.
1836 375 1912 386 —
1940 338 2105 404 LIB.
2146 336 2218 403 Ῑῐ.

3343 352 3459 411 398

59 486 160 542 quo
173 470 319 543 pede
344 469 718 529 claudicaret
739 474 883 530 bene
898 476 1139 548 sciolus,
1165 493 1269 536 nec
1283 478 1574 536 concessit
1595 490 1699 533 nec
1730 489 1785 550 Α
1816 474 1915 545 ligi
1945 474 2116 545 quod,
2151 475 2283 545 quia
2308 474 2453 547 ipse,
2479 477 2647 548 cujus
2666 483 2790 533 erat
2816 478 3283 548 funus,ordinate
3305 499 3462 541 Vixe-

59 560 271 631 abuuit,
306 560 416 617 sed
449 562 503 617 ei
536 565 724 618 totum
757 562 1054 637 imposuit,
1090 574 1149 623 ut
1172 572 1294 640 ipse
1315 569 1539 625 videret
1564 565 1700 638 quid

65 654 273 720 ageret,
299 650 613 720 negocium
641 651 796 708 istud
827 653 1031 710 dicens
1061 656 1213 713 inter
1237 660 1413 714 Deum
1437 661 1497 712 et
1516 656 1701 727 ipsum

66 743 341 807 constare,
360 739 459 808 qui
476 739 675 795 cordis
689 740 911 797 videret
930 745 1157 803 occulta
1178 764 1191 811 ;
1209 749 1563 818 praecaveret
1582 745 1702 815 ipse

68 827 187 899 sibi,
209 828 258 882 si
281 841 421 884 vera
444 833 605 884 esset
621 826 1064 899 impossibilitas
1079 849 1248 904 quam
1266 833 1700 906 praetendebat;

68 917 231 971 Deum
266 921 535 986 paratum
566 916 771 973 ulcisci
804 933 1028 975 omnem
1067 922 1464 992 dolositatem,
1509 920 1703 977 inobe-

66 1003 331 1060 dientiam
363 1008 421 1061 et
452 1005 814 1062 mendacium
841 1025 854 1073 ;
892 1024 951 1064 se
981 1024 1158 1082 super
1188 1027 1249 1068 se
1279 1010 1455 1066 nichil
1496 1011 1700 1066 horum

63 1092 343 1165 accipere,
372 1094 473 1149 sed
500 1096 616 1150 Deo
644 1100 703 1149 et
726 1094 835 1166 ipsi
865 1100 1379 1170 totumimponere.
1401 1098 1519 1169 (fol.
1555 1100 1696 1169 1:17).

58 1184 197 1237 Itum
228 1195 370 1251 ergo
401 1187 512 1253 est,
548 1182 648 1238 illo
682 1190 1037 1256 remanente,
1068 1192 1129 1243 et
1159 1202 1383 1243 onmem
1411 1186 1570 1242 illum
1597 1201 1700 1258 pro

60 1274 287 1325 mortuo
315 1276 660 1341 apparatum
693 1273 860 1343 quasi
889 1275 1152 1343 graviter
1183 1278 1424 1332 ferente.
1463 1275 1572 1331 Sed
1602 1274 1698 1345 qui

57 1358 119 1413 ad
151 1359 345 1429 patris
375 1358 461 1414 ire
490 1359 720 1415 distulit
754 1363 1049 1433 exequias,
1081 1364 1205 1435 ipse
1228 1380 1298 1421 eo
1321 1365 1417 1434 qui
1441 1364 1552 1420 sibi
1574 1378 1702 1419 con-

56 1446 367 1503 fessionem
400 1448 590 1518 daret,
623 1448 895 1505 viaticum
930 1453 1257 1521 porrigeret
1281 1452 1551 1508 morienti
1570 1465 1701 1507 exe-

56 1536 217 1605 quias
249 1536 488 1606 faceret,
513 1537 795 1607 obsequio
823 1540 1013 1595 caruit
1042 1559 1053 1593 :
1095 1542 1286 1597 subita
1311 1546 1371 1596 et
1404 1540 1699 1611 inopinata

55 1630 239 1679 morte
257 1624 593 1695 defunctus,
615 1630 678 1681 ut
692 1626 865 1681 etiam
879 1632 1011 1697 post
1034 1629 1239 1686 mortis
1253 1629 1377 1699 ejus
1391 1629 1699 1685 maximum

50 1711 427 1768 intervallum
460 1713 554 1767 vix
573 1713 871 1771 adveniret
904 1717 999 1787 qui
1026 1717 1212 1774 funeri
1235 1717 1535 1789 ejusjusta
1579 1732 1703 1787 per-

51 1800 331 1870 solveret,
364 1801 482 1857 Deo
514 1801 570 1856 in
605 1802 711 1858 hoc
741 1804 915 1860 etiam
949 1806 1103 1861 servi
1155 1807 1243 1862 sui
1286 1807 1527 1876 injurias
1560 1806 1701 1862 ulci-

51 1894 276 1945 scente.
306 1888 610 1944 Fratribus
634 1890 831 1961 igitur,
858 1897 919 1948 ut
944 1894 1013 1949 ad
1037 1908 1155 1949 rem
1182 1894 1505 1963 redeamus,
1525 1894 1578 1948 in
1594 1908 1700 1949 aec-

48 1976 229 2033 clesia
263 1977 453 2033 sancti
486 1978 742 2034 Victoris
772 1995 988 2052 corpus
1039 1983 1226 2054 patris
1273 1983 1693 2054 cperientibus.

48 2066 329 2138 episcopo
358 2081 498 2122 vero
526 2082 657 2123 cum
691 2067 923 2125 clericis
953 2075 1011 2125 et
1036 2070 1286 2140 diverso,
1314 2075 1375 2127 ut
1400 2070 1457 2126 in
1480 2072 1698 2127 talibus

53 2153 271 2210 assolet
302 2162 589 2227 apparatu
624 2156 764 2227 ripae
803 2159 1056 2214 fluminis
1106 2159 1454 2229 astantibus,
1508 2164 1697 2215 nautae

51 2242 370 2299 adveniunt
395 2259 525 2300 cum
540 2258 822 2316 corpore;
840 2251 899 2302 et
918 2252 1035 2303 tota
1054 2249 1195 2304 urbe
1213 2249 1483 2304 certatim
1498 2264 1701 2304 occur-

50 2335 238 2401 rente,
271 2335 333 2386 ut
366 2347 439 2388 ex
471 2334 913 2391 concertatione
940 2336 1212 2394 affectum
1258 2338 1513 2393 omnium
1562 2351 1699 2406 erga

49 2427 345 2476 mortuum
377 2420 762 2492 intelligeres,
800 2424 972 2480 funus
1001 2425 1324 2497 excipitur;
1361 2432 1419 2481 et
1461 2440 1703 2496 congre-

46 2507 388 2576 gationibus
412 2511 902 2583 praecedentibus,
936 2521 999 2568 ut
1028 2515 1206 2570 moris
1220 2515 1614 2584 est,crucibus
1644 2520 1698 2570 et

51 2596 281 2667 reliquo
304 2604 592 2670 apparatu
618 2600 776 2657 circa
798 2616 1012 2673 corpus
1030 2604 1485 2673 remanentibus,
1509 2602 1579 2659 ad
1596 2618 1703 2660 aec-

48 2684 287 2742 clesiam
313 2687 593 2757 majorem
616 2697 832 2745 sanctm
857 2690 1046 2746 Mariae
1072 2691 1181 2746 iter
1204 2691 1597 2762 protenditur,
1615 2697 1705 2749 to-

44 2776 103 2827 ta
134 2775 284 2830 urbe
312 2774 498 2843 signis
522 2775 915 2846 pulsantibus.
952 2778 1163 2833 Videre
1185 2784 1312 2834 erat
1332 2779 1700 2834 suburbanos
1755 2814 1758 2818 ι

48 2860 331 2933 homines,
369 2867 424 2917 et
461 2864 639 2919 etiam
684 2865 1037 2936 rusticanos,
1091 2868 1345 2938 compati
1400 2866 1700 2922 doloribus

47 2951 464 3007 monachorum
497 2966 603 3022 pro
634 2966 737 3008 sua
763 2953 1150 3010 destitutione
1167 2955 1532 3025 merentium,
1559 2959 1614 3010 et
1631 2969 1698 3011 ex

47 3039 456 3109 compassione
488 3040 545 3094 in
577 3055 778 3096 vocem
809 3056 937 3098 cum
970 3042 1228 3099 lacrimis
1267 3057 1592 3114 erumpere,
1639 3047 1697 3098 et

49 3125 246 3183 dicere
264 3148 284 3185 :
310 3128 470 3184 Boni
495 3130 792 3198 monac/tt,
824 3144 942 3188 non
971 3131 1235 3203 amplius
1268 3131 1700 3204 recuperabitz’s

1728 1853 1781 1912 Β

1814 568 1904 618 rat
1938 563 2177 620 honeste
2204 569 2261 619 et
2292 565 2559 621 ordinate
2591 580 2653 622 se
2684 567 2987 635 habuerat,
3024 569 3212 625 omnia
3246 586 3374 641 qua;
3406 574 3459 629 ei

1815 653 2239 722 competebant,
2275 653 2544 710 ordinata
2566 658 2623 710 et
2647 656 2966 726 composita
3000 671 3029 712 a
3054 657 3170 712 Deo
3193 658 3243 713 ei
3272 660 3463 729 provi-

1816 739 2115 796 derentur.
2152 742 2288 796 Nam
2321 747 2380 797 et
2411 757 2539 797 cum
2559 740 2629 798 de
2650 747 2817 813 petra
2842 758 2951 814 qua
2980 743 3171 801 claudi
3207 746 3458 804 debebat

1814 832 2109 898 ageretur,
2144 832 2200 885 et
2234 830 2329 885 vix
2361 830 2604 886 inveniri
2640 846 2807 903 posse
2838 832 3141 889 videretur
3170 833 3241 889 ad
3265 834 3459 895 locum

1816 918 1913 973 ubi
1948 917 2193 973 inveniri
2227 915 2543 989 putabatur
2571 919 2826 977 artiﬁces
2850 921 3076 992 directi,
3104 923 3287 994 prima
3311 925 3459 981 irru-

1816 1005 2012 1075 ptione
2041 1021 2145 1061 seu
2172 1005 2329 1063 aditu
2354 1012 2529 1065 terrae
2553 1010 2807 1079 quinque
2839 1015 3037 1081 petras
3050 1013 3457 1070 excavatasin-

1817 1100 2099 1149 venerunt
2128 1110 2256 1150 cum
2290 1096 2604 1167 operculis,
2642 1112 2883 1167 quarum
2929 1114 3054 1169 quae
3105 1099 3354 1171 dignior,
3398 1107 3456 1157 et

1816 1181 2017 1250 major,
2049 1188 2108 1238 et
2137 1183 2387 1240 habilior
2418 1184 2540 1240 visa
2571 1189 2680 1255 est,
2703 1187 2966 1257 receptui
2992 1188 3256 1259 corporis
3301 1190 3455 1246 beati

1816 1273 2012 1339 aptata
2033 1276 2140 1327 est.
2166 1271 2441 1327 Dicebant
2469 1272 2646 1343 aliqui
2671 1273 2915 1342 utjuxta
2942 1275 3215 1332 domnum
3252 1278 3460 1334 Beren-

1813 1357 2038 1426 garium
2071 1358 2428 1429 episcopum,
2464 1361 2559 1429 qui
2593 1360 2896 1417 institutor
2919 1362 3023 1417 fuit
3047 1363 3295 1434 cenobii,
3323 1369 3457 1421 ante

1815 1446 2000 1501 altare
2029 1446 2258 1503 scilicet
2290 1449 2475 1505 sancti
2522 1449 2758 1505 Firmini
2805 1450 3180 1522 sepeliretur,
3235 1467 3340 1524 pro
3387 1468 3457 1509 eo

1816 1534 1969 1603 quod
2002 1536 2375 1606 monasterio,
2415 1537 2509 1592 ubi
2541 1538 2873 1607 preciosum
2903 1554 3117 1610 corpus
3147 1541 3274 1611 ejus
3299 1542 3457 1611 quie-

1815 1623 1945 1693 scit,
1974 1624 2092 1679 vita
2112 1630 2449 1681 excesserat
2474 1644 2488 1691 ;
2516 1625 2617 1681 sed
2641 1626 2776 1695 quia
2797 1625 2960 1682 locus
2983 1626 3080 1683 ille
3096 1635 3456 1700 aconspectu

1814 1713 2290 1781 congregationis
2320 1713 2556 1770 nimium
2590 1720 2851 1773 remotus
2891 1719 3039 1786 erat,
3090 1722 3224 1772 ante
3272 1718 3459 1775 altare

1815 1801 2002 1856 sancti
2038 1802 2360 1872 Benedicti,
2389 1802 2554 1871 juxta
2580 1803 2851 1859 domuum
2900 1804 3195 1860 Dadodem
3238 1806 3463 1876 episco-

1813 1904 1970 1959 pum,
1996 1891 2092 1946 ubi
2117 1891 2291 1947 etiam
2319 1891 2567 1947 domnus
2584 1892 2940 1949 Humbertus
2961 1894 3184 1964 primus
3208 1894 3462 1964 ejusloci

1811 1978 1956 2033 abba
1995 1979 2367 2049 requiescere
2400 1979 2724 2050 dicebatur,
2759 1980 3059 2051 sepultura
3085 1983 3457 2052 ejusiniciata

1807 2070 1913 2122 est.
1950 2066 2109 2138 (Apr.
2146 2069 2223 2138 2.)
2257 2069 2376 2133 Qua
2405 2083 2652 2139 operose
2683 2068 3030 2140 accelerata,
3064 2070 3118 2124 in
3134 2071 3454 2129 crastinum

1808 2160 2164 2225 congregata
2196 2161 2285 2212 est
2317 2158 2505 2214 omnis
2534 2158 2742 2213 civitas
2772 2158 2843 2212 ad
2868 2158 3264 2229 sepeliendum
3285 2174 3415 2216 eum
3440 2179 3455 2229 ;

1808 2249 1866 2298 et
1890 2243 2257 2314 missadicta,
2281 2260 2549 2301 sermone
2574 2246 2732 2316 dato,
2758 2250 2933 2302 terrae
2953 2246 3219 2304 redditus
3238 2252 3349 2319 est,
3367 2263 3457 2304 re-

1810 2334 2139 2401 surgendus
2170 2333 2224 2388 in
2258 2334 2442 2403 gloria
2477 2340 2537 2389 et
2568 2333 2870 2390 nobiscum
2895 2348 3124 2405 semper
3144 2336 3461 2407 spirituali-

1811 2424 1903 2474 ter
1937 2426 2431 2487 conversaturus;
2467 2423 2622 2492 quod
2654 2427 2709 2477 et
2744 2423 2871 2493 ipse
2901 2424 3272 2495 promiserat,
3325 2424 3461 2483 dum

1813 2522 1966 2578 suos,
2002 2509 2098 2579 qui
2133 2516 2458 2580 praesentes
2491 2510 2757 2581 aderant,
2792 2511 2862 2567 ad
2884 2512 3061 2568 Deum
3088 2512 3299 2584 iturus,
3322 2514 3459 2585 Deo,

1812 2596 1979 2666 cujus
2010 2602 2198 2667 erant,
2235 2598 2332 2668 qui
2366 2598 2479 2653 sibi
2522 2613 2623 2655 eos
2663 2599 3054 2670 commiserat,
3110 2601 3456 2671 assignaret.

1814 2683 1918 2740 Cui
1950 2688 2005 2740 et
2039 2686 2147 2741 hoc
2181 2685 2352 2755 digne
2381 2692 2575 2756 potest
2630 2687 2683 2741 in
2736 2687 2960 2743 meritis
3009 2689 3247 2759 ascribi,
3301 2691 3456 2760 quod

1812 2772 2148 2842 apudDeum
2171 2773 2373 2829 vivens
2394 2774 2717 2844 optinuerit
2737 2779 2799 2830 ut
2827 2775 2979 2831 inter
3008 2775 3275 2846 sepulcra
3304 2778 3456 2848 epis-

1811 2875 2092 2932 coporum
2122 2867 2191 2918 25
2215 2863 2587 2934 sepeliretur,
2623 2864 2740 2933 ubi,
2759 2869 2974 2933 praeter
2998 2863 3265 2921 domnum
3281 2867 3455 2923 abba-

1812 2955 1927 3005 tem
1959 2950 2328 3022 Richardum,
2364 2956 2424 3007 et
2455 2951 2761 3022 praefatum
2792 2952 3172 3008 Humbertum
3221 2954 3457 3010 Ermen-

1809 3040 1994 3095 ricum
2028 3054 2260 3110 quoque
2292 3054 2457 3111 aeque
2480 3040 2742 3109 abbates,
2770 3036 3299 3112 domnum'quoque
3330 3044 3457 3099 Ber-

1808 3130 2029 3185 nerTum
2063 3128 2225 3184 urbis
2253 3128 2649 3199 praepositum,
2686 3128 2778 3184 cui
2808 3143 2914 3199 pro
2956 3144 3075 3185 suae
3118 3131 3450 3188 sanctitatis

36 3218 277 3284 patrem
291 3215 417 3273 tam
428 3219 618 3288 pium,
638 3219 757 3275 tam
775 3219 1468 3290 amatissz‘mum;merito
1488 3219 1699 3278 doletis
1729 3211 1777 3273 Ο
1809 3216 2018 3272 merito
2033 3216 2335 3288 sepultura
2351 3216 2446 3272 illa
2462 3232 2736 3274 concessa
2751 3223 2863 3288 est,
2886 3218 3080 3274 nullus
3094 3219 3363 3289 sepultus
3375 3220 3453 3276 in-

45 3305 257 3361 merito
282 3305 639 3363 tristaminz’.
671 3305 834 3371 Quod
868 3306 996 3363 ideo
1016 3314 1142 3363 erat
1174 3308 1498 3365 mirabilius
1537 3313 1595 3364 et
1624 3310 1697 3365 ad

46 3391 375 3449 divinitatis
407 3392 638 3449 laudem
668 3395 1090 3466 honorabilius,
1127 3396 1263 3466 quia
1298 3396 1394 3467 qui
1437 3396 1698 3467 aliquan-

45 3480 112 3536 do
145 3482 223 3536 δι)
257 3482 476 3553 ineptis
504 3488 565 3538 et
588 3482 780 3541 minus
829 3485 1198 3555 sapientibus
1247 3488 1567 3542 subversor
1617 3486 1698 3542 le-

42 3582 172 3637 gum
204 3575 266 3625 et
299 3571 508 3641 patria;
541 3586 648 3643 pro
680 3572 1051 3630 dissensione
1085 3575 1260 3645 regis,
1297 3575 1431 3644 quia
1462 3574 1695 3630 nolebat

43 3659 470 3715 communicare
513 3660 994 3719 destructoribus
1040 3670 1377 3719 sanctarum
1414 3663 1698 3720 constitu-

45 3746 267 3803 tionum
298 3748 509 3804 divinae
561 3748 726 3819 legis,
786 3750 1214 3823 appellabatur,
1276 3752 1370 3808 hic
1424 3766 1574 3808 nunc
1625 3753 1696 3808 ab

44 3837 313 3893 omnibus
343 3837 398 3892 in
431 3853 735 3894 commune
764 3845 822 3894 et
857 3840 1077 3910 absque
1116 3841 1483 3897 detractione
1529 3846 1697 3911 pater

46 3924 308 3980 civitatis
328 3930 388 3981 et
418 3926 648 3997 patriae,
685 3932 743 3983 et
775 3929 872 3997 qui
911 3943 1021 3984 non
1061 3929 1310 4000 amplius
1360 3930 1696 4000 recuperari

51 4018 269 4083 posset,
304 4015 392 4070 vir
422 4015 680 4085 consilii,
714 4031 913 4072 murus
935 4021 994 4072 et
1016 4022 1242 4074 scutum
1269 4018 1473 4074 domus
1514 4017 1701 4073 Domi-

51 4100 101 4154 ni
130 4102 651 4173 pronouciabatur,
683 4108 745 4159 ut
773 4103 1024 4161 lacrimae
1046 4110 1104 4161 et
1130 4106 1384 4175 gemitus
1407 4105 1697 4162 dictorum

52 4187 218 4246 ﬁdem
248 4196 517 4247 astruere
547 4192 871 4248 videretur.

117 4278 283 4350 (Apr.
318 4286 367 4336 1.
398 4281 419 4351 )
451 4281 543 4335 Sic
572 4280 891 4337 deductum
924 4296 1141 4352 corpus
1173 4296 1202 4337 a
1238 4282 1372 4339 ﬁliis
1401 4287 1460 4339 et
1486 4284 1557 4339 ab
1590 4298 1702 4339 om-

51 4366 100 4421 ni
131 4366 256 4423 fere
288 4370 506 4439 populo
534 4369 812 4439 civitatis,
846 4384 877 4425 a
919 4370 1211 4427 canonicis
1253 4374 1704 4428 occurrentibus

50 4454 192 4512 infra
226 4458 646 4515 monasterium
670 4464 887 4515 sanctae
920 4460 1111 4516 Mariae
1136 4461 1448 4532 excipitur,
1479 4466 1536 4518 et
1570 4465 1699 4533 post

1808 3306 2057 3375 venitur,
2075 3320 2202 3361 cum
2218 3304 2381 3361 locus
2395 3304 2492 3360 ille
2505 3307 2737 3376 ducum,
2757 3306 3454 3377 marchionum,comitum

1808 3392 2170 3463 aliorumque
2204 3408 2509 3465 procerum
2541 3395 2844 3465 sepultura
2876 3395 3118 3465 insignis
3140 3395 3446 3453 habeatur.

1879 3482 2039 3553 (Apr.
2078 3487 2130 3538 2.
2164 3482 2184 3553 )
2214 3483 2457 3554 Expleta
2492 3483 2672 3553 igitur
2703 3483 3023 3555 sepultura,
3057 3484 3129 3540 ad
3150 3485 3453 3541 consolan-

1808 3570 1915 3627 dos
1949 3572 2163 3627 fratres
2195 3572 2249 3625 in
2279 3571 2600 3642 capitulum
2633 3572 2790 3627 venit
2823 3573 3140 3643 episcopus
3182 3588 3316 3629 cum
3359 3575 3458 3629 ab-

1808 3659 2044 3716 batibus
2075 3664 2135 3715 et
2168 3660 2310 3716 cleri
2346 3660 2731 3732 primoribus;
2762 3665 2821 3714 et
2849 3676 2979 3715 cum
3014 3661 3208 3717 habita
3241 3666 3459 3718 tracta-

1808 3748 1966 3804 tione
1998 3750 2069 3805 de
2100 3753 2288 3804 morte
2320 3748 2520 3819 patris,
2555 3748 2626 3803 ad
2675 3748 3004 3816 eligendum
3041 3763 3452 3805 successorem

1810 3836 2347 3907 quiessetidoneus
2382 3843 2910 3907 commonerentur,
2943 3838 3109 3907 cujus
3138 3836 3456 3907 protelatio

1809 3925 2111 3995 religionis
2144 3930 2199 3981 et
2231 3925 2467 3981 honoris
2494 3932 2650 3980 esset
2680 3923 3008 3995 diminutio,
3036 3925 3283 3981 maxime
3323 3941 3456 3982 cum

1807 4019 2111 4071 constaret
2147 4014 2481 4069 defunctum
2516 4013 2865 4084 praecepisse
2897 4020 2957 4069 ut
2986 4014 3079 4070 die
3118 4016 3323 4070 eodem
3369 4031 3459 4074 se-

1811 4104 2063 4174 pulturae
2098 4118 2218 4159 suae
2247 4116 2554 4158 successor
2589 4102 2700 4157 sibi
2731 4102 3072 4174 eligeretur,
3100 4103 3171 4159 de
3194 4104 3457 4175 capitulo

1810 4206 2083 4263 egressus
2095 4197 2181 4248 est
2197 4192 2288 4263 epi
2301 4206 2515 4263 scopus
2531 4192 2674 4247 dans
2688 4195 3040 4262 oportunum
3057 4191 3247 4249 locum
3265 4194 3461 4249 fratri-

1815 4281 1941 4351 bus,
1978 4288 2043 4338 ut
2074 4284 2144 4337 de
2177 4287 2343 4352 patre
2375 4280 2483 4336 sibi
2516 4280 2906 4351 praeponenda
2938 4281 3212 4337 licentius
3262 4282 3333 4338 ab
3369 4282 3458 4339 eis

1814 4375 2194 4427 tractaretur.
2231 4372 2300 4425 Et
2332 4384 2461 4425 cum
2494 4384 2694 4425 omnes
2724 4371 3005 4440 exissent,
3036 4376 3095 4426 et
3141 4371 3221 4426 hii
3272 4370 3461 4427 solum

1815 4460 1884 4516 ad
1916 4475 2062 4530 quos
2095 4460 2427 4531 pertinebat
2458 4458 2689 4529 electio,
2715 4460 3157 4529 remansissent,
3192 4464 3248 4514 et
3284 4465 3461 4516 terrae

57 4546 329 4616 exequias
375 4546 446 4601 de
477 4561 638 4603 more
669 4548 1000 4603 celebratas
1030 4548 1200 4605 missa
1232 4550 1525 4618 generalis
1569 4564 1699 4606 cum
1731 4572 1785 4633 D
1818 4548 2097 4621 prostrati
2128 4553 2161 4604 9
2192 4548 2466 4618 psalmos,
2500 4562 2631 4603 cum
2663 4547 3048 4616 orationibus,
3085 4560 3328 4616 quarum
3356 4547 3462 4602 ini-

58 4632 450 4690 oblationibus
508 4634 866 4692 celebratur'
930 4636 1145 4693 Dehinc
1173 4637 1244 4692 ad
1286 4638 1700 4694 monasterium

53 4722 235 4778 sancti
249 4722 444 4778 Vitoni
460 4723 759 4795 processio
772 4724 941 4794 dirigi
952 4731 1065 4781 tur.
1080 4727 1496 4783 Precesserant
1508 4732 1701 4784 autem

57 4808 265 4867 fratres
280 4810 546 4880 ejusdem
569 4812 837 4885 caenobii,
867 4818 1174 4885 postquam
1215 4830 1430 4887 corpus
1454 4816 1638 4888 patris
1672 4830 1702 4871 a

58 4897 351 4955 canonicis
383 4904 725 4971 susceptum
755 4905 844 4957 est
866 4905 922 4957 et
949 4904 1115 4972 quasi
1137 4908 1363 4974 patrem
1403 4903 1701 4976 recepturi

59 4998 221 5054 quem
244 4988 596 5045 eternaliter
613 4993 814 5045 essent
839 4991 1116 5062 habituri,
1144 4992 1229 5048 sic
1252 5007 1316 5048 se
1345 4993 1701 5064 competenti

54 5086 210 5132 more
239 5077 693 5147 adornaverant,
728 5083 786 5134 et
819 5083 898 5135 ita
944 5074 1240 5152 caverant,
1293 5084 1356 5138 ut
1402 5082 1704 5139 canonicis

48 5165 489 5236 egredientibus
513 5172 743 5240 portam
768 5170 948 5241 urbis,
974 5171 1085 5242 ipsi
1109 5172 1166 5226 in
1185 5186 1292 5228 suo
1309 5172 1593 5229 suburbio
1607 5186 1702 5228 oc-

50 5262 374 5330 currerent,
411 5264 471 5315 et
487 5273 710 5329 corpus
722 5258 940 5316 honore
954 5260 1271 5317 condebito
1285 5262 1694 5334 suscipientes,

46 5346 262 5402 eisdem
289 5348 719 5404 comitantibus
749 5349 993 5406 cenobio
1022 5350 1326 5406 inferrent.
1362 5352 1500 5408 Post
1546 5351 1698 5422 quod

45 5447 75 5490 a
104 5437 398 5509 canonicis
431 5438 765 5495 discessum
787 5445 897 5510 est,
929 5444 988 5495 et
1011 5454 1041 5495 a
1069 5440 1205 5496 filiis
1234 5440 1539 5512 quaajusta
1563 5446 1699 5499 sunt

45 5529 273 5599 corpori
294 5527 663 5601 propensius
682 5526 898 5584 exibita
922 5534 1078 5586 sunt.
1104 5531 1189 5586 Ita
1214 5532 1405 5588 omnia
1429 5530 1699 5588 ordinate

44 5620 100 5672 et
132 5619 462 5691 composite
484 5615 934 5690 proveniebant,
970 5624 1030 5676 ut
1059 5619 1246 5692 palam
1271 5619 1701 5678 dareturintel—

1818 4639 1959 4694 tium
1992 4642 2082 4693 est
2105 4637 2439 4707 :Adsnmns,
2455 4636 2965 4706 sancteSpiritns,
2969 4635 3207 4705 peccati
3216 4634 3461 4704 quidem

1814 4726 2193 4785 immanitate
2216 4725 2458 4796 detenti,
2482 4725 2587 4782 sed
2604 4727 2672 4781 in
2688 4726 2785 4782 tno
2818 4726 3053 4781 nomine
3092 4722 3457 4794 congregati,

1816 4815 2249 4885 decantassent,
2288 4814 2385 4870 ubi
2417 4817 2798 4883 assurgentes
2826 4812 3194 4881 resederunt,
3228 4812 3463 4882 etapri-

1816 4919 1917 4961 ore
1940 4903 2236 4959 ammoniti
2253 4907 2451 4959 essent
2469 4908 2531 4958 ut
2546 4918 2714 4973 quem
2731 4899 3465 4971 idoneumjudicarenteli-

1813 4998 2066 5065 gerent,,
2118 5006 2182 5047 se
2227 4992 2273 5048 si
2315 4990 2585 5047 idoneum
2627 4995 2821 5046 nosset
2871 4989 3142 5061 electum,
3195 4994 3464 5061 paratum

1814 5081 2091 5139 electioni
2124 5079 2443 5137 assentire:
2477 5092 2793 5147 assurgens
2825 5079 3465 5149 suprascriptusfrater

1816 5174 1983 5229 bona
2014 5170 2148 5227 vitae
2179 5175 2236 5226 et
2268 5168 2592 5224 testimonii
2626 5172 2759 5221 ante
2782 5167 3222 5222 conversionem
3245 5171 3305 5222 et
3325 5174 3465 5239 post

1813 5259 2271 5329 conversionem,
2307 5257 2510 5313 ﬁdeles
2547 5254 2845 5311 orationes
2884 5256 3009 5308 toto
3044 5256 3359 5311 conventui
3391 5271 3465 5313 ex

1815 5356 1980 5423 parte
2013 5348 2206 5405 domni
2240 5346 2470 5402 abbatis
2500 5343 2728 5400 Rodulﬁ
2788 5342 3103 5415 peroravit.
3137 5343 3257 5414 (fol.
3313 5346 3462 5417 148.)

1814 5440 2036 5507 Quibus
2062 5434 2529 5503 ammirantibus,
2563 5438 2624 5489 et
2656 5432 3070 5489 salutationem
3108 5431 3265 5488 illam
3303 5433 3464 5502 geni-

1813 5531 1923 5586 bus
1954 5532 2131 5585 terrae
2162 5524 2403 5582 deﬂexis
2428 5527 2594 5593 grate
2622 5527 2678 5579 et
2710 5537 2841 5578 cum
2874 5520 3132 5578 lacrimis
3171 5520 3464 5594 excipien-

1809 5619 1992 5687 tibus,
2025 5615 2123 5673 ille
2156 5613 2402 5685 adjecit:
2429 5613 2635 5685 jubere
2666 5612 2935 5671 domnum
2962 5610 3230 5669 abbatem
3251 5608 3463 5668 Rodul-
