3950 6300
508 338 625 401 399
1457 331 1824 395 IlUGONIS
1849 327 2220 395 .ABBATIS
2267 318 2952 402 FLAVINIACENSIS
3775 343 3864 404 101)

511 477 628 532 fum
680 487 784 545 per
829 467 1242 538 obedientiam,
1297 475 1358 524 ut
1408 483 1808 524 successorem
1841 469 1950 525 sibi
1983 481 2150 538 quem
2180 467 2234 526 A
2266 474 2322 522 et
2356 471 2624 527 oratione
2651 474 2809 530 finita
2836 471 3528 545 memoriampatrismibi
3553 473 3863 542 quiescentis

510 565 634 634 ipse
662 561 1217 630 nominasset,quem
1248 556 1544 628 elegisset,
1577 559 1832 613 cuiouus
1870 571 2034 613 suum
2060 557 2154 610 im~
2272 557 2503 628 faciant,
2540 563 2928 618 constitutum
2946 569 3034 617 est
3060 567 3152 628 ;et
3179 577 3247 617 ne
3269 561 3362 616 cui
3385 573 3561 629 grave
3592 561 3858 627 videretur.

510 650 838 722 ponendum
862 648 1282 718 decrevissent,
1308 646 1610 716 eligerent.
1637 645 1894 712 Quicum
1920 648 2158 715 stupen-
2273 648 2542 703 memoria
2560 665 2688 720 quae
2712 651 2881 706 solita
2900 669 2930 706 υ
2942 656 3026 705 rat
3045 665 3147 722 pro
3164 651 3373 704 domno
3397 650 3606 705 abbate
3629 650 3861 706 Richardo

513 737 1009 796 tesobedientiam
1048 735 1441 806 excepissent,
1478 733 1577 788 ille
1615 733 1974 802 subjungens
2006 733 2158 804 prio-
2271 734 2385 790 dici
2415 741 2551 807 post
2585 739 2924 808 matutinos,
2961 754 3089 809 quas
3121 738 3286 808 quasi
3325 738 3400 792 ob
3447 751 3742 804 gravamen
3783 741 3864 795 fra-

512 826 1061 896 remnominavit,et
1077 821 1396 896 proeadem
1421 821 1904 892 obedientiaqute
1939 821 2051 877 sibi
2084 822 2160 876 si-
2275 827 2427 879 trum
2463 826 2534 880 ab
2565 841 2634 881 eo
2668 826 2997 882 intermissa
3032 832 3146 896 est,
3195 826 3330 896 quia
3383 824 3436 879 id
3491 825 3752 882 fratribus
3791 827 3865 883 ali-

511 922 613 975 cut
641 924 701 973 et
727 915 858 972 aliis
891 914 1106 984 injncta
1140 913 1352 982 fuerat,
1383 927 1453 967 ne
1475 909 2158 978 inobediensesset,eum
2275 911 2504 982 quibus,
2551 915 2702 985 apud
2737 929 2904 985 quos,
2947 919 3009 971 ut
3037 914 3272 983 dignum
3302 917 3415 981 est,
3444 912 3624 983 patris
3643 913 3863 970 Richardi

509 1021 639 1064 cum
669 1003 1025 1060 nominasset
1057 1001 1259 1070 elegit,
1290 1002 1608 1056 Asscnsum
1641 1004 1726 1054 est
1761 997 1813 1052 ei
1845 1013 1872 1053 a
1907 997 2158 1066 cunctis,
2274 1001 2546 1056 memoria
2576 1002 2830 1058 celebris
2860 1003 3128 1072 habetur,
3163 1016 3340 1070 grave
3372 1001 3692 1070 videbatur,
3735 1017 3864 1074 repe-

511 1093 612 1150 sed
629 1093 701 1150 ab
722 1107 811 1163 eo,
839 1091 937 1162 qui
961 1089 1392 1157 nominabatur,
1417 1103 1527 1143 non
1548 1094 1641 1143 est
1667 1105 1678 1141 :
1709 1085 2160 1156 Ego,inquiens,
2277 1089 2381 1144 tita
2415 1093 2528 1159 est,
2562 1105 2631 1146 ne
2663 1091 2825 1160 quasi
2859 1095 3247 1148 causarentur
3276 1089 3606 1144 memoriam
3641 1087 3778 1146 illius
3804 1091 3864 1145 in-

513 1183 809 1248 dixerant,
833 1181 890 1237 si
919 1178 1131 1236 idonea
1149 1191 1412 1248 persona
1440 1176 1780 1247 eligeretur,
1809 1189 1901 1230 me
1928 1187 2166 1230 censen.
2277 1178 2628 1248 ten-missam,
2661 1183 2717 1234 et
2751 1179 2924 1248 hujus
2955 1179 3266 1234 iniciatam.
3305 1177 3412 1232 Sed
3444 1182 3504 1232 et
3533 1191 3703 1247 usque
3731 1178 3865 1234 hodie

509 1283 720 1328 surum
746 1266 1055 1335 electioni;
1081 1279 1258 1334 nunc,
1299 1266 1448 1336 quia
1477 1263 1646 1319 video
1667 1277 1766 1320 vos
1782 1263 2093 1334 inﬁrmum
2111 1262 2170 1318 et
2279 1265 2466 1321 bonus
2494 1271 2661 1323 utror
2689 1282 2877 1338 .mque
2907 1275 3134 1338 patrum
3166 1280 3496 1336 successor,
3549 1271 3674 1321 ante
3715 1267 3868 1336 sepul-

512 1357 771 1416 Itebetem
799 1357 1064 1428 elegisse,
1091 1357 1150 1412 et
1167 1357 1340 1426 cujus
1363 1354 1696 1426 inﬁrmitas
1725 1353 1976 1413 desidia
2005 1351 2168 1408 nobis
2277 1355 2788 1426 crum-transiens,
2821 1371 2961 1411 oves
2989 1355 3098 1410 sibi
3129 1357 3202 1410 ab
3230 1370 3298 1410 eo
3327 1354 3664 1410 commissas
3693 1354 3763 1409 illi
3803 1370 3866 1410 re-

495 1448 836 1519 fomentum
863 1447 968 1516 sit,
998 1459 1115 1501 non
1144 1444 1426 1512 assentio,
1459 1444 1722 1499 maxime
1747 1456 1877 1498 cum
1909 1441 1966 1496 et
2021 1441 2169 1496 elec-
2279 1443 2580 1511 consignat
2607 1461 2621 1507 ;
2653 1449 2713 1498 et
2747 1449 2811 1499 ut
2839 1444 2910 1499 ab
2939 1459 3008 1498 eo
3043 1449 3320 1512 regantur
3339 1447 3396 1498 et
3432 1447 3801 1513 protegantur,
3825 1449 3870 1496 ct

513 1535 596 1593 tio
623 1535 825 1592 vestra
850 1547 1141 1592 canonum
1167 1531 1457 1603 repugnet
1481 1530 1802 1599 institutis,
1853 1530 1913 1585 et
1959 1527 2026 1584 ob
2061 1529 2168 1584 hoc
2281 1535 2481 1601 pastor
2501 1537 2558 1586 et
2582 1546 2723 1588 oves
2745 1531 3090 1602 plerumque
3114 1546 3166 1586 οι
3183 1547 3232 1598 e,
3261 1544 3490 1602 semper
3510 1536 3690 1586 autem
3719 1530 3868 1586 animo

513 1625 763 1696 inﬁrma
792 1622 894 1690 sit,
929 1621 1088 1692 quod
1114 1635 1231 1677 non
1262 1619 1401 1676 licet
1412 1620 1738 1690 praelatum
1755 1619 2014 1674 ecclesiae
2045 1631 2167 1673 suc'
2279 1633 2345 1674 ac
2359 1617 2668 1675 devotione
2683 1624 2905 1675 exorat.
2926 1619 3164 1675 ’l‘ribuat
3181 1619 3262 1674 illi
3279 1620 3433 1674 Deus
3455 1621 3515 1673 ut
3531 1633 3714 1673 curam
3735 1633 3867 1688 quam

515 1725 798 1769 cessarem
816 1709 936 1767 sibi
957 1710 1194 1780 eligere.
1221 1707 1458 1763 Dicebat
1483 1708 1661 1762 hecct
1684 1705 1794 1761 alia
1812 1705 2016 1776 multa,
2035 1719 2165 1760 cum
2277 1707 2502 1763 invitus
2542 1707 2823 1779 suscepit,
2861 1707 3113 1762 fideliter
3143 1711 3492 1776 exequatur,
3526 1709 3587 1760 ut
3611 1707 3678 1761 ab
3705 1707 3863 1761 auditu

517 1800 617 1856 ille
647 1801 828 1856 frater
863 1799 918 1854 id
949 1796 1136 1853 solum
1169 1797 1440 1853 omnibus
1457 1796 1722 1851 obiceret
1747 1795 2038 1850 :Domnus
2068 1792 2167 1848 αὑ·
2196 1816 2250 1875 Β
2283 1795 2431 1850 malo
2467 1809 2578 1850 non
2605 1795 2826 1865 timeat,
2855 1795 2955 1851 sed
2970 1794 3503 1866 Eugedominicum
3520 1793 3866 1862 audiat,etsu-

518 1888 622 1946 bas
644 1887 946 1960 Rodat/us
962 1901 1070 1958 per
1089 1884 1486 1941 obedientiam
1497 1883 1776 1955 prccipit.
1797 1881 2168 1949 Quidmulta?
2279 1899 2384 1954 pra
2420 1884 2598 1939 multa
2632 1884 2911 1940 constitui
2951 1888 3260 1940 mereatur.
3292 1883 3404 1950 Qui
3437 1889 3623 1939 autem
3667 1883 3864 1938 voluerit

515 1975 740 2032 Electio
777 1976 928 2031 facta
961 1975 1032 2030 ad
1066 1974 1256 2045 laycos
1291 1972 1473 2027 relata
1505 1977 1595 2026 est
1617 1976 1673 2025 ct
1702 1974 2059 2042 praeceptum
2085 1975 2167 2024 at-
2282 1985 2599 2041 agnoscere
2620 1972 2757 2042 quid
2779 1973 2850 2027 de
2867 1963 3029 2043 patre
3045 1977 3244 2027 nostro
3259 1971 3550 2026 Ricbardo
3583 1971 3703 2027 huic
3732 1971 3864 2041 patri.

517 2079 628 2136 que
660 2063 968 2120 consilium
1003 2061 1230 2134 praefati
1267 2061 1450 2132 patris
1501 2059 1618 2115 illis
1662 2059 1907 2113 relatum
1953 2063 2065 2125 est,
2111 2057 2167 2112 in
2281 2065 2486 2116 nostro
2503 2059 2752 2116 Rodulfo
2769 2061 2842 2115 ab
2863 2059 3069 2127 angelo
3091 2066 3390 2116 ostensum
3418 2060 3514 2129 sit,
3545 2063 3604 2115 ut
3625 2061 3690 2114 ab
3709 2061 3866 2114 eofra-

516 2169 632 2224 quo
649 2153 836 2209 omnis
859 2151 1171 2208 assentiret
1197 2148 1594 2217 congregatio.
1618 2147 1797 2212 Quam
1820 2145 2164 2201 electionem
2283 2149 2472 2204 tribus
2506 2148 2751 2204 relatum
2783 2153 2897 2218 est,
2931 2149 2988 2203 in
3021 2149 3140 2203 vita
3173 2148 3396 2219 praefati
3450 2147 3769 2202 venerabilis
3784 2147 3864 2201 viri

521 2241 640 2297 illis
668 2239 1150 2311 suscipientibus,
1185 2241 1240 2293 et
1277 2237 1332 2290 iu
1373 2250 1438 2290 ea
1474 2251 1582 2290 una
1616 2249 1758 2290 voce
1789 2235 2056 2290 omnibus
2079 2248 2168 2290 ac-
2279 2236 2552 2292 Richardi
2586 2241 2814 2306 querat,
2836 2241 2895 2292 et
2917 2236 3192 2291 inveniet.
3218 2237 3403 2290 Natus
3421 2240 3510 2290 est
3529 2239 3704 2290 autem
3726 2233 3863 2289 isdem

517 2328 933 2396 clamantibus,
965 2326 1035 2381 ad
1058 2323 1378 2396 capitulum
1405 2329 1713 2379 revocatur
1733 2323 2066 2394 episcopus.
2099 2325 2166 2378 Et
2279 2325 2385 2392 vir,
2409 2324 2610 2394 quisic
2632 2323 2940 2380 ordinatus
2960 2330 3072 2392 est,
3098 2324 3152 2378 in
3177 2323 3476 2394 episcopio
3502 2323 3862 2389 Leodeusi,non

517 2431 648 2472 cum
685 2414 1005 2471 resedisset
1037 2428 1166 2470 cum
1211 2411 1525 2467 abbatibus
1556 2416 1612 2465 ct
1651 2410 1794 2465 cleri
1825 2411 2164 2480 eapitaneis,
2279 2412 2554 2480 ignobilis
2580 2411 2832 2481 familiae,
2852 2416 2909 2467 et
2932 2411 3134 2468 eodem
3161 2418 3428 2482 tempore
3443 2427 3552 2480 quo
3581 2417 3636 2466 et
3669 2410 3864 2466 domnus

519 2517 842 2572 assurgens
871 2501 1210 2572 sepedictus
1242 2500 1424 2554 frater
1456 2497 1789 2568 iilem,quod
1813 2497 2172 2553 dixeratfra-
2281 2501 2463 2556 abbas
2493 2499 2780 2556 Rodulfus
2809 2499 3007 2556 seculo
3040 2499 3327 2556 derelicto
3354 2498 3848 2555 monachicumhabi

521 2592 729 2661 tribus,
765 2588 1468 2662 recapitulavitepiSCOpo
1485 2586 1774 2642 ceterisve
1790 2586 2165 2656 primoribus,
2285 2595 2403 2646 tum
2439 2589 2722 2659 suscepit,
2757 2595 2815 2644 et
2847 2589 3052 2645 eodem
3081 2589 3328 2644 cenobio
3359 2604 3476 2658 quo
3522 2594 3578 2644 et
3627 2589 3765 2658 ipse;
3805 2599 3862 2644 ρι,

519 2680 790 2737 domuum
819 2677 1094 2734 videlicet
1128 2676 1396 2733 abbatem
1432 2675 1743 2731 Rodulfum
1777 2679 1837 2728 et
1871 2674 2080 2742 jubere
2109 2678 2164 2728 et
2283 2681 2548 2749 promoto
2582 2675 2653 2731 ad
2688 2676 2977 2732 abbatiam
3011 2692 3143 2732 cum
3191 2677 3350 2747 prior
3399 2682 3578 2745 esset,
3627 2676 3677 2730 in
3720 2673 3861 2730 locum

521 2768 749 2842 precari
783 2772 844 2824 ut
875 2779 1184 2823 successor
1215 2779 1244 2820 a
1279 2779 1341 2820 se
1371 2762 1598 2819 electus
1619 2768 1676 2818 et
1702 2763 2036 2818 nominatus
2059 2761 2168 2818 sibi
2279 2765 2406 2834 ejus
2430 2764 2788 2820 substitutus
2819 2770 2930 2834 est,
2965 2769 3022 2820 et
3054 2769 3186 2836 post
3214 2779 3345 2821 cum
3377 2765 3661 2821 Divionem
3682 2761 3862 2817 commi-

513 2858 776 2916 daretur.
809 2854 1165 2911 Electionem
1196 2854 1375 2923 igitur
1409 2857 1685 2923 quantum
1713 2851 1768 2905 in
1794 2865 1854 2906 se
1877 2857 2024 2919 erat,
2052 2850 2174 2906 lau-
2280 2866 2637 2922 grassemus,
2659 2852 2997 2908 claustralis
3021 2853 3097 2907 ibi
3123 2853 3284 2924 prior
3307 2853 3543 2910 habitus
3560 2856 3664 2921 est,
3685 2854 3734 2906 et
3749 2853 3860 2920 post-

515 2947 614 3002 dat
645 2945 978 3018 episcopus,
1009 2948 1067 2999 et
1091 2941 1336 3012 inquirit
1363 2947 1553 2996 utrum
1581 2940 1635 2994 in
1663 2939 1770 2996 hac
1809 2940 2168 2995 consentiret
2283 2941 2512 2996 modum
2547 2941 2835 3010 regressis
2867 2941 3148 2996 fratribus
3171 2940 3242 2996 ad
3265 2941 3590 3009 cenobium,
3615 2940 3859 2994 revocante

513 3039 848 3092 conventus
879 3037 938 3089 et
973 3030 1242 3102 populus.
1286 3029 1510 3096 Quibus
1548 3028 1770 3098 pariter
1810 3027 2176 3084 acclamanti.
2281 3043 2410 3084 eum
2441 3030 2685 3100 praefato
2713 3029 3020 3099 patre,sub
3043 3043 3112 3084 eo
3143 3035 3204 3084 et
3236 3029 3306 3083 ab
3336 3044 3408 3086 eo
3429 3029 3585 3100 prior
3605 3026 3860 3082 Virdunen-

518 3125 650 3194 bus,
674 3137 806 3180 cum
831 3121 1058 3178 electus
1083 3132 1214 3188 quae
1231 3117 1675 3173 dixerateadem
1693 3119 1750 3171 et
1773 3115 1981 3170 similia
1998 3115 2172 3173 vellet
2203 3165 2254 3230 Ο
2285 3117 2366 3172 sis
2388 3115 2697 3172 institutus
2713 3122 2820 3172 est.
2844 3117 2933 3172 Sic
2950 3129 3052 3188 per
3065 3115 3287 3187 singula
3315 3117 3658 3173 monasteria
3679 3112 3864 3170 etmini-

521 3215 676 3230 ____‘
695 3224 785 3230 Α..-
857 3213 898 3230 ,ι
939 3206 1282 3230 Λιηηιεηηη...
1317 3205 1368 3230 ε..
1407 3219 1468 3230 ηιι
1503 3204 1710 3230 νηί-οη...
1747 3204 2035 3230 ..τοίη-ιιι..-
2075 3204 2145 3230 ἓν...
2286 3205 2460 3230 ,ολ-ε..
2498 3205 2779 3230 ιιι-Αιὶῆιιιη
2836 3219 3064 3230 ,νυ-...ιη-
3087 3205 3406 3230 ..-μην-,ηιηηρι
3432 3213 3480 3230 Α.
3513 3203 3784 3230 -.-Αηηέιηια
3814 3199 3860 3230 ml

521 3215 811 3282 repetere,
843 3213 904 3264 et
935 3206 1285 3263 electionem
1316 3205 1369 3259 in
1407 3219 1468 3259 se
1503 3204 1710 3258 factam
1746 3204 2035 3261 niteretur
2074 3204 2176 3260 im-
2203 3199 2254 3230 υ
2286 3205 2462 3260 steria
2496 3205 2802 3275 probatus,
2835 3219 3064 3276 semper
3085 3205 3410 3262 ascendens
3429 3213 3484 3262 et
3512 3199 3861 3278 proflciens,ad

521 3301 794 3372 probare,
821 3311 850 3352 a
875 3297 1056 3351 fratre
1075 3295 1171 3350 cui
1195 3297 1539 3366 preceptum
1566 3293 1755 3348 fuerat
1777 3293 2170 3364 concurritur,
2287 3293 2541 3362 regimen
2557 3292 2875 3349 animarum
2893 3293 3018 3349 loco
3032 3298 3242 3350 etvoto
3259 3295 3444 3364 patris
3462 3296 3764 3364 assumptus
3781 3294 3862 3349 est.

526 3386 833 3458 arripitur,
868 3389 924 3440 et
957 3399 1088 3440 cum
1120 3382 1374 3450 sederet,
1419 3383 1491 3436 ab
1522 3396 1593 3436 eo
1619 3385 1676 3436 et
1708 3380 1950 3452 reliquis
1977 3382 2072 3452 qui
2105 3381 2176 3438 ad
2359 3383 2521 3436 Anno
2543 3381 2615 3437 ab
2640 3381 2919 3449 inc.Dom,
2968 3385 3122 3438 1101.
3176 3381 3270 3438 die
3320 3382 3650 3438 festivitatis
3700 3382 3866 3435 sancta

520 3475 632 3531 hoc
664 3473 852 3545 ipsum
889 3486 1058 3542 opem
1089 3485 1253 3526 suam
1289 3473 1636 3540 paraverant
1685 3470 2009 3540 praesentiae
2057 3471 2178 3540 epi-
2289 3469 2537 3538 Ceciliae,
2563 3475 2773 3526 ventus
2795 3469 3106 3526 vehemens
3128 3472 3532 3527 Normanniam
3557 3463 3864 3535 intravit,qu

523 3561 685 3634 scopi
717 3560 975 3629 sistitur,
1011 3563 1070 3615 et
1105 3563 1168 3614 ut
1203 3557 1475 3614 Baculum
1498 3557 1849 3629 pastoralem
1873 3557 2174 3630 suscipiat,
2289 3557 2432 3614 adeo
2463 3557 2775 3614 vehemens
2806 3558 2936 3628 fuit,
2973 3563 3037 3614 ut
3065 3558 3312 3629 quedam
3355 3559 3578 3616 edificia
3625 3553 3862 3613 straverit.

523 3651 924 3720 ammonetur,
955 3646 1207 3716 cogitur,
1241 3660 1346 3701 nec
1377 3645 1649 3702 vincitur.
1676 3645 1782 3701 Ubi
1804 3645 2176 3702 inﬂexibilem
2289 3646 2468 3703 silvas
2488 3650 2678 3702 autem
2699 3647 2777 3701 ita
2793 3645 3210 3718 devastaverit,
3237 3649 3865 3712 utetiamannosasquer-

521 3739 650 3811 ejus
679 3737 931 3794 animum
978 3735 1127 3792 vidit
1175 3735 1490 3806 episcopus
1543 3740 1599 3790 et
1653 3734 1749 3805 qui
1799 3734 2062 3805 aderant,
2098 3735 2182 3790 in-
2287 3749 2394 3791 cus
2426 3749 2538 3790 non
2572 3735 2866 3805 aliquibus
2901 3735 3202 3792 utassolet
3226 3736 3280 3792 in
3301 3735 3464 3802 locis,
3499 3735 3598 3792 sed
3634 3727 3864 3788 totamsil-

521 3829 727 3884 clioata
759 3826 1078 3896 antiphona
1117 3825 1422 3882 Conﬁrmet
1449 3823 1558 3880 hoc
1585 3825 1763 3893 Deus,
1785 3823 1840 3878 in
1857 3823 2178 3881 aecclesiam
2291 3839 2438 3893 vam,
2473 3823 2607 3880 dum
2637 3823 2744 3879 hec
2765 3828 2930 3880 eruta
2955 3822 3126 3880 alteri
3153 3824 3362 3891 innisa,
3399 3839 3523 3880 eam
3545 3822 3630 3880 cui
3654 3818 3865 3876 innititur

523 3932 554 3974 a
583 3916 866 3973 fratribus
898 3918 1236 3986 asportatur
1258 3913 1458 3984 potius
1478 3927 1649 3982 quam
1669 3911 1999 3983 deducitur,
2019 3919 2079 3970 et
2098 3915 2182 3970 in-
2291 3911 2507 3982 frangit
2527 3915 2582 3967 et
2610 3911 2829 3983 dejicit,
2857 3913 2928 3968 ab
2955 3913 3082 3967 imis
3108 3911 3408 3969 radicibus
3427 3911 3654 3968 eruerit.
3678 3906 3866 3964 Fuitau-

520 4006 654 4062 loco
680 4003 914 4062 abbatis
943 4001 1197 4072 sistitur,
1231 4001 1393 4070 signa
1433 4001 1701 4056 manibus
1729 4000 1857 4070 ejus
1896 4001 1948 4058 vi
2002 4003 2182 4074 impo-
2293 4003 2406 4056 tem
2439 4000 2595 4056 circa
2629 3999 2874 4056 mediam
2910 4007 3160 4071 noctem,
3196 4007 3254 4056 et
3297 4000 3527 4058 duravit
3577 3999 3684 4054 fere
3729 4006 3865 4060 usqui-

533 4098 772 4160 nuntur,
807 4105 912 4148 nec
945 4091 1016 4147 ab
1047 4105 1118 4146 eo
1153 4089 1498 4162 pulsantur;
1523 4093 1582 4144 et
1612 4104 1641 4144 a
1671 4094 1963 4146 conventu
1983 4096 2044 4147 ut
2065 4107 2180 4148 mo-
2291 4089 2361 4145 ad
2394 4089 2543 4144 diem
2575 4087 2840 4158 mediam,
2875 4104 2976 4144 nec
2999 4087 3310 4160 aliquando
3328 4087 3679 4160 temporibus
3699 4078 3866 4138 nostris

525 4181 609 4238 ris
635 4179 862 4250 estjam
880 4194 993 4236 non
1016 4178 1320 4249 resistens,
1347 4177 1481 4248 quia
1506 4191 1616 4232 non
1639 4177 2178 4248 proﬁciebat,de0s—
2292 4176 2618 4248 bujusmodi
2647 4182 2858 4233 ventus
2893 4177 3128 4234 auditus
3157 4183 3270 4241 est,
3322 4188 3672 4248 quocumque
3715 4166 3860 4225 irruit.
3892 4209 3900 4232 ,

521 4270 778 4339 culatur,
809 4273 870 4325 et
893 4267 1164 4340 sequenti
1198 4265 1484 4323 dominica
1511 4264 1566 4319 in
1589 4266 1858 4322 abbatem
1887 4267 2180 4325 benedici-
2291 4267 2369 4322 ita
2400 4265 2589 4322 omnia
2621 4264 3112 4337 pessumdederit.

526 4366 640 4416 tur.
678 4360 882 4416 Actum
914 4362 1002 4414 est
1033 4357 1144 4412 hoc
1177 4369 1328 4412 anno
1359 4354 1432 4410 ab
1466 4353 1578 4410 inc.
1613 4355 1772 4410 Dom.
1812 4359 1967 4412 1099.
1989 4361 2037 4412 4.
2059 4359 2177 4414 Non
2359 4356 2522 4411 Anno
2551 4355 2624 4410 ab
2656 4354 2766 4411 inc.
2817 4356 2972 4410 Dom.
3028 4359 3166 4410 1102
3213 4354 3520 4410 ordinatus
3563 4355 3648 4408 est
3691 4349 3738 4404 in
3775 4340 3865 4412 cpi-
3895 4349 3900 4368 '

525 4445 764 4519 Aprilis,
799 4449 850 4502 4.
889 4445 1050 4513 feria,
1081 4450 1132 4500 5.
1164 4443 1258 4500 die
1280 4441 1669 4512 depositionis
1693 4442 1842 4512 (223)
1869 4445 2033 4501 bonae
2063 4460 2178 4502 me-
2287 4457 2527 4514 scopum
2557 4442 2918 4499 Aniciensem
2948 4443 3190 4499 Pontius
3212 4444 3370 4500 Casa;
3397 4442 3492 4498 Dei
3517 4440 3700 4506 abbas,
3727 4437 3774 4490 et
3793 4429 3864 4485 ab-

523 4535 722 4594 moriaa
748 4535 932 4608 patris
957 4531 1209 4589 Rodulfl.
1243 4534 1468 4587 Atvero
1482 4531 2178 4606 sepulcrumpatrisprae-
2205 4521 2257 4579 Ι)
2289 4531 2503 4588 batiam
2528 4532 2688 4588 Casas
2711 4531 2809 4586 Dei
2835 4531 3258 4603 procurandam
3283 4531 3542 4602 suscepit
3560 4521 3858 4608 AymericUS-

522 4625 664 4682 dicti
699 4607 1017 4692 diligenter
1043 4620 1306 4676 clausum
1340 4624 1400 4674 et
1433 4619 1841 4676 bituminatum
1875 4627 1982 4692 est,
2019 4627 2078 4678 et
2122 4625 2174 4680 ei
2289 4621 2538 4690 Legatus
2569 4634 2800 4690 quoque
2833 4620 2885 4676 in
2920 4619 3310 4690 Burgundiam
3340 4625 3400 4676 et
3431 4617 3706 4674 Franciam
3748 4607 3862 4664 dire-
3895 4631 3900 4648 ι

524 4707 2174 4780 tabulamarmoreaimpositaest,etquiaestiningressu
2285 4713 2419 4766 ctus
2464 4714 2556 4765 est
2605 4707 2929 4764 Richardus
2980 4707 3328 4764 Albanensis
3358 4707 3673 4778 episcopus,
3722 4695 3863 4782 ρτίιξὶο

522 4803 710 4872 chori,
743 4803 878 4856 ante
907 4799 1092 4855 altare
1121 4797 1352 4854 scilicet
1379 4797 1565 4854 sancti
1591 4797 1910 4868 Benedicti,
1939 4803 2001 4855 ut
2032 4801 2172 4858 ubia
2287 4797 2474 4854 sancti
2505 4796 2780 4868 Stephani
2813 4796 3112 4854 Mettensis
3141 4795 3406 4853 ecclesias
3437 4794 3695 4851 decanus.

523 4885 1108 4946 mandatocotidiano
1128 4886 1344 4941 fratres
1368 4883 1686 4941 redeuntes
1700 4891 2171 4958 prosternantur,

3895 4779 3900 4820 ε

959 5035 1432 5146 SERIES
1523 5035 2154 5148 ABBATUM
2240 5035 3500 5148 FLAVINIACENSIUM.

600 5221 613 5236 .
657 5223 670 5237 .
716 5224 729 5238 .
775 5223 788 5236 .
834 5178 949 5236 .“°
973 5178 1296 5252 Gayi'oinus
1328 5177 1642 5250 episcopus
1663 5179 1970 5250 successit,
2012 5183 2072 5236 et
2115 5180 2172 5237 in
2352 5181 2644 5236 Manasses
2689 5178 2995 5236 ordinatur
3046 5179 3226 5234 abbas
3275 5177 3426 5234 dono
3470 5170 3681 5247 Pippini
3727 5160 3856 5252 regis-

525 5269 895 5342 expeditioue
943 5245 1316 5340 imperatoris
1345 5245 1487 5322 obiit
1519 5245 1554 5321 é
1582 5267 1726 5324 Non.
1758 5267 1895 5324 Julii
1951 5245 2060 5326 755
2092 5269 2175 5326 in-
2282 5269 2386 5325 Hic
2409 5282 2624 5340 corpus
2654 5267 2841 5324 sancti
2872 5266 3139 5336 Przejecti
3163 5281 3193 5323 a
3226 5265 3499 5322 Volovico
3528 5245 3862 5342 ἐθιειυφξξθς

528 5326 666 5416 dict.
702 5363 788 5414 13.
1025 5326 1038 5340 ³
2199 5367 2209 5376 ·
2283 5326 2600 5412 viniaceusi
2630 5354 2900 5412 ecclesiae
2931 5326 3148 5411 intulit.
3184 5354 3424 5411 Moritur
3453 5363 3596 5408 anno
3615 5326 3859 5412 787[789-l

1888 5447 2126 5503 VARle
2167 5443 2564 5502 LECTIONES.

598 5535 668 5570 “0
705 5535 845 5602 Qua
859 5533 1223 5608 pracedunt,
1276 5533 1662 5606 investigare,
1721 5534 1897 5591 nulla
1948 5535 2184 5592 ratione
2211 5534 2517 5593 valuimus
2547 5531 2757 5590 Labbe.

602 5720 750 5794 (-223)
787 5718 1026 5781 Scilicet
1058 5716 1282 5793 primae,
1314 5721 1450 5778 ante
1479 5715 1663 5778 altare
1695 5716 1750 5777 S.
1787 5715 2020 5776 Firmini
2062 5629 2398 5791 Εὲἓῖιςξέί,
2431 5718 2559 5792 ipso
2589 5718 2682 5780 die
2709 5717 2906 5780 obitus
