3950 6330
73 392 180 458 401

1388 402 1885 477 CHRONICON.
1923 452 1997 460 —-
2032 404 2165 479 LIB
2191 407 2266 481 ΙῙ.

3396 420 3514 488 402

78 529 193 588 ind.
222 533 416 629 utet
456 536 594 629 post
617 543 750 629 eum
775 532 840 570 “1
861 536 1215 629 Adalbertus
1238 539 1563 601 ordinatur.
1594 544 1753 602 Obiit
1784 546 1839 607 A
1870 548 2135 607 ecclesiae.
2158 549 2399 610 Rainoni
2421 548 2617 609 abbati
2652 550 3015 624 Magabrensi
3038 554 3350 629 commisit,
3378 562 3519 615 tem-

82 634 237 677 anno
274 622 326 676 4.
385 629 444 677 et
499 623 689 680 Zacho
750 628 1055 695 successit,
1116 629 1419 688 ordinatus
1468 632 1588 689 Kal.
1625 635 1752 691 Maii

88 711 449 781 (-224),etbic
473 719 688 782 quarto
721 729 868 770 anno
889 716 1035 770 obiit
1070 723 1119 773 7.
1148 718 1282 775 ldus
1309 720 1435 775 Maii
1459 720 1570 790 (an.
1603 724 1750 793 793).

90 799 378 856 Alcuinus
407 810 546 871 post
579 803 730 858 hunc
762 806 1053 859 successit
1084 808 1255 878 (796),
1290 814 1321 863 7
1356 825 1505 866 anno
1537 812 1758 882 Apolli-

90 888 213 943 nari
248 888 452 944 sedem
490 891 727 960 reliquit
763 892 912 947 dono
942 895 1137 949 Karoli
1172 896 1543 967 imperatoris
1580 900 1750 971 (803).

90 977 364 1043 Quantus
416 979 530 1047 hic,
595 979 856 1050 qualisve
915 982 1109 1053 fuerit,
1173 985 1402 1055 publica
1451 989 1751 1045 continent

88 1070 297 1135 gesta;
346 1066 494 1123 obiit
527 1073 792 1139 tempore
826 1069 1098 1127 Ludovici
1134 1072 1509 1144 imperatoris
1543 1075 1748 1133 indict.

90 1158 281 1225 5,826,
314 1159 373 1211 et
406 1161 640 1213 mortuo
674 1158 915 1226 Vigilius
948 1162 1256 1217 successit.
1284 1164 1424 1219 lluie
1454 1180 1602 1221 anno
1626 1165 1747 1235 831i,

89 1244 474 1301 Adrevaldus
503 1247 810 1316 successit,
827 1252 882 1302 et
908 1249 1084 1303 tertio
1108 1264 1257 1306 anno
1280 1252 1442 1307 obiit.
1462 1255 1751 1312 Marianas

88 1333 532 1390 successit845.
562 1334 676 1391 iud.
705 1338 754 1406 8,
787 1342 847 1392 et
871 1337 1117 1393 Wlfaldo
1142 1339 1338 1395 sedem
1361 1342 1751 1413 reliquit.Quo

90 1421 412 1491 migrante,
436 1423 707 1480 Warinus
737 1440 933 1480 comes
966 1426 1120 1483 dono
1154 1427 1526 1499 imperatoris
1557 1432 1746 1488 Karoli

91 1510 336 1580 praefuit
371 1512 500 1566 vice
523 1512 770 1580 abbatis,
808 1519 868 1568 et
911 1515 1016 1570 sub
1047 1530 1116 1570 eo
1150 1516 1411 1574 Sarulfus
1444 1520 1744 1591 diaconus,

88 1601 322 1670 etpost
378 1614 511 1655 eum
568 1601 859 1657 Gozserus
905 1603 1085 1658 abbas
1135 1606 1435 1661 successit.
1499 1608 1622 1673 Quo
1655 1608 1749 1664 de-

90 1687 319 1757 functo,
372 1689 537 1757 llugo
584 1690 866 1746 successit
920 1694 984 1745 16
1016 1706 1164 1747 anno
1199 1694 1420 1759 Karoli;
1453 1702 1509 1750 et
1542 1696 1591 1751 ei
1623 1713 1750 1752 sue-

86 1776 281 1831 cessit
301 1782 543 1832 sanctus
567 1776 748 1849 Eygil,
782 1779 1150 1848 postmodum
1185 1782 1531 1838 Senoneusis
1564 1785 1748 1841 archi-

86 1863 430 1934 episcopus,
467 1866 563 1934 qui
620 1880 836 1936 corpus
886 1871 1103 1923 sanctae
1154 1870 1387 1937 Regina:
1422 1872 1742 1928 transtulit.

89 1953 235 2007 Huic
270 1952 449 2007 etiam
487 1953 765 2022 Sigardus
784 1956 1068 2011 successit
1094 1962 1150 2011 et
1178 1962 1227 2025 5,
1256 1974 1404 2013 anno
1429 1961 1742 2027 Wolt‘ardo,

92 2040 370 2096 Ludovici
406 2041 451 2095 ΙΙ
485 2040 856 2113 imperatoris
899 2044 1146 2114 sororio,
1184 2046 1335 2101 dono
1368 2048 1623 2117 ejusdem
1660 2064 1747 2107 se-

88 2128 218 2184 dem
258 2128 522 2199 reliquit.
559 2132 733 2201 Cujus
765 2132 1150 2189 ordinationis
1181 2149 1330 2191 auuo
1363 2140 1393 2189 3
1444 2151 1748 2194 consecra-

89 2218 170 2273 tio
204 2218 670 2276 Flaviniacensis
693 2221 958 2277 ecclesize
984 2227 1110 2277 aeta
1136 2229 1226 2278 est
1252 2239 1279 2278 a
1312 2225 1569 2282 Iohanne
1600 2243 1744 2298 papa

89 2311 146 2361 et
175 2310 245 2362 18
278 2307 597 2379 episcOpis,
633 2322 781 2365 anno
809 2312 913 2365 878
942 2310 1058 2365 ind.
1094 2314 1148 2367 11
1190 2312 1333 2377 Quo.
1370 2313 1544 2369 etiam
1596 2330 1746 2371 auuo

93 2396 341 2451 moritur
367 2395 697 2453 Ludovicus
720 2397 1057 2469 imperator,
1083 2406 1141 2455 et
1168 2400 1587 2461 Karlomannus
1616 2420 1746 2461 suc-

92 2485 289 2541 cessit.
328 2486 476 2541 Post
506 2486 623 2541 hmc
660 2486 1004 2556 Adalgarius
1038 2489 1349 2560 cpiscopus
1400 2491 1684 2547 Eduensis
1715 2509 1741 2548 a

94 2573 303 2629 Karolo
337 2574 614 2645 Snnplice
645 2575 830 2647 primo
862 2590 1012 2632 anno
1042 2579 1201 2646 regni
1242 2579 1367 2647 ejus
1408 2581 1515 2635 sub
1549 2581 1745 2638 Odoue

93 2663 388 2718 abbatiam
426 2664 773 2735 perquisivit
804 2673 867 2721 et
894 2664 1171 2733 obtinuit,
1205 2672 1264 2722 et
1295 2669 1366 2723 ab
1392 2669 1499 2724 hoc
1532 2685 1559 2724 a
1599 2686 1741 2740 papa

97 2750 332 2807 Romam
369 2751 675 2821 invitatus,
714 2752 764 2806 in
813 2753 1022 2809 itinere
1071 2754 1215 2809 obiit
1248 2757 1555 2821 Treuortii,
1593 2773 1741 2812 auuo

89 2840 315 2909 eodem,
350 2839 582 2896 scilicet
615 2844 748 2907 893;
777 2847 835 2896 et
862 2844 971 2897 sub
1004 2858 1073 2897 eo
1108 2844 1362 2913 Aquinas
1388 2846 1742 2916 preepusitus

130 3147 142 3158 .
193 3148 206 3159 .
260 3149 273 3161 .
324 3146 339 3159 .
386 3105 849 3164 Richardiducis
874 3122 1235 3164 successore.
1282 3150 1292 3162 .
1341 3150 1352 3162 .
1397 3151 1409 3163 .
1457 3110 1735 3180 ordinari,

1777 1904 1829 1962 B

1869 652 2009 709 pore
2069 639 2295 696 Rodulii
2358 640 2513 711 regis
2546 639 2646 696 filii
2704 640 2976 698 Riehardi
3026 643 3357 702 Justitiarii.
3392 645 3517 713 Quo

1868 726 2131 797 decente,
2191 728 2537 786 Wichardus
2595 731 2878 800 succedit,
2912 740 2972 786 et
3023 732 3074 789 ei
3110 733 3358 791 domnus
3390 736 3520 792 Ful-

1866 814 2390 887 cberiustempore
2418 818 2688 874 Ludovici
2724 818 2824 874 filii
2850 819 3039 877 Caroli
3076 821 3388 894 Simplicis.
3415 825 3516 881 Hic

1864 902 2320 974 Hierosolymam
2347 908 2649 976 profectus
2671 922 2820 963 anno
2845 909 2994 965 dom.
3032 909 3142 965 inc.
3171 914 3277 968 944
3308 913 3511 970 indict.

1863 996 1913 1061 ‘2,
1950 998 2172 1063 partem
2202 995 2351 1051 clavi
2386 997 2607 1051 Domini
2629 1002 2688 1052 et
2710 998 3113 1068 portiunculas
3147 1002 3342 1059 crucis
3364 1003 3511 1074 ejus,

1864 1096 2023 1136 zonae
2055 1086 2112 1136 et
2145 1084 2383 1153 sudarii,
2422 1085 2609 1141 baculi
2642 1100 2873 1155 quoque
2905 1090 3238 1158 apportavit
3272 1105 3392 1149 sua)
3417 1106 3508 1149 ec-

1862 1168 2077 1225 clesiae.
2099 1172 2452 1229 Rexitetiam
2477 1175 2881 1230 liivionensem
2897 1176 3224 1234 ecclesiam.
3246 1183 3512 1239 Sanctam

1862 1272 2092 1329 quoque
2134 1262 2507 1318 Paschasiam
2544 1262 2959 1319 Flaviuiacensi
2996 1265 3196 1323 intulit
3227 1269 3512 1343 ecclesiae,

1861 1348 2105 1404 mediam
2132 1350 2361 1406 scilicet
2389 1357 2608 1421 partem
2646 1353 2912 1424 corporis
2945 1355 3090 1424 ejus.
3123 1356 3279 1412 Obiit
3303 1364 3513 1428 quarto

1861 1436 2145 1493 Kalendas
2166 1438 2313 1507 Maii,
2342 1454 2489 1494 anno
2532 1445 2655 1511 955,
2683 1447 2740 1495 et
2775 1442 3061 1498 successit
3096 1444 3146 1499 ei
3173 1444 3302 1503 Milo
3331 1448 3506 1517 Maga-

1861 1525 2106 1580 hrensis.
2164 1527 2466 1583 Romundo
2530 1529 2815 1597 migrante
2846 1545 2995 1587 anno
3024 1536 3128 1591 968
3186 1535 3387 1591 indict.
3421 1541 3508 1608 11,

1859 1612 2149 1669 Gerardus
2184 1616 2489 1671 successit.
2525 1616 2654 1672 Milo
2700 1618 2881 1675 abbas
2916 1620 3150 1676 Romam
3186 1625 3509 1695 profectus,

1862 1701 2224 1772 privulegium
2265 1718 2292 1758 a
2359 1705 2672 1761 Benedicto
2726 1721 2870 1778 papa
2920 1709 3194 1767 obtinuit.
3257 1714 3514 1771 Gerardo

1862 1790 2119 1859 pontifici
2143 1791 2389 1848 Eduensi
2442 1793 2687 1849 domnus
2712 1795 3004 1853 Waltcrus
3038 1802 3323 1856 successit
3358 1817 3510 1859 anno

1860 1883 1981 1933 978.
2020 1879 2133 1933 ind.
2170 1885 2221 1937 6.
2250 1881 2349 1935 llic
2377 1882 2655 1937 defuncto
2688 1883 2913 1953 Milone,
2944 1886 3201 1943 Roberto
3236 1890 3511 1947 Flavinia-

1858 1981 2090 2022 ceusem
2152 1969 2392 2025 tradidit
2453 1971 2793 2037 ecclesiam;
2827 1974 2925 2043 qui
2984 1980 3165 2031 totam
3220 1991 3366 2049 eam,
3401 1980 3507 2036 nisi

1861 2060 2092 2111 cautum
2118 2061 2295 2125 esset,
2332 2057 2831 2128 pessumdcdissct
2854 2059 3185 2120 ecclesiam.
3212 2064 3502 2135 Expulsus

1858 2145 2007 2198 enim
2042 2144 2113 2198 de
2166 2146 2424 2216 abhatia,
2456 2148 2590 2217 quia
2646 2152 2771 2203 erat
2834 2150 3194 2221 propinquus
3243 2154 3507 2211 Landrici

1860 2232 2093 2287 comitis
2149 2232 2542 2303 Nivernensis,
2608 2237 2953 2293 commissus
2983 2245 3076 2294 est
3106 2240 3157 2295 ci
3211 2241 3509 2311 prioratus

1858 2320 2020 2377 cellze
2057 2322 2404 2391 Ccrbiniaci,
2440 2329 2495 2378 et
2533 2323 2839 2381 lleldricus
2870 2326 3269 2385 Cluniacensis
3318 2346 3509 2403 mona-

1857 2410 2001 2464 chus
2018 2410 2199 2466 abbas
2220 2412 2575 2481 subrogatus
2593 2417 2702 2468 cst.
2734 2414 3026 2471 Robertus
3050 2431 3188 2473 vero
3212 2418 3510 2475 Corbinia-

1857 2512 1986 2552 cum
2007 2499 2266 2567 veniens,
2318 2499 2389 2554 de
2421 2516 2488 2555 co
2516 2516 2574 2556 se
2608 2501 2875 2557 abbatem
2908 2504 3100 2560 vocari
3137 2505 3291 2561 fecit.
3327 2508 3403 2563 Ex
3438 2523 3508 2563 eo

1858 2585 2234 2642 Corbiniacus
2290 2588 2522 2643 abbatia
2559 2589 2794 2646 dicitur.
2832 2591 2986 2647 Obiit
3019 2592 3327 2650 Heldricus
3360 2610 3508 2653 anno

1856 2673 2007 2728 dom.
2045 2674 2155 2729 inc.
2222 2677 2374 2743 tOIO,
2409 2681 2465 2730 et
2533 2677 2818 2733 Amedeus
2872 2680 3178 2751 successit,
3212 2686 3271 2736 et
3303 2681 3506 2737 cellam

1858 2762 2179 2817 Corbiniaci
2216 2765 2605 2833 recuperavit.
2646 2764 3029 2822 Colticenscm
3060 2768 3235 2823 etiam
3260 2774 3319 2823 et
3351 2769 3509 2826 Sine-

1856 2865 2180 2906 mureusem
2200 2855 2257 2905 ct
2278 2850 2718 2907 Belliloceusem
2734 2852 2915 2909 cellas
2934 2854 3280 2925 instituit,et
3307 2856 3505 2913 multa:
3548 2873 3558 2881 '

1854 2939 2228 2994 autboritatis
2259 2943 2313 2994 et
2349 2938 2653 3009 dignitatis
2696 2940 2861 3010 obiit,
2896 2946 2957 2998 et
2991 2944 3166 3013 Aymo
3196 2929 3500 3015 successit,

1852 3026 1951 3082 sed
1992 3029 2265 3100 culpatus
2300 3029 2370 3083 de
2413 3029 2680 3092 simonia,
2732 3029 2786 3084 in
2812 3044 2983 3086 manu
3016 3031 3221 3087 Leonis
3251 3047 3414 3103 papae
3438 3034 3507 3091 IX

1852 3117 2067 3186 virgam
2102 3117 2452 3187 pastoralem
2505 3116 2746 3187 dimisit,
2777 3123 2837 3174 et
2870 3119 2992 3174 Odo
3025 3120 3042 3174 l
3086 3121 3346 3177 Aremari
3379 3135 3495 3179 mo-

79 3209 250 3264 quem
285 3195 586 3252 ordinavit
613 3196 963 3265 Argrimusa
991 3198 1251 3254 Johauue
1276 3213 1420 3269 papa
1444 3199 1514 3253 de
1540 3199 1739 3269 Lingo-
1771 3257 1815 3280 η
1851 3205 2096 3260 nasterii
2158 3206 2475 3261 monachus
2540 3206 2849 3277 successit,
2909 3212 2969 3262 et
3035 3213 3168 3279 post
3224 3214 3258 3266 2
3310 3224 3494 3267 annos

76 3284 246 3341 neusi
277 3284 631 3355 episcopatu
663 3285 986 3356 depositus,
1024 3286 1126 3341 sed
1159 3302 1187 3341 a
1217 3288 1487 3343 Formoso
1522 3293 1741 3345 restau-

73 3378 243 3429 ratus
278 3372 338 3426 in
366 3373 751 3444 Lugdunensi,
780 3388 909 3429 cum
934 3390 1046 3429 non
1072 3375 1317 3431 haberet
1344 3375 1604 3446 pallium,
1633 3392 1735 3432 nec

73 3462 429 3518 restitutam
453 3461 795 3531 dignitatem
822 3478 930 3533 qua
955 3471 1156 3534 posset
1178 3465 1516 3536 episcOpum
1536 3480 1738 3521 conse-

68 3566 266 3619 crare,
304 3554 370 3606 et
400 3550 834 3606 contradiceret
865 3552 1221 3608 ordinationi
1270 3568 1342 3607 ex
1376 3560 1541 3623 parte
1577 3569 1736 3625 papae

68 3637 406 3696 Tetbaldus
439 3638 819 3709 Lingonensis
847 3640 1180 3713 episcopus.
1218 3643 1605 3707 Quamobrem
1637 3646 1738 3698 Ar-

66 3728 333 3797 grimum
388 3728 698 3783 Formosus
751 3727 1299 3800 inrecuperabiliter
1352 3730 1618 3802 deposuit
1677 3737 1735 3786 et

66 3816 365 3873 Walonen
422 3831 552 3872 cum
612 3817 957 3887 fautoribus,
1019 3818 1074 3872 id
1107 3823 1194 3873 est
1258 3819 1565 3889 Richardo,
1628 3821 1733 3876 Ma-

68 3920 253 3963 nasse
287 3911 351 3961 et
383 3905 646 3976 reliquis,
688 3922 789 3974 pro
823 3907 1123 3962 invasione
1160 3908 1425 3963 ccclesize
1461 3907 1735 3965 Flavinia-

67 3995 277 4051 censis
324 3994 876 4051 excommunicavit.
913 3996 1076 4051 Walo
1104 4001 1297 4052 tamen
1338 3996 1603 4053 szeculari
1639 4015 1736 4069 po-

71 4085 265 4142 tentia
306 4082 505 4151 fultus,
531 4083 936 4156 episcopatum
960 4084 1236 4155 obtinuit,
1262 4091 1321 4141 et
1344 4086 1527 4141 abbas
1558 4086 1736 4143 Flavi-

70 4171 386 4230 niacensis
419 4172 609 4229 factus
652 4187 679 4227 a
716 4188 775 4228 se
806 4173 935 4243 ipso
963 4178 1356 4228 casamentum
1410 4188 1512 4229 sua
1566 4189 1733 4230 manu

71 4261 358 4329 retinuit,
391 4263 450 4315 et
496 4264 609 4316 sub
639 4275 702 4316 se
736 4260 1041 4316 Otbcrtum
1096 4262 1470 4332 przepositum
1522 4263 1738 4318 consti-

69 4352 215 4407 tuit.
247 4350 347 4404 Sic
371 4363 474 4421 per
489 4349 668 4405 multa
685 4364 966 4405 annorum
981 4349 1275 4406 curricula
1291 4366 1319 4405 a
1332 4351 1510 4420 bsque
1526 4352 1671 4406 abba
1684 4357 1737 4406 te

73 4440 187 4496 fuit
222 4436 690 4493 Flaviniacencis
721 4437 986 4494 ecclesia.
1051 4438 1142 4493 Sic
1174 4438 1347 4493 etiam
1407 4448 1734 4494 casamcnta

73 4526 373 4597 ecclesiae,
411 4527 544 4582 dum
581 4526 695 4582 sibi
729 4526 988 4582 vicissim
1032 4529 1375 4595 succedunt,
1429 4527 1736 4599 pontiﬁces

1851 3292 2036 3348 Odoni
2069 3295 2115 3347 ll
2146 3294 2343 3349 sedem
2372 3294 2625 3364 reliquit,
2649 3295 2914 3351 Elmuino
2945 3296 3140 3352 sedem
3165 3298 3491 3355 Eduensem

1852 3388 2227 3453 procurante,
2264 3383 2359 3453 qui
2395 3384 2569 3438 etiam
2604 3384 3025 3456 Corbiniacum,
3055 3386 3186 3456 quia
3225 3392 3359 3444 tunc
3382 3403 3493 3445 non

1850 3470 2121 3537 habebat,
2148 3476 2364 3527 nostrae
2391 3470 2643 3527 reddidit
2669 3470 2972 3540 ecclesiae,-
2990 3473 3087 3529 ubi
3109 3489 3239 3530 cum
3260 3489 3496 3546 proces-

1848 3558 2008 3613 sione
2033 3559 2182 3614 facta
2214 3560 2620 3630 susciperetur
2642 3574 2671 3615 a
2694 3560 3011 3627 monachis,
3038 3562 3092 3617 in
3120 3563 3495 3634 processione

1851 3647 2038 3702 minus
2070 3652 2240 3703 caute
2301 3648 2518 3716 virgam
2555 3638 2929 3718 pastoralem,
2992 3663 3161 3720 quam
3201 3650 3495 3707 Robertus

1848 3735 2170 3791 diabolicus
2204 3735 2448 3806 laqueus
2481 3735 2786 3805 habuerat,
2819 3737 3103 3808 suscepit,
3137 3752 3166 3793 a
3214 3738 3495 3795 fratribus

1848 3823 2063 3879 nostris
2096 3822 2148 3878 id
2183 3824 2417 3879 cumino
2446 3822 2957 3893 calumniantibus,
2983 3828 3042 3880 et
3073 3825 3148 3880 ob
3173 3824 3228 3879 id
3263 3825 3332 3881 de
3367 3840 3497 3896 pro-

1848 3911 2139 3967 ccssionis
2164 3911 2415 3966 statione
2435 3910 2869 3979 recedentibus,
2896 3912 3013 3967 Hac
3032 3911 3212 3981 igitur
3229 3911 3300 3968 de
3319 3926 3494 3969 causa

1851 3998 2344 4055 invalescentibus
2367 3997 2654 4053 mandatis
2678 3997 3041 4069 apostolicis,
3064 4015 3134 4055 ue
3164 3999 3295 4070 quis
3318 4000 3502 4056 abbas

1850 4087 1994 4142 duas
2054 4086 2317 4142 obtineat
2372 4086 2659 4156 abbatias,
2723 4093 3035 4143 accusatus
3068 4088 3140 4143 ab
3191 4086 3409 4143 eisdem
3440 4086 3496 4143 in

1848 4175 2097 4232 concilio
2122 4174 2537 4244 Exolduncnsi,
2564 4175 2726 4245 quasi
2751 4175 2849 4246 qui
2872 4180 3075 4231 contra
3101 4176 3337 4233 decreta
3366 4191 3501 4249 apo-

1850 4262 2058 4320 stolica
2076 4263 2303 4320 duabus
2321 4263 3138 4335 prmessetecclesiis,virgam
3154 4264 3499 4333 reddidit,et

1853 4352 2133 4423 requisita
2164 4352 2392 4422 justitia
2437 4352 2507 4407 de
2538 4351 2683 4407 cella
2720 4366 2846 4422 sua,
2882 4352 2937 4408 id
2968 4357 3063 4409 est
3114 4352 3289 4409 fundo
3322 4352 3502 4408 Flavi-

1852 4442 2141 4497 niacensis
2168 4441 2457 4509 eeelesizr,
2494 4440 2635 4495 nihil
2667 4441 2941 4511 obtinuit,
2964 4443 3230 4499 Errwino
3263 4442 3497 4498 tandem

1850 4528 2126 4599 cpiscOpo
2158 4527 2501 4586 decedente.
2551 4543 2679 4585 cum
2731 4528 2782 4583 in
2819 4532 3148 4599 Aganonem
3180 4528 3503 4585 communis

77 4617 389 4673 Eduenses
414 4616 470 4670 in
496 4630 601 4671 sua
636 4614 919 4671 divisione
941 4616 1341 4672 obtinuerunt.
1375 4617 1506 4672 Post
1533 4617 1739 4671 Otbcr-
1770 4625 1819 4683 Ι)
1856 4616 2245 4687 processisset
2266 4616 2499 4685 electio,
2520 4631 2742 4673 curiam
2776 4617 2931 4686 regis
2957 4618 3307 4673 Francorum
3333 4615 3502 4671 Hein-

81 4710 203 4760 tum
242 4703 575 4775 praelatum,
611 4704 915 4759 Girl'redus
954 4705 1027 4760 de
1075 4710 1260 4759 morte
1296 4704 1586 4773 Adalgarii
1617 4705 1737 4760 cul-

83 4800 281 4864 patus,
304 4794 407 4847 sed
428 4792 654 4862 judicio
675 4793 1085 4865 episcoporum
1112 4797 1416 4865 purgatus,
1444 4794 1733 4864 praelatio.

84 4898 210 4938 nem
238 4880 529 4937 obtinuit:
554 4882 647 4937 cui
673 4882 963 4937 successit
986 4882 1241 4951 Raingus
1264 4896 1483 4950 magna}
1518 4882 1737 4939 utilita-

84 4972 157 5027 tis
184 4977 247 5026 et
280 4969 636 5025 honestatis.
666 4969 823 5025 Obiit
849 4970 983 5025 ldus
1005 4971 1152 5027 Maii.
1187 4970 1346 5027 Obiit
1371 4971 1548 5026 etiam
1576 4971 1735 5027 Walo

88 5074 232 5114 anno
266 5060 379 5114 inc.
421 5060 583 5115 Dom.
618 5062 723 5113 913
755 5057 871 5113 ind.
906 5062 988 5113 15.
1024 5061 1285 5116 Herveus
1334 5058 1643 5130 successit,
1676 5066 1735 5115 et

90 5148 170 5203 sic
191 5147 490 5204 abbatiam
517 5146 631 5202 sibi
661 5146 864 5214 tenuit,
897 5151 957 5201 et
988 5149 1097 5203 sub
1128 5162 1189 5203 se
1214 5147 1553 5204 Gausarium
1593 5162 1735 5217 prae-

91 5234 257 5292 latum
307 5234 646 5293 constituit.
705 5236 928 5291 lierveo
961 5235 1335 5291 nihilominus
1390 5235 1732 5299 decedente,

92 5322 806 5381 Romundussuhstitutus
819 5327 925 5379 est.
945 5324 1043 5379 Hie
1066 5339 1262 5381 curam
1280 5323 1735 5380 Flaviniacensis

1852 4705 2012 4761 ricus
2033 4705 2214 4759 abbas
2238 4704 2401 4771 adiit,
2440 4705 2680 4760 auribus
2705 4704 2884 4774 regiis
2898 4704 3312 4774 querimoniam
3337 4717 3498 4759 suam

1853 4792 2265 4864 propalavit,et
2282 4793 2634 4863 procedente
2651 4791 2887 4860 justicia
2903 4796 3144 4848 coaetus
3164 4797 3251 4847 est
3268 4790 3501 4861 episco-

1851 4898 1958 4953 pus
1973 4887 2342 4938 sacramento
2359 4882 2588 4935 tiriuarc
2606 4883 2829 4949 ut,mox
2846 4884 2978 4951 post
2999 4878 3498 4937 consecrationem

1849 4985 2032 5039 suam,
2071 4970 2168 5041 jus
2191 4984 2356 5026 suum
2399 4968 2743 5024 reformaret
2770 4966 3183 5024 Flaviniacensi
3214 4966 3497 5023 ecclesiae.

1826 5053 1913 5113 ’Et
1949 5058 2080 5128 quia
2132 5057 2364 5113 abbatis
2422 5056 2874 5112 Flaviniaeensis
2927 5060 3019 5112 est
3075 5056 3256 5127 prima
3287 5070 3395 5112 vox
3445 5055 3499 5113 in

1847 5146 2132 5203 electione
2156 5146 2442 5218 episcopi,
2470 5161 2637 5217 quam
2663 5160 2864 5202 omnes
2884 5144 3097 5201 debent
3129 5145 3500 5216 confirmare,

1849 5236 1903 5290 in
1927 5236 2185 5306 capitulo
2208 5234 2621 5291 Flaviniaccnsi
2646 5235 2883 5291 veniens
2900 5233 3125 5291 electus
3155 5234 3493 5306 episcopus,

1850 5325 2018 5379 tidem
2052 5322 2188 5379 fecit
2224 5322 2275 5377 in
2325 5323 2528 5378 osculo
2577 5330 2781 5380 sancto
2840 5323 3120 5380 fratribus
3180 5322 3410 5395 pusillis
3442 5329 3502 5379 et

1450 5447 1685 5503 VARUS
1730 5447 2128 5503 LECTIONES.

1676 5586 1877 5645 NOTIE
1893 5629 1906 5643 .

152 5520 215 5553 ιιι
433 5515 608 5589 apud
626 5514 834 5572 Labbe.

163 5682 305 5753 (224)
337 5686 373 5738 9
404 5678 532 5735 Kal.
570 5678 764 5745 Mart.,
797 5678 945 5733 Ama.
978 5677 1208 5735 Flavia.
