3950 6340
333 343 448 408 407

1099 348 1173 412 Β.
1221 345 1731 416 WOLPHELMI
1773 352 2127 420 ABBATIS
2169 353 2985 422 BRUNWILLERENSIS

3627 357 3759 422 408

337 479 523 554 sequi,
557 494 727 554 quam
759 481 912 555 quod
935 483 1007 542 ab
1031 483 1530 546 idoneistestibus
1546 487 1792 560 contigit
1816 490 1976 547 audi-
2005 490 2057 550 A
2089 491 2384 563 quibus,si
2418 489 2598 548 ullius
2627 491 2988 549 hasitaverit
3017 491 3183 563 ﬁdes,
3211 495 3298 549 tot
3321 491 3758 552 nobiscumex-

337 571 408 640 ri,
435 585 538 628 seu
564 569 716 642 quod
741 571 961 644 aliquot
987 575 1152 630 annis
1181 577 1652 635 ministrantibus
1671 579 1765 634 vel
1788 583 1975 636 astan-

337 658 498 716 tibus
529 658 659 728 sibi,
706 659 898 718 divina
927 664 1096 720 nobis
1126 665 1313 735 gratia
1345 666 1595 722 contulit
1628 666 1858 724 intueri.
1891 669 1975 723 De

2087 584 2242 637 stant
2273 580 2460 636 idonei
2492 585 2698 651 testes,
2725 585 2867 651 quot
2889 595 2960 636 ex
2984 580 3141 638 illius
3172 582 3454 653 temporis
3481 581 3748 652 collegio

2089 669 2302 726 fratres
2332 683 2482 727 nunc
2517 684 2700 741 usque
2733 675 2963 726 manent
2999 671 3368 741 superstites.

1532 968 2094 1078 INCIPIT
2193 971 2573 1082 VITA.

411 1175 463 1227 2.
499 1172 686 1242 Igitur
706 1171 998 1244 gloriosus
1021 1175 1238 1232 Domini
1264 1178 1564 1234 confessor
1591 1177 1990 1248 Wolphelmus

345 1258 399 1315 in
431 1257 782 1318 Ribuarensi
825 1262 902 1333 (2)
945 1277 1094 1333 pago
1125 1280 1195 1320 ex
1227 1265 1442 1321 illustri
1487 1267 1753 1336 prosapia
1797 1271 1988 1334 ortus,

343 1349 464 1416 Dei,
497 1363 722 1406 omnem
757 1351 980 1420 justum
1021 1353 1282 1422 gratuito
1324 1353 1726 1423 illuminantis,
1773 1369 1991 1426 prave-

346 1437 544 1494 niente
575 1440 788 1510 gratia,
821 1440 1029 1496 lineam
1063 1455 1358 1510 generosa
1393 1443 1730 1514 propaginis
1761 1443 1986 1499 ornavit

349 1525 522 1582 titulo
539 1527 890 1585 sanctitatis.
913 1529 1018 1595 Qui
1043 1531 1248 1586 merito
1262 1531 1426 1600 juxta
1447 1532 1876 1602 etymologiam,
1898 1531 1989 1588 vel

351 1613 562 1671 idioma
593 1615 802 1686 lingua
839 1618 1093 1688 regionis
1124 1618 1300 1690 illius,
1326 1620 1648 1692 Wolpbelm
1681 1621 1759 1693 (3)
1791 1621 1990 1691 digno-

2101 1176 2251 1233 eiata
2277 1175 2465 1244 virili;
2501 1177 2633 1233 hine
2665 1177 2880 1234 etenim
2911 1179 3108 1250 potius
3141 1177 3331 1234 laudis
3361 1177 3488 1247 ejus
3515 1177 3759 1235 videtur

2104 1265 2410 1336 propagari
2439 1265 2670 1334 titulus,
2717 1265 2869 1336 quod
2905 1270 3022 1320 tam
3057 1267 3201 1322 bene
3234 1265 3556 1322 redolentis
3587 1265 3760 1322 ﬂoris

2104 1355 2354 1410 fructum
2389 1354 2458 1410 ad
2489 1355 2677 1410 totius
2729 1354 3000 1410 Ecclesia
3051 1354 3233 1410 edidit
3287 1358 3526 1424 statum,
3579 1369 3758 1426 quam

2101 1445 2255 1516 quod
2288 1445 2676 1502 clarissimum
2707 1443 3034 1499 stemmatis
3067 1457 3310 1513 ramum,
3337 1444 3408 1499 ab
3431 1444 3758 1500 anteritate

2102 1533 2470 1604 dignoscitur
2494 1533 2744 1590 traxisse
2764 1533 3040 1604 priorum.
3069 1532 3248 1602 Magis
3272 1531 3523 1602 denique
3556 1531 3756 1589 Omni-

2104 1627 2310 1693 potens
2363 1622 2820 1692 uniuscujusque
2885 1621 3171 1695 approbat
3239 1625 3513 1690 mentem,
3575 1635 3754 1692 quam

352 1703 540 1762 scitur
566 1705 912 1776 appellatus,
947 1707 1214 1778 quoniam
1239 1724 1344 1780 pro
1365 1713 1580 1765 castris
1611 1710 1832 1766 Domini
1857 1725 1990 1766 0011-
2017 1703 2074 1764 Β
2104 1711 2521 1780 conditionem,
2542 1711 2676 1766 dum
2702 1710 2934 1766 liberae
2955 1724 3178 1780 servus,
3207 1725 3380 1766 unum
3407 1709 3674 1781 profecto
3697 1709 3756 1766 in

351 1797 442 1850 tra
475 1795 1210 1868 immanissimumJupum,
1245 1797 1302 1853 id
1334 1802 1425 1854 est
1469 1799 1784 1868 diabolum,
1824 1799 1986 1869 galea

351 1883 562 1940 salutis
585 1885 860 1953 munitus,
883 1889 1008 1940 erat
1027 1901 1477 1956 congressurus;
1505 1889 1655 1958 quod
1683 1901 1854 1959 quam
1877 1889 1992 1945 0111-

349 1972 589 2042 caciter,
616 1987 784 2044 quam
809 1977 1068 2044 strenue,
1097 1990 1200 2045 pro
1228 1991 1308 2046 re,
1335 1991 1442 2046 pro
1465 1980 1749 2047 tempore,
1777 1977 1989 2034 nomini

349 2061 705 2117 contendens
743 2062 930 2132 gestis
967 2077 1312 2132 congruere,
1357 2064 1650 2120 studuerit
1689 2079 1986 2136 exercere,

349 2147 476 2205 loco
509 2165 616 2205 suo
641 2149 826 2206 lector
851 2149 1080 2222 plenius
1104 2152 1324 2222 poterit
1349 2152 1626 2208 invenire.
1660 2155 1832 2208 Pater
1857 2168 1992 2210 vero

349 2237 551 2308 ipsius,
579 2238 922 2296 Frumoldus
945 2239 1022 2311 (4)
1048 2240 1298 2309 nomine,
1327 2245 1386 2296 ut
1409 2256 1480 2296 ex
1505 2241 1755 2298 nominis
1777 2241 1902 2311 ejus
1929 2241 1994 2297 li-

350 2331 491 2396 quet
512 2327 914 2398 expressione,
939 2329 1158 2398 probus
1180 2329 1367 2384 modis
1391 2330 1658 2386 omnibus
1683 2331 1880 2386 ﬂoruit
1903 2347 1993 2387 ac-

346 2413 528 2470 tione.
575 2415 678 2470 1110
719 2429 934 2484 genere
975 2417 1347 2487 moribusque
1389 2417 1500 2473 sibi
1543 2423 1990 2490 competentem,

350 2503 593 2558 Evezam
644 2503 894 2574 nomine,
945 2504 1194 2560 sortitur
1243 2520 1482 2563 uxorem
1521 2526 1532 2560 :
1565 2507 1796 2578 quibus,
1826 2508 1993 2578 juxta

353 2589 716 2662 Apostolum,
742 2593 1080 2651 bonorabile
1110 2596 1459 2652 conuubium
1483 2601 1540 2652 et
1567 2601 1732 2654 torus
1759 2597 1992 2654 exstitit

353 2680 756 2739 immaculatus
777 2682 978 2750 (Hebr.
1009 2699 1128 2753 xm,
1154 2687 1238 2756 4);
1267 2686 1534 2755 quoniam
1559 2686 1991 2742 matrimonium

352 2784 465 2827 non
487 2775 832 2828 contraxere
855 2787 1027 2830 causa
1051 2773 1350 2844 explenda
1375 2773 1656 2843 libidinis,
1684 2775 1782 2829 sed
1805 2775 1992 2844 gratia

353 2859 730 2930 procreanda
760 2860 1003 2917 sobolis.
1037 2862 1145 2928 Qui
1168 2876 1382 2932 genere
1405 2861 1569 2932 clari,
1594 2867 1651 2918 et
1677 2862 1830 2918 inter
1853 2877 1994 2918 suos

352 2947 600 3018 quodam
625 2948 971 3006 innocentia
995 2950 1302 3022 privilegio
1334 2950 1618 3021 insigniti,
1647 2954 1812 3006 erant
1845 2951 1995 3006 chri~

2102 1800 2344 1856 Domino
2362 1815 2582 1856 sumus.
2607 1801 2682 1855 Ea
2709 1814 2847 1855 vero
2869 1798 3078 1859 solum.
3105 1804 3320 1870 prater
3343 1813 3569 1854 omnem
3591 1812 3758 1854 mun-

2104 1887 2160 1944 di
2206 1889 2469 1960 gloriam,
2504 1889 2620 1944 Deo
2665 1889 2949 1960 probatur
2987 1891 3156 1958 grata
3197 1886 3465 1958 libertas,
3506 1901 3758 1958 eamque

2103 1977 2466 2034 nobilitatem
2502 1992 2614 2032 non
2648 1976 2860 2033 eximet
2897 1975 3012 2033 ulla
3043 1980 3331 2043 vetustas,
3353 1977 3563 2047 siquid
3595 1977 3754 2046 boni,

2104 2068 2152 2122 si
2191 2067 2330 2138 quid
2379 2067 2525 2122 recti
2568 2071 2665 2122 aut
2709 2081 2817 2122 nos
2858 2066 2966 2137 ipsi
3015 2065 3342 2136 fecerimus,
3394 2069 3497 2122 aut
3545 2065 3757 2122 talium

2105 2156 2408 2212 studiosos
2452 2169 2833 2212 successores
2873 2155 3088 2211 habere
3127 2153 3533 2210 meruerimus.

2177 2249 2226 2299 3.
2253 2244 2500 2300 Primam
2526 2244 2722 2314 itaque
2748 2243 2979 2299 humani
3001 2242 3341 2299 incrementi
3367 2243 3578 2299 beatus
3603 2243 3759 2301 Wol-

2107 2331 2372 2403 pbelmus
2404 2331 2726 2388 ascendens
2757 2331 2988 2400 lineam,
3023 2331 3260 2402 auspice
3292 2332 3426 2400 Deo,
3460 2330 3532 2387 de
3565 2332 3752 2389 infan-

2104 2421 2185 2476 tia
2205 2421 2275 2476 ad
2295 2421 2460 2477 bona
2484 2419 2694 2476 indolis
2716 2419 2952 2475 transiit
2981 2419 3314 2490 pueritiam.
3339 2421 3396 2474 In
3420 2434 3534 2491 qua
3553 2424 3752 2490 atate,

2105 2513 2164 2565 et
2194 2507 2523 2566 liberalium
2566 2509 2778 2564 artium
2811 2507 3174 2579 disciplinam
3208 2511 3299 2564 est
3335 2509 3661 2580 professus,
3693 2513 3756 2566 et

2107 2612 2345 2654 suorum
2375 2597 2676 2666 instantia,
2704 2596 2954 2652 Colonia
2979 2596 3130 2668 apud
3155 2596 3336 2652 adem
3363 2595 3441 2667 (5)
3467 2597 3627 2653 beati
3654 2599 3758 2653 Pe-

2106 2687 2181 2742 tri
2223 2686 2621 2758 apostolorum
2670 2684 2972 2758 principis,
3017 2685 3246 2757 corpori
3277 2685 3757 2756 congregationis

2107 2777 2386 2833 sociatus.
2410 2775 2830 2845 Quotemporis
2845 2773 3117 2844 articulo,
3137 2778 3270 2845 post
3281 2772 3576 2844 juniorem
3591 2775 3762 2832 Otto-

2107 2881 2233 2922 nem
2259 2870 2553 2936 sceptrum
2577 2863 2801 2934 imperii
2825 2863 3072 2918 Henrico
3097 2860 3356 2918 secundo
3381 2860 3637 2919 feliciter
3660 2864 3760 2920 ad-

2108 2954 2499 3021 ministrante,
2534 2952 2709 3008 rebus
2741 2951 2973 3021 quidem
3009 2949 3234 3006 bellicis
3261 2949 3388 3006 viro
3411 2952 3760 3020 potentissi-

351 3035 554 3094 stiana
593 3037 894 3108 religionis
935 3038 1298 3104 devotissimi
1339 3037 1622 3108 cultores,
1674 3038 1806 3094 ﬂdei
1859 3039 1993 3096 dote
2027 3060 2076 3123 α
2108 3057 2218 3111 1110,
2257 3041 2410 3096 circa
2444 3037 2873 3095 ecclesiasticas
2896 3051 3034 3094 vero
3057 3036 3401 3108 disciplinas
3434 3038 3762 3096 solertissi-

351 3124 659 3196 pollentes,
711 3127 1000 3184 cbaritate
1052 3128 1368 3197 ferventes,
1403 3127 1642 3197 pietatis
1679 3132 1991 3196 amatores,

345 3213 511 3283 juxta
543 3215 905 3285 Apostolum,
933 3216 1144 3270 bonum
1168 3219 1481 3285 operantes
1506 3215 1574 3270 ad
1599 3230 1798 3271 omnes
1831 3215 1989 3282 (Gal.

349 3316 425 3372 vr,
453 3303 562 3374 10).
588 3303 801 3358 Verum
827 3301 1055 3358 domina
1079 3304 1286 3374 Eveza,
1314 3307 1375 3359 ut
1399 3302 1687 3360 illustrem
1711 3319 1992 3376 exponam

353 3389 624 3446 familiam
656 3395 716 3446 et
743 3389 846 3446 alti
879 3391 1177 3460 sanguinis
1211 3391 1412 3463 decus,
1442 3407 1512 3448 ex
1541 3391 1844 3462 cujusdam
1868 3391 1996 3450 illu-

352 3477 630 3534 strissimi
652 3479 900 3548 comitis,
925 3479 1186 3536 Sicconis
1208 3481 1454 3552 nomine,
1479 3481 1661 3552 stirpe
1681 3481 1994 3538 descende-

354 3571 464 3638 rat,
491 3580 660 3638 quem
683 3573 744 3624 et
764 3566 952 3640 ampla
985 3569 1336 3640 pradiorum
1361 3569 1572 3641 spatia,
1603 3572 1659 3624 et
1686 3569 1994 3641 utriusque

352 3667 530 3712 sexus
560 3670 864 3714 numerosa
890 3657 1123 3729 familia,
1148 3657 1249 3714 sed
1273 3663 1328 3714 et
1356 3657 1626 3715 militaris
1649 3657 1822 3714 animi
1844 3673 1996 3714 eom-

353 3743 664 3808 mendabat
681 3744 940 3802 audacia.
963 3747 1084 3817 Hic,
1109 3746 1264 3818 quod
1284 3747 1493 3818 Opibus
1514 3752 1572 3803 et
1591 3746 1896 3803 nobilitate
1917 3747 1991 3802 sit

349 3830 584 3902 celsius,
614 3833 904 3905 justitiam
936 3835 1388 3906 aquitatemque
1422 3840 1701 3909 sectatus,
1739 3851 1847 3906 qua
1879 3838 1994 3892 Deo

349 3920 430 3978 nil
460 3920 752 3980 invenitur
775 3923 1098 3994 acceptius,
1124 3923 1266 3980 totis
1288 3924 1524 3980 elabora
1536 3925 1630 3980 bat
1657 3925 1884 3981 nisibus
1908 3929 1990 3992 ut,

349 4009 497 4068 sicut
526 4011 906 4084 propagine'm
926 4011 1350 4082 magnificentia
1373 4013 1634 4084 generis,
1657 4013 1734 4069 ita
1757 4020 1814 4070 et
1837 4013 1995 4070 illus-

349 4102 536 4155 traret
559 4100 840 4169 operibus
861 4099 1116 4170 pietatis.
1133 4101 1294 4156 Unde
1315 4101 1517 4171 procul
1537 4101 1714 4171 dubio
1733 4103 1996 4159 innuitur

347 4186 500 4243 hunc
525 4185 749 4255 justum
781 4191 1015 4256 tamque
1045 4187 1310 4258 praclari
1335 4187 1526 4243 meriti
1552 4204 1760 4264 Virum,
1785 4205 1856 4246 ex
1880 4206 1996 4246 mo-

348 4271 536 4330 destis
567 4277 624 4330 et
660 4274 770 4345 piis
812 4273 1156 4345 parentibus
1185 4279 1400 4346 ortum,
1441 4291 1768 4348 quanquam
1810 4279 1995 4350 plero-

349 4373 492 4432 sque
515 4360 775 4432 legamus
791 4361 1080 4431 justorum
1104 4377 1176 4418 ex
1199 4365 1540 4436 parentibus
1563 4366 1755 4422 editos
1778 4367 1990 4438 impiis,

347 4449 532 4508 veluti
570 4465 722 4508 rosa
759 4451 1080 4522 gignuntur
1105 4467 1177 4508 ex
1209 4454 1416 4525 spinis.
1461 4455 1814 4511 Genitrieem
1852 4471 1992 4514 vero

347 4538 497 4610 ejus,
533 4555 724 4611 quam,
759 4539 1026 4613 exemplo
1056 4542 1346 4612 Rachelis,
1383 4559 1485 4614 pro
1525 4543 1644 4599 lilio
1673 4543 1896 4600 doloris
1930 4559 1993 4602 ac

349 4627 628 4698 dextera,
651 4627 707 4684 in
731 4629 1137 4687 benedictione
1160 4631 1396 4688 seminis
1420 4630 1664 4688 Abraba
1687 4631 1838 4688 hunc
1861 4647 1994 4688 con-

345 4719 462 4772 stat
487 4717 808 4789 peperisse,
835 4717 1075 4774 dubium
1099 4734 1212 4776 non
1234 4723 1344 4789 est,
1371 4734 1500 4775 eum
1526 4722 1684 4776 Anna
1711 4719 1994 4777 Samuelis

345 4809 552 4878 matre,
598 4805 781 4863 vicem
813 4821 842 4862 a
877 4807 994 4863 Deo
1031 4808 1385 4864 eommodati
1431 4808 1647 4866 fenoris
1685 4809 1987 4867 meruisse.

343 4894 477 4951 Pari
507 4894 722 4968 quippe
751 4898 890 4952 voto
913 4894 1034 4952 hac
1059 4894 1239 4952 filium
1264 4895 1558 4954 invenitur
1579 4896 1863 4954 obtulisse
1887 4899 1994 4954 Do-

345 4983 518 5041 mino.
543 4985 622 5041 De
644 4997 755 5055 qua
778 4982 955 5040 etiam
981 4982 1149 5056 plane
1169 4983 1556 5056 sentiendum,
1581 4986 1736 5057 quod
1758 5001 1868 5043 non
1894 4987 1994 5042 mi-

345 5085 454 5130 nus
485 5071 773 5145 placuerit
808 5071 864 5128 in
898 5072 1278 5130 tabernaculo
1316 5073 1538 5130 Domini
1573 5078 1815 5146 propter
1843 5089 1994 5132 eom-

345 5160 626 5220 mercium
659 5159 934 5232 conjugii,
971 5175 1143 5232 quam
1167 5161 1212 5219 si
1239 5166 1370 5219 toro
1402 5161 1634 5219 minime
1669 5162 1870 5222 fuisset
1903 5179 1994 5220 so-

420 5335 497 5407 (2)
531 5334 796 5410 Ripuarii
835 5338 975 5410 tunc
1015 5335 1387 5410 dicebantur,
1425 5337 1523 5410 qui
1563 5351 1719 5410 nunc
1756 5337 1993 5410 potissi-

349 5404 715 5476 mum_agros
759 5404 1155 5476 coloniensem
1187 5411 1247 5462 et
1277 5404 1664 5466 Jul'iaeenscm
1706 5404 1970 5465 in'eolunt

348 5474 714 5550 Wolpbelmi
737 5475 1019 5550 originem
1059 5491 1132 5550 ex
1169 5478 1482 5550 comitibus
1515 5479 1585 5550 de
1615 5478 1737 5550 Niel
1779 5478 1992 5550 repetit

352 5545 624 5604 Gelenius
657 5547 808 5601 libro
840 5559 900 5600 111
933 5547 1011 5602 De
1041 5546 1396 5605 admirandis
1437 5547 1706 5604 Colonia.

422 5619 497 5689 (3)
530 5619 703 5673 Notat
728 5615 1126 5672 lienschenius
1150 5618 1301 5685 apud
1326 5619 1702 5675 Colonienscs
1739 5619 1996 5691 Woéflu-

2022 4415 2076 4476 D

2107 3145 2216 3198 mo,
2271 3133 2513 3185 sanctus
2559 3126 2925 3195 lleribertus,
2973 3130 3094 3181 toto
3130 3127 3246 3196 jam
3286 3126 3412 3182 orbi
3449 3127 3597 3183 fama
3627 3141 3761 3183 san-

2104 3215 2332 3272 ctitatis
2389 3213 2752 3282 notissimus,
2814 3217 3030 3268 sancta
3085 3211 3414 3269 Coloniensi
3473 3212 3758 3270 Ecclesia

2108 3303 2464 3376 prasidebat
2510 3302 2842 3373 episcopus.
2897 3300 3004 3366 Qui
3039 3301 3412 3357 beatissimus
3463 3302 3753 3372 pontifex,

2101 3394 2216 3464 jam
2251 3392 2466 3450 ultima
2499 3391 2693 3446 atatis
2727 3389 2890 3445 senio
2923 3389 3137 3459 fessus,
3176 3389 3450 3446 famulum
3475 3389 3576 3446 Dei
3599 3389 3756 3446 Wol-

2109 3481 2418 3553 phelmum,
2449 3485 2562 3534 tam
2593 3493 2842 3549 corpore
2873 3477 3063 3534 adhuc
3096 3493 3264 3548 quam
3286 3481 3343 3532 et
3369 3477 3593 3535 malitia
3627 3493 3759 3551 par-

2105 3569 2323 3638 vulum,
2351 3583 2511 3624 more
2535 3567 2645 3623 sibi
2669 3566 3016 3622 Christiana
3047 3566 3347 3636 religionis
3371 3567 3659 3637 oblatum,
3691 3571 3756 3623 ut

2106 3658 2504 3728 evangelicum
2529 3655 2802 3711 Dominus
2825 3654 3148 3727 parvulum,
3171 3655 3226 3710 in
3249 3654 3438 3712 medio
3462 3659 3754 3714 statutum

2108 3747 2508 3812 benedixerat,
2550 3749 2606 3800 et
2658 3758 2765 3815 per
2814 3744 2965 3799 sacri
3013 3742 3348 3800 chrismatis
3397 3744 3752 3814 unctionem,

2106 3837 2410 3906 sanctique
2460 3833 2715 3906 Spiritus
2766 3833 3210 3899 invocationem,
3254 3831 3310 3887 in
3353 3832 3605 3890 filiorum
3651 3833 3754 3890 Dei

2107 3923 2488 3981 transtulerat
2515 3926 2754 3978 sortem.
2783 3923 2964 3978 Porro
2987 3935 3056 3976 ne
3081 3919 3290 3990 inanis,
3313 3924 3410 3977 aut
3435 3935 3640 3991 vacua,
3666 3921 3753 3978 vel

2107 4017 2270 4070 certe
2304 4011 2543 4068 fortuita
2576 4010 2630 4066 in
2662 4009 2763 4066 illo
2798 4013 2992 4081 posset
3026 4008 3306 4065 astimari
3339 4009 3489 4066 tanti
3523 4009 3759 4066 benedi-

2105 4102 2224 4158 ctio
2241 4099 2372 4168 viri,
2391 4099 2575 4156 sancti
2597 4097 2848 4170 Spiritus
2868 4100 3160 4154 attractus
3177 4097 3396 4167 calore,
3413 4097 3485 4154 ad
3499 4103 3752 4155 contem-

2106 4190 2388 4262 plativam
2418 4188 2595 4244 vitam
2625 4189 2752 4242 toto
2778 4187 2894 4258 jam
2924 4185 3134 4242 mentis
3163 4185 3460 4242 desiderio
3491 4191 3758 4259 caperet

2107 4276 2402 4345 anhelare,
2437 4275 2696 4346 satisque
2725 4274 2963 4330 fecisset
2993 4273 3169 4342 votis,
3195 4274 3240 4330 si
3266 4273 3665 4330 immaturitas
3701 4275 3754 4330 id

2108 4382 2221 4424 non
2254 4365 2592 4439 impedisset
2613 4363 2824 4421 atatis.
2856 4362 3067 4418 Verum
3092 4365 3310 4432 quanto
3339 4361 3595 4420 naturali
3629 4378 3758 4434 pro.

2108 4470 2278 4513 eessu
2327 4457 2698 4526 augmentum
2748 4451 3015 4523 capiebat
3067 4450 3298 4521 virium,
3351 4455 3515 4507 tanto
3543 4449 3602 4506 in
3636 4449 3758 4508 dies

2107 4542 2294 4600 sancti
2337 4540 2582 4598 fervoris
2623 4538 2780 4596 illius
2817 4537 3121 4594 crescebat
3155 4535 3536 4595 desiderium.

2178 4635 2228 4686 4.
2262 4630 2388 4686 Fuit
2429 4633 2620 4686 autem
2663 4633 2728 4685 ut
2762 4640 3011 4696 corpore
3049 4629 3275 4696 castus,
3321 4626 3400 4682 ita
3442 4631 3640 4684 mente
3670 4642 3756 4683 so-

2104 4719 2288 4790 brius,
2313 4722 2534 4775 tantam
2557 4715 2860 4789 possidens
2878 4713 3126 4784 gratiam
3149 4713 3370 4784 vultus,
3396 4719 3461 4771 ut
3481 4714 3756 4786 quodam-

2105 4808 2276 4866 modo
2295 4805 2593 4878 angelicus
2613 4804 2738 4876 ejus
2755 4806 3062 4876 putaretur
3083 4813 3378 4875 aspectus.
3393 4804 3624 4860 Prater
3636 4805 3756 4862 hac

2104 4897 2311 4954 divina
2345 4893 2581 4968 pietatis
2611 4892 2843 4959 indicia,
2870 4891 2925 4948 in
2948 4890 3282 4948 eruditione
3315 4891 3755 4963 Scripturarum

2103 4990 2324 5042 tantam
2350 4983 2670 5058 promeruit
2693 4979 3030 5049 efficaciam,
3053 4984 3116 5036 ut
3136 4979 3290 5050 quod
3309 4979 3490 5038 semel
3511 4979 3759 5052 legendo

2103 5073 2464 5143 adverteret,
2487 5075 2775 5144 perpetuo
2793 5069 3098 5127 retineret.
3122 5067 3288 5135 Quod
3309 5068 3681 5140 plerumque,
3699 5074 3758 5126 ut

2102 5159 2653 5232 eredimus,occulto
2665 5158 2764 5216 Dei
2779 5155 3394 5230 agebaturjudicio,ne
3410 5156 3758 5216 beatissimo

2105 5351 2259 5414 pum,
2284 5335 2450 5414 [telm
2475 5333 2868 5414 vero_ga_leam
2902 5332 3252 5414 significare.
3273 5401 3286 5414 _
3463 5403 3508 5414 ﬂ
3567 5401 3578 5414 .

2178 5401 2256 5476 (61
2284 5407 2440 5464 Idem
2475 5401 2985 5476 notat'Germanis
3018 5403 3197 5461 From
3233 5401 3383 5476 idem
3426 5401 3758 5474 signiﬁcare

2102 5473 2472 5550 aciprobum,
2511 5476 2655 5532 Olde
2688 5489 2824 5550 vero
2853 5473 3432 5550 antiquum__referre.

2177 5545 2254 5618 (3)
2287 5551 2421 5604 Hac
2451 5551 2545 5604 est
2583 5545 2835 5618 ecclesia
2879 5545 3334 5616 metropolitana
3370 5545 3757 5618 Coloniensis,

2103 5615 2194 5674 cui
2227 5615 2280 5673 S.
2314 5618 2660 5674 Heribertus
2691 5615 2760 5672 ad
2790 5631 3002 5672 annum
3038 5615 3220 5685 usque
3253 5619 3393 5671 1022
3428 5617 3688 5688 pral‘uit.
