3950 6316
94 363 200 425 409

1686 357 1866 422 VITA
1881 397 1898 420 .

3365 354 3484 422 410

92 495 230 568 viro,
262 493 320 554 in
345 493 547 568 aliquo
577 492 835 555 scientia)
875 493 1107 555 deesset
1155 494 1476 570 plenitudo.
1512 494 1718 566 Igitur,
1756 493 1812 557 A
1841 500 1961 558 voti
1991 513 2233 571 compos
2255 500 2521 568 effectus,
2553 512 2613 555 se
2646 497 2986 557 monachum
3015 501 3108 554 est
3157 495 3478 569 professus,

89 586 345 658 exceptis
375 583 708 642 divinorum
757 585 1113 643 voluminum
1167 586 1409 658 paginis,
1443 585 1724 657 quidquid

93 679 254 745 poeta
267 672 512 742 cecinit,
529 678 727 729 orator
743 673 1026 730 facundus
1040 675 1574 745 disseruit,philoso
1586 675 1731 744 phus

91 762 465 832 excogitavit,
486 761 732 834 quadam
763 777 946 834 penna
980 763 1210 822 altioris
1229 778 1439 820 sensus
1463 769 1729 835 penetra-

91 852 185 906 vit.
203 850 548 921 Quanquam
570 865 710 907 vero
735 853 892 907 tanta
911 851 1143 922 juvenis
1165 852 1408 909 scientia
1450 851 1733 923 preditus

91 939 386 1008 claruerit,
402 952 702 1010 nunquam
718 944 911 996 tamen
932 939 1374 1011 hincjactantia)
1391 941 1733 997 vitioelatns

93 1027 418 1098 succubuit,
457 1041 680 1084 memor
702 1027 952 1084 dicentis
985 1027 1282 1101 Apostoli:
1306 1028 1493 1084 Nolite
1533 1027 1730 1086 seduci

94 1133 192 1190 per
217 1117 448 1173 inanem
485 1115 830 1188 sapientiam
865 1115 1038 1186 hujus
1063 1116 1258 1172 mundi
1291 1117 1529 1188 (Ephes.
1565 1134 1615 1187 v,
1653 1118 1729 1188 6).

92 1209 258 1262 Tanta
279 1209 478 1261 autem
503 1204 786 1275 gravitas,
805 1209 962 1260 tanta
990 1220 1210 1262 morum
1238 1205 1318 1260 illi
1343 1205 1527 1262 inerat
1556 1211 1666 1260 mat
1679 1223 1737 1261 u-

93 1295 246 1360 ritas,
280 1296 344 1350 ut
378 1292 574 1364 palam
607 1293 837 1350 cunctis
881 1293 1122 1350 daretur
1147 1293 1392 1364 intelligi
1426 1309 1527 1350 vas
1574 1293 1733 1349 illum

94 1381 393 1438 electionis
411 1380 693 1437 existere.
714 1379 936 1437 Nullam
956 1396 1094 1436 vero
1122 1398 1224 1452 pro
1239 1382 1454 1438 carnali
1482 1381 1738 1452 ingenui-

97 1475 203 1525 tate
251 1471 364 1525 sibi
411 1469 755 1540 paticbatur
797 1470 1182 1525 reverentiam
1227 1470 1736 1540 exhiberi,ntilius

96 1573 333 1616 censeris
362 1573 568 1614 amore
601 1558 812 1614 Christi
845 1573 905 1614 se
935 1558 1208 1615 humilem
1239 1543 1514 1614 exhibere
1546 1573 1739 1631 perso-

95 1661 234 1716 nam,
285 1661 459 1717 quam
521 1646 777 1703 animum
834 1647 1047 1702 habere
1103 1645 1469 1715 degenerem.
1504 1649 1737 1718 lneptas

97 1735 262 1791 etiam
320 1734 572 1803 fabulas,
605 1735 1000 1805 iuvenumque
1055 1734 1350 1791 lasciviam
1409 1735 1736 1792 declinabat

99 1827 408 1880 venenatas
437 1822 807 1880 adulantium
842 1823 1071 1894 linguas
1102 1823 1487 1890 abhorrebat;
1523 1823 1740 1879 vanilo-

106 1911 628 1984 quium,levitatem
650 1912 973 1981 oculorum,
990 1913 1293 1983 totiusque
1327 1920 1517 1970 motus
1538 1928 1742 1984 corpo-

106 2000 456 2068 ris,anchora
473 2001 790 2056 cohibebat
804 2001 1528 2070 gravitatis.Considerans
1548 2003 1740 2073 itaque

106 2092 156 2142 et
179 2088 548 2160 perpendens
574 2088 852 2158 magister
874 2089 1200 2145 scholarum
1218 2091 1369 2146 hunc
1394 2090 1616 2146 illiusin
1634 2107 1746 2146 om-

107 2176 248 2232 nium
277 2177 570 2232 virtutum
606 2175 933 2247 disciplinis
967 2178 1308 2248 profectum,
1333 2179 1624 2245 gaudebat
1649 2178 1746 2234 do-

109 2263 294 2320 ctrinae
326 2263 410 2320 illi
443 2265 809 2336 impendisse
843 2265 1119 2336 studium,
1149 2281 1317 2336 quem
1374 2268 1748 2338 perfectionis

117 2355 371 2410 cernebat
395 2353 676 2423 attigisse
693 2353 1006 2422 fastigium.
1027 2355 1259 2410 Aretius
1279 2355 1472 2426 itaque
1488 2356 1598 2411 sibi
1615 2371 1744 2411 eum

113 2442 315 2510 eligens
357 2443 814 2507 annectendum,
859 2443 1460 2513 honorificentiusquc
1518 2460 1748 2500 servan-

120 2531 575 2603 dum,assumpsit
604 2531 763 2588 illum
785 2538 1118 2588 consortem
1164 2533 1625 2604 participemque
1667 2533 1747 2589 la-

123 2619 283 2689 boris,
317 2635 464 2676 onus
507 2635 646 2676 cum
686 2619 784 2677 illo
820 2621 1082 2692 partiens
1123 2622 1391 2690 regenda;
1426 2621 1748 2692 disciplinae

127 2707 401 2765 scholaris.
430 2710 722 2765 Fervebat
744 2710 940 2780 itaque
965 2709 1018 2764 in
1050 2723 1119 2765 eo
1145 2710 1444 2779 magniﬁce
1469 2710 1746 2779 studium,

121 2797 227 2865 jugi
249 2797 674 2855 exercitatione
697 2798 1154 2869 Scripturarum:
1177 2804 1256 2868 et,
1277 2799 1545 2868 quoniam
1571 2799 1752 2854 scien-

131 2884 213 2940 tiae
241 2883 391 2942 illius
420 2886 743 2942 thesaurus
775 2900 884 2941 non
911 2885 1321 2943 occultabatur
1343 2886 1748 2955 absconditus,

129 2973 278 3028 fiebat
295 2973 688 3045 ubique,fama
703 2974 996 3044 vulgante,
1015 2974 1452 3031 celeberrimus.
1479 2975 1615 3030 Hinc
1640 2990 1751 3030 non

129 3061 290 3118 minor
311 3062 378 3118 de
401 3062 744 3134 longinquo,
767 3078 936 3134 quam
959 3078 1030 3119 ex
1053 3063 1332 3134 proximo,
1356 3063 1752 3120 studiosorum

136 3150 638 3210 illumclericorum
661 3153 972 3224 expetebat
1001 3153 1626 3224 frequentia,praesenti
1658 3168 1756 3210 au-

1843 593 2116 662 senisque
2135 607 2262 648 cum
2289 590 2584 662 Seraphin)
2611 589 2720 646 alis
2746 589 3010 654 amictus,
3043 588 3218 642 Deum
3247 585 3480 641 excelso

1840 682 2044 752 gloria:
2077 680 2222 737 solio
2257 681 2566 737 subnixum
2591 677 2906 749 tranquilla
2940 677 3152 732 mentis
3184 675 3307 730 acie
3349 688 3483 729 con-

1841 770 2112 842 templari
2146 769 2399 826 laetatur.
2423 768 2583 836 Quod
2618 783 2686 823 ne
2717 767 2957 823 abusive
2989 764 3259 822 videatur
3301 760 3490 834 prola-

1843 863 1964 915 tum
2024 859 2252 914 noverit
2311 859 2518 926 lector,
2562 859 2813 913 Romana
2874 853 3228 910 auctoritate
3284 851 3486 907 decre-

1843 950 1964 1004 tum
1991 947 2088 1017 (7),
2109 947 2265 1004 illius
2287 947 2512 1002 ordinis
2539 945 2741 1000 habitu
2766 942 3212 1014 significantiam
3235 938 3482 1010 exprimi

1845 1051 1946 1092 sex
1971 1036 2210 1092 alarum.
2239 1038 2390 1092 Duas
2419 1035 2561 1101 alas,
2587 1032 2684 1090 ille
2707 1048 2820 1104 quo
2846 1032 3024 1089 totius
3045 1028 3314 1100 corporis
3333 1026 3486 1083 vela-

1844 1129 1942 1180 tur
1975 1124 2554 1193 altitudo;dnas,quo
2580 1121 2944 1178 brachiorum
2966 1119 3187 1187 tegitur
3209 1115 3483 1179 latitudo;

1847 1213 1992 1268 duas
2024 1228 2161 1270 vero
2193 1215 2525 1284 superiores
2572 1211 2817 1266 invicem
2851 1209 2961 1264 sibi
2989 1208 3244 1276 junctas,
3271 1203 3484 1274 capitis

1846 1301 2228 1372 operimento.
2264 1301 2425 1367 Quod
2459 1300 2590 1371 quia
2652 1299 2906 1370 priorum
2967 1299 3163 1351 sancta
3222 1291 3481 1348 definivit

1847 1390 2192 1456 auctoritas,
2232 1389 2387 1446 nulla
2439 1386 2941 1456 argumentatione
2999 1383 3266 1440 refellere
3311 1379 3487 1435 habet

1849 1478 2180 1550 posteritas,
2213 1493 2342 1532 cum
2373 1477 2642 1532 videatur
2665 1480 2722 1531 et
2751 1475 2947 1531 crucis
2981 1488 3083 1544 per
3138 1470 3325 1526 omnia
3359 1481 3486 1536 spe-

1847 1566 1992 1622 ciem
2007 1564 2480 1635 gerereeiusdem
2495 1563 3002 1633 habitusinspecta
3027 1557 3483 1631 qualitas.Quam

1849 1670 2081 1710 crucem
2114 1654 2321 1708 beatus
2369 1653 2786 1724 Wolphelmus.
2823 1656 2886 1706 ut
2933 1650 3083 1704 alter
3124 1647 3360 1714 Paulus,
3393 1644 3481 1700 vel

1853 1743 2157 1810 Antonius,
2183 1758 2294 1797 non
2339 1746 2564 1798 tantum
2624 1741 2884 1796 exterius
2941 1752 3261 1804 assumens,
3297 1735 3397 1790 sed
3428 1739 3480 1788 et

1855 1831 2119 1887 interiori
2172 1831 2383 1888 homini
2417 1828 2906 1886 indissolubilitcr
2935 1826 3486 1895 astringcns,oncre

1855 1919 2051 1974 saeculi
2083 1918 2416 1988 expeditus,
2447 1917 2802 1986 sequebatur
2834 1913 3044 1968 Christi
3086 1911 3356 1980 vestigia,
3393 1924 3490 1964 ex-

1856 2007 2051 2080 pansis
2100 2007 2155 2062 in
2195 2022 2312 2063 sua:
2363 2005 2736 2062 exaltatioms
2786 2003 2942 2072 ligno
2999 2000 3264 2056 manibus
3296 1997 3362 2054 ad
3427 2012 3488 2052 se

1855 2096 2142 2151 trahentis
2172 2094 2382 2164 omnia,

1925 2189 1975 2240 6.
1998 2183 2368 2240 Colonienses
2405 2183 2643 2245 interea,
2681 2181 2892 2252 quibus
2926 2194 3036 2234 non
3070 2177 3278 2233 leviter
3310 2176 3492 2230 feren-

1855 2273 1988 2328 dum
2013 2273 2517 2328 videbatnrtantre
2533 2270 2867 2327 sanctitatis
2887 2269 3014 2324 viro
3038 2281 3259 2325 carere.
3281 2264 3376 2319 ubi
3395 2263 3490 2319 ubi

1856 2360 2222 2430 requisitum,
2268 2359 2498 2416 tandem
2550 2359 2875 2415 audientes.
2907 2353 3159 2410 Treviris
3215 2351 3494 2421 angelicae

1861 2449 2295 2504 conversationi
2313 2449 2573 2516 studere,
2593 2446 2832 2501 invicem
2853 2440 3495 2511 contuleruntqualiter

1855 2551 1985 2592 eum
2022 2540 2257 2607 possent
2289 2541 2575 2606 repetere.
2614 2535 2751 2590 Hinc
2808 2533 3212 2589 llerimannum
3249 2531 3344 2601 (8),
3379 2527 3496 2582 illis

1858 2624 2068 2681 diebus
2124 2624 2372 2680 Coloniae
2423 2639 2657 2680 currum
2715 2623 2810 2677 Dei
2845 2621 3227 2690 aurigantem,
3257 2617 3493 2680 adeunt,

1861 2712 2000 2782 quid
2049 2713 2298 2768 habeant
2324 2712 2443 2766 voti
2485 2711 2672 2783 palam
2704 2710 2918 2766 faciunt
2954 2709 3056 2777 'lli,
3104 2712 3160 2762 et
3220 2720 3325 2762 cur
3384 2703 3498 2759 alio

1860 2800 2210 2857 translatum
2274 2800 2496 2868 insigne
2529 2799 2692 2854 urbis
2715 2813 2833 2853 sua:
2867 2811 2978 2851 non
3031 2799 3280 2866 repetat,
3311 2792 3404 2863 pie
3436 2805 3498 2845 se

1860 2903 1995 2944 vera
2030 2888 2424 2957 indignatione
2455 2889 2510 2942 in
2560 2902 2690 2943 eum
2747 2885 3131 2941 conclamant.
3166 2883 3300 2937 Erat
3361 2883 3500 2934 tunc

1863 2978 2060 3034 videre
2081 2981 2298 3046 togatae
2330 2976 2492 3032 urbis
2523 2977 2809 3048 primores
2841 2973 3051 3028 iterum
3103 2969 3364 3039 Gregorii
3420 2971 3498 3038 (9)

1863 3067 1950 3122 sui
1984 3066 2307 3122 discessum
2367 3069 2815 3134 conquerentes:
2852 3061 2984 3132 quia
3016 3076 3125 3116 non
3161 3059 3340 3130 major
3399 3055 3499 3111 illo

1865 3155 2205 3211 discedente
2227 3156 2616 3210 Romanorum
2635 3151 2919 3220 confusio,
2936 3165 3105 3220 quam
3130 3150 3235 3204 hoc
3258 3147 3498 3203 absente

133 3237 238 3295 ditu
257 3239 623 3312 capientium
645 3219 900 3312 experiri
926 3219 1137 3311 quanta
1165 3241 1218 3296 in
1243 3219 1753 3297 illo'veriSalomo-
1787 3219 1836 3281 Ο
1867 3243 2294 3300 Coloniensium
2347 3242 2682 3312 agitabatur
2729 3219 2994 3310 quaestio.
3026 3240 3140 3293 Nec
3173 3235 3228 3291 id
3269 3233 3496 3304 injuria.

135 3325 211 3381 nis
228 3327 434 3396 vigeret
457 3327 770 3400 sapientia.
792 3329 1000 3384 Verum
1033 3329 1206 3385 sicuti
1256 3329 1413 3386 nulla
1434 3345 1564 3385 eum
1588 3344 1758 3400 argu-

135 3416 462 3473 mentatione
493 3415 874 3486 concludere,
910 3417 995 3473 sic
1027 3417 1182 3474 nulla
1216 3423 1332 3475 tam
1361 3427 1582 3487 argutat
1630 3434 1758 3490 pro-

137 3503 414 3572 positionis
433 3506 714 3562 valebant
745 3506 1091 3562 documenta
1118 3521 1462 3578 proponere,
1479 3522 1605 3578 quae
1625 3522 1758 3562 con~

135 3589 232 3646 cite
283 3607 388 3649 non
441 3593 842 3664 solverentur,
891 3595 1259 3651 convenienti
1319 3594 1600 3652 historica
1665 3597 1756 3652 vel

139 3679 420 3750 allegorica
451 3682 840 3754 expositione.

205 3775 233 3825 t5
253 3772 440 3843 Itaque
471 3786 758 3829 novorum
789 3772 898 3827 iste
930 3787 996 3830 ac
1025 3776 1284 3830 veterum
1343 3773 1414 3830 de
1464 3774 1614 3830 bono
1639 3773 1759 3829 the-

141 3869 291 3915 sauro
319 3860 405 3916 sui
441 3859 644 3917 cordis
701 3860 983 3933 prolator,
1008 3861 1476 3920 animadverteris
1528 3867 1758 3932 quantae

145 3942 614 4017 impossibilitatis
629 3948 701 4006 sit
717 3949 946 4006 duobus
961 3949 1211 4006 dominis
1229 3951 1451 4006 servire
1467 3951 1625 4012 (Luc.
1645 3966 1754 4021 xvr,

148 4037 238 4103 13!,
269 4040 325 4092 ut
358 4037 452 4093 uni
483 4040 626 4107 Deo,
662 4040 752 4094 cui
806 4038 1028 4095 servire
1061 4054 1304 4108 regnare
1353 4044 1464 4110 est,
1501 4039 1757 4096 liberiori

148 4122 310 4178 animo
340 4128 538 4196 posset
590 4125 895 4196 inhaerere,
931 4127 1150 4184 saeculo
1197 4128 1429 4199 penitus
1475 4127 1758 4184 deliberat

154 4211 481 4269 renuntiare.
513 4215 689 4270 Juxta
740 4212 886 4270 illud
917 4228 1057 4284 ergo
1105 4215 1516 4285 Gregorianum
1549 4216 1672 4285 (lib.
1699 4231 1760 4282 ιι,

150 4297 450 4371 Dialog.,c.
470 4303 536 4372 l),
559 4303 762 4373 pedem
805 4303 1148 4374 quemquasi
1174 4304 1524 4374 iningressu
1567 4304 1760 4361 mundi

153 4393 420 4460 posuerat,
436 4390 762 4460 retrahens,
788 4391 982 4462 ruptis
1003 4396 1369 4449 terrenarum
1396 4393 1761 4465 voluptatum

153 4475 373 4546 catenis,
405 4493 696 4536 morarum
729 4480 1062 4551 impatiens,
1098 4481 1285 4551 fugam
1316 4480 1464 4550 iniit,
1513 4481 1764 4537 latenter

1866 3333 2022 3388 Sicut
2043 3331 2192 3389 enim
2219 3331 2336 3402 ille,
2354 3347 2458 3388 suo
2482 3329 2694 3386 nomini
2714 3328 2879 3384 bonis
2891 3326 3501 3398 operibuscongruen-

1867 3421 1958 3491 do,
1986 3436 2104 3478 suae
2127 3425 2184 3476 et
2209 3420 2605 3492 proximorum
2631 3417 2806 3475 saluti
2832 3416 3064 3485 invigila
3077 3419 3192 3481 nat;
3212 3413 3290 3469 ita
3315 3416 3370 3466 et
3395 3411 3503 3466 istc

1868 3509 1999 3565 fidei
2047 3523 2224 3580 opera
2273 3509 2671 3578 exsequendo,
2705 3511 3047 3564 cunctorum
3089 3501 3402 3559 dilectione
3447 3505 3503 3554 et

1867 3598 2241 3654 veneratione
2288 3595 2664 3666 dignissimus
2702 3598 2848 3651 erat.
2888 3592 3378 3662 Archiepiscopus
3409 3601 3507 3644 au-

1869 3690 1982 3741 tem
2008 3685 2176 3756 juxta
2207 3684 2349 3740 illud
2385 3683 2705 3756 sapientis:
2746 3683 2900 3748 Quia
2926 3681 3208 3738 amultt's'
3241 3677 3502 3744 timetur,

1865 3786 2096 3832 necesse
2116 3773 2293 3830 estut
2315 3775 2530 3830 multos
2578 3771 2802 3838 timeat,
2839 3770 3235 3839 subjectorum
3297 3767 3508 3837 impor-

1868 3861 2224 3918 tunitatihus
2279 3865 2688 3932 optemperare
2741 3855 3126 3922 festinat;sed
3176 3853 3509 3924 suspicatus

1869 3949 2238 4006 Trevirenses
2267 3946 2503 4004 difficile
2533 3944 2868 4002 reddituros
2900 3944 3082 4000 virum
3109 3948 3222 3999 tam
3253 3939 3511 3996 laudabi-

1869 4036 1944 4095 lis
1975 4038 2130 4107 vitze,
2156 4036 2468 4094 aestimavit
2492 4050 2623 4093 eum
2647 4032 3047 4106 repetendum,
3065 4033 3217 4088 facta
3241 4029 3294 4084 in
3323 4027 3509 4084 totius

1871 4125 2143 4184 Ecclesiae
2176 4125 2380 4182 auditu
2411 4123 2734 4180 vocatione.
3381 4140 3416 4161 ι

1943 4220 1996 4271 7.
2033 4213 2331 4271 Eminebat
2363 4216 2505 4270 tunc
2535 4210 2816 4283 temporis
2838 4209 2989 4266 inter
3021 4206 3328 4281 praesentis
3349 4205 3509 4274 regni

1874 4305 2155 4360 caelorum
2188 4303 2453 4372 majores,
2488 4299 2774 4358 Henricus
2806 4296 2915 4368 (10)
2947 4297 3128 4353 abbas
3169 4292 3511 4352 monasterii

1876 4389 2071 4448 nancti
2101 4389 2493 4458 Pantaleonis,
2527 4388 2624 4459 qui
2659 4385 2958 4443 memorati
2981 4389 3040 4442 et
3073 4383 3286 4457 saepius
3305 4396 3516 4439 memo-

1879 4479 2042 4536 randi
2082 4478 2190 4535 viri
2215 4477 2536 4535 avunculus
2562 4481 2708 4534 erat.
2737 4477 2852 4533 Iste
2871 4473 3201 4530 charissimi
3235 4469 3321 4529 sui
3352 4484 3518 4526 revo-

155 4558 413 4636 discessit,
433 4569 819 4638 sanctumque
844 4567 1209 4624 Maximinum
1235 4568 1287 4624 in
1303 4568 1607 4625 Treverica
1623 4570 1765 4625 urbe
1795 4583 1848 4644 D
1877 4569 2163 4626 cntionem
2192 4570 2494 4636 gratanter
2544 4565 2774 4636 quidem
2827 4563 3168 4634 suscipiens,
3199 4559 3302 4616 sed
3359 4558 3515 4614 illam

157 4653 397 4724 expetiit,
431 4655 524 4711 ubi
561 4656 669 4712 sub
717 4655 1072 4712 venerabilis
1127 4657 1319 4712 Patris
1378 4657 1656 4714 Bernardi
1690 4657 1766 4728 (6)

156 4737 427 4811 regimine,
460 4741 708 4816 amplius
739 4749 799 4800 et
826 4743 1150 4814 perfectius
1178 4749 1318 4800 tunc
1350 4745 1631 4817 temporis
1656 4759 1770 4800 mo-

159 4824 421 4885 nachicam
442 4829 620 4886 vitam
641 4831 866 4887 fervere
889 4835 1184 4900 cognovrt.
1221 4833 1301 4888 lbi
1329 4833 1634 4904 praeoptati
1669 4833 1767 4889 diu

219 5009 284 5078 (6)
317 5013 638 5072 Bernardus
665 5015 1052 5073 celeberrimo
1081 5018 1134 5072 S.
1161 5017 1384 5074 Maximi
1414 5019 1777 5076 Trevircnsns

161 5085 484 5163 monasterio
507 5085 736 5163 duobus
768 5092 995 5163 tantum
1018 5089 1184 5163 annis
1209 5088 1548 5163 pr_a3fuit,de
1575 5105 1688 5160 quo
1719 5090 1773 5145 in

162 5147 286 5233 fita
305 5152 373 5233 S._
387 5155 701 5227 Popponis,
718 5172 888 5233 quem
923 5159 1176 5214 Bernard
1187 5147 1262 5233 ιὶε⁸
1278 5159 1339 5233 in_
1352 5147 1554 5233 eodem
1585 5147 1776 5217 inona-

164 5223 706 5302 steriodecessorem
735 5223 795 5282 et
817 5243 1229 5302 successorem
1250 5229 1472 5286 habuit.

197 5289 462 5371 ._(7)_lllud
502 5302 594 5354 est
625 5297 923 5371 decretum
955 5299 1230 5355 Bonifacii
1265 5315 1427 5371 papa:
1462 5302 1528 5355 IV
1561 5301 1614 5355 in
1648 5316 1778 5356 con-

164 5357 561 5443 cilio'ltomano
587 5367 1014 5443 promulgatum
1049 5384 1198 5426 anno
1229 5357 1354 5440 6]οξ
1380 5373 1532 5442 quod
1561 5371 1776 5428 videsis

166 5432 522 5513 conciliorum
545 5432 753 5513 habbei
785 5432 920 5494 tom.
938 5442 1014 5513 Υ.

229 5501 296 5570 (8)
327 5504 422 5583 llic
443 5511 532 5562 est
566 5507 909 5583 lierimanus
937 5509 1470 5583 Ezzeniscomitis
1502 5511 1773 5582 Palatini,

171 5566 640 5652 tiruntvillerensis
669 5581 1004 5652 monasterii
1038 5581 1362 5652 conditoris
1395 5566 1672 5652 ﬁliusqui
1706 5566 1777 5638 ab

172 5647 299 5695 anno
331 5649 459 5702 1036
485 5647 553 5702 ad
588 5652 722 5704 1055
753 5649 1022 5707 Ecclesiae
1055 5651 1386 5708 Coloniensi
1423 5647 1676 5724 praefuit.

1880 4655 2284 4728 aaquanimiter
2316 4657 2467 4712 ferre
2497 4653 2797 4724 nequiens,
2831 4648 3089 4723 episcopi
3144 4645 3515 4719 praesentiam

1880 4744 2149 4816 expetiit,
2167 4743 2304 4814 quid
2324 4744 2475 4798 facto
2497 4755 2646 4811 opus
2660 4734 3224 4808 sentiret,exposuit.
3251 4732 3518 4789 Pontifex

1882 4833 2006 4889 sani
2065 4831 2295 4889 consilii
2357 4829 2658 4899 neglector
2692 4827 2918 4896 fugiens
2947 4836 3252 4896 apparere,
3287 4820 3520 4874 litteras

1957 5019 2033 5088 (9)
2059 5017 2198 5074 Vide
2213 5018 2280 5088 8.,
2295 5013 2557 5084 Gregorii
2581 5011 2768 5068 Vitam
2793 5024 2898 5081 per
2916 5011 3190 5065 Joannem
3215 5002 3522 5060 diaconum

1887 5086 1986 5145 lib.
2015 5086 2056 5145 ἰ.
2091 5104 2222 5145 can.
2253 5086 2306 5143 6.

1984 5104 2070 5229 iii)
2091 5104 2554 5215 giaulhcoabbatem
2585 5149 2850 5230 ejuslnoci
2883 5152 3126 5230 sextum
3157 5145 3346 5228 fuisse
3385 5144 3526 5230 dicit

1887 5219 2182 5302 Gelenius,
2210 5243 2379 5302 quem
2421 5241 2572 5302 anno
2618 5219 2770 5280 ’1ιι66
2797 5237 2827 5278 e
2864 5220 3015 5302 .vivis
3076 5219 3522 5302 abiissennotat,

1886 5317 1981 5357 vn.
2046 5288 2182 5356 ldus
2230 5288 2600 5364 "Novembris,
2649 5291 2908 5366 quamvis
2935 5289 3071 5366 ejus
3116 5288 3526 5366 depositiouvl

1888 5356 2174 5428 Kalendas
2206 5367 2566 5441 Septembris
2587 5356 2650 5441 in
2667 5356 2949 5441 catalogo
2969 5356 3255 5441 abbatum
3287 5356 3531 5441 Gl‘adbao

1887 5442 2169 5508 censium,
2205 5432 2542 5508 ut'ipsemet
2604 5435 2877 5510 Gelenius
2927 5432 3096 5510 testis
3135 5435 3246 5510 est,
3272 5432 3526 5510 notetur.

1890 5517 2052 5568 Anno
2078 5498 2821 5577 fortasse'sequeutieidcm
2849 5498 3530 5571 monasteriopraefectus

1891 5588 1981 5638 est
2003 5579 2420 5654 Wolphelmus.
