3950 6324
421 355 512 420 ill
1163 367 1237 428 B.
1287 362 1796 432 WOLPHELMI
1839 363 2186 430 ABBATIS
2228 357 3044 430 BRUNWILLERENSIS
3693 364 3800 432 412

409 493 584 566 sigilli
619 495 707 556 sui
749 496 1131 570 impressione
1182 499 1456 573 bullatas,
1491 503 1758 561 Treviros
1792 506 2045 560 maturat
2077 497 2133 558 A
2163 500 2490 558 structione
2515 500 2832 571 decoravit,
2869 499 3177 572 virumque
3223 497 3801 572 saepedictum,acce«

409 586 686 658 dirigere,
713 588 782 645 ad
811 595 1032 660 patrem
1057 590 1331 647 videlicet
1357 593 1733 663 Bernardum,
1751 595 1857 650 sub
1880 595 2048 665 cujus

412 678 872 735 conversabatur
894 679 1190 747 regimine.
1215 680 1316 736 Ille
1345 684 1710 754 perpendens
1737 683 1874 738 nihil
1903 684 2048 738 intc-

414 780 574 824 resse
608 771 800 823 utrum
834 783 998 822 ovem
1031 769 1275 824 alienam
1309 771 1378 825 de
1431 787 1597 827 manu
1650 773 1902 842 pastoris
1960 773 2048 827 sui

411 855 726 926 rapuisset,
753 857 842 912 vel
868 871 936 912 eo
960 857 1139 912 invito
1163 859 1418 915 retinere
1441 863 1842 929 contenderet,
1872 862 2052 916 Immi-

414 944 522 999 lem
549 947 724 1000 tanta)
742 945 1017 1014 legationi
1037 947 1286 1016 praebuit
1317 951 1914 1018 asscnsum,quamvis
1940 965 2050 1004 non

411 1031 534 1088 sine
564 1034 726 1102 gravi
757 1049 1006 1090 mmrorc
1043 1038 1265 1090 tantum
1317 1037 1512 1104 gregis
1541 1037 1840 1091 omitteret
1889 1053 2053 1092 orna-

412 1125 685 1177 mentum.
715 1121 904 1177 Talem
929 1122 1292 1191 adolescens,
1315 1125 1646 1180 monasticze
1669 1126 1804 1181 vitze
1829 1126 2054 1180 deside-

413 1209 803 1278 rantissmius,
833 1209 1256 1266 Coloniensium
1283 1226 1492 1281 passus
1517 1211 1845 1265 violentiam
1873 1213 1927 1266 in
1963 1213 2050 1268 sui

411 1297 706 1368 pontiﬁcis
735 1296 1048 1354 deducitur
1111 1301 1510 1369 praesentiam:
1547 1316 1574 1353 a
1607 1316 1742 1370 quo,
1779 1304 1838 1356 ut
1903 1301 2054 1355 ﬁlius

413 1385 613 1441 debito
636 1393 894 1456 paterna:
921 1387 1250 1442 dilectionis
1292 1389 1502 1443 all‘cctu
1529 1389 1828 1458 recipitur,
1848 1394 1902 1444 et
1927 1404 2055 1459 pro-

415 1479 544 1544 pter
576 1479 935 1545 assumptum
967 1476 1242 1544 angelicm
1267 1475 1570 1541 dignitatis
1604 1477 1882 1540 habitum,
1912 1479 2056 1532 lleno

414 1561 516 1616 rici
547 1562 814 1618 avunculi
841 1564 928 1619 sui
957 1563 1338 1634 providentim
1362 1564 1816 1619 commendatur.
1845 1565 1948 1629 Qui
1976 1564 2058 1618 vi-

414 1650 557 1706 dens
587 1665 715 1706 eum
766 1657 1012 1707 assueta:
1053 1652 1387 1708 solitudinis
1434 1651 1809 1708 inhaerentem
1837 1653 2050 1721 studio,

421 1737 801 1809 frequentiam
827 1739 1167 1795 audiendiet
1193 1740 1423 1795 videndi
1450 1756 1622 1796 causa
1651 1741 1902 1810 undique
1921 1757 2055 1795 con-

413 1829 772 1884 currentium
807 1827 1018 1883 habere
1055 1828 1308 1893 fastidio,
1333 1830 1475 1884 urbe
1507 1829 1803 1894 eductum,
1834 1844 2055 1899 praepo-
2089 1853 2138 1911 Β

414 1914 530 1970 suit
563 1916 789 1972 cuidam
824 1917 909 1972 sui
945 1917 1244 1985 rcgimiuis
1273 1919 1545 1987 abbatiw,
1581 1918 1808 1972 nomine
1851 1917 2056 1972 Glade-

413 2004 570 2060 baco.
607 2004 781 2074 Cujus
816 2005 1170 2061 utilitatibus
1212 2021 1379 2076 quam
1417 2012 1712 2061 strenuam
1741 2022 1860 2061 sua)
1893 2021 2055 2074 saga-

407 2093 606 2149 citatis
638 2109 834 2149 curam
870 2094 1238 2166 impenderit,
1269 2110 1433 2149 nemo
1455 2110 1651 2151 eorum
1685 2094 1782 2164 qui
1811 2110 2056 2165 przeces-

408 2185 608 2239 serunt
639 2182 920 2238 credulus
973 2183 1243 2238 dubitare
1275 2183 1509 2253 poterit.

477 2274 527 2326 8.
555 2273 780 2326 Interea
816 2271 1000 2326 isdem
1034 2272 1124 2326 vir
1152 2271 1272 2338 Dei,
1300 2273 1468 2341 cujus
1495 2271 1717 2327 animus
1741 2287 1768 2327 a
1796 2277 2057 2327 terreno-

414 2374 538 2415 rum
555 2359 1076 2430 appetilupcrgei'e
1099 2364 1310 2428 erat,et
1324 2361 1873 2430 sinccorpm'cceloa'
1887 2362 2051 2428 (lion.

413 2447 596 2501 EPIST.
633 2459 668 2512 ι,
707 2451 792 2515 12,
827 2446 914 2516 13)
945 2446 1016 2501 3(1
1050 2461 1431 2516 supernorum
1477 2447 1686 2502 civium
1713 2448 2053 2502 societatem

416 2534 718 2600 tendebat,
736 2533 949 2590 dudum
975 2541 1438 2606 prmconceptam
1454 2550 1766 2604 aggressus
1785 2541 1875 2592 est
1898 2550 2058 2606 pere-

413 2621 821 2692 grinationem,
847 2623 1200 2692 Romamque
1233 2623 1404 2694 petiit
1430 2637 1604 2679 causa
1635 2623 1897 2678 solvendi
1922 2627 2056 2679 vota

410 2725 648 2781 precum
663 2711 814 2780 apud
829 2711 1162 2781 apostoloru
1175 2727 1222 2766 m
1236 2726 1342 2766 con
1354 2712 1797 2777 fessionem.Qui
1829 2712 2054 2782 vero,in

410 2799 533 2855 suis
556 2799 803 2870 positus,
826 2800 1051 2856 unicam
1076 2799 1285 2856 salutis
1310 2805 1522 2856 nostrae
1538 2801 1787 2855 hostiam
1810 2801 2057 2868 singulis

413 2888 620 2944 diebus
643 2895 983 2944 assueverat
1008 2889 1409 2952 immolare,ab
1434 2890 1539 2944 hoc
1558 2890 1732 2944 etiam
1759 2889 2057 2944 intereun-

410 2975 544 3032 dum
567 2975 754 3032 noluit
776 2977 1347 3047 desuescere..\'equc
1363 2977 1512 3032 enim
1531 2976 1726 3045 gravis
1745 2977 2055 3032 videbatur

414 3064 641 3121 itineris
665 3064 1028 3136 dilatio,qu33
1070 3065 1244 3120 ﬁebat
1275 3065 1401 3120 solo
1430 3079 1622 3121 amore
1660 3065 2046 3136 patriaecoclc-

411 3155 538 3210 stis.
576 3157 810 3210 Factum
843 3157 932 3210 cst
968 3159 1156 3210 autem
1185 3158 1242 3209 ut
1269 3153 1530 3209 nonnulli
1563 3153 2056 3224 peregrinationis

413 3241 570 3299 illius
591 3242 860 3311 comites,
895 3242 1144 3296 humano
1179 3256 1338 3296 more
1367 3241 1439 3295 ad
1475 3240 1666 3296 dulcia
1693 3240 1799 3296 soli
1843 3240 2055 3296 natalis

413 3345 548 3386 arva
575 3329 960 3401 suspirantes,
984 3344 1054 3384 eo
1081 3329 1277 3400 paucis
1297 3345 1427 3385 cum
1451 3328 1801 3384 necessariis
1826 3328 2052 3397 relicto,

416 3418 666 3485 abirent,
693 3418 858 3487 quasi
893 3433 964 3472 ex
997 3418 1102 3474 hoc
1133 3417 1551 3488 expeditiorem
1575 3422 1630 3472 et
1657 3415 1803 3471 viam
1828 3423 1886 3472 et
1910 3417 2056 3470 redi-

418 3512 539 3563 tum
571 3505 825 3560 habituri
849 3513 1064 3561 essent.
1101 3504 1210 3560 Sed
1253 3507 1468 3561 frustra
1521 3504 1694 3560 renisi
1745 3509 1878 3560 sunt
1930 3520 2058 3560 sen-

417 3593 618 3650 tentias
641 3593 926 3664 Apostoli,
952 3594 1046 3664 qui
1081 3607 1306 3650 omnem
1335 3592 1703 3666 [profectum]
1731 3608 1841 3648 non
1865 3592 2059 3648 volen-

425 3680 500 3735 tis
529 3693 716 3750 neque
747 3679 1058 3749 currentis,
1091 3680 1191 3736 sed
1247 3679 1576 3736 miserentis
1631 3679 1708 3733 ait
1764 3693 1898 3734 esse
1958 3681 2054 3734 Dei

416 3766 604 3835 (Rom.
640 3783 717 3837 IX,
755 3767 861 3839 16).
897 3770 977 3824 113
1009 3769 1160 3824 enim
1195 3767 1424 3824 occulta
1464 3768 1559 3823 Dei
1595 3767 1896 3824 voluntate
1927 3782 2058 3838 pro-

417 3856 551 3912 fecit
583 3857 774 3913 sancti
806 3857 913 3912 viri
948 3856 1171 3913 dilatio.
1207 3861 1265 3912 et
1297 3857 1374 3912 ita
1401 3855 1631 3912 illorum
1650 3855 1829 3912 dilata
1853 3861 1942 3911 est
1966 3870 2058 3912 ac-

412 3944 712 4014 celeratio,
740 3950 803 4002 ut
828 3946 1000 4003 unius
1025 3946 1182 4001 horae
1209 3960 1316 4002 una
1339 3945 1591 4001 omnium
1617 3944 1792 3999 fuerit
1819 3960 2058 4016 perven-

411 4033 515 4089 tio.
535 4033 958 4090 Nondumenim
983 4034 1067 4090 illi
1089 4034 1346 4104 expediti
1371 4035 1631 4090 viatores
1656 4033 2054 4104 apostolorum

412 4121 817 4178 subintrarunt
845 4121 1060 4191 limina,
1087 4137 1216 4178 cum
1239 4121 1326 4176 vir
1347 4123 1446 4177 Dei
1470 4121 1851 4192 subsequenti
1871 4127 2055 4190 gradu

418 4209 632 4278 pressit
668 4224 867 4265 eorum
895 4209 1184 4278 vestigia;
1227 4225 1334 4266 non
1367 4215 1483 4265 tam
1518 4209 1713 4266 verbis
1744 4211 2059 4264 ostendens

413 4310 585 4366 quam
621 4297 813 4366 rebus,
848 4312 960 4352 non
993 4312 1124 4354 esse
1149 4298 1203 4353 in
1238 4313 1524 4368 quoquam
1557 4297 1852 4353 hominum
1901 4297 2054 4352 viam

413 4383 558 4453 ejus.
597 4384 702 4451 Qui
731 4390 1030 4458 expertam
1065 4386 1120 4442 in
1153 4387 1265 4442 hoc
1321 4402 1512 4443 rerum
1544 4391 1755 4442 eventu
1789 4385 1886 4440 Dei
1938 4401 2056 4440 om-

413 4472 795 4544 nipotentiam
829 4474 1426 4544 admirati,transacto
1441 4473 1936 4546 peregrinationis
1959 4489 2055 4529 ne-

411 4561 595 4632 gotio,
631 4561 686 4618 in
719 4576 820 4618 sua
851 4567 987 4619 sunt
1017 4564 1260 4630 reversi,
1293 4578 1366 4618 ex
1396 4545 1496 4617 illo
1526 4568 1792 4631 tempore
1824 4562 1921 4617 Dei
1955 4562 2054 4617 ho-
2083 4545 2136 4605 D

412 4651 620 4707 minem
661 4650 838 4721 digno
870 4651 1214 4708 reverentiae
1248 4650 1376 4707 loco
1410 4651 1687 4708 habituri.

483 4743 532 4795 9.
571 4739 920 4796 Hcrimanno
949 4744 1141 4794 autem
1189 4738 1477 4808 Pelcgrini
1529 4754 1866 4796 successore
1924 4756 2053 4796 cum

417 4829 536 4884 vita
567 4829 947 4900 pontiﬁcatus
977 4826 1176 4884 infulis
1233 4833 1431 4896 exuto,
1465 4828 1589 4898 pari
1624 4827 2054 4886 Coloniensium

416 4931 662 4973 assensu
683 4915 1046 4972 substitutus
1067 4920 1160 4970 est
1183 4914 1330 4970 divae
1354 4912 1644 4972 memoriae
1669 4916 2058 4988 archiepisco-

416 5019 524 5077 pus
555 5007 738 5061 Anno.
775 5003 882 5070 Qui
913 5017 1065 5074 cum,
1086 5010 1150 5059 ut
1182 5005 1457 5060 sacerdos
1489 5019 1730 5074 magnus
1763 5005 1815 5059 in
1850 5005 2056 5062 diebus

413 5091 557 5161 suis,
591 5091 794 5146 volens
827 5092 943 5147 Deo
974 5090 1228 5162 placere,
1267 5091 1410 5147 miro
1456 5091 1756 5160 religionis
1804 5092 2055 5148 ferveret

416 5193 631 5246 amore,
663 5193 775 5234 non
811 5177 1105 5236 minimum
1137 5179 1504 5250 expcndebat
1537 5179 1590 5233 in
1615 5181 2058 5236 constructione

415 5266 833 5334 coenobiorum,
871 5266 1019 5322 unde
1053 5267 1202 5323 unde
1236 5267 1382 5337 legis
1403 5269 1498 5323 Dei
1531 5267 1903 5324 zeimilatores
1965 5283 2059 5338 ag-

411 5367 664 5423 gregans
689 5353 1096 5408 inbabitationi
1129 5369 1348 5411 eorum.
1376 5357 1597 5412 Caetera
1619 5355 1798 5424 igitur
1825 5357 1927 5426 ρίεΡ
1944 5357 2060 5412 801-

422 5441 766 5498 licitudinus
799 5443 1147 5498 monimenta
1182 5443 1621 5514 Sigebergensis
1641 5445 1889 5499 cmnobii
1923 5461 2056 5500 con-

2089 3201 2138 3264 C

2163 595 2258 662 pta
2295 589 2764 659 sanctitatisejus
2793 589 3164 656 notitia,loco
3191 603 3537 661 praeponere
3564 593 3794 647 curavit.

2163 680 2270 734 Sed
2289 679 2614 735 studiosum
2632 679 2840 734 divina)
2857 678 3367 748 contemplationis
3400 679 3691 734 hominem
3725 697 3798 735 ac-

2167 768 2459 834 tiva3,vit;e
2495 767 2712 822 talibus
2747 767 2932 822 initiis
2963 767 3442 838 pernecessaria
3471 765 3677 823 videns
3697 783 3797 824 om-

2164 857 2298 910 nino
2320 856 2854 926 expertem,e.luxit
2881 871 3012 911 eum
3036 856 3106 911 ad
3123 855 3308 911 locum
3357 855 3662 911 solitudini
3690 857 3798 922 ejus

2161 962 2284 998 com
2305 945 2779 1013 petentiorem.ln
2800 945 3060 1014 proximo
3077 944 3225 999 enim
3242 945 3478 999 abbatia
3499 944 3798 1000 Brunwile-

2164 1035 2354 1088 rensis
2389 1037 2537 1097 erat,
2561 1049 2684 1101 q'lzc
2708 1033 2977 1103 quoniam
3021 1033 3255 1087 viduata
3289 1037 3414 1086 erat
3445 1037 3799 1103 pastore,cu-

2166 1138 2282 1178 rziin
2308 1123 2433 1193 ejus
2448 1123 2629 1178 sancti
2649 1122 2754 1176 viri
2777 1121 3204 1177 commendavit
3223 1121 3793 1192 providentia,quam

2166 1211 2288 1266 sine
2321 1209 2602 1281 pl‘OpriSlii
2638 1209 2992 1264 detrimento
3020 1208 3187 1264 facile
3215 1212 3416 1279 posset
3447 1209 3700 1280 explere.

2243 1299 2318 1354 10.
2355 1298 2488 1354 Istis
2520 1298 2726 1353 diebus
2743 1299 2977 1353 Francia
3005 1299 3356 1354 turbabatur
3386 1312 3490 1368 per
3524 1299 3794 1366 Berenga-

2167 1388 2312 1444 rium
2369 1389 2791 1452 Turoneusem,
2839 1387 2935 1456 qui
3001 1388 3306 1442 asserebat
3373 1386 3794 1454 eucharistiam,

2167 1491 2332 1545 quam
2360 1475 2722 1548 sumiinusjn
2757 1475 2949 1540 altari,
2981 1490 3090 1529 non
3131 1489 3261 1530 esse
3289 1489 3495 1530 revera
3520 1489 3728 1545 corpus
3747 1479 3796 1529 et

2167 1564 2505 1632 sanguinem
2540 1564 2776 1619 Christi.
2815 1564 2975 1619 Unde
3025 1570 3229 1619 contra
3281 1578 3411 1620 eum
3463 1567 3523 1618 et
3573 1579 3673 1634 pro
3717 1580 3792 1627 eo,

2170 1652 2410 1708 multum
2451 1668 2479 1708 a
2517 1653 2714 1708 multis
2734 1657 2790 1707 et
2823 1653 3022 1708 verbis
3053 1655 3112 1706 et
3154 1651 3396 1722 scriptis
3455 1651 3795 1723 disputatum

2167 1745 2276 1794 est.
2316 1742 2609 1797 Adversus
2641 1756 2806 1812 quem
2841 1741 3016 1796 etiam
3047 1744 3241 1796 exstat
3277 1741 3453 1811 hujus
3493 1739 3795 1796 beatissimi

2169 1829 2276 1883 viri
2315 1829 2560 1899 epistola
2605 1831 2672 1883 ad
2720 1830 3022 1898 quemdam
3058 1828 3497 1897 Meginhardum
3547 1828 3792 1884 abbatem

2169 1917 2658 1973 Glmlebacensem
2715 1917 2896 1985 edita,
2934 1917 3180 1972 ﬁrmiter
3227 1916 3485 1986 undique
3551 1917 3797 1972 veritatis

2169 2006 2499 2061 assertione
2530 2006 2796 2061 subnixa:
2820 2005 2915 2075 qui
2943 2007 3104 2075 quasi
3135 2004 3290 2061 ﬁlius
3318 2009 3548 2076 patrem
3583 2005 3795 2074 scriptis

2169 2094 2456 2150 consuluit
2495 2110 2672 2165 super
2697 2095 2866 2165 hujus
2891 2093 3230 2164 quaestionis
3259 2093 3620 2149 deﬁnitione.
3639 2093 3792 2159 Quam

2168 2183 2304 2237 licet
2332 2187 2597 2238 atlexere
2625 2183 2696 2237 sit
2727 2181 3230 2251 longum,utilitali
3255 2186 3452 2237 tamen
3466 2181 3796 2252 prospicien-

2171 2278 2260 2327 tes
2290 2271 2625 2340 legentium,
2663 2287 2772 2327 non
2807 2271 3186 2339 incongruum
3233 2270 3512 2328 duximus
3549 2270 3794 2342 praesenti

2171 2361 2430 2415 inserere
2458 2359 2832 2432 opusculo,ut
2855 2360 2924 2415 ad
2950 2360 3216 2415 notitiam
3246 2359 3528 2416 translata
3556 2363 3793 2430 postero-

2171 2466 2317 2516 rum,
2355 2449 2485 2504 hinc
2517 2451 2643 2518 ejus
2705 2450 2936 2518 cognita
2987 2449 3330 2506 sinceritate
3381 2449 3538 2516 ﬁdei,
3573 2452 3788 2505 caveant

2175 2536 2378 2592 ﬁdeles
2412 2536 2726 2606 aliquando
2776 2536 3126 2605 bujusmodo
3155 2536 3465 2593 erroribus
3509 2535 3783 2608 implicari.

2171 2625 2269 2679 Est
2297 2629 2488 2680 autem
2523 2625 2616 2680 hic
2651 2625 2853 2681 modus
2881 2624 2972 2680 vel
3007 2628 3204 2680 textus
3239 2623 3528 2696 epistolae.

2169 2731 2443 2801 Epistola
2473 2731 2670 2788 sancti
2733 2731 3082 2802 Wnlplielmi
3107 2732 3178 2787 de
3205 2731 3580 2789 sacramento
3606 2729 3788 2787 eucha-

2429 2803 2640 2872 ristirr,
2672 2803 2878 2860 contra
2910 2816 3140 2859 error-cs
3167 2804 3547 2875 Berengarii.

2244 2912 2317 2942 .«
2379 2891 2474 2946 Dei
2551 2892 2738 2959 gratia
2815 2894 3213 2946 WOLPHELMUS
3273 2891 3480 2960 abbas,
3543 2889 3782 2946 coabbati

2173 3000 2196 3024 α
2239 2977 2616 3036 ΜεριΝιιῐΑῐιυο
2661 2978 2930 3034 salutem.

2246 3085 2273 3116 α
2309 3067 2415 3122 Lac
2449 3067 2730 3122 doctrinae
2761 3065 3104 3138 spiritualis,
3133 3067 3284 3136 quod
3311 3079 3342 3122 a
3376 3081 3464 3122 me
3498 3069 3700 3134 rogasti
3730 3064 3788 3118 de

2171 3174 2198 3205 «
2230 3153 2380 3209 cmlo
2413 3155 2516 3209 tibi
2552 3155 2662 3210 ﬁde
2694 3160 2752 3209 et
2777 3154 3108 3211 humilitate
3141 3155 3366 3224 largius
3415 3151 3784 3210 accumulasti.

2173 3267 2196 3290 α
2226 3243 2382 3312 Fide,
2417 3243 2686 3313 quoniam
2721 3242 2875 3314 quod
2915 3243 2965 3297 in
3000 3258 3088 3298 me
3123 3258 3234 3298 non
3269 3248 3385 3313 est,
3419 3241 3608 3299 credis
3639 3241 3687 3296 in
3715 3254 3787 3294 me

2174 3355 2198 3378 ιι
2239 3346 2410 3402 posse
2461 3333 2638 3387 Deum
2683 3331 3138 3401 omnipotentem
3196 3327 3786 3403 operari;bumilitate

2176 3442 2202 3468 α
2237 3435 2392 3488 vero,
2449 3419 2568 3490 qui,
2611 3419 3021 3476 deﬁcientibus
3092 3419 3320 3475 meritis
3372 3423 3430 3474 et
3507 3415 3782 3490 sapientia,

2172 3525 2199 3556 «
2233 3507 2504 3563 canitiem
2538 3512 2592 3561 et
2626 3506 2847 3562 ordinis
2879 3507 3219 3576 dignitatem
3267 3523 3383 3562 non
3428 3506 3693 3562 abhorres
3738 3503 3780 3556 in

2171 3615 2198 3645 «
2231 3610 2317 3650 me
2351 3594 2638 3651 venerari.
2675 3595 2719 3650 Ο
2773 3609 2942 3664 quam
3001 3610 3369 3665 consequens
3427 3598 3516 3650 est
3559 3598 3638 3661 ut,
3668 3591 3779 3646 dum

2176 3705 2200 3731 α
2239 3688 2410 3738 nocet
2443 3683 2595 3752 quod
2622 3682 2894 3752 inebriat,
2923 3698 3029 3754 pro
3060 3681 3317 3737 remedio
3341 3683 3632 3738 desideres
3653 3675 3779 3748 quod

2171 3790 2198 3821 «
2233 3771 2518 3826 deebriat.
2557 3773 2734 3826 Nocet
2770 3774 2962 3828 autem
2999 3770 3261 3842 quaedem
3293 3771 3551 3826 ebrietas
3574 3764 3779 3824 haeresis

2173 3859 2563 3929 «Berengarii,
2582 3859 2749 3928 cujus
2773 3859 3079 3915 ebrietatis
3099 3857 3419 3930 periculum
3443 3857 3778 3916 declinemus,

2173 3971 2194 3995 α
2227 3951 2286 4001 et
2317 3947 2384 4002 ad
2421 3947 2598 4003 ubera
2634 3947 2766 4002 vino
2799 3948 3036 4002 meliora
3071 3947 3510 4018 appoppiemus.
3546 3946 3608 4000 Et
3649 3955 3774 4006 mox,

2170 4054 2196 4086 «
2232 4039 2293 4090 ut
2346 4045 2470 4090 eam
2531 4035 2933 4104 assertionem,
2963 4035 3167 4104 juvent
3227 4035 3482 4104 Christo,
3527 4030 3780 4104 possimus

2168 4143 2199 4176 «
2233 4124 2562 4191 destruere,
2599 4138 2726 4192 quae
2758 4123 2975 4178 clausis
3011 4123 3208 4192 januis
3232 4138 3363 4178 eum
3398 4122 3467 4178 ad
3496 4115 3777 4190 discipulos

2171 4231 2197 4262 α
2233 4216 2361 4282 post
2385 4211 2877 4268 resurrectionem
2899 4226 3008 4266 non
3026 4211 3280 4267 intrasse
3303 4211 3773 4267 nititurastruere;

2168 4319 2193 4350 α
2228 4315 2299 4355 ex
2335 4300 2536 4354 matris
2567 4299 2842 4356 Ecclesize
2888 4313 3127 4355 manans
3157 4299 3441 4362 mammis,
3485 4297 3647 4354 lactet
3695 4305 3778 4345 nos

2171 4411 2189 4437 ι
2231 4388 2600 4456 Evangelium
2658 4387 2934 4444 Joannis:
2972 4387 3304 4454 Omnessct,
3333 4387 3594 4458 inquiens
3649 4392 3772 4443 sero,

2169 4493 2197 4525 «
2232 4475 2452 4532 dieillo
2474 4489 2595 4532 una
2615 4474 3042 4542 Sabbatorum,
3077 4481 3130 4531 et
3143 4476 3319 4546 fores
3350 4473 3540 4532 essent
3561 4470 3771 4532 clause,

2172 4587 2197 4612 ιι
2229 4564 2332 4620 ubi
2349 4564 2526 4620 erant
2538 4563 2824 4634 discipuli
2846 4563 3215 4635 congregati,
3235 4563 3409 4620 stetit
3424 4563 3593 4619 [ρεαδ
3616 4559 3674 4614 ἐκ
3691 4565 3781 4609 mt-

2173 4671 2198 4702 «
2232 4653 2331 4708 (tio
2361 4654 2600 4718 (Jomm.
2639 4667 2729 4720 xx,
2757 4656 2864 4719 49).
2895 4653 2962 4706 Et
3006 4650 3180 4722 paulo
3205 4651 3474 4706 inferius:
3499 4646 3636 4703 Post
3672 4640 3777 4697 dies

2171 4763 2196 4787 α
2224 4740 2365 4808 octo,
2389 4740 2606 4796 iterum
2622 4742 2796 4796 erant
2817 4739 3110 4809 discipuli
3133 4737 3263 4809 'cjus
3282 4739 3465 4806 intus,
3483 4737 3540 4793 et
3562 4733 3776 4791 Thomas

2173 4850 2199 4877 «
2228 4843 2360 4884 cum
2389 4829 2476 4884 eis
2487 4843 2512 4894 ;
2531 4827 2590 4883 ct
2606 4827 2772 4882 cenit
2787 4828 2966 4884 Jesus
2977 4827 3198 4897 januis
3225 4828 3466 4894 clausis,
3483 4823 3540 4881 ct
3562 4817 3710 4879 stetit
3723 4815 3775 4870 in

2174 4938 2198 4964 «
2226 4916 2420 4973 medio
2465 4915 2646 4983 (Ibid.
2683 4916 2794 4985 ‘26).
2829 4916 2975 4970 Ecce
3010 4914 3162 4970 inter
3201 4912 3618 4983 Berengarium,
3646 4901 3772 4976 quod

2171 5025 2198 5054 «
2235 5019 2340 5058 non
2404 5002 2707 5058 intraverit
2760 5002 3032 5059 Dominus
3083 5003 3279 5071 januis
3319 4999 3531 5059 clausis
3582 4993 3773 5061 (ll),el

2171 5112 2199 5144 «
2232 5092 2384 5146 inter
2411 5093 2708 5158 Joannem,
2737 5090 2890 5160 quod
2935 5090 3264 5160 intraverit,
3301 5104 3426 5147 cum
3459 5088 3529 5143 sit
3574 5087 3772 5140 contro-

2173 5199 2199 5230 «
2231 5179 2440 5248 versia,
2471 5182 2709 5250 superat
2767 5177 2882 5246 ille,
2920 5179 3034 5249 cui,
3071 5179 3306 5248 scimus,
3341 5171 3628 5248 inquienti,
3660 5165 3766 5237 quia

2173 5282 2432 5324 «verum
2482 5272 2572 5322 est
2623 5266 3020 5323 testimonium
3075 5267 3222 5337 ejus,
3258 5267 3441 5322 omnis
3486 5251 3766 5332 .applaudit

2171 5380 2195 5403 π
2233 5355 2513 5411 Ecclesia.
2545 5355 2684 5409 Nam
2715 5355 2762 5410 si
2792 5354 3110 5423 gentilitas,
3146 5356 3280 5410 duln
3332 5355 3508 5410 libros
3559 5342 3762 5403 claudit.

2177 5467 2202 5494 (ι
2229 5445 2318 5500 his
2352 5459 2498 5514 quos
2532 5443 2713 5513 recipi
2759 5443 2978 5512 judicat
3032 5442 3353 5514 applaudit,
3389 5439 3562 5496 multo
3603 5429 3763 5486 verius

484 5645 596 5716 (11)
632 5645 724 5702 Sic
761 5643 1146 5700 Guitmundus
1177 5643 1327 5700 libro
1370 5661 1459 5712 Ill;
1488 5645 1624 5700 hinc
1655 5644 1894 5699 emenda
1932 5659 2057 5716 quae
2090 5643 2342 5701 diximus
2372 5645 2428 5700 in
2459 5645 2713 5713 observ.,
2749 5659 2803 5700 n.
2830 5651 2863 5700 2
