3950 6324
207 379 330 445 418

1848 379 2059 444 VITA.

3513 384 3630 453 414

219 535 247 567 (ι
272 512 415 576 huic
471 517 793 593 Evangelia
851 520 1117 595 perhibet
1167 521 1422 582 Ecclesia
1478 524 1873 586 testimonium
1903 513 1960 577 A
1996 540 2023 571 α
2052 524 2245 579 autem
2271 522 2514 581 mediam
2534 524 2679 584 hanc
2704 523 2947 584 ironiam
2969 527 3405 601 abrumpentes,
3426 534 3631 590 contra

217 624 245 657 α
277 607 478 676 (Joan.
516 625 637 677 xxx,
669 613 783 684 24),
820 628 923 684 pro
953 629 1086 684 quo,
1116 614 1454 687 priusquam
1491 617 1874 689 scriberetur,

221 699 567 769 «praemisit
631 702 930 759 orationes
998 708 1054 760 et
1109 704 1411 774 jejunium.
1477 708 1638 761 Norit
1702 708 1877 777 igitur

220 808 246 834 ιι
284 786 679 860 Berengarius
734 792 858 848 haec
914 794 1026 850 sibi
1081 796 1367 866 sufficere,
1403 797 1634 867 quibus,
1687 813 1817 853 cum
1849 813 1877 853 a

221 896 249 923 α
282 877 399 933 Deo
430 878 573 949 sint,
610 894 720 936 non
769 882 952 951 possit
1000 884 1171 940 homo
1217 885 1641 941 contradicere.
1678 886 1880 956 Itaque

226 984 254 1012 ιι
288 964 573 1040 deinceps
602 970 672 1026 ad
706 970 760 1024 id
798 986 1045 1042 quoque,
1080 973 1595 1043 Dominojuvante,
1632 974 1878 1041 veniam,

226 1074 255 1102 α
290 1056 450 1125 quod
496 1057 552 1112 in
600 1059 976 1116 eucharistiaa
1020 1066 1383 1118 sacramenta
1442 1063 1702 1133 loquitur
1734 1064 1886 1118 blas-

225 1166 252 1190 α
290 1143 598 1215 pbemiam.
634 1149 743 1204 Sed
779 1150 912 1219 quia
947 1150 1247 1221 Scriptura
1292 1152 1459 1206 docet
1505 1151 1690 1207 stulto
1716 1152 1881 1220 juxta

225 1254 252 1277 ει
285 1232 602 1291 stultitiam
634 1251 796 1293 suam
831 1252 961 1294 esse
987 1240 1452 1310 respondendum
1490 1241 1686 1308 (Prov.
1732 1254 1880 1307 xxvr,

226 1345 254 1369 α
291 1324 375 1392 5);
406 1325 697 1395 repressis
756 1327 986 1383 interim
1041 1329 1187 1399 ipsis
1244 1330 1618 1400 blasphemiae
1665 1331 1883 1395 verbis,

228 1434 256 1458 σι
290 1411 363 1467 ad
398 1413 614 1469 fontem
644 1415 812 1485 cujus
859 1418 1352 1488 praecurrendum,
1392 1424 1473 1487 ut,
1535 1421 1579 1475 si
1612 1421 1889 1477 Dominus

227 1520 257 1547 «ι
290 1499 521 1556 dederit
556 1517 662 1558 nos
691 1518 821 1559 eum
873 1507 1204 1575 obstruere,
1270 1508 1496 1563 desinat
1531 1508 1663 1564 inde
1694 1511 1886 1566 sanies

227 1609 258 1637 α
289 1588 466 1660 hujus
490 1590 859 1662 blasphemiae,
877 1594 949 1650 ad
973 1597 1369 1652 nosdeﬂuere.
1397 1598 1495 1652 Est
1524 1604 1714 1653 autem
1742 1612 1883 1653 vena

222 1696 256 1728 α
291 1678 469 1749 hujus
502 1681 901 1754 scaturiginis,
960 1684 1113 1754 quod
1144 1700 1255 1741 non
1290 1690 1447 1741 recte
1480 1687 1657 1741 sentit
1693 1686 1763 1741 de
1797 1702 1883 1742 sa-

229 1789 260 1815 α
292 1773 595 1825 cramento
653 1771 934 1829 Dominici
995 1775 1262 1844 corporis
1319 1779 1373 1829 et
1428 1776 1770 1845 sanguinis:
1823 1783 1879 1831 et

1996 632 2021 659 α
2052 610 2465 682 Berengarium
2498 622 2557 671 et
2612 632 2714 687 pro
2756 616 2922 673 nobis
2956 624 3180 673 nosmet
3235 620 3631 691 cohortemur,

1996 722 2020 747 α
2056 701 2134 755 ita
2169 701 2465 760 dicentes:
2494 706 2547 759 Si
2567 721 2782 777 corpus
2809 707 2935 773 hoc,
2972 707 3123 763 unde
3149 707 3358 777 agitur,
3388 710 3458 763 ab
3506 724 3640 781 apo-

1994 812 2018 837 α
2051 790 2218 846 stolis
2242 795 2390 849 etab
2420 795 2689 851 omnibus
2712 795 3275 865 electiscomestum,
3304 796 3397 866 qui
3423 797 3528 853 soli
3551 799 3636 855 sic

1997 900 2023 925 «ι
2054 878 2193 934 illud
2227 883 2536 937 comedunt
2570 888 2629 939 ut
2661 883 2926 939 Christus
2960 884 3011 939 in
3050 886 3136 940 eis
3168 890 3417 949 maneat,
3440 892 3495 941 et
3524 887 3634 957 ipsi

1999 990 2024 1016 ‹‹
2054 968 2110 1023 in
2147 969 2379 1025 Christo
2407 988 2418 1024 :
2452 977 2510 1026 et
2540 985 2652 1028 non
2712 973 2890 1028 ludas
2923 975 2980 1028 et
3013 988 3213 1029 omnes
3274 975 3528 1045 reprobi,
3565 974 3636 1029 ad

1998 1080 2022 1104 α
2056 1071 2201 1126 quos
2238 1064 2371 1129 post
2422 1062 2741 1116 buccellam
2783 1062 2947 1132 panis
2977 1064 3217 1118 Satanas
3250 1063 3450 1132 intrat,
3484 1068 3543 1117 et
3575 1063 3638 1118 fit

2002 1167 2027 1193 ‹‹
2057 1144 2225 1215 longe
2250 1148 2363 1203 alia
2383 1148 2806 1217 conglutinatio
2833 1151 3103 1206 intrantis
3120 1153 3344 1206 Satanze
3368 1156 3638 1222 ctrepro-

2001 1255 2025 1281 «
2060 1235 2285 1305 borum,
2345 1252 2514 1306 quam
2566 1252 2628 1293 ea
2662 1254 2787 1309 qua:
2818 1243 2908 1293 est
2970 1239 3179 1294 Christi
3227 1244 3283 1294 et
3316 1240 3635 1295 electorum

2000 1343 2026 1372 «
2062 1324 2367 1395 (nusquam
2401 1327 2552 1382 enim
2601 1328 2839 1395 angelos
2869 1329 3271 1399 apprehendit,
3308 1328 3409 1382 sed
3440 1343 3635 1384 semen

2004 1435 2028 1461 α
2063 1414 2307 1469 Abrahae
2332 1416 2738 1486 apprehendit)
2766 1436 2777 1472 :
2805 1418 2874 1485 si,
2907 1418 3159 1487 inquam,
3186 1418 3293 1473 hoc
3320 1433 3535 1488 corpus
3560 1418 3635 1473 ita

2002 1524 2026 1548 «ι
2060 1503 2130 1557 ab
2181 1502 2388 1558 electis
2419 1510 2735 1560 comestum
2769 1510 2828 1560 et
2866 1506 2951 1561 eis
3002 1505 3487 1575 eonglutinatum,
3523 1504 3639 1561 illis

2001 1612 2025 1637 ιι
2058 1606 2288 1661 quoque
2316 1592 2738 1661 conglutinatis
2770 1595 2979 1664 eidem,
3008 1609 3069 1651 se
3103 1610 3304 1650 sanum
3328 1599 3387 1649 et
3420 1593 3641 1649 incolu-

2003 1701 2029 1728 (ι
2061 1694 2169 1747 me,
2196 1681 2387 1737 vivum
2420 1687 2478 1737 et
2514 1682 2797 1751 integrum
2834 1685 3044 1753 recipit
3066 1684 3135 1739 ad
3168 1687 3429 1749 Patrem;
3457 1684 3638 1739 multo

2000 1793 2025 1817 α
2061 1771 2244 1839 magis
2284 1787 2312 1826 a
2344 1772 2489 1828 Juda
2521 1776 2578 1828 et
2613 1774 2880 1844 reprobis
2914 1774 3200 1841 omnibus,
3236 1773 3370 1843 plus
3404 1773 3576 1828 etiam
3609 1789 3637 1829 a

232 1876 265 1906 «ι
296 1855 435 1913 dum
466 1858 536 1913 ad
571 1858 966 1930 aspiciendum
1000 1862 1054 1917 in
1078 1863 1164 1918 eis
1190 1878 1392 1935 panem
1425 1870 1483 1920 et
1505 1865 1719 1921 vinum.
1748 1880 1883 1921 ocu-
1911 1875 1966 1936 Β
1999 1878 2027 1910 ‹‹
2058 1860 2321 1916 muribus
2344 1863 2497 1917 etab
2540 1862 2670 1917 aliis
2696 1862 2891 1918 mundi
2926 1863 3248 1933 spurcitiis,
3279 1861 3642 1931 recolligitur

230 1969 257 1993 ι
293 1944 383 2003 los
413 1948 686 2018 corporis
716 1949 912 2021 habet,
964 1950 1033 2007 ad
1069 1953 1535 2023 perspiciendum
1573 1954 1628 2008 in
1658 1954 1880 2010 eisdem

234 2056 265 2083 ει
295 2050 532 2091 carnem
551 2040 608 2091 et
633 2039 992 2109 sanguinem,
1027 2040 1226 2097 oculos
1256 2042 1465 2098 mentis
1488 2057 1597 2098 non
1623 2043 1878 2098 adhibet.

234 2147 263 2173 ιι
289 2124 411 2181 Nos
443 2130 637 2182 autem
670 2130 732 2182 ut
756 2128 940 2184 visum
977 2145 1272 2201 aeuamus,
1294 2137 1351 2187 et
1403 2133 1662 2189 acueudo
1712 2136 1901 2204 pretia

233 2236 263 2262 α
292 2214 520 2271 ciamus
542 2230 656 2285 quo
682 2216 805 2273 haec
826 2217 1177 2290 intueamur,
1210 2222 1280 2276 ad
1303 2222 1673 2278 obtinendam
1708 2224 1881 2279 semel

239 2324 267 2351 ‹‹
296 2308 600 2375 acceptam
624 2304 796 2374 hujus
817 2307 1085 2365 veritatis
1128 2310 1495 2366 traditionem
1518 2316 1741 2367 nosmet
1773 2313 1881 2368 hoc

237 2414 264 2438 «
299 2392 476 2449 modo
497 2393 893 2452 cohortemur.
922 2397 976 2451 Si
1024 2397 1119 2468 qui
1146 2398 1325 2468 dixit,
1360 2401 1419 2456 et
1420 2402 1603 2472 facta
1626 2402 1796 2458 sunt:
1828 2403 1890 2458 et

242 2501 269 2528 ε
295 2481 633 2551 mandavit,
659 2483 719 2539 et
734 2485 938 2541 creata
973 2488 1120 2542 sum
1146 2487 1337 2550 (Psal.
1372 2504 1546 2559 xxx",
1580 2492 1633 2555 9)
1659 2491 1878 2557 omnia;

242 2594 270 2621 α
300 2572 352 2629 si
384 2573 454 2643 is,
488 2574 742 2645 inquam,
784 2577 923 2633 dixit
971 2579 1041 2634 de
1065 2579 1170 2635 hoc
1195 2595 1369 2651 pane:
1406 2583 1533 2639 Hoc
1562 2584 1651 2639 est
1673 2597 1883 2654 corpus

240 2685 266 2709 σι
302 2662 751 2730 τηεαωι(ΜαιιΙι.
779 2682 930 2737 xxw,
965 2667 1085 2737 26);
1119 2672 1175 2723 et
1208 2671 1277 2725 de
1310 2670 1476 2726 vino:
1502 2672 1883 2730 Hicestsan-

242 2753 441 2823 agm's
481 2767 646 2811 meus
705 2754 909 2825 (Ibid,
943 2760 1065 2825 28);
1119 2772 1358 2815 necesse
1389 2764 1477 2815 est
1535 2761 1765 2816 omnino
1799 2761 1881 2817 sic

240 2865 266 2889 α
298 2857 457 2899 esse.
486 2843 626 2899 Nam
675 2845 795 2901 haec
848 2847 967 2903 sola
1013 2850 1286 2917 mysteria
1338 2865 1447 2905 non
1482 2851 1553 2905 ab
1584 2850 1715 2907 aliis
1748 2856 1882 2907 sunt

241 2952 269 2980 α
297 2936 592 3002 separata,
630 2947 779 3003 quae,
807 2934 1037 2991 dicente
1070 2939 1203 3008 Deo,
1248 2940 1393 2995 facta
1420 2944 1573 3005 sunt,
1609 2938 1698 2995 vel
1733 2955 1886 2995 man-

245 3041 271 3069 u
305 3020 483 3076 dante
516 3025 737 3078 creata.
774 3024 876 3079 Est
918 3031 1109 3081 autem
1144 3042 1294 3083 unus
1325 3034 1500 3099 atque
1536 3030 1682 3084 idem
1714 3032 1881 3101 Deus,

238 3130 263 3154 α
296 3107 485 3178 primo
518 3108 793 3166 mundum
824 3111 1096 3181 formans,
1129 3112 1338 3170 deinde
1368 3116 1477 3171 hoc
1519 3123 1884 3172 sacramento

236 3218 263 3242 ι
294 3209 460 3250 suam
494 3196 802 3266 imaginem
833 3201 1172 3257 reformans.
1208 3203 1261 3257 Si
1304 3204 1452 3259 enim
1486 3204 1635 3260 alius
1670 3206 1880 3260 faceret

242 3302 260 3334 ι
292 3282 607 3353 hominem,
642 3291 703 3342 et
730 3286 882 3343 alius
915 3290 1260 3356 redimeret;
1296 3292 1587 3348 redimens
1619 3293 1753 3363 plus
1786 3294 1884 3347 ho-

236 3392 265 3421 ‹‹
299 3373 462 3428 noris
512 3374 626 3430 sibi
671 3382 1016 3447 assumeret,
1051 3384 1228 3450 atque
1286 3381 1363 3436 ita
1396 3386 1454 3437 et
1488 3384 1638 3437 Deus
1691 3397 1792 3453 per
1825 3396 1885 3438 se

241 3485 266 3510 ιι
304 3462 726 3534 redempturus
758 3471 906 3536 erat,
926 3473 984 3524 et
1009 3468 1180 3524 homo
1203 3484 1316 3526 non
1341 3470 1449 3526 nisi
1477 3486 1577 3541 per
1595 3485 1656 3526 se
1681 3470 1884 3526 redimi

241 3569 270 3597 α
304 3552 571 3618 poterat;
596 3551 728 3621 quia
745 3552 1013 3610 videlicet
1049 3556 1128 3611 nil
1151 3556 1367 3611 homini
1397 3559 1525 3628 jure
1551 3558 1888 3615 redimendo

243 3658 269 3682 ε
297 3636 923 3712 proficeret,quidquid
940 3643 1093 3700 aliud
1112 3659 1279 3715 quam
1295 3646 1581 3702 hominem
1598 3647 1889 3704 induendo

247 3746 275 3774 ιι
304 3726 458 3782 Deus
505 3728 848 3797 perliceret;
880 3736 940 3787 ut
986 3747 1058 3788 ex
1088 3733 1193 3789 hoc
1225 3733 1447 3805 liquido
1478 3739 1706 3791 constet
1736 3737 1886 3806 quod

247 3837 274 3863 α
296 3829 451 3872 unus
481 3820 659 3887 atque
692 3817 863 3888 idem,
899 3822 1051 3876 Deus
1105 3824 1163 3877 et
1204 3822 1391 3892 homo,
1429 3824 1764 3895 redemptor
1793 3825 1891 3879 ho-

246 3928 272 3952 -
306 3904 483 3960 minis
555 3910 768 3962 exstet.
835 3909 1017 3977 igitur
1076 3911 1310 3966 omnino
1360 3912 1445 3966 sic
1490 3926 1623 3968 esse
1656 3927 1890 3969 necesse

244 4016 269 4039 α
306 3996 396 4050 est
416 3994 595 4064 quod,
622 3994 852 4052 dicente
884 3999 999 4053 Deo
1033 3998 1466 4071 velmandante,
1494 4016 1603 4057 non
1628 4016 1759 4057 esse
1778 4017 1887 4058 non

246 4104 273 4130 α
304 4087 521 4152 potest.
545 4084 693 4140 Ecce
714 4085 855 4142 Novi
878 4090 933 4141 et
984 4086 1213 4142 Veteris
1255 4089 1603 4144 Testamenti
1638 4104 1741 4146 nos
1770 4090 1891 4146 haec

247 4193 271 4217 ιι
305 4171 668 4227 auctoritate
714 4173 1024 4245 probamus
1059 4194 1069 4229 :
1122 4176 1337 4245 quibus
1366 4177 1750 4248 Berengarius
1776 4182 1893 4234 ter-

244 4282 267 4307 α
302 4259 452 4315 tium
485 4259 671 4331 addit,
734 4262 886 4333 quod
919 4279 1030 4319 non
1095 4265 1284 4321 minus
1327 4281 1494 4336 quam
1528 4267 1764 4324 tertium
1822 4268 1892 4325 de

249 4370 275 4398 α
306 4350 460 4408 coelo
508 4350 798 4408 cecidisse
844 4354 1115 4409 Catonem
1167 4355 1562 4426 reprobamus.
1598 4357 1694 4411 Eia
1726 4371 1889 4427 ergo,

248 4463 276 4489 α
309 4446 441 4512 post
475 4440 591 4497 duo
632 4442 1018 4510 Testamenta,
1078 4443 1318 4499 tertium
1354 4444 1490 4509 hoc;
1524 4449 1584 4500 et
1617 4445 1745 4501 ideo
1778 4450 1891 4501 ter-

248 4552 273 4578 σι
300 4529 471 4598 tium,
506 4528 641 4600 quia
691 4530 762 4584 ab
790 4529 876 4586 eis
929 4529 1236 4599 alienatur,
1297 4532 1493 4587 verbis
1549 4532 1733 4605 ipsius
1761 4548 1895 4590 auc-
1922 4568 1975 4629 D

251 4640 276 4667 α
308 4618 477 4687 toris,
510 4617 589 4673 ita
627 4617 922 4688 loquitur:
953 4619 1006 4674 Si
1033 4634 1227 4676 mures
1245 4626 1653 4678 consecratum
1677 4638 1892 4694 corpus

248 4727 275 4757 «
312 4706 530 4763 Christi
553 4706 956 4773 comederint;
982 4722 1092 4764 non
1137 4707 1267 4764 ideo
1307 4709 1574 4767 Christus
1607 4711 1661 4766 in
1694 4712 1800 4780 eis,
1834 4717 1890 4767 et

250 4817 275 4845 «
309 4796 416 4866 ipsi
450 4796 508 4851 in
565 4794 797 4851 Christo
852 4797 1186 4864 manebunt,
1249 4813 1353 4851 nec
1384 4799 1560 4853 vitam
1614 4804 1891 4855 aeternam

252 4905 279 4933 α
312 4884 632 4941 habebunt.
669 4884 713 4939 Ο
745 4883 794 4939 si
825 4898 976 4939 nunc
1008 4884 1160 4955 apud
1202 4885 1418 4943 inferos
1449 4889 1642 4942 tortor
1673 4888 1890 4943 Horatii

249 4996 277 5020 α
312 4960 598 5041 desideat,
635 4971 771 5027 dum
814 4973 1038 5027 hostem
1072 4972 1346 5030 Ecclesiae
1394 4974 1546 5029 hunc
1579 4975 1773 5030 verbis
1806 4976 1894 5031 his

246 5078 275 5109 α
310 5059 577 5117 derideat
613 5079 624 5114 :

320 5148 687 5206 Parturimt
710 5147 953 5218 montes,
977 5149 1256 5206 nascetur
1281 5150 1597 5208 rideamus
1628 5160 1788 5208 mus!

247 5260 274 5285 ιι
308 5237 814 5294 Putavimushunc
841 5236 993 5291 inter
1015 5243 1240 5293 montes
1259 5239 1601 5308 exaltatum,
1629 5254 1892 5310 magnum

249 5347 277 5375 (ι
311 5324 446 5395 quid
501 5324 820 5398 parturire,
869 5323 1000 5380 dum
1031 5340 1168 5381 ecce
1202 5340 1395 5381 mures
1428 5328 1480 5382 in
1541 5328 1892 5397 adjutorium

2002 1972 2027 1999 ‹‹
2058 1949 2114 2005 in
2149 1965 2387 2019 regnum
2423 1966 2589 2008 suum
2626 1953 2751 2007 sine
2782 1953 2870 2007 sui
2902 1952 3281 2008 dimunitione
3325 1953 3414 2007 vel
3445 1957 3643 2008 conta-

1998 2058 2025 2090 «
2057 2039 2391 2095 minatioue.
2420 2042 2555 2095 Nam
2589 2044 2645 2095 et
2666 2040 2751 2096 sol
2777 2041 2869 2095 hic
2891 2040 3163 2109 visibilis,
3186 2045 3423 2096 creatus
3446 2044 3501 2095 et
3531 2052 3641 2095 non

1998 2145 2025 2179 «
2062 2128 2453 2198 omnipotens,
2482 2129 2675 2185 radios
2707 2144 2845 2185 suos
2869 2130 2922 2184 in
2946 2128 3179 2185 cloacas
3200 2133 3258 2183 et
3281 2127 3424 2183 alias
3446 2127 3643 2183 mundi

2000 2237 2025 2264 α
2058 2216 2265 2271 sordes
2297 2218 2561 2281 emissos,
2591 2233 2796 2273 rursus
2836 2218 3084 2274 retrahit
3109 2218 3179 2272 ad
3211 2231 3274 2272 se
3296 2216 3418 2273 sine
3447 2215 3639 2285 aliqua

1998 2326 2022 2351 ει
2057 2304 2398 2374 pollutione.
2419 2308 2737 2362 llocautem
2761 2322 2995 2377 corpus,
3019 2311 3149 2376 post
3167 2306 3632 2376 expletammore

1997 2416 2022 2440 α
2061 2394 2887 2465 catholico,communionem,
2948 2410 3150 2451 sanum
3206 2400 3263 2449 et
3324 2394 3630 2461 incolume,

1996 2504 2014 2534 ι
2055 2484 2244 2539 vivum
2269 2488 2326 2539 et
2348 2485 2635 2553 integrum
2664 2499 2724 2539 se
2751 2499 2789 2538 ri
2815 2484 2957 2555 cipit
2982 2484 3054 2538 ad
3086 2485 3335 2538 Patrem.
3366 2482 3458 2538 Sic
3481 2481 3633 2536 enim

2000 2594 2025 2621 ‹‹
2058 2576 2313 2628 testatur
2342 2573 2603 2629 Ecclesia
2658 2574 2889 2629 Achaiae
2919 2574 3031 2641 (1‘2)
3086 2574 3317 2628 beatum
3348 2570 3632 2627 Andream

1999 2684 2022 2709 ‹‹
2057 2661 2383 2730 apostolum
2416 2662 2638 2717 dicere:
2674 2664 2987 2731 Postquam
3020 2662 3206 2715 omnis
3235 2660 3489 2730 populus
3519 2673 3638 2714 cre—

1997 2748 2317 2806 «dentium
2367 2751 2510 2818 Agni
2568 2764 2776 2805 carnes
2835 2748 3153 2804 comederit
3185 2754 3243 2803 et
3298 2748 3632 2817 sanguinem

2002 2860 2026 2886 υ
2061 2838 2291 2908 biberit,
2323 2841 2533 2907 Agnus,
2558 2838 2652 2908 qui
2671 2838 3036 2893 saeriﬁcatus
3057 2843 3169 2906 est,
3196 2837 3422 2905 integer
3441 2849 3637 2906 perse-

1998 2945 2026 2977 α
2059 2932 2223 2981 verat
2252 2933 2310 2982 et
2368 2927 2536 2982 vivus
2565 2946 2575 2979 :
2610 2930 2669 2981 et
2697 2941 2826 2981 cum
2882 2940 3015 2980 vere
3048 2924 3413 2981 sacrificatus
3445 2924 3543 2989 sit,
3577 2927 3633 2978 et

2002 3038 2027 3063 «
2054 3030 2191 3071 vere
2222 3029 2428 3081 carnes
2472 3015 2599 3083 ejus
2619 3019 2891 3069 comestae
2941 3013 3059 3068 sint
3089 3028 3118 3067 a
3152 3010 3382 3083 populo,
3409 3016 3468 3067 et
3501 3026 3635 3067 vere

2003 3126 2028 3153 «
2063 3104 2298 3173 sanguis
2320 3105 2446 3174 ejus
2469 3104 2543 3160 sit
2576 3103 2827 3168 bibitus;
2854 3106 3066 3171 tamen,
3092 3107 3155 3156 ut
3174 3100 3386 3170 dixi,et
3409 3100 3639 3169 integer

1998 3211 2025 3243 «
2058 3199 2381 3263 permanet,
2409 3198 2463 3246 (ι
2492 3191 2913 3259 immaculatus,
2940 3191 3199 3247 etvivus.
3219 3190 3400 3259 Igitur
3422 3202 3638 3259 corpus

2000 3302 2027 3332 «
2060 3282 2259 3337 hocab
2284 3281 2392 3351 his,
2426 3281 2638 3352 quibus
2670 3280 2767 3335 ille
2802 3279 3187 3352 participibus
3213 3278 3508 3349 particeps
3524 3280 3636 3345 est,

1999 3386 2121 3426 «se
2177 3371 2368 3426 vivum
2428 3375 2488 3426 et
2544 3371 2832 3439 integrum
2863 3375 2923 3425 et
2984 3367 3270 3424 incolume
3330 3365 3638 3443 recipiens,

2003 3484 2027 3508 ιι
2060 3460 2243 3516 multo
2278 3460 2460 3528 magis
2490 3459 2560 3515 ab
2594 3459 2682 3513 his
2717 3459 2833 3530 [qui
2867 3458 2994 3526 ejus
3031 3457 3233 3527 gratiae
3267 3470 3377 3511 non
3407 3453 3643 3526 partici-

2002 3569 2029 3600 «
2061 3548 2223 3620 pant]
2258 3547 2482 3615 colligit
2526 3548 2578 3601 in
2616 3562 2854 3615 regnum
2890 3562 3076 3602 suum.
3106 3547 3225 3600 Hoc
3249 3543 3478 3599 interim
3511 3540 3643 3596 cha-

2006 3658 2032 3686 ‹‹
2064 3636 2225 3691 ritati
2244 3641 2361 3691 tuae
2388 3640 2528 3705 puto
2551 3636 2837 3701 sufﬁcere,
2856 3635 2988 3689 dum
3014 3631 3372 3688 videamussi
3393 3630 3467 3687 sit
3493 3644 3641 3700 opus

2002 3744 2029 3775 «
2059 3725 2149 3781 his
2170 3724 2389 3795 aliquid
2411 3724 2683 3793 adjicere.
2714 3724 3119 3779 Verumtamen
3139 3726 3195 3775 et
3223 3720 3373 3790 quod
3409 3718 3549 3786 dixi,
3584 3722 3642 3772 et

2006 3838 2029 3863 α
2064 3814 2112 3868 si
2144 3813 2281 3883 quid
2302 3813 2568 3868 dicturus
2598 3826 2745 3879 sum,
2774 3810 2890 3867 tuis
2920 3809 3285 3865 orationibus
3305 3813 3362 3863 et
3386 3806 3640 3862 omnium

2005 3923 2030 3953 «
2066 3903 2157 3972 pie
2188 3902 2257 3957 de
2282 3916 2368 3956 me
2389 3899 2763 3956 sentientium
2784 3896 3160 3962 commendo;
3188 3895 3476 3966 quoniam,
3512 3898 3570 3948 et
3595 3893 3641 3949 si

2004 4010 2031 4040 «
2066 3990 2278 4047 mortui
2312 3992 2449 4044 sunt
2479 3989 2913 4043 obtrectatores
2940 3984 3286 4055 Hieronymi,
3345 3987 3644 4039 auctorem

2009 4102 2033 4131 ‹‹
2060 4076 2508 4136 obtrectationis
2529 4075 2857 4146 hujusmodi
2892 4073 3084 4129 vivere
3114 4071 3430 4143 perpendo.
3468 4090 3487 4121 ι

2072 4168 2288 4225 Taliter
2320 4167 2410 4223 hic
2435 4165 2601 4220 miles
2625 4164 2905 4220 emeritus
2922 4160 3385 4233 armisjustitiae,
3407 4159 3518 4214 fide
3535 4160 3645 4215 sci-

2005 4260 2139 4315 licet
2158 4257 2283 4328 ipse
2298 4260 2355 4312 et
2373 4255 2660 4310 charitate
2677 4252 2952 4319 munitus,
2972 4251 3272 4322 perﬁdiam
3289 4248 3647 4319 Berengarii-

2006 4350 2060 4404 in
2095 4347 2217 4403 acie
2277 4344 2499 4401 Domini
2558 4343 2934 4410 constitutus,
2969 4355 3076 4397 suo
3136 4340 3263 4396 loco
3292 4337 3647 4411 expugnavit

2005 4433 2617 4499 invictissimus.Quod
2635 4436 2849 4502 quanta
2867 4430 3069 4487 fecerit
3085 4429 3647 4497 devotione,tcstan-

2010 4531 2123 4593 tur,
2160 4538 2301 4594 quas
2328 4522 2622 4589 fundebat,
2649 4521 2944 4577 orationes
2962 4522 3018 4573 et
3046 4517 3332 4588 lacrymze,
3358 4519 3648 4585 quatenus

2007 4614 2236 4671 seducti
2287 4610 2725 4681 resipiscerent,
2777 4605 3064 4664 catholica
3101 4604 3242 4659 fides
3300 4603 3643 4656 intemerata

2006 4703 2381 4767 consisteret,
2416 4703 2472 4754 et
2507 4715 2536 4753 a
2574 4703 2732 4753 recto
2774 4695 3006 4750 tramite
3039 4691 3191 4747 nulla
3242 4690 3530 4762 pravitate
3562 4688 3644 4744 in-

2009 4796 2155 4850 fecta
2191 4790 2471 4845 deviaret.

2084 4888 2161 4937 12.
2197 4878 2296 4934 liis
2319 4877 2396 4931 ita
2434 4873 2774 4946 praelibatis,
2814 4873 3078 4926 vertatur
3110 4867 3296 4939 stylus
3325 4867 3393 4922 ad
3426 4866 3644 4921 descri-

2007 4969 2257 5027 bendum
2284 4963 2503 5035 quales,
2532 4977 2637 5032 pro
2675 4963 2820 5016 bono
2845 4957 3111 5016 ecclesia:
3135 4970 3271 5024 sum,
3300 4955 3538 5011 Cloteno
3568 4955 3647 5008 vi-

2007 5059 2223 5115 delicet
2253 5052 2503 5115 nomine,
2532 5049 2775 5120 pertulit
2800 5048 3049 5116 labores,
3074 5046 3207 5114 imo,
3235 5045 3279 5100 si
3310 5044 3420 5100 dici
3449 5044 3532 5098 fas
3555 5046 3650 5099 est

2005 5143 2470 5219 persecutiones.
2500 5136 2663 5203 Quod
2691 5134 3222 5204 qualiterecelesire
3237 5132 3511 5191 collatum
3529 5132 3647 5187 fue-

2009 5237 2082 5291 rit
2112 5238 2169 5289 et
2212 5231 2487 5291 ablatum,
2527 5224 2728 5296 paucis
2778 5223 3007 5278 videtur
3057 5222 3474 5285 intimandum;
3508 5234 3646 5289 quo-

2010 5326 2156 5379 niam
2190 5334 2301 5376 non
2324 5315 2571 5389 plcniter
2595 5311 2923 5368 advertitur
2948 5311 3121 5380 ratio,
3149 5310 3316 5378 cujus
3344 5310 3647 5379 ignoratur

250 5434 280 5463 α
316 5411 439 5481 ejus
470 5396 877 5486 conspicimus
938 5428 1065 5468 eum
1098 5415 1167 5470 de
1225 5417 1494 5471 cavernis
1527 5416 1743 5473 accire.
1802 5420 1922 5476 Jam
2008 5415 2189 5482 origo.
2228 5404 2461 5463 Domina
2493 5402 2740 5457 Richeza
2773 5397 2906 5468 (13),
2938 5398 3104 5469 cuius
3136 5397 3436 5464 ἕοιὶίῑονθε
3470 5396 3649 5449 Brun-

325 5608 432 5692 (ἕξ)
468 5611 527 5692 l9
549 5605 809 5692 epistola,
826 5608 1120 5692 ,θηογυιίεξι
1140 5608 1510 5692 senarium
1541 5612 1609 5692 ες.
1631 5612 1895 5692 Arches-

324 5677 432 5751 (13)
464 5677 600 5737 Haec
633 5677 956 5734 Mizechoni
991 5680 1109 5750 regi
1139 5677 1404 5737 Polonize
1422 5682 1641 5754 nupsit,
1677 5682 1900 5752 fuitque

2012 5613 2197 5665 mater
2217 5600 2478 5660 Casimiri
2504 5599 2573 5655 de
2608 5612 2721 5670 quo
2741 5608 2916 5670 supra
2940 5593 3185 5670 egimus.
3222 5591 3356 5670 Ejus
3378 5588 3654 5670 sanctita-

2012 5662 2429 5749 tisapologiam
2453 5662 3030 5740 conscripsit—contra
3054 5662 3307 5718 Poloniae
3332 5662 3652 5726 scriptores
