3950 6330
285 380 390 447 ΗΓ)

1036 387 1108 450 Β.
1160 389 1668 452 VVOLI'Hlslell
1712 387 2062 452 ABBATIS
2108 387 2914 453 BRUNWILLEHENSIS

3559 387 3684 454 416

272 521 584 583 wilerense
617 537 646 582 a
681 523 1070 582 fundamentis
1110 526 1526 583 exstruxerunt
1561 526 1908 596 coenobium,
1943 525 1996 584 A
2027 524 2334 596 genitricis
2367 524 2641 590 adimere,
2697 523 2846 598 quod
2886 523 3030 582 tanti
3066 523 3260 583 meriti
3312 523 3400 583 vir
3432 541 3540 600 pro
3573 541 3683 584 sua

275 613 406 669 ﬁdei
441 629 506 671 ac
533 614 860 673 devotionis
894 617 1120 673 illorum
1145 619 1473 675 tenuitatrix
1499 620 1778 687 existens,
1802 622 1915 673 ter-

275 710 544 760 renarum
581 707 1022 776 possessionum
1059 723 1294 764 suarum
1323 710 1611 766 ecclesias
1645 708 1740 764 Dei
1777 706 1910 762 fecit

274 791 555 862 hmrcdes,
581 801 642 850 ut
669 796 829 866 regni
861 797 1141 868 cmlcstis,
1169 798 1287 870 ipsa
1307 814 1544 870 compos
1564 799 1706 854 efﬁci
1735 810 1914 852 mere-

277 887 442 938 retur
456 885 514 939 et
539 885 746 940 haeres.
771 886 1031 942 Tradidit
1056 888 1250 958 itaque
1276 889 1447 945 beato
1471 892 1643 946 Petro
1669 890 1719 945 in
1753 889 1913 946 Colo-

275 971 368 1026 nia
394 972 680 1042 Comburg
697 982 754 1028 et
778 975 1052 1046 Salevelt,
1079 993 1206 1032 cum
1233 978 1521 1034 universis
1553 979 1910 1050 appendiciis

276 1057 430 1128 suis;
455 1067 658 1117 sancto
692 1065 1154 1122 veroNieolaoin
1175 1068 1530 1123 Brnnwilerc
1554 1068 1748 1124 villam
1783 1083 1911 1138 qua:

278 1148 495 1205 dicitur
521 1149 784 1221 Cloteno,
803 1168 935 1208 cum
962 1156 1231 1212 omnibus
1259 1157 1546 1212 reditibus
1568 1157 1705 1212 suis.
1733 1157 1910 1222 Quam

281 1238 792 1306 traditionem,sub
809 1242 1115 1299 multarum
1135 1245 1518 1315 probabilium
1541 1261 1914 1316 personarum

279 1326 613 1383 testimonio
639 1329 864 1395 factam,
885 1347 1141 1402 prmsens
1165 1334 1408 1389 domnus
1433 1335 1742 1406 episcopus
1756 1338 1914 1389 Anno

279 1431 380 1471 sua
399 1417 750 1473 auctoritate
765 1423 1186 1490 corroboravit,
1206 1423 1586 1478 auetorizavit
1607 1441 1620 1487 ;
1637 1427 1716 1492 et,
1735 1429 1794 1479 ut
1816 1438 1915 1494 per

277 1503 490 1559 saecula
518 1504 853 1562 ineonvulsa
887 1509 1262 1578 consisteret,
1294 1511 1630 1573 violatores,
1649 1519 1918 1582 raptores

279 1597 564 1662 perpetuo
585 1595 1274 1653 anathematedamnavit.
1303 1599 1574 1654 Solvente
1601 1615 1738 1654 vero
1763 1601 1918 1655 dom-

279 1695 347 1734 na
365 1681 608 1736 Richeza
645 1683 838 1752 regina
867 1685 1070 1740 mortis
1102 1687 1382 1750 debitum,
1418 1688 1549 1742 dum
1585 1688 1917 1744 deferretur

281 1767 619 1824 tumulanda
638 1771 692 1824 in
711 1772 1162 1829 Brunwilercnsi
1177 1776 1462 1841 ccenobio,
1485 1776 1566 1831 uti
1587 1776 1704 1845 ipsa
1723 1777 1920 1830 vivens

2027 616 2346 674 contulerit
2377 615 2704 673 devotione.
2742 617 2894 672 Tune
2928 617 3014 672 vir
3046 615 3269 672 Domini
3315 617 3468 688 apud
3495 615 3686 674 archi-

2025 705 2356 778 episcopum
2409 706 2636 761 minime
2670 720 2732 760 se
2763 721 3011 761 cernens
3048 705 3349 776 proﬁcere,
3391 721 3495 777 per
3532 721 3684 762 suos

2026 793 2253 863 legatos
2297 795 2514 863 regiam
2555 793 3039 864 magniﬁcentiam
3083 794 3516 865 studuitadire,
3563 810 3688 850 om-

2025 897 2269 953 nemque
2283 889 2466 952 gestaa
2491 883 2572 937 rei
2590 882 2851 938 ordinem
2871 882 3414 954 proclamare.Tunc
3430 888 3686 954 quartus

2024 971 2306 1027 Henricus
2341 987 2460 1041 rex,
2519 973 2887 1044 postmodum
2921 973 3310 1028 Romanorum
3344 975 3680 1042 Augustus.

2025 1061 2121 1129 qui
2139 1060 2235 1116 illo
2258 1065 2516 1132 tempore
2545 1061 2700 1128 regni
2721 1061 3110 1116 monarchiam
3129 1064 3370 1116 strenue
3387 1062 3687 1130 guberna-

2025 1149 2144 1219 bat,
2181 1150 2352 1218 hujus
2378 1149 2459 1204 rei
2485 1153 2780 1220 comperta
2817 1149 3293 1220 proclamatione,
3322 1150 3574 1222 spondet
3609 1165 3679 1206 se

2026 1238 2377 1294 omnimodis
2407 1239 2741 1294 adfuturum
2797 1237 3089 1308 jnvamine
3125 1259 3136 1292 :
3197 1240 3410 1295 factum
3442 1239 3682 1309 quidem

2024 1328 2284 1397 graviter
2319 1329 2492 1399 ferre,
2528 1342 2818 1398 nunquam
2852 1342 3009 1397 vero,
3045 1329 3234 1398 quoad
3268 1329 3517 1398 viveret,
3553 1343 3688 1400 per-

2029 1417 2340 1472 missurum
2366 1415 2596 1473 stabile.
2629 1415 3111 1472 Animadvertens
3133 1416 3306 1472 etiam
3335 1416 3542 1471 famam
3578 1416 3680 1472 bo-

2029 1506 2230 1559 nitatis
2265 1505 2455 1560 domni
2489 1505 2910 1576 archiepiscopi
2970 1505 3224 1561 Annonis
3255 1505 3363 1561 hac
3393 1506 3682 1577 prmvari~

2031 1594 2258 1649 catioue
2283 1593 2469 1664 legum
2504 1593 2588 1649 vel
2643 1593 2892 1662 justiti:e
2925 1609 3037 1648 non
3071 1593 3442 1650 mediocriter
3507 1609 3686 1665 posse

2033 1683 2291 1737 obfusca:
2311 1681 2344 1748 i,
2366 1697 2506 1737 mem
2519 1698 2582 1736 cr
2597 1681 3095 1738 vetcrisamicitiaa
3111 1682 3217 1736 viri
3237 1681 3332 1746 (ab
3350 1682 3686 1754 illoquippe

2033 1771 2318 1826 educatus
2343 1771 2432 1826 vel
2459 1771 2712 1827 nutritus
2741 1772 2951 1840 fuerat)
2977 1771 3208 1826 mandat
3227 1771 3435 1827 domno
3459 1769 3688 1826 Hildol-

278 1857 688 1924 constituerat,
725 1874 849 1914 nam
883 1866 941 1915 et
977 1861 1164 1917 locum
1197 1864 1304 1918 sibi
1337 1865 1654 1935 sepultura)
1706 1864 1915 1918 ibidem
1949 1882 2001 1940 Β
2037 1860 2148 1929 pho
2171 1859 2298 1927 ejus
2323 1859 2932 1928 succcssori,Cloteno
2955 1859 3204 1915 celerius
3229 1859 3464 1916 restitui
3487 1874 3689 1914 coeno-

279 1943 706 2014 designaverat,
731 1948 902 2016 jussu
929 1951 1194 2020 praedicti
1219 1953 1643 2023 archiepiscopi
1663 1952 1920 2008 Annonis

278 2046 492 2102 corpus
522 2035 647 2104 ejus
683 2036 736 2090 vi
764 2038 1071 2105 retinetur,
1105 2045 1161 2094 ct
1198 2040 1250 2095 in
1285 2041 1537 2097 ecclesia
1579 2044 1714 2110 (14),
1751 2056 1916 2111 quam

276 2117 402 2190 ipse
433 2121 488 2176 in
519 2122 792 2180 honorem
827 2128 1012 2182 beata:
1049 2129 1142 2182 Dei
1168 2129 1469 2197 genitricis
1493 2145 1719 2201 semper
1751 2130 1921 2198 virgi-

277 2207 367 2263 nis
403 2208 590 2266 Mariae
617 2227 644 2265 a
665 2213 1040 2270 fundamento
1059 2221 1348 2284 erexerat,
1369 2217 1670 2288 scpelitur.
1701 2219 1822 2282 Quo
1849 2219 1922 2271 fa-

276 2299 779 2363 cto,memoratum
806 2299 1080 2357 allodium
1099 2303 1338 2358 Cloteuo
1363 2303 1546 2360 eidem
1564 2305 1814 2360 contulit
1832 2319 1924 2360 cc-

276 2382 492 2454 clesiae,
519 2387 1063 2445 contradicentibus
1078 2391 1211 2462 illis,
1231 2394 1484 2462 quibusa
1499 2393 1922 2461 rdorejustitia)

281 2471 399 2527 base.
434 2478 560 2528 erat
595 2476 666 2530 ad
699 2477 1008 2534 videndum
1041 2480 1313 2537 violentia
1345 2483 1560 2551 gravis.
1597 2483 1752 2538 Adeo
1788 2488 1923 2538 tunc

278 2559 369 2615 vir
406 2562 662 2632 prudens
685 2570 740 2620 et
767 2566 1185 2626 solertissimus
1212 2586 1518 2641 pravorum
1536 2571 1926 2628 fueratconsi-

285 2646 382 2704 liis
399 2649 852 2724 circumventus,
880 2671 982 2712 nec
1007 2665 1247 2730 repente
1271 2665 1498 2731 poterat
1517 2660 1742 2716 animus
1761 2660 1832 2714 ab
1848 2660 1928 2715 in-

278 2741 473 2806 coepto
506 2741 790 2810 revocari,
827 2743 1040 2815 quippe
1071 2745 1238 2815 cujus
1265 2753 1405 2803 nutu
1437 2748 1610 2804 etiam
1644 2751 1781 2804 tunc
1814 2746 1926 2804 dis-

283 2825 647 2892 ponebantur
679 2831 904 2900 negotia
933 2834 1112 2902 regni.

357 2913 456 2969 His
488 2915 567 2971 ita
603 2920 872 2990 patratis,
907 2921 1370 2994 imminentcjam
1403 2924 1528 2994 ejus
1552 2925 1756 2980 mortis
1789 2925 1926 2980 arti-

280 3002 433 3074 culo,
467 3008 629 3076 gravi
663 3009 840 3080 coepit
871 3012 1093 3066 anxiari
1151 3013 1506 3070 inlirmitatis
1539 3013 1919 3070 incommodo.

280 3093 434 3150 Tunc
465 3095 555 3151 vir
588 3096 794 3154 beatus
843 3099 1239 3170 Wolphelmus
1293 3103 1515 3158 visendi
1547 3117 1676 3160 eum
1735 3103 1922 3173 gratia

281 3179 500 3251 adiens,
535 3182 689 3238 inter
717 3185 1136 3242 consolationis
1162 3190 1336 3244 verba
1364 3190 1535 3261 hujus
1569 3191 1647 3246 rei
1685 3191 1924 3246 mentio-

280 3281 406 3323 nem
434 3269 723 3340 iugerens,
751 3275 972 3329 monuit
995 3289 1124 3330 eum
1144 3276 1234 3346 pia
1261 3277 1647 3336 sollicitucine
1672 3281 1774 3336 hoc
1809 3279 1926 3351 pia-

278 3357 471 3415 culum
497 3360 755 3431 expiare,
783 3363 1291 3434 hancinjustitiam
1324 3367 1624 3424 eliminare
1649 3388 1660 3423 :
1681 3369 1924 3439 addens,

281 3445 387 3502 nisi
404 3449 812 3506 emendatione
828 3455 1924 3527 mutassetcommissum,pcrniciosum

281 3534 409 3604 ejus
431 3535 634 3592 animae
667 3536 968 3595 imminere
990 3541 1334 3612 periculum.
1364 3545 1538 3614 Cujus
1563 3545 1679 3614 ille,
1713 3550 1775 3601 ut
1797 3550 1926 3601 erat

280 3621 370 3676 vir
395 3624 606 3679 mentis
630 3624 914 3698 ingentue,
939 3629 1183 3699 benigne
1207 3637 1483 3702 suscepta
1508 3633 1920 3700 admonitione,

282 3709 476 3767 sciens
490 3727 620 3768 eum
644 3714 829 3771 virum
851 3715 1071 3786 justum
1096 3723 1151 3774 et
1167 3725 1452 3790 sanctum,
1480 3720 1778 3777 humiliter
1799 3723 1924 3792 ejus

282 3812 344 3853 se
377 3801 744 3857 commendat
789 3805 1059 3875 orationi,
1104 3807 1400 3878 spondens
1441 3809 1495 3864 in
1528 3809 1790 3880 proximo
1821 3817 1922 3865 aut

281 3885 431 3942 idem
469 3890 677 3946 bonum
703 3892 1088 3964 redditurum,
1123 3901 1223 3952 aut
1246 3896 1402 3952 aliud
1427 3899 1725 3968 reciproca
1749 3898 1922 3955 vicis-

279 3973 534 4032 situdine
567 3993 672 4048 pro
702 3979 905 4036 eodem
961 3983 1392 4040 restituturum.
1432 3985 1530 4041 His
1563 3985 1920 4042 exhilaratus

278 4064 786 4138 promissionibus,
820 4069 1081 4138 gaudens
1107 4077 1322 4128 remeat
1347 4073 1417 4127 ad
1443 4073 1673 4144 pr0pria
1699 4075 1917 4130 Domini

281 4164 502 4209 servus.
540 4155 670 4225 Sed,
717 4159 856 4228 prob
908 4158 1102 4215 dolor!
1136 4176 1308 4216 secus
1341 4177 1510 4231 quam
1547 4162 1914 4232 promiserat,

279 4239 524 4305 accidit;
561 4258 687 4298 nam
728 4245 1032 4304 immatura
1076 4253 1266 4304 morte
1300 4254 1633 4319 praeventus
1659 4251 1824 4320 obiit,
1859 4257 1915 4307 et

279 4341 409 4382 cum
441 4329 557 4384 vita
592 4331 645 4386 in
678 4334 885 4404 medio,
922 4337 1074 4406 quod
1110 4337 1477 4407 promiserat,
1517 4337 1916 4409 imperfectum

279 4415 612 4489 dereliquit.
651 4422 831 4491 Igitur
864 4439 992 4494 quas
1026 4438 1056 4479 a
1088 4425 1405 4494 majoribus
1437 4427 1671 4495 nostris,
1704 4429 1918 4485 coaevis

277 4502 547 4562 videlicet
573 4508 662 4564 vel
688 4509 992 4582 discipulis
1015 4512 1334 4568 beatissimi
1362 4513 1913 4587 viri,comperimus,

2040 1947 2133 2002 bio
2177 1947 2650 2003 Brunwilerensi.
2708 1951 2777 2002 At
2803 1947 2994 2002 illonil
3017 1948 3164 2003 certi
3190 1947 3258 2003 ad
3283 1949 3408 2004 haec
3443 1963 3692 2020 respon-

2036 2033 2228 2104 dente,
2265 2037 2360 2091 sed
2404 2036 2599 2106 potius
2625 2035 2694 2090 de
2719 2035 2810 2091 die
2837 2036 2888 2090 in
2914 2036 3064 2092 diem
3099 2035 3420 2092 differendo
3453 2041 3691 2106 tempus

2037 2123 2378 2194 redimente,
2405 2139 2513 2178 non
2551 2140 2617 2178 ex
2646 2129 2780 2179 voto
2812 2123 3082 2189 consulti,
3120 2124 3218 2180 sed
3252 2139 3353 2195 spe
3389 2124 3684 2193 frustrati,

2039 2211 2264 2266 rediere
2300 2211 2491 2280 legati.
2526 2214 2678 2267 Tunc
2705 2213 2792 2267 vir
2821 2213 3062 2282 Domini,
3115 2213 3264 2268 omni
3305 2213 3559 2268 humano
3592 2212 3691 2267 de-

2035 2300 2282 2355 stitutus
2320 2299 2580 2370 consilio,
2618 2301 2752 2371 quid
2785 2302 3003 2370 ageret,
3041 2317 3154 2372 quo
3185 2317 3244 2356 se
3275 2305 3556 2370 verteret,
3584 2300 3689 2357 du-

2040 2387 2168 2443 bius
2199 2389 2550 2455 ﬁuctuabat;
2583 2389 2685 2444 sed
2718 2391 2790 2444 ab
2823 2404 2890 2444 eo
2921 2389 3030 2444 sibi
3064 2389 3345 2460 opemch
3375 2388 3686 2445 consilium

2039 2477 2278 2546 ﬂagitat,
2306 2477 2403 2547 qui
2429 2477 2766 2533 solusnovit
2793 2478 2848 2532 in
2871 2477 3216 2548 periculisct
3235 2476 3692 2534 necessitatibus

2037 2565 2369 2622 subvenire.

2116 2657 2198 2708 14.
2237 2655 2391 2710 Tunc
2425 2655 2554 2724 ejus
2585 2654 2787 2710 incidit
2821 2655 3032 2725 animo,
3077 2655 3155 2710 nil
3181 2656 3586 2726 praestantius,
3612 2654 3690 2710 nil

2040 2742 2370 2798 consultius
2403 2744 2541 2812 fore,
2593 2759 2759 2814 quam
2796 2744 3123 2814 pontiﬁcem
3156 2743 3316 2798 sedis
3345 2741 3688 2815 apostolicae

2041 2845 2220 2902 super
2253 2831 2358 2888 hac
2391 2846 2453 2887 re
2508 2831 2904 2903 interpellare.
2967 2833 3086 2899 Qua
3149 2832 3532 2906 inspiratione
3565 2831 3681 2888 ani-

2038 2920 2317 2990 maequior
2333 2922 2538 2989 factis,
2557 2921 2812 2976 destinat
2827 2921 3346 2991 velocrtcrlegatos
3360 2921 3429 2978 ad
3447 2924 3684 2994 aposto-

2036 3007 2230 3078 licum,
2255 3012 2391 3065 tunc
2415 3010 2559 3064 forte
2579 3010 2990 3067 consistentem
3011 3011 3066 3066 in
3085 3009 3410 3066 conﬁnibus
3428 3009 3680 3083 Alpium.

2037 3097 2143 3163 Qui
2171 3097 2265 3153 ubi
2291 3112 2484 3154 coram
2529 3103 2766 3154 senatus
2799 3097 3170 3170 primoribus,
3195 3103 3252 3154 et
3273 3099 3550 3156 Romana;
3582 3099 3684 3154 Ec-

2037 3185 2546 3257 clesiaejudieibus
2561 3187 2628 3241 ad
2665 3186 2944 3257 liquidum
2962 3187 3156 3243 verbis
3171 3202 3332 3259 papae
3347 3201 3684 3258 exposuere

1981 3267 2007 3292 "
2039 3273 2284 3344 singula,
2336 3289 2464 3344 quae
2494 3275 2566 3330 ab
2599 3275 3042 3347 archiepiscopo
3071 3277 3306 3331 Annone
3336 3275 3406 3330 de
3437 3275 3686 3332 Cloteno

2040 3363 2252 3434 saepius
2283 3369 2602 3418 memorato
2650 3370 2813 3432 gesta
2851 3365 3030 3434 fuere,
3079 3363 3333 3420 omnium
3365 3368 3594 3420 mentes
3625 3367 3684 3418 et

2036 3451 2212 3507 corda
2245 3452 2997 3522 stuporapprehenditcum
3019 3451 3400 3508 admiratione
3426 3465 3538 3508 non
3567 3467 3686 3508 mo-

2037 3540 2184 3596 dica.
2232 3541 2383 3596 Tunc
2415 3538 2660 3596 domnus
2686 3555 2826 3612 papa
2861 3540 3304 3608 Hildebrandus,
3333 3539 3429 3610 qui
3455 3547 3517 3596 et
3549 3539 3685 3596 Gre-

2034 3627 2200 3696 goriu
2213 3642 2337 3694 s,ex
2361 3643 2388 3682 a
2401 3627 2712 3683 uetoritate
2729 3629 2880 3683 beati
2900 3629 3053 3684 Petri
3073 3627 3320 3700 apostoli
3337 3643 3444 3700 per
3460 3628 3686 3700 episto-

2035 3715 2120 3771 las
2139 3715 2250 3785 (15‘)
2281 3730 2417 3772 suas
2433 3715 2735 3772 denuntiat
2751 3715 2960 3772 domno
2977 3715 3288 3788 Hildolpho
3301 3716 3432 3787 ejus
3447 3731 3683 3774 succes-

2033 3803 2250 3874 sori,ne
2267 3804 2374 3860 sub
2389 3804 2584 3876 specie
2603 3805 2838 3874 pietatis
2855 3805 3402 3862 defensor-existens
3419 3805 3686 3878 impieta-

2035 3893 2130 3963 tis,
2159 3891 2424 3961 (Ilotcno,
2453 3891 2902 3949 Brunwilerensi
2927 3892 3689 3950 Ecclesiteviolenterabla-

2036 3984 2092 4037 tu
2103 3981 2327 4050 m,(liuti
2342 3997 2405 4036 us
2421 3979 2677 4051 patiatur
2691 3981 3228 4037 irrevocatum.Non
3243 3985 3374 4052 eget
3390 3982 3680 4054 inquiens,

2030 4069 2878 4141 oﬁli,Dcusoﬁ‘erriquidquam
2919 4087 2991 4126 ex
3037 4061 3320 4141 injustitia
3339 4071 3487 4138 sibi;
3522 4087 3680 4144 quia,

2032 4159 2480 4229 utlegimus.sic
2515 4159 2728 4214 eiﬁunt
2763 4159 3012 4216 victimae
3046 4174 3118 4215 ex
3152 4159 3372 4231 rapina,
3392 4160 3684 4231 quomodo

2032 4247 2080 4302 si
2136 4251 2350 4303 mactet
2385 4246 2516 4317 quis
2562 4246 2738 4302 ﬁlium
2791 4247 2844 4301 in
2882 4247 3065 4318 patris
3121 4247 3437 4319 praesentia
3471 4249 3678 4318 (Eecli.

2033 4350 2225 4405 xxxxv,
2263 4337 2374 4406 24).
2410 4337 2774 4392 Patratorcm
2803 4335 3033 4406 quidem
3061 4335 3374 4392 multorum
3400 4337 3683 4393 bonorum

2031 4424 2372 4492 agnovimus
2396 4423 2633 4478 fratrem
2667 4428 2929 4479 nostrum
2963 4427 3257 4479 Annonem
3288 4424 3686 4497 archiepisco-

2033 4527 2198 4582 pum;
2231 4511 2330 4567 sed
2355 4515 2548 4566 tamen
2584 4511 2638 4566 in
2674 4511 2778 4567 hac
2816 4516 2982 4582 parte
3014 4511 3246 4568 minime
3275 4511 3685 4570 defendendus

281 4591 530 4650 ﬁdeliter
560 4597 714 4667 stylo
763 4604 1144 4669 percurrente
1187 4600 1532 4670 digessimus
1557 4622 1569 4656 :
1597 4619 1748 4660 nunc
1789 4620 1918 4675 qua,»
1949 4594 2000 4652 D
2033 4608 2125 4656 est
2149 4615 2260 4656 non
2287 4613 2552 4666 errasse;
2578 4599 2712 4655 dum
2739 4599 2892 4670 quod
2910 4600 3330 4657 beatoNicolao
3354 4602 3681 4674 praeripuit,

278 4682 500 4740 nostris
530 4684 648 4740 sint
689 4689 816 4742 acta
868 4689 1255 4758 temporibus,
1290 4696 1348 4745 et
1379 4691 1485 4762 ipsi
1540 4691 1814 4762 vidimus,
1863 4694 1919 4749 in

278 4773 581 4836 gestorum
614 4773 774 4831 illius
805 4775 1066 4832 ordinem
1097 4779 1436 4836 referamus.

349 4862 437 4914 13.
471 4861 607 4918 Post
637 4877 944 4921 excessum
1001 4865 1199 4938 itaque
1233 4868 1588 4925 venerabilis
1642 4869 1926 4940 archiepi-

284 4947 445 5018 scopi
481 4949 758 5024 Annonis,
783 4953 1030 5012 domnus
1059 4955 1402 5027 Hidolpbus,
1439 4972 1550 5012 non
1575 4958 1794 5028 absque
1826 4959 1929 5014 Co-

286 5032 632 5095 loniensium
667 5041 896 5112 injuria,
955 5043 1311 5115 praesulatus
1352 5045 1605 5101 obtinuit
1638 5046 1880 5115 insignia
1915 5065 1926 5104 :

285 5122 388 5193 qui
421 5139 598 5194 super
628 5131 734 5187 hac
761 5132 961 5189 eadem
988 5149 1050 5190 re
1074 5134 1293 5204 saepius
1315 5138 1404 5189 est
1428 5137 1753 5190 conventus
1785 5149 1813 5189 a
1841 5150 1933 5190 vc-

289 5214 536 5270 nerabili
563 5219 754 5276 Patre.
783 5221 888 5286 Qui
915 5221 1292 5291 praemonitus
1318 5235 1346 5276 a
1372 5221 1632 5292 praedicti
1667 5222 1778 5278 loci
1801 5237 1936 5278 con-

285 5304 652 5376 gregatione,
682 5309 992 5380 respondit
1013 5309 1246 5367 senulla
1273 5313 1499 5368 ratione
1523 5311 1576 5366 id
1601 5316 1820 5367 sanctae
1836 5308 1934 5366 Dei

284 5454 568 5530 Gelenius.
603 5454 792 5525 Ipsius
821 5470 960 5511 vero
980 5459 1390 5530 nomcnvariis
1413 5459 1467 5514 in
1495 5459 1922 5530 Martyrologiis

283 5524 638 5607 inscriptum
665 5529 777 5607 est,
816 5526 1032 5607 qua_de
1067 5543 1126 5580 re
1150 5528 1366 5607 videsis
1397 5533 1534 5585 tom.
1571 5531 1612 5583 V
1635 5524 1763 5585 Maii
1799 5524 1924 5585 Bol-

281 5595 539 5653 landia’ni
571 5596 664 5652 die
695 5601 755 5652 21
797 5595 1058 5666 ejusdem
1095 5599 1324 5654 mensis.
1942 5610 1948 5615 ‘

353 5666 467 5738 (14)
496 5667 628 5724 Haec
645 5665 898 5724 ecclesia
931 5667 1216 5722 hactenus
1241 5671 1354 5724 stat
1392 5669 1664 5740 Coloniae,
1691 5684 1818 5740 quae
1840 5669 1923 5725 di-

2035 4692 2252 4745 sanctze
2268 4688 2546 4743 Genitrici
2565 4687 2662 4743 Dei
2677 4693 2908 4758 gratum
2925 4687 3328 4745 holocaustum
3345 4689 3682 4758 aestimavit,

2035 4777 2265 4833 dicente
2285 4777 2522 4833 Domino
2538 4791 2642 4847 per
2669 4778 3043 4848 prepbetam:
3082 4776 3239 4842 Quid
3276 4790 3380 4848 ego
3397 4777 3689 4835 Dominus

2038 4864 2298 4937 diligens
2301 4863 2628 4936 judicium,
2654 4865 2714 4921 et
2728 4865 2862 4922 odio
2892 4863 3115 4920 habens
3129 4865 3409 4936 rapinam
3429 4866 3501 4922 in
3527 4865 3690 4924 Ιιοια-

2037 4953 2240 5011 ccmsto
2280 4953 2453 5020 (laci.
2507 4967 2614 5022 LXI,
2649 4955 2724 5024 8).
2769 4954 2883 5007 Nec
2915 4953 3001 5008 fas
3027 4955 3120 5008 est
3156 4967 3186 5007 a
3220 4950 3496 5008 ﬁdelibus
3529 4953 3686 5012 credi

2043 5047 2286 5098 matrem
2318 5041 2698 5112 discreparea
2725 5039 3028 5096 voluntate
3053 5039 3176 5109 ﬁlii,
3205 5040 3339 5095 dum
3365 5041 3423 5096 id
3441 5057 3686 5114 prorsus

2044 5135 2267 5187 constet
2306 5129 2568 5200 utrisque
2601 5127 2900 5200 preprium
2933 5132 3109 5198 atque
3143 5143 3451 5186 commune
3484 5130 3684 5188 eadem

2045 5219 2194 5276 velle
2225 5225 2285 5274 et
2315 5218 2516 5274 eadem
2548 5216 2720 5274 nolle.
2756 5219 2829 5272 At
2863 5220 2943 5285 tu,
2970 5231 3040 5272 ne
3065 5215 3431 5274 defendendo
3461 5216 3689 5290 injusti-

2051 5309 2185 5364 tiam
2215 5306 2470 5364 videaris
2492 5305 2783 5362 offendere
2806 5306 3004 5373 Deum,
3032 5304 3170 5360 tolle
3195 5303 3266 5361 de
3285 5305 3474 5363 medio
3510 5307 3682 5378 quod,

2031 5459 2185 5517 citur
2219 5459 2386 5514 beata
2419 5456 2590 5510 Maria
2625 5455 2692 5510 ad
2720 5454 3075 5527 Gradus_.__est
3108 5454 3588 5527 quecollegiata,
3614 5457 3682 5512 de

2033 5544 2144 5602 qua
2173 5527 2628 5602 Geleniuslibro
2660 5541 2722 5581 ιιι
2753 5525 3099 5602 Mirabilium
3135 5525 3409 5602 Colonia):

2103 5599 2212 5670 (15)
2247 5598 2615 5670 Haelitterae
2643 5611 2754 5670 non
2796 5595 3171 5666 reperiuntur
3207 5595 3362 5650 inter
3384 5596 3681 5666 Gregoria-

2031 5667 2155 5740 nas,
2192 5667 2320 5742 quae
2353 5668 2407 5724 in
2439 5667 2567 5737 ejus
2587 5667 2856 5738 Registro
2885 5670 3137 5723 exstant.
