3950 6316
236 308 345 377 .tl'l

1831 312 2046 380 VlTA.

3520 323 3640 385 418

234 452 376 507 alias
400 448 539 507 licet
575 451 786 519 bonus,
816 451 904 505 hic
938 450 1082 506 male
1105 451 1410 507 consultus
1458 452 1740 507 commisit
1766 451 1884 522 epi-
1913 452 1966 512 A
1998 452 2291 509 \vilerensi
2318 454 2460 523 ﬁeri,
2490 456 2654 525 juxta
2679 457 3007 512 mandatum
3029 462 3086 512 et
3122 458 3465 526 legationem
3506 475 3641 531 apo-

234 554 449 610 scopus
477 543 642 594 Anno
678 559 688 591 :
726 556 794 594 uc
826 546 883 594 et
908 539 1066 595 illius
1101 540 1518 595 detrimentum
1549 541 1620 596 sit
1653 556 1883 597 coronae

234 633 290 681 et
314 628 418 681 tibi
454 628 695 683 occasio
720 627 923 698 culpae.

310 722 386 771 t3.
419 714 1050 786 llujusmodipaternis
1101 717 1594 773 admonitionibus
1650 733 1677 772 a
1726 718 1887 773 sedis

233 804 579 878 apostolicae
604 804 1278 876 auctoritatesusceptis,
1299 805 1564 875 przedicti
1591 806 1888 876 pontificis

238 892 534 963 llildolpbi
563 892 811 962 magisin
838 893 1087 948 furorem
1115 909 1316 949 versus
1342 894 1691 954 cstanimus.
1716 909 1884 963 quam

234 983 305 1038 ad
331 982 628 1052 justitiam
645 980 736 1036 vel
754 981 1210 1036 miscricordiam
1231 987 1597 1052 provocatus.
1628 982 1886 1051 Denique

233 1074 524 1127 convocat
560 1069 835 1125 Ecclesiae
849 1070 1024 1124 Colon
1036 1069 1211 1125 iensis
1226 1069 1531 1140 primores,
1560 1084 1619 1124 se
1634 1070 1887 1125 diil‘ama-

238 1166 358 1216 tum
382 1163 795 1215 etaccusatum
824 1173 924 1229 per
956 1158 1141 1213 virum
1170 1158 1266 1212 Dei
1328 1173 1697 1228 conquerens
1732 1160 1883 1229 apud

234 1247 651 1320 apostolicum.
685 1247 840 1301 Tunc
874 1246 961 1301 vir
990 1246 1355 1313 mitissimus,
1382 1246 1468 1301 hic
1491 1246 1888 1301 humiliterre-

235 1338 437 1392 nitens
461 1335 891 1404 objectionibus
928 1354 938 1388 :
968 1334 1325 1403 Proferatur,
1346 1334 1553 1404 inquit,
1576 1352 1608 1389 o
1633 1336 1884 1404 domine,

237 1425 289 1480 in
327 1423 606 1493 medium,
634 1424 680 1478 si
714 1424 926 1493 placet,
952 1422 1371 1491 accusationis,
1393 1423 1887 1489 testimonium;si

234 1527 469 1583 nequeo
504 1527 593 1567 me
629 1526 912 1567 excusare
946 1510 1016 1565 de
1048 1510 1260 1580 quibus
1283 1510 1607 1566 criminora
1636 1518 1711 1581 te,
1748 1518 1887 1566 tunc

232 1602 472 1657 demum
508 1601 679 1669 digne
696 1600 1010 1655 convincar
1042 1599 1317 1654 oﬂ‘cnsam
1336 1599 1634 1654 meruisse.
1660 1600 1891 1670 Episco-

236 1705 349 1760 pus
372 1689 572 1758 itaque
596 1688 786 1743 domni
814 1686 1124 1757 apostolici
1162 1687 1473 1757 epistolam
1536 1692 1741 1743 tenens
1772 1703 1889 1758 prie

1998 541 2213 596 stolici.
2252 541 2507 607 Quorum
2539 544 2779 599 vocibus
2809 548 2863 598 et
2898 543 3172 598 instantia
3201 560 3311 601 non
3336 547 3642 603 mediocri-

1998 634 2089 685 ter
2112 631 2502 686 exacerbatus
2532 630 2862 702 episcopus,
2898 647 3025 687 cum
3057 632 3218 700 gravi
3244 633 3640 702 indignatione

1998 717 2185 787 inquit
2220 736 2231 770 :
2262 719 2546 773 Habetote
2580 720 2743 775 vobis
2777 720 3060 785 Cloteno;
3094 734 3280 777 meum
3311 722 3424 776 erit
3450 726 3639 779 tamet

1998 807 2266 875 injuriam
2301 822 2483 862 meam
2534 807 2852 877 vindicare,
2915 823 3084 879 quam
3136 815 3193 864 et
3244 809 3477 867 utiliora
3538 827 3643 883 pro

1999 894 2243 949 Cloteno
2277 895 2407 949 data
2436 896 2712 966 recipere.
2745 898 2942 966 Itaque
2995 903 3221 967 raptum
3254 912 3327 952 ex
3357 913 3457 953 ore
3514 900 3641 968 ejus

2000 984 2260 1053 verbum,
2297 991 2357 1039 ct
2392 1000 2520 1040 cum
2547 985 2859 1041 velocitate
2880 985 3214 1055 diriguntur
3247 985 3444 1057 legati,
3492 986 3639 1043 idem

1962 1148 1969 1151 ι
2000 1073 2209 1127 bonum
2245 1072 2615 1129 vindicaturi.

2072 1167 2157 1216 17.
2197 1161 2291 1216 llis
2326 1161 2403 1215 ita
2439 1162 2899 1232 patratis,jubet
2957 1164 3272 1233 episcopus
3312 1165 3499 1221 virum
3540 1167 3643 1220 Do-

2001 1250 2135 1304 mini
2161 1251 2312 1320 apud
2351 1251 2615 1306 Nussiam
2648 1252 2762 1319 (l6)
2795 1256 3055 1307 castrum
3072 1253 3180 1307 sibi
3213 1268 3545 1324 occurrere,
3576 1268 3640 1309 ea

2001 1338 2349 1394 omnimodis
2383 1339 2726 1409 intentione,
2755 1344 2814 1395 ut
2840 1339 3000 1396 nullo
3022 1341 3149 1411 ejus
3193 1342 3519 1398 obsistente
3548 1342 3643 1397 ad-

1995 1427 2189 1495 jutore
2222 1426 2312 1481 vel
2339 1427 2662 1495 defensore,
2692 1428 2918 1485 facilius
2939 1444 3066 1485 eum
3099 1430 3322 1485 valeret
3365 1445 3467 1501 pro
3510 1436 3642 1486 voto

2002 1515 2314 1585 deponere.
2345 1517 2453 1571 Sed
2477 1530 2593 1571 non
2615 1517 3036 1587 estsapientia,
3071 1532 3187 1573 mm
3200 1517 3638 1589 estprudentia.

2001 1618 2113 1659 non
2134 1604 2224 1660 est
2248 1604 2560 1660 consilium
2577 1604 2783 1661 contra
2814 1607 3131 1661 Domz'nmn
3155 1606 3335 1671 (Prov
3392 1623 3506 1677 xxr,
3529 1608 3639 1676 30).

2004 1690 2269 1756 Quandiu
2294 1708 2433 1746 vero
2465 1692 2571 1747 ista
2607 1693 2868 1747 incubuit
2897 1692 3246 1762 adversitas,
3310 1694 3507 1749 tandiu
3534 1696 3644 1750 fra-

235 1777 532 1847 manibus,
560 1775 861 1846 legendam
889 1775 1065 1830 tradit
1093 1775 1147 1829 in
1174 1774 1426 1845 publico,
1464 1777 1761 1832 mstimans
1788 1791 1889 1847 per
1927 1808 1969 1863 η
2008 1785 2157 1835 trum
2185 1795 2294 1835 non
2309 1781 2535 1836 destitit
2559 1782 2748 1836 votiva
2772 1783 3029 1837 charitas
3046 1789 3269 1853 septem
3288 1782 3639 1853 psalmorum

232 1867 368 1935 ejus
389 1864 737 1921 relationem
770 1867 1015 1920 cunctos
1041 1863 1095 1917 in
1121 1863 1277 1919 servi
1302 1864 1401 1919 Dei
1428 1865 1639 1919 armari
1662 1867 1892 1919 contra—

234 1955 583 2009 dictionem.
620 1954 741 2018 Qua
775 1952 1019 2008 recitata
1054 1951 1254 2023 plures
1274 1967 1577 2008 assensere
1602 1952 1888 2009 nilactum

235 2042 480 2112 dignum
515 2042 851 2098 offensione.
890 2041 1131 2108 Quidam
1162 2057 1301 2096 vero
1336 2041 1658 2111 Bczclinus,
1687 2042 1891 2097 domus

237 2132 301 2202 [ἰ.
332 2130 547 2187 eccles.
582 2129 959 2200 eathedralis]
1014 2129 1165 2185 beati
1202 2129 1356 2184 Petri
1393 2130 1639 2200 apostoli
1662 2135 1887 2199 custos,

235 2235 372 2276 cum
394 2218 550 2289 aliis,
568 2219 915 2288 quibuserat
933 2218 1160 2274 animus
1174 2233 1293 2272 rem
1311 2218 1506 2289 potius
1522 2218 1885 2288 perturbare.

235 2323 414 2379 quam
448 2322 521 2362 ex
543 2306 1133 2377 aequodeterminare,
1159 2322 1289 2362 cum
1320 2306 1474 2362 aliud
1529 2320 1639 2361 non
1676 2306 1894 2361 inveni-

239 2402 371 2453 rent
399 2395 560 2467 quod
575 2394 988 2463 obtenderent,
1007 2410 1114 2449 non
1132 2395 1351 2465 absque
1383 2410 1490 2450 suo
1507 2394 1781 2450 consultu
1798 2409 1891 2465 pa-

235 2492 372 2557 pa'm
405 2498 588 2554 super
621 2484 727 2539 hac
758 2498 820 2538 re
849 2489 1121 2539 asserunt
1146 2483 1379 2538 licuisse
1420 2488 1718 2553 expetere.
1748 2484 1888 2538 Dum

237 2574 394 2629 facili
414 2572 794 2643 responsione
809 2573 951 2627 hanc
978 2571 1201 2626 Domini
1228 2571 1476 2627 famulus
1504 2570 1891 2639 objectioncm

234 2662 529 2733 quivisset
563 2660 858 2725 refellere,
888 2661 1144 2731 episcopi
1198 2660 1381 2729 magis
1431 2659 1677 2715 furentis
1735 2658 1888 2727 odio,

235 2765 410 2822 quam
430 2749 919 2821 justumjudicio,
954 2748 1285 2817 injuriatur,
1313 2748 1704 2803 calumniatur
1726 2765 1740 2810 ;
1762 2762 1893 2802 con-

235 2840 410 2895 viciis
426 2853 661 2909 quoque
676 2836 1317 2905 etcontumeliis,secus
1334 2850 1501 2906 quam
1520 2835 1637 2905 pati
1659 2836 1891 2903 dignum

238 2928 628 2982 fuerattantac
656 2926 997 2981 rever-entire
1018 2924 1223 2994 virum,
1242 2928 1580 2993 attrectato,
1601 2928 1895 2993 postremo

235 3016 419 3071 etiam
438 3014 806 3070 terribilibus
820 3014 1207 3069 sacramentis
1222 3012 1533 3084 pastoralis
1548 3028 1702 3067 curae
1726 3014 1897 3067 bacu-

238 3106 364 3160 lum
397 3103 809 3174 adempturum
834 3102 1103 3158 minatur.
1130 3105 1282 3158 Tunc
1308 3102 1393 3158 vir
1413 3102 1619 3157 beatus
1657 3101 1710 3155 in
1756 3100 1898 3168 inju-

239 3193 351 3248 riis
375 3192 868 3264 patientissimus,
901 3192 1121 3246 virtute
1170 3190 1515 3246 constantiae
1560 3190 1894 3259 roboratus,

234 3280 686 3347 timorenutlus,
728 3279 1198 3335 adversariorum
1248 3278 1560 3333 conatibus
1590 3277 1897 3347 respondit

245 3368 925 3440 intrepidus<ncsciebat
945 3368 1158 3439 quippe
1176 3366 1487 3435 mcusjusti
1521 3379 1752 3437 pavere,
1771 3380 1897 3434 quze

245 3456 412 3512 nulla
448 3457 837 3526 torquebatur
858 3455 1219 3511 conscientia
1272 3454 1521 3525 culpa):
1555 3453 1751 3509 Divina
1796 3468 1902 3509 nos

242 3544 575 3600 comitante
607 3543 917 3600 clementia
935 3558 1045 3599 non
1078 3543 1354 3598 hichodie
1393 3541 1900 3612 praajudiciumve-

247 3648 454 3689 remur
484 3633 804 3702 incurrere,
836 3648 1034 3703 puram
1053 3637 1325 3701 gerentes
1360 3630 1902 3699 conscientiam,to-

247 3722 377 3777 tius
392 3735 632 3792 prorsus
648 3720 1073 3776 criminationis
1093 3719 1400 3774 innoxiam:
1430 3719 1527 3773 Hic
1544 3732 1733 3774 sermo
1746 3718 1901 3772 vide-

247 3816 353 3865 tur
384 3809 730 3880 completus,
759 3808 853 3863 ubi
881 3808 1097 3863 dicitur
1143 3810 1202 3863 ut
1224 3796 1336 3862 “leo
1385 3806 1681 3862 conlidere
1706 3805 1902 3873 justus

246 3896 457 3965 (Prae.
485 3912 678 3965 xxvm,
706 3896 779 3968 1).
808 3898 947 3951 Dum
963 3896 1083 3951 haec
1109 3893 1302 3951 esthis
1323 3895 1533 3950 similia
1551 3894 1639 3948 vir
1654 3896 1769 3948 Deo
1787 3893 1902 3963 plc-

247 4002 284 4042 n
297 3985 782 4042 useflicacissime
795 3984 1283 4055 loqueretur,oris
1301 3982 1902 4052 gratiam,mcntisque

248 4075 653 4133 constantiam
701 4089 902 4131 omnes
940 4073 1134 4130 aemuli
1167 4072 1529 4127 mirabantur
1564 4091 1575 4124 :
1620 4077 1674 4126 et
1726 4070 1900 4126 veluti

250 4180 371 4219 nox
403 4164 667 4234 quaedam
707 4168 767 4218 et
812 4162 1068 4219 tenebrae
1118 4161 1411 4217 mentibus
1456 4175 1657 4215 eorum
1698 4159 1903 4214 infusae

250 4252 396 4324 quid
430 4258 690 4322 agerent,
725 4267 837 4322 quo
854 4266 915 4306 se
938 4254 1257 4320 verterent,
1293 4249 1451 4305 dubii
1486 4249 1789 4317 nutabant,
1808 4248 1904 4303 do-

254 4342 448 4398 lentes
470 4356 534 4397 se
556 4355 724 4397 casso
753 4338 1365 4409 consumptoslabore,
1384 4352 1497 4392 non
1514 4336 1898 4401 invenientes,

253 4445 367 4499 qua
392 4433 563 4500 parte
586 4443 717 4484 eum
748 4432 1025 4498 caperent
1052 4426 1105 4481 in
1140 4440 1317 4497 opere
1347 4430 1401 4481 et
1435 4438 1721 4480 sermone.

329 4542 416 4592 16.
446 4538 508 4590 In
532 4535 625 4590 his
662 4533 1167 4605 perturbationum
1207 4532 1723 4602 angustiarumque
1749 4545 1905 4601 pres-
1935 4507 1986 4565 Π

254 4626 435 4695 suris,
470 4640 543 4679 ex
574 4622 931 4693 primoribus
952 4621 1244 4692 praecipue
1278 4621 1548 4675 favebant
1589 4620 1760 4674 beato
1778 4619 1904 4673 viro

258 4713 579 4781 Bertulfus,
618 4711 705 4765 vir
734 4710 973 4781 probus,
1001 4709 1270 4765 ecclesia:
1304 4708 1457 4763 beati
1511 4707 1903 4777 Andreaaapo-

257 4802 393 4858 stoli
408 4798 1033 4871 praapositus,quidam
1048 4798 1423 4866 Wigmannus
1437 4796 1508 4851 de
1534 4796 1903 4852 Heversbaeh

256 4891 346 4947 vir
359 4887 703 4945 militariset
720 4886 935 4941 nobilis
948 4885 1049 4941 sed
1063 4890 1120 4941 et
1137 4884 1475 4955 eloquentia
1518 4884 1786 4953 insignis.
1838 4884 1903 4937 Hi

256 4977 643 5036 duomedium
687 4976 972 5031 habentes
1013 4990 1163 5045 eum,
1200 4974 1414 5030 utolim
1451 4971 1904 5029 coelitusdirecti

260 5067 672 5134 Machameum,
693 5078 797 5136 pro
812 5063 1150 5120 defensione
1159 5062 1403 5133 justitia:
1420 5077 1530 5117 non
1544 5066 1675 5117 sunt
1698 5060 1909 5118 reveri-

262 5157 301 5212 ti
316 5154 669 5227 injustitiam
683 5166 1023 5224 oppugnare
1047 5151 1214 5217 ;adeo
1231 5153 1290 5206 ut
1308 5165 1412 5207 nec
1429 5150 1620 5219 minis,
1654 5163 1762 5205 nec
1796 5153 1909 5205 ter-

263 5248 495 5303 roribus
552 5242 808 5312 concuti,
839 5255 947 5296 nec
1004 5257 1031 5296 a
1084 5239 1385 5312 proposito
1427 5239 1622 5309 aliquo
1670 5244 1910 5311 possent

263 5350 499 5391 munere
524 5332 733 5403 frangi.
772 5331 1068 5385 Instabant
1090 5329 1267 5399 igitur
1288 5327 1541 5385 viriliter
1576 5343 1646 5383 ex
1679 5331 1910 5399 aposto~

265 5422 368 5479 lica
403 5421 786 5489 auctoritate,
821 5416 1714 5490 precantesjudiciumEcclesia;
1734 5417 1910 5473 Brun-

2003 1874 2062 1923 et
2096 1868 2312 1925 litanizc
2343 1869 2769 1940 supplicatione
2800 1871 3099 1926 Dominum
3128 1872 3491 1927 incessanter
3511 1885 3646 1927 exo-

2006 1971 2154 2025 rare,
2198 1962 2258 2012 ut
2292 1957 2363 2012 de
2388 1972 2634 2013 maerore
2662 1958 2958 2027 gaudium,
2994 1958 3063 2013 de
3099 1958 3476 2014 tribulatione
3503 1959 3647 2015 laeti-

2004 2046 2138 2100 tiam
2173 2046 2521 2102 concederet
2546 2047 2822 2102 invenire.
2859 2046 2957 2101 Vir
2980 2038 3179 2116 itaque
3196 2048 3417 2102 Domini
3451 2048 3644 2103 sciens

2005 2140 2187 2191 tutam
2220 2135 2613 2191 defensionem
2648 2139 2920 2192 constare
2948 2150 3059 2191 non
3095 2150 3265 2206 posse
3322 2150 3424 2207 per
3467 2137 3646 2191 homi-

2005 2240 2150 2279 nem.
2189 2224 2494 2280 Psalmista
2528 2225 2789 2279 dicente:
2815 2226 3045 2280 Bonum
3071 2225 3162 2280 est
3186 2238 3428 2296 sperare
3447 2226 3514 2281 in
3534 2227 3645 2281 Do-

1999 2314 2179 2381 mino,
2215 2327 2399 2383 quam
2408 2327 2651 2383 sperare
2664 2314 2728 2369 in
2730 2312 3114 2383 principibus
3129 2313 3323 2379 (Psal.
3339 2328 3509 2383 cxvu,
3520 2319 3541 2367 1
3552 2313 3609 2384 9)
3628 2333 3641 2378 ;

2006 2403 2076 2457 de
2108 2401 2398 2469 adiutorio
2424 2401 2934 2470 Dominiconﬁsus,
2953 2401 3155 2456 hilaris
3176 2406 3231 2456 et
3247 2402 3507 2470 gaudens
3534 2403 3647 2457 iter

2005 2490 2366 2558 aggreditur,
2385 2505 2499 2559 quo
2516 2490 2703 2545 fuerat
2728 2490 3069 2559 imperatus.
3100 2489 3647 2561 Perveniensigitur

2005 2577 2301 2641 adlocum,
2330 2593 2439 2632 non
2467 2578 3199 2648 modicainopumcollecta
3250 2577 3645 2649 multitudine,

2009 2680 2110 2735 per
2132 2680 2308 2734 Opera
2336 2665 2577 2734 pietatis
2608 2670 2663 2719 et
2700 2666 3122 2720 misericordiae
3156 2680 3217 2721 se
3248 2666 3648 2737 Deocoepitat-

2008 2753 2228 2808 tentius
2257 2753 2681 2807 commendare.
2719 2754 2974 2821 Cumque
3022 2753 3075 2806 in
3109 2752 3323 2808 solario
3344 2754 3648 2825 cujusdam

2008 2841 2615 2907 domusresedissent,
2650 2846 2709 2895 et
2747 2841 2836 2896 vir
2875 2840 3097 2895 Domini
3120 2855 3248 2895 cum
3280 2842 3403 2896 suis
3454 2856 3651 2897 neces-

2007 2931 2158 2987 saria
2185 2930 2538 2999 ministrans,
2563 2928 2855 2983 sollicitus
2887 2928 3183 2997 circuiret,
3218 2942 3287 2983 ex
3330 2929 3649 3000 improviso

2010 3018 2286 3075 solarium
2319 3017 2564 3085 corruit,
2602 3022 2841 3086 totaque
2865 3016 2959 3070 illa
3011 3015 3326 3071 multitudo
3357 3031 3487 3073 cum
3526 3017 3649 3072 viro

2010 3108 2106 3162 Dei
2151 3107 2205 3161 in
2245 3106 2545 3161 cellarium
2603 3106 3049 3160 subterraneum
3093 3103 3361 3160 cadendo
3391 3106 3643 3160 devenit.

2009 3196 2163 3263 Quos
2185 3211 2215 3250 e
2246 3194 2493 3263 vestigio
2516 3208 2651 3265 pars
2674 3208 2783 3248 non
2802 3193 3031 3249 minima
3049 3194 3256 3249 domus
3286 3195 3651 3263 subsequens

2010 3284 2327 3355 oppressit,
2354 3284 2453 3339 sed
2478 3298 2549 3338 ex
2564 3282 2661 3337 Dei
2680 3282 3064 3353 providentia,
3094 3283 3245 3337 servi
3271 3282 3358 3337 sui
3402 3281 3649 3351 meritis,

2010 3373 2149 3429 nulli
2175 3373 2467 3428 lzesionem
2502 3370 2719 3426 intulit.
2747 3372 2947 3440 Itaque
2980 3370 3154 3425 exciti
3190 3370 3351 3425 cives
3381 3371 3531 3424 tanti
3563 3386 3654 3425 so-

2012 3464 2427 3532 nitusl‘ragore,
2453 3461 2618 3518 ocius
2652 3460 2926 3517 advolant
2962 3460 3238 3529 undique,
3267 3465 3322 3514 et
3380 3474 3490 3514 non
3526 3461 3651 3515 sine

2010 3550 2213 3620 grandi
2248 3550 2633 3605 admiratione
2677 3549 2932 3618 SOSpites
2982 3548 3320 3617 extrahunt,
3365 3562 3509 3618 quos
3533 3548 3650 3616 jam

2006 3641 2239 3709 jamque
2272 3640 2512 3709 periisse
2540 3637 2936 3693 crediderunt.
2965 3636 3205 3701 Quidam
3232 3650 3370 3691 vero
3395 3652 3511 3706 pra)
3546 3651 3654 3692 eie-

2017 3730 2157 3782 tcris
2198 3728 2394 3798 lapsus
2439 3740 2873 3797 oppressusque
2899 3725 3307 3794 periculosius,
3364 3724 3497 3779 dum
3535 3724 3651 3792 jam

2013 3832 2077 3872 ac
2111 3817 2156 3871 si
2183 3820 2447 3871 mortuus
2469 3815 2785 3869 dellcretur
2813 3814 2884 3867 ab
2906 3813 3196 3880 omnibus,
3221 3813 3489 3879 eductus,
3530 3812 3656 3867 nul-

2017 3905 2065 3960 la
2087 3904 2379 3973 reperitur
2412 3906 2576 3973 parte
2608 3901 2869 3971 corporis
2893 3900 3087 3955 laesus.
3115 3899 3224 3953 Sed
3275 3905 3335 3953 et
3379 3900 3653 3970 pincerna

2013 3992 2262 4048 hominis
2294 3991 2412 4059 Dei,
2448 3991 2714 4045 Godccho
2746 3988 2994 4057 nomine,
3022 3988 3145 4057 ipsa
3170 3988 3308 4042 liora
3345 3988 3476 4043 bina
3512 4002 3651 4045 vasa

2016 4086 2201 4137 testca
2228 4080 2360 4135 vino
2391 4079 2611 4149 repleta
2639 4093 2754 4148 pra}
2782 4076 3049 4132 manibus
3076 4081 3298 4146 tenens,
3326 4091 3456 4132 eum
3489 4091 3657 4133 ruen-

2016 4170 2173 4225 tibus
2202 4169 2424 4239 pariter
2456 4167 2592 4223 ruit.
2622 4166 2730 4220 Sed
2766 4164 3188 4221 mirumdictu!
3234 4179 3339 4220 nec
3398 4165 3508 4236 sui,
3562 4165 3657 4222 vel

2017 4272 2305 4327 vasorum,
2342 4256 2561 4311 velvini
2590 4254 2831 4327 pertulit
2854 4254 3215 4310 effusionem.
3242 4253 3405 4319 Quod
3440 4255 3657 4311 factum

2019 4345 2281 4402 mirabile
2313 4346 2531 4401 idcirco
2564 4344 2772 4399 divinae
2795 4343 3121 4399 clementia:
3185 4342 3402 4414 placuit
3429 4343 3662 4399 demon-

1992 4442 2230 4504 strare,
2268 4434 2721 4505 utpanderetur
2768 4432 3115 4488 mortalibus
3164 4431 3541 4502 quantiapud
3598 4447 3662 4487 se

2019 4522 2210 4577 meriti
2243 4521 2331 4576 vir
2364 4524 2605 4576 sanctus
2636 4518 2745 4575 iste
2780 4518 2974 4575 fuerit.
3023 4519 3095 4571 At
3128 4532 3266 4573 vero
3323 4516 3659 4588 episcopus,

2018 4610 2113 4681 qui
2139 4624 2208 4665 eo
2231 4609 2393 4665 illum
2426 4608 2700 4664 advenire
2726 4606 3111 4678 compulerat,
3130 4604 3436 4673 divinitus,
3457 4611 3660 4661 utere-

2017 4699 2175 4754 ditur
2208 4699 2556 4765 refrenatus,
2592 4697 2647 4750 in
2677 4695 2837 4751 nullo
2868 4699 3010 4749 tunc
3049 4693 3102 4747 ei
3136 4692 3315 4748 valuit
3370 4706 3498 4748 esse
3528 4708 3664 4748 con-

2019 4788 2252 4844 trarius.
2283 4786 2410 4856 Egit
2433 4785 2652 4855 quippe
2684 4786 2788 4838 hoc
2824 4782 2967 4836 miro
2992 4781 3163 4836 modo
3195 4780 3350 4835 circa
3383 4779 3660 4837 famulum

2016 4893 2181 4933 suum
2212 4876 2405 4932 divina
2440 4871 2719 4944 provisio,
2758 4886 2825 4926 ne
2846 4868 3107 4925 mortalis
3156 4868 3407 4924 hominis
3442 4883 3663 4940 preme-

2018 4970 2199 5035 retur,
2213 4963 2631 5035 judicio,quem
2648 4964 2811 5015 tanto
2836 4956 3207 5027 magnificare
3221 4956 3512 5028 disposuit
3534 4974 3665 5030 pro-

2018 5054 2193 5125 digio.
2222 5053 2365 5109 Hinc
2390 5066 2500 5107 non
2526 5048 2804 5120 sopitum,
2839 5047 2940 5104 sed
2972 5046 3167 5102 acrius
3200 5060 3510 5103 accensum
3568 5054 3662 5104 est

2023 5142 2289 5216 praedicti
2321 5138 2815 5213 episcopifuroris
2843 5134 3193 5191 incendium.
3228 5136 3367 5191 Nam
3400 5138 3666 5206 quamvis

2022 5240 2161 5290 tunc
2188 5247 2320 5288 eum
2378 5229 2584 5287 sverit
2628 5228 2810 5297 abire,
2876 5240 3082 5282 rursus
3118 5229 3309 5282 tamen
3372 5225 3663 5282 Coloniam

2020 5325 2247 5379 statuto
2269 5319 2360 5375 die
2391 5319 2461 5374 ad
2500 5333 2564 5374 se
2589 5317 2756 5387 jubet
2788 5315 2998 5373 redire.
3019 5316 3246 5371 Interea
3280 5314 3580 5383 fratribus,
3602 5320 3661 5371 ut

2024 5423 2201 5483 supra
2225 5406 2736 5477 meminimus,pro
2750 5420 2821 5462 eo
2853 5403 3198 5462 sollicitisin
3232 5402 3451 5471 vigiliis
3465 5408 3665 5457 etora~

336 5632 448 5704 (l6)
483 5626 643 5685 Alias
673 5621 1005 5695 Novesium,
1033 5624 1174 5681 urbs
1206 5621 1444 5681 ditionis
1457 5615 1997 5693 archiepisCOpalis,
2019 5616 2195 5685 vulgo
2224 5610 2428 5672 Nuitz.
