3950 6330
313 321 432 384 419

965 333 968 336 ’
1072 325 1144 384 Β.
1191 323 1710 386 \VOLPHELMI
1757 319 2105 384 ABBATIS
2151 321 2956 430 BRUNW’II.LI:3RENSIS
3035 382 3037 384 .

3605 321 3720 385 420

310 457 589 526 tionibus,
615 457 778 512 adest
808 457 896 512 vir
911 457 1131 512 Domini
1167 457 1536 529 improvisus.
1557 459 1716 528 Quis,
1734 474 1945 529 quaeso,

2069 479 2274 534 statuit
2321 481 2570 547 quatuor
2621 475 2984 546 temporibus
3007 477 3452 534 recurrentibus
3499 475 3634 533 anni
3664 476 3717 532 in

312 547 526 601 ﬂuetus
555 545 928 614 eloquentiae,
947 561 1075 616 quze
1103 545 1291 615 lingua
1310 551 1504 617 potest
1538 547 1806 603 evolvere
1820 563 1955 614 gau-

314 634 471 690 dium
492 639 630 689 tunc
650 633 863 689 factum
890 633 942 688 in
969 637 1318 690 commune?
1356 634 1954 707 Gloriabaturquippe

316 737 426 778 non
467 721 762 777 immerito
795 721 1093 778 humilitas
1133 723 1330 792 gregis
1385 738 1452 778 ex
1509 724 1816 794 praesentia
1866 724 1952 780 sui

317 809 592 880 pastoris,
636 823 803 879 quem
827 811 1103 866 Dominus
1131 811 1560 879 glorificaverat
1601 812 1953 867 admirandae

316 897 750 968 protestatione
782 897 1036 954 virtutis.

390 989 470 1042 l8.
509 987 583 1042 Ea
644 989 1015 1056 tempestate,
1069 987 1300 1056 quidam
1372 991 1760 1044 llartmannus
1817 990 1948 1060 (l7),

312 1076 492 1130 abbas
523 1074 854 1140 Tuitiensis,
891 1073 1027 1130 dum
1053 1079 1222 1130 nocte
1255 1078 1499 1146 quadam
1551 1077 1954 1134 somnoindul-

311 1165 506 1232 sisset,
541 1162 660 1218 tale
692 1162 837 1218 vidit
858 1163 1164 1232 somnium,
1195 1167 1538 1234 przesagium
1573 1154 1772 1236 utique
1806 1166 1957 1221 futu-

314 1266 528 1308 rorum.
549 1250 700 1306 Vidit
717 1251 896 1320 igitur
920 1252 1240 1322 pel-visum,
1270 1255 1456 1309 virum
1491 1254 1796 1324 quemdam
1840 1256 1955 1310 for-

311 1355 398 1396 ma
433 1339 753 1409 egregium,
789 1339 954 1395 vultu
981 1341 1384 1410 reverendum,
1419 1342 1956 1412 episcopalibusin-

311 1429 745 1485 l‘ulisdecenter
777 1433 1068 1499 ornatum,
1104 1445 1132 1484 a
1187 1430 1643 1487 Bruuwilcrensi
1691 1431 1952 1487 Ecclesia

308 1519 777 1590 prodeuntcm,et
803 1518 914 1572 iter
933 1518 1221 1573 Coloniam
1239 1519 1581 1588 dirigentem
1595 1519 1794 1584 .Quem
1813 1536 1956 1592 prae-

307 1608 633 1676 eedentem,
671 1607 901 1662 beatum
926 1606 1349 1677 Wolphelmum
1387 1609 1654 1663 abbatem
1686 1624 1816 1664 cum
1844 1610 1954 1664 fra-

307 1701 354 1750 tl
373 1711 461 1751 am
477 1701 711 1751 caterva
725 1695 958 1751 cernite
980 1695 1230 1764 vestigio
1245 1711 1311 1751 su
1323 1697 1950 1768 bsequentem,septem

313 1783 566 1855 psalmos
597 1797 726 1838 cum
759 1783 978 1838 litaniis
1001 1782 1216 1852 saepius
1245 1782 1560 1839 modulatis
1592 1785 1952 1841 voeibusite-
1983 1812 2036 1871 Β

312 1881 530 1928 rantes.
567 1874 638 1926 At
673 1872 769 1927 ubi
815 1871 885 1926 ad
949 1873 1101 1928 fores
1155 1877 1498 1942 perventum
1556 1877 1644 1929 est
1695 1874 1951 1930 cubiculi

310 1961 570 2032 episcopi
606 1959 985 2031 quiescentis,
1023 1961 1178 2016 fores
1203 1963 1510 2029 obseratze,
1555 1963 1716 2032 virga
1743 1977 1955 2033 praece-

310 2049 501 2105 dentis
529 2047 812 2118 impulsae,
831 2047 992 2104 dicto
1015 2048 1270 2105 velocius
1299 2055 1436 2104 sunt
1457 2055 1694 2120 apertae.
1732 2049 1954 2116 Quibus

308 2138 508 2194 taliter
538 2136 915 2205 intromissis,
941 2137 1057 2192 dux
1083 2137 1336 2206 pnnvius
1369 2142 1616 2193 stratum
1633 2139 1836 2194 adiens
1869 2156 1956 2194 re-

307 2225 597 2295 cubantis,
633 2240 760 2280 cum
785 2225 945 2294 gravi
986 2225 1232 2294 requirit
1268 2226 1791 2296 animadversione,
1851 2245 1956 2284 cur

311 2319 472 2370 tanta
493 2318 698 2368 contra
716 2327 778 2367 se
794 2313 1143 2367 temerarius
1165 2314 1634 2384 praesumpsisset
1654 2329 1950 2384 exercere,

310 2401 558 2472 Expleto
583 2415 873 2468 sermone,
905 2401 1088 2469 virga,
1138 2416 1308 2470 quam
1352 2415 1518 2456 manu
1557 2404 1846 2473 gestabat,
1883 2405 1952 2460 ad

312 2490 591 2546 ultionem
627 2489 853 2558 injuriae
881 2488 1140 2556 graviter
1157 2489 1312 2544 illum
1332 2491 1618 2560 percussit
1638 2491 1691 2546 in
1709 2493 1947 2548 vertice.

311 2581 515 2648 Itaque
549 2591 750 2632 somno
767 2577 994 2632 excitus
1021 2577 1202 2632 abbas
1224 2592 1339 2648 prae
1371 2593 1606 2649 pavore,
1650 2579 1832 2636 virum
1849 2583 1955 2636 Do-

315 2666 451 2722 mini
483 2671 708 2722 certum
734 2664 924 2720 reddit
955 2680 1026 2719 ex
1051 2665 1241 2721 divina
1278 2667 1646 2736 protectione
1677 2673 1736 2723 et
1795 2669 1952 2724 beati

311 2754 530 2810 Nicolai
560 2752 979 2810 consolatione.
1019 2755 1129 2808 Nec
1165 2753 1370 2809 falsum
1394 2770 1635 2825 prorsus
1667 2758 1950 2813 somnium

309 2843 541 2899 exstitit
571 2842 658 2897 vel
695 2843 882 2910 inane,
909 2841 1042 2897 dum
1077 2849 1231 2912 quod
1265 2843 1476 2899 fratres
1509 2844 1561 2898 in
1623 2845 1860 2916 psalmis
1892 2851 1948 2901 et

308 2929 528 2986 litaniis
549 2930 815 2986 constitit
846 2930 1054 2998 egisse,
1091 2931 1199 2986 hoc
1223 2929 1303 2984 illi
1329 2931 1605 2987 Dominus
1639 2947 1740 3002 per
1764 2934 1948 2990 visum

309 3018 583 3087 dignatus
615 3018 691 3074 sit
724 3018 1001 3074 revelare.
1036 3018 1286 3073 Adhibet
1321 3019 1492 3074 etiam
1540 3025 1761 3076 certam
1780 3021 1948 3078 ﬁdem

306 3107 512 3162 visioni
556 3106 840 3162 cxhibitio
889 3106 1102 3176 operis.
1138 3107 1274 3162 Nam
1327 3121 1436 3162 uno
1475 3108 1794 3179 eodemque
1843 3125 1952 3164 mo-

2068 570 2319 636 quatuor
2353 564 2536 636 plagis
2565 563 2809 619 claustri
2844 563 3106 633 singulos
3127 579 3156 620 a
3181 565 3429 635 singulis
3461 564 3717 622 diaconi-

2065 655 2174 709 bus
2210 653 2464 708 recitari.
2501 651 2664 717 Quod
2699 651 2868 720 cujus
2904 652 3100 708 fecerit
3141 651 3418 709 utilitatis
3473 653 3716 724 intuitu,

2064 741 2152 798 vel
2213 740 2538 797 devotionis
2587 739 2818 810 ati‘ectu,
2871 755 2942 794 ex
2992 741 3276 811 subjectis
3309 739 3466 812 ejus,
3539 755 3720 815 super

2065 837 2375 900 utrumque
2388 831 2818 886 Testamentum
2833 830 3196 902 compositis,
3215 831 3398 902 liquet
3419 831 3713 888 versibus.

2065 921 2124 973 ln
2155 919 2366 988 quibus
2384 917 2812 987 singulisannis
2839 918 3104 990 utrisque
3120 919 3428 991 explendis
3452 935 3568 976 non
3585 936 3718 993 par-

2064 1007 2486 1078 vipendendam
2514 1007 2774 1062 annectit
2807 1021 3044 1063 causam
3087 1008 3360 1066 utilitatis
3397 1029 3408 1063 :
3468 1008 3719 1081 plurima

2063 1097 2238 1151 etiam
2267 1096 2595 1151 necessaria
2631 1101 2894 1165 tangens,
2925 1111 3074 1152 nunc
3100 1111 3378 1168 personas
3407 1098 3608 1154 subito
3623 1099 3720 1156 de-

2063 1191 2274 1241 center
2306 1185 2638 1256 immutans,
2674 1199 2786 1240 non
2811 1185 3132 1242 electorum
3153 1201 3256 1258 per
3287 1188 3534 1244 verbera
3568 1188 3720 1244 salu-

2066 1281 2182 1329 tem
2205 1275 2577 1344 denuntians,
2605 1289 2755 1330 nunc
2772 1275 3208 1346 Scripturarum
3229 1291 3463 1334 suavem
3479 1283 3718 1348 gustum

2065 1363 2496 1432 commendans,
2527 1369 2823 1434 postremo
2858 1363 3145 1434 geminam
3173 1364 3227 1420 in
3281 1365 3514 1423 Christo
3551 1371 3722 1422 natu-

2069 1467 2186 1508 ram
2222 1452 2455 1521 generis
2477 1452 2708 1508 humani
2732 1451 3076 1508 medicinam
3109 1453 3419 1510 declarans
3460 1455 3596 1511 Haec
3634 1453 3723 1510 id-

2067 1541 2228 1596 circo
2261 1540 2715 1610 praelibavimus,
2753 1545 2958 1596 utcum
2991 1540 3062 1598 ad
3088 1541 3227 1598 talia
3251 1546 3488 1599 ventum
3536 1543 3719 1599 fuerit

2067 1629 2214 1698 loca,
2250 1629 2579 1701 intrepidus
2603 1629 2788 1685 lector
2847 1643 3192 1701 percurrere
3226 1631 3428 1704 possit,
3464 1632 3623 1703 quod
3654 1645 3721 1689 se

2061 1717 2176 1788 jam
2201 1717 2473 1774 didicisse
2505 1717 2832 1774 meminerit
2869 1738 2880 1772 :

2139 1883 2224 1934 20.
2262 1879 2404 1934 Late
2432 1879 2496 1935 di
2493 1877 2694 1951 fusus
2721 1880 2812 1936 sic
2839 1879 3277 1937 ecclesiasticus
3304 1893 3469 1950 usus,

2065 1967 2148 2022 Se
2180 1966 2566 2022 Testamentis
2595 1965 2832 2022 exercet
2851 1966 2918 2021 in
2949 1966 3396 2037 Omnipotentis,

2073 2055 2148 2110 Ut
2177 2053 2338 2124 legat
2365 2053 2486 2109 hac
2505 2053 2692 2122 ambo,
2724 2053 2828 2110 sed
2854 2054 2914 2109 et
2935 2055 3093 2110 omni
3149 2055 3441 2126 compleat
3458 2069 3637 2125 anno,

2065 2143 2246 2199 Sicut
2266 2143 2331 2210 in
2348 2141 2714 2198 hebdomade
2739 2141 3107 2212 psalmorum
3160 2143 3470 2200 clauditur
3503 2143 3638 2202 oda.

2067 2233 2174 2287 Ast
2193 2231 2333 2287 hinc
2349 2231 2662 2301 psallendi
2691 2244 2823 2286 cum
2851 2231 3193 2303 stetstatus,
3225 2232 3368 2288 inde
3381 2232 3638 2304 legendi,

2065 2321 2258 2378 lectio
2289 2333 2403 2390 guo
2426 2319 2637 2390 prosit,
2671 2321 3272 2390 nunguamprafatio
3303 2321 3478 2390 desit,

2069 2411 2197 2474 Qua
2217 2409 2376 2466 claei
2405 2409 2585 2464 limen
2603 2407 2781 2478 patet
2803 2408 2884 2464 ad
2911 2408 3301 2481 quodcunque
3325 2410 3598 2468 columen
3625 2431 3646 2466 .-

2065 2499 2310 2555 Pandat
2334 2499 2405 2554 ut
2429 2498 2690 2554 admisso
2717 2498 2877 2568 quod
2899 2499 3118 2554 clamet
3139 2499 3392 2571 abyssus
3409 2499 3640 2574 abysso,

2061 2587 2320 2644 Admitti
2349 2601 2486 2643 rero
2519 2585 2688 2642 dedit
2713 2587 2842 2656 ejus
2870 2587 3072 2657 gratia
3091 2587 3264 2657 clero,

2067 2677 2179 2744 Qui
2215 2675 2453 2746 populis
2473 2677 2595 2745 ipso
2603 2674 2791 2744 parat
2808 2673 2949 2730 hinc
2976 2673 3322 2734 documenta
3333 2677 3633 2734 ministro.

2059 2766 2184 2822 Sed
2213 2762 2440 2820 cunctis
2470 2776 2632 2834 aque
2660 2776 2776 2818 non
2806 2761 3032 2832 detegit
3065 2763 3286 2821 intima
3339 2779 3593 2838 guague
3619 2787 3646 2838 ,-

2067 2854 2211 2919 Quis
2236 2853 2429 2908 tamen
2452 2853 2682 2907 interea
2709 2863 2825 2906 non
2855 2851 3072 2907 abnuit
3087 2853 3398 2910 interiora.

2063 2941 2320 3010 Angelus
2351 2939 2490 2994 hinc
2519 2951 2709 2994 ensem
2736 2939 3053 3008 suspendit
3069 2941 3521 3011 percutientem.

2064 3029 2262 3086 Attius
2289 3027 2556 3100 inﬂictus
2582 3041 2696 3083 non
2725 3027 2891 3082 laedit
2901 3028 3199 3099 fulminis
3221 3030 3397 3100 ictus,

2063 3119 2193 3176 Non
2220 3118 2383 3187 ignis
2413 3116 2659 3185 torrens,
2680 3130 2795 3170 non
2823 3116 3024 3173 cultus
3056 3117 3338 3177 damonis
3358 3119 3632 3190 horrens,

307 3199 520 3264 mento,
552 3193 898 3250 uthicillum
921 3194 1066 3249 vidit
1088 3196 1334 3264 percuti.
1365 3210 1425 3249 se
1442 3163 1952 3268 sensitepliscopus
1982 3163 2030 3226 Ο
2064 3163 2336 3277 σαριὶίὲἱε
2361 3204 2508 3261 dira
2533 3163 2852 3260 discedunt
2867 3204 3142 3276 sensibus
3167 3207 3278 3264 εγω
3311 3227 3325 3269 ;

309 3283 511 3339 morbo
543 3283 797 3352 gravari.
816 3281 932 3337 Tali
957 3296 1098 3350 ergo
1125 3282 1290 3336 modo
1309 3282 1589 3339 divinitus
1604 3283 1797 3354 relisa,
1824 3287 1948 3342 nisu

308 3372 593 3428 frustrata
655 3369 812 3425 illius
863 3370 1230 3425 adversatrix
1275 3370 1518 3427 intentio
1573 3378 1702 3436 est;
1751 3376 1950 3430 morbo

307 3460 523 3530 quippe
549 3458 968 3528 invalescente,
1005 3463 1138 3529 post
1157 3457 1280 3514 dies
1330 3475 1546 3530 paucos
1576 3461 1740 3530 obiit,
1766 3465 1822 3517 et
1857 3477 1950 3518 ca-

308 3546 577 3602 thedram
615 3546 967 3618 priesulatus
983 3547 1270 3616 Seguinus
1297 3548 1384 3602 vir
1409 3549 1540 3619 pius
1571 3549 1843 3606 obtinuit.
1871 3551 1950 3607 De

307 3635 397 3691 his
432 3636 510 3690 ita
544 3635 868 3691 meminisse
900 3635 1149 3691 sulticiat
1175 3653 1188 3700 ;
1214 3652 1363 3692 nunc
1410 3651 1472 3693 se
1527 3638 1596 3693 ad
1647 3643 1947 3708 gestorum

306 3723 432 3792 ejus
465 3723 769 3794 sequentia
804 3723 1187 3780 describenda
1205 3725 1492 3782 articulus
1521 3730 1734 3783 vertat.

378 3816 462 3867 19.
489 3812 591 3867 Hic
623 3811 820 3881 itaque
851 3812 1072 3867 Domini
1116 3813 1387 3883 famulus,
1423 3828 1551 3885 quaeI
1593 3819 1752 3870 retro
1811 3822 1949 3871 sunt

305 3899 549 3970 oblitus,
585 3901 640 3956 in
671 3901 962 3957 anteriora
1015 3917 1078 3957 se
1124 3903 1447 3958 extendens
1507 3904 1649 3960 totis
1696 3904 1944 3974 viribus,

303 3988 570 4060 exemplo
592 3989 771 4045 David
789 3991 1090 4060 propheta:
1106 3991 1358 4046 dicentis
1383 4009 1394 4042 :
1442 3992 1710 4062 Domine,
1755 3993 1948 4049 dilexi

302 4077 566 4134 decorem
578 4079 783 4134 domus
799 4079 913 4133 tua
925 4077 980 4133 et
994 4079 1181 4134 locum
1194 4078 1402 4134 habita
1409 4079 1591 4137 tionis
1605 4096 1646 4151 g
1657 4080 1822 4136 loriie
1835 4082 1950 4136 tua

304 4165 496 4234 (Psal.
513 4181 640 4236 xxv,
662 4168 748 4236 8);
790 4165 1020 4221 domum
1061 4165 1158 4220 Dei
1218 4180 1490 4236 egressus
1527 4171 1616 4224 est
1658 4169 1946 4224 adornare

301 4254 456 4309 omni
519 4253 749 4309 decoris
794 4253 1122 4320 varietate;
1177 4254 1330 4324 quod
1385 4257 1515 4326 quia
1567 4256 1944 4312 devotissima

301 4346 495 4398 mente
526 4341 815 4412 concepit,
843 4341 1087 4398 miriﬁco
1103 4342 1311 4399 eﬂ‘ectu
1331 4346 1946 4402 consummavit.Deni-

2073 3297 2248 3352 Vasta
2274 3295 2398 3350 lues
2425 3293 2635 3362 morbi,
2668 3306 2798 3364 qua
2812 3306 2962 3363 sape
2981 3296 3327 3365 supercenit
3346 3295 3498 3368 orbi,

2058 3385 2183 3441 Aut
2208 3398 2322 3439 non
2339 3382 2586 3450 accedit,
2619 3381 2868 3438 citiusve
2884 3383 3190 3452 precando
3218 3385 3448 3442 recedit
3475 3405 3487 3440 :

2058 3474 2350 3544 Eaceptos
2370 3471 2541 3526 natos
2555 3469 2714 3541 quod
2724 3471 2856 3526 vult
2869 3471 3052 3541 pater
3072 3485 3197 3528 esse
3211 3474 3486 3544 paratos,

2074 3560 2417 3618 Verberibus
2439 3557 2628 3630 tangi,
2651 3559 2962 3630 panisque
2975 3559 3314 3631 fugacibus
3340 3563 3512 3634 angi,

2065 3651 2241 3716 Queis
2268 3649 2642 3706 absterrendi
2669 3661 2850 3703 nocua
2878 3649 3024 3704 sunt
3032 3649 3264 3721 fudere
3283 3651 3510 3708 mundi.

2055 3739 2181 3796 Sed
2206 3753 2322 3794 non
2350 3737 2632 3792 donorum
2651 3737 2811 3792 Deus
2839 3749 3014 3792 usum
3059 3736 3373 3794 subtrahit
3398 3737 3639 3811 horum,

2063 3829 2220 3892 Quin
2229 3827 2469 3899 patrem
2488 3839 2612 3882 sese
2629 3839 2744 3896 per
2779 3823 3023 3882 cerbera
3051 3826 3389 3897 cunprobat
3413 3841 3560 3888 esse.

2055 3917 2131 3974 Si
2164 3917 2250 3972 sit
2274 3917 2362 3972 eis
2391 3915 2551 3972 ritus
2565 3913 2844 3984 legaliter
2873 3913 3314 3988 hicstabilitus,

2063 4005 2138 4061 Ut
2153 4005 2244 4061 sic
2267 4003 2593 4074 psallatur,
2635 4016 2739 4059 ceu
2761 4002 3047 4072 dia-imus,
3070 4003 3254 4074 atque
3279 4003 3540 4078 legatur,

2063 4093 2310 4148 Utiliras
2355 4093 2525 4148 extra
2542 4093 2720 4162 patet
2745 4091 2884 4160 hac,
2921 4091 3072 4148 latet
3095 4093 3280 4149 altior
3297 4094 3485 4152 intra.

2056 4181 2233 4236 Hunc
2251 4178 2625 4236 introductus
2645 4177 2925 4248 gustabit
2945 4192 3196 4236 munera
3208 4179 3484 4255 fructus,

2061 4271 2174 4326 Cui
2203 4269 2388 4324 donat
2414 4269 2658 4323 mentem
2687 4267 2977 4324 Dominus
3000 4269 3246 4338 gustare
3263 4271 3550 4328 scientem

2056 4357 2590 4428 Fructusmajoris,
2615 4371 2798 4427 quam
2801 4357 3056 4428 pandat,
3095 4357 3309 4430 lingua
3363 4359 3629 4432 saporis.

301 4445 434 4522 que,
469 4435 532 4486 ut
566 4429 829 4522 breviter
852 4437 1061 4522 cuncta
1094 4433 1505 4504 perstringam,
1523 4434 1942 4504 ejusinstantia
1973 4461 2026 4522 D
2054 4447 2180 4504 Sed
2197 4446 2444 4515 φιθσθτνίι,
2459 4445 2705 4516 gustum
2725 4445 3087 4516 quiscriptis
3101 4447 3407 4518 exprimat
3421 4429 3641 4520 istm;

298 4519 387 4575 vel
414 4525 700 4592 tempore,
739 4519 793 4574 in
828 4519 1275 4578 variosornatus
1294 4521 1542 4592 pictura;
1582 4522 1675 4578 vel
1711 4521 1943 4578 fabrica

303 4623 406 4664 seu
436 4609 613 4666 etiam
647 4607 1315 4680 musivioperisdecore,
1364 4610 1524 4665 intus
1547 4615 1606 4665 et
1663 4615 1830 4666 extra
1881 4625 1942 4668 se

299 4701 493 4755 status
516 4696 1787 4756 extulitBrunwilerensisEcclesiaeTextum
1805 4714 1924 4770 prae

294 4793 456 4843 terea
473 4787 758 4860 cujusque
777 4788 974 4860 cperis
987 4787 1263 4845 versibus
1281 4787 1572 4858 expressit
1606 4787 1862 4857 egregiis
1879 4793 1941 4844 ut

298 4874 518 4946 liquido
537 4879 766 4947 pateret
783 4876 1100 4947 inquirenti
1119 4875 1303 4931 totius
1327 4874 1629 4945 plenitudo
1649 4874 1936 4931 materiei.

297 4964 503 5035 Operae
529 4965 782 5036 pretium
812 4969 922 5033 est,
951 4963 1095 5021 illud
1111 4964 1288 5020 etiam
1336 4977 1448 5020 non
1481 4965 1750 5035 reticere,
1783 4965 1938 5035 quod

293 5053 542 5123 singulis
571 5055 737 5112 annis
767 5055 856 5112 vir
893 5055 1136 5126 Domini,
1172 5054 1303 5110 novi
1349 5069 1416 5110 ac
1466 5054 1696 5110 Veteris
1747 5055 1940 5110 Testa-

293 5143 474 5198 menti
508 5143 745 5214 paginas
775 5159 847 5201 ex
877 5145 1107 5215 integro
1129 5145 1378 5217 iaciebat
1397 5143 1642 5214 legendo
1667 5143 1884 5200 revolvi
1921 5165 1933 5200 ε

293 5236 546 5303 quatuor
573 5245 714 5288 vero
736 5234 1177 5304 Evangeliorum
1204 5235 1404 5304 libros,
1437 5235 1706 5304 quoniam
1742 5249 1852 5290 non
1869 5249 1936 5290 eo

295 5321 423 5378 loco
455 5320 546 5376 vel
579 5320 806 5388 ordine,
833 5337 946 5392 quo
965 5324 1246 5395 reliquos,
1279 5324 1648 5394 competebat
1687 5323 1932 5395 expleri,

365 5523 478 5604 (ῃ)
508 5521 759 5604 Quintus
777 5521 1004 5604 dicitur
1040 5523 1221 5604 fuisse
1260 5524 1430 5604 hujus
1463 5524 1571 5580 loci
1595 5525 1798 5604 abbas.
1829 5525 1936 5604 .De

291 5593 576 5652 Tuitiensi
621 5593 855 5651 abbatia
879 5608 909 5650 a
941 5595 1001 5652 Β.
1054 5593 1366 5652 Heriberte
1397 5609 1582 5669 prope
1643 5593 1935 5652 Coloniam

2057 4533 2322 4592 Gustans
2350 4534 2684 4606 ipsemagis
2704 4535 2846 4605 scio,
2869 4548 3052 4606 quam
3081 4535 3167 4592 sit
3185 4535 3405 4607 gratia
3417 4539 3662 4610 suavis,

2059 4625 2248 4690 Quam
2273 4625 2736 4694 Scripturarum
2762 4623 3072 4680 conservat
3103 4623 3258 4681 cella
3291 4638 3632 4697 sacrarum,

2053 4714 2138 4770 Et
2157 4726 2289 4784 quae
2319 4711 2586 4784 dijundi
2615 4713 2672 4768 si
2691 4711 2823 4768 vult
2832 4725 2947 4782 per
2975 4711 3224 4770 climata
3251 4713 3494 4771 mundi:

2057 4803 2178 4868 Quo
2185 4813 2371 4873 genus
2389 4800 2886 4856 hmnanumsitin
2897 4799 3004 4856 hoc
3034 4799 3432 4860 medicamine
3439 4815 3668 4862 sanum
3685 4825 3714 4878 ,-

2057 4891 2222 4957 Quod
2247 4890 2610 4946 naturarum
2630 4889 2870 4960 peragit
2895 4902 3170 4961 compago
3239 4890 3519 4964 duarmn,

2050 4982 2208 5037 Dum
2219 4981 2376 5036 Deus
2387 4979 2528 5059 inde
2541 4978 2725 5034 Pater
2705 4978 3070 5105 tparitJtinc
3066 4978 3488 5050 paritinnuba
3499 4981 3712 5043 Mater

2050 5051 2162 5105 Nil
2185 5051 2347 5105 catis
2368 5051 2564 5105 illinc.
2591 5051 2685 5105 nil
2729 5051 2884 5105 erris
2904 5051 3134 5105 clarius
3159 5051 3252 5105 est
3303 5051 3465 5105 hinc-

2049 5051 2162 5111 Nil
2185 5051 2347 5108 catis
2368 5051 2564 5120 illinc,
2591 5051 2685 5106 nil
2705 5051 2884 5106 terris
2904 5051 3134 5108 clarius
3159 5051 3252 5108 est
3303 5051 3465 5124 hinc,

2056 5141 2186 5206 Qua
2214 5140 2404 5211 specie
2425 5138 2567 5196 bina
2597 5139 2964 5210 componitur
2989 5139 3112 5196 hac
3123 5139 3444 5213 medicina,

2053 5230 2335 5288 Christus
2346 5229 2732 5300 Patresatus,
2749 5230 2910 5286 Deus
2933 5229 3238 5287 :asthomo
3263 5231 3708 5302 Virginem“:

2055 5321 2170 5387 Qui
2199 5333 2331 5378 cum
2353 5319 2538 5376 Patre
2552 5319 2726 5388 Deus,
2741 5319 2846 5376 sed
2865 5319 2924 5375 et
2949 5319 3106 5375 almo
3135 5320 3466 5378 Pneumate
3498 5335 3701 5394 corus,

2048 5525 2390 5579 constructa
2449 5519 2581 5577 vide
2631 5518 2928 5576 Gelenium
2964 5517 3215 5578 Coloniae
3271 5535 3395 5578 suae
3445 5519 3547 5578 lib.
3610 5537 3696 5594 ιιι,

2048 5594 2340 5666 Syntagm.
2363 5595 2448 5648 14.
