3950 6316
161 306 277 368 421
958 312 1031 375 B.
1082 306 1596 375 VVOLPHELMI
1642 307 1995 372 ABBATIS
2038 311 2845 377 BRU‘NWIILEHENSIS

168 444 265 501 Ad
295 456 403 500 nos
433 445 1081 518 indultispandctpia
1110 448 1344 505 viscera
1375 447 1589 518 culpis,

170 532 377 588 Seecla
399 545 512 601 per
544 547 804 589 exaanen
835 535 971 589 dum
986 535 1157 603 μειβ
1217 535 1500 592 discutit.
1536 537 1734 591 Amen.

3481 326 3599 387 422

1878 446 1929 504 Α
1963 447 2199 503 stinctis
2233 448 2454 505 facibus
2504 450 2604 506 ira“:
2653 451 2741 506 vel
2774 452 3217 524 invidiae,elegit
3249 473 3447 516 omnes
3483 462 3600 515 fra-

258 698 345 747 2I.
387 694 504 747 llos
537 693 872 749 versiculos
933 695 1083 748 beati
1138 695 1243 749 viri
1306 694 1435 750 ideo
1494 694 1626 750 huic
1684 694 1846 764 Operi

178 781 538 837 inserendos
558 782 704 837 utile
733 771 1245 852 dixi,utq.uomodo
1260 782 1647 854 simpliciores
1681 782 1847 853 plane

177 870 489 925 currentis
519 884 708 939 prosa)
741 869 1111 925 delectantur
1144 876 1332 941 pastu,
1361 872 1437 925 ita
1465 871 1847 941 perfectiores

179 957 561 1014 enucleatius
613 958 1008 1028 spiritualitcr
1038 959 1190 1014 dicta
1254 958 1613 1028 indagantes,
1646 974 1845 1014 eorum

177 1045 488 1116 spirituali
510 1050 690 1115 gustu
712 1046 934 1117 pariter
952 1047 1292 1102 reﬁciantur
1317 1052 1374 1101 et
1396 1048 1605 1102 fructu.
1625 1047 1847 1117 Saepius

180 1141 389 1190 autem
418 1150 472 1189 ll]
507 1140 801 1190 conventu
836 1136 1077 1190 fratrum
1112 1134 1183 1189 de
1217 1134 1409 1191 salute
1453 1135 1761 1205 disputans
1789 1140 1844 1189 et

178 1223 448 1280 suadens
478 1224 821 1293 animarum,
851 1224 1003 1278 inter
1025 1223 1399 1280 multimodas
1418 1225 1698 1279 virtutum
1720 1239 1851 1295 pro-

180 1311 523 1381 positiones
562 1312 669 1367 hoc
731 1312 902 1367 modo
963 1312 1303 1383 plerumque
1352 1312 1846 1381 elcemosynarum

180 1399 279 1455 vel
333 1399 767 1470 hospitalitatis
800 1400 1239 1455 commendabat
1271 1400 1540 1469 gratiam.
1577 1400 1844 1471 Oportet,

180 1488 408 1558 inquit,
437 1492 496 1544 ut
532 1488 814 1559 scriptum
830 1494 942 1557 est,
967 1494 1026 1543 et
1050 1489 1440 1544 testimonium
1492 1490 1705 1543 habere
1760 1491 1851 1545 bo-

180 1591 329 1631 num
366 1577 440 1631 ab
480 1575 570 1631 his
596 1577 693 1646 qui
727 1576 867 1632 foris
895 1580 1029 1632 sunt
1054 1577 1118 1639 (Ι
1134 1578 1278 1633 Tim.
1310 1579 1405 1647 ΙΙΙ,
1449 1585 1526 1647 7),
1559 1584 1618 1631 et
1654 1578 1847 1648 hospi-

181 1664 492 1719 talitatem
526 1679 636 1719 non
668 1664 962 1720 oblivisci:
991 1665 1125 1721 dun
1170 1671 1225 1720 et
1249 1666 1527 1735 quosdam
1556 1665 1846 1736 placuisse

184 1753 482 1821 legamus,
513 1752 738 1822 angelis
765 1753 938 1809 etiam
962 1754 1215 1825 hospitio
1248 1755 1517 1825 receptis.
1554 1756 1711 1809 Unde
1733 1768 1845 1809 ma-

183 1855 457 1911 gnopere
496 1856 619 1912 vos,
653 1842 886 1911 fratres,
925 1856 1242 1913 pauperum
1286 1843 1373 1898 vel
1422 1843 1717 1913 hospitum
1751 1859 1846 1898 su-

186 1929 490 2001 sceptioni
513 1945 709 1985 curam
734 1930 1067 2002 impendere
1091 1932 1376 1986 admoneo
1394 1949 1408 1995 ;
1426 1931 1557 2000 quia
1584 1932 1845 2002 profecto

190 2018 484 2090 quidquid
518 2018 636 2075 illis
668 2018 821 2075 fideli
846 2019 1154 2077 devotione
1177 2022 1498 2088 confertur,
1524 2021 1743 2077 christo
1770 2022 1849 2077 ni-

192 2107 546 2178 mirum,qui
573 2122 636 2163 se
670 2108 726 2162 in
750 2123 1003 2179 paupere
1029 2109 1265 2179 suscipi,
1289 2109 1345 2162 in
1388 2109 1617 2179 hospite
1646 2110 1846 2179 colligi

190 2196 335 2265 sult,
391 2195 772 2265 impenditur.
835 2196 1088 2265 Ideoque
1150 2197 1393 2252 maxime
1454 2199 1843 2253 necessariam

190 2279 629 2354 hospitalitatis
682 2284 773 2338 vel
822 2284 1317 2354 eleemosynarum
1383 2285 1551 2341 intuli
1599 2287 1846 2355 gratiam

192 2370 406 2443 (Hebr.
442 2387 563 2441 xm,
599 2376 662 2437 2;
689 2372 822 2442 quia
854 2387 958 2428 nec
992 2373 1180 2429 locum
1213 2374 1518 2444 propagari
1551 2374 1847 2445 perpendo

194 2458 286 2515 vel
319 2460 743 2531 inhabitantes,
778 2460 884 2517 nisi
920 2476 1020 2532 per
1050 2461 1446 2532 eleemosynas
1476 2470 1533 2517 et
1577 2463 1847 2517 assiduas

192 2561 429 2619 preces.
465 2549 700 2618 Verum,
737 2549 1087 2620 charissimi,
1125 2549 1258 2605 dum
1302 2549 1550 2621 alicujus
1585 2552 1640 2605 in
1681 2551 1846 2605 vobis

194 2636 334 2691 boni
368 2634 683 2692 scintillam
719 2636 986 2693 videritis
1006 2637 1327 2707 ignescere,
1354 2654 1422 2694 ne
1447 2639 1848 2709 vestris,quze-

193 2740 285 2794 so,
313 2723 544 2779 meritis
578 2724 776 2780 velitis
808 2726 1447 2796 ascribere;quoniam,
1475 2733 1537 2783 ut
1561 2728 1842 2797 scriptum

193 2818 309 2868 est:
335 2812 543 2883 Neque
570 2814 840 2882 volentis,
855 2828 1045 2884 neque
1065 2815 1491 2884 currentis,sed
1518 2816 1632 2872 Dei
1646 2816 1842 2871 estmi-

192 2900 455 2959 serentis
504 2903 693 2971 (Rom.
729 2918 803 2971 ix,
838 2902 942 2972 i6).
980 2902 1359 2975 Omnipotens
1417 2904 1631 2975 quippe
1671 2906 1842 2974 Deus,

195 2989 519 3061 aspirando
544 3006 648 3046 nos
679 2991 978 3062 praevenit,
1012 2998 1075 3047 ut
1110 2993 1255 3047 bona
1288 2993 1555 3063 velimus,
1586 2997 1641 3048 et
1690 2993 1851 3062 adju-

196 3078 389 3134 vando
421 3078 822 3149 subsequitur,
842 3084 901 3161 ut
936 3080 1244 3150 possimus.
1277 3082 1469 3136 Inanis
1496 3081 1646 3137 enim
1679 3080 1851 3137 aliter

1965 539 2126 590 terna
2174 536 2485 594 dilectione
2533 540 2795 607 diligere.
2833 544 3071 613 Semper
3121 545 3320 600 hilaris
3372 563 3603 619 semper

1962 623 2165 691 lectus;
2200 627 2517 695 praeferens
2544 627 2841 683 hilaritate
2885 631 3084 687 vultus
3114 647 3283 702 quam
3337 635 3602 691 sincerus

1959 715 2018 765 et
2052 727 2231 782 purus
2254 729 2388 781 erga
2414 717 2587 771 Deum
2612 721 2669 771 et
2695 718 2980 774 hominem
3009 722 3134 791 ejus
3154 727 3307 777 esset
3335 723 3597 785 affectus.

1960 800 2296 872 Quanquam
2322 819 2460 859 vero
2487 805 2607 874 jugi
2642 812 2801 862 esset
2835 809 3327 881 contemplatione
3360 826 3601 883 suspen-

1958 905 2078 957 sus,
2113 897 2239 945 erat
2293 899 2481 948 tamen
2522 895 2765 962 singulis
2821 900 3220 968 compassione
3269 900 3597 971 proximus;

1958 989 2150 1032 mente
2200 980 2429 1036 minimc
2480 982 2797 1039 deflectens
2843 1001 2871 1041 a
2922 988 3432 1058 contemplatione,
3465 990 3598 1044 dum

1962 1064 2149 1135 pietas
2181 1070 2431 1123 ferveret
2468 1070 2519 1125 in
2551 1086 2746 1142 Opere.
2785 1073 2873 1129 Sic
2908 1074 3175 1131 nimirum
3226 1077 3281 1131 in
3331 1077 3601 1134 similitu-

1960 1154 2091 1208 dine
2123 1157 2450 1213 eoelestium
2485 1160 2836 1229 animalium,
2873 1169 3005 1218 ante
3036 1170 3094 1218 et
3129 1170 3287 1220 retro
3309 1166 3595 1236 oculatus,

1961 1247 2340 1314 utrarumque
2371 1247 2650 1303 virtutum
2685 1252 2870 1306 fuerat
2932 1252 3219 1307 charitate
3256 1255 3593 1311 devinctus:

1962 1335 2023 1384 ut
2049 1334 2181 1386 dum
2212 1333 2452 1389 cuilibet
2485 1351 2681 1392 carum
2710 1339 3008 1396 videretur
3033 1340 3309 1411 intentus,
3336 1343 3600 1413 proprie-

1960 1422 2079 1473 tate
2115 1424 2298 1476 tamcn
2332 1436 2443 1478 non
2474 1432 2698 1481 careret
2742 1427 3006 1484 alterius.

2026 1563 2114 1618 23.
2150 1564 2365 1620 Taliter
2396 1581 2458 1621 se
2491 1571 2720 1639 agebat,
2754 1572 2849 1640 qui
2884 1572 2996 1625 Deo
3030 1573 3107 1627 nil
3140 1574 3372 1629 charius
3420 1575 3602 1646 possi-

1960 1651 2104 1706 dens
2140 1654 2506 1725 praeferebat,
2538 1671 2608 1710 ex
2641 1658 2791 1711 omni
2816 1660 3011 1713 cordis
3059 1664 3114 1714 et
3165 1661 3336 1716 animi
3388 1663 3597 1719 affectu

1958 1738 2207 1807 diligens
2236 1744 2433 1812 Deum,
2469 1760 2695 1799 omnem
2729 1762 2867 1801 vero
2901 1748 3291 1805 Christianum
3325 1755 3597 1821 tanquam

1958 1842 2020 1883 se
2056 1828 2273 1899 ipsum:
2310 1847 2551 1889 servans
2582 1834 2636 1887 in
2678 1834 3054 1905 simplicitate
3102 1837 3508 1909 innocentiam,
3544 1841 3599 1895 in

1957 1917 2246 1973 charitate
2276 1922 2668 1991 concordiam,
2706 1923 2761 1977 in
2794 1923 3135 1980 humilatate
3160 1927 3522 1998 modestiam,
3544 1928 3601 1984 in

1957 2004 2284 2077 disciplinae
2306 2009 2620 2065 severitate
2644 2026 2969 2066 censuram.
3012 2015 3157 2083 Erga
3195 2015 3338 2069 bene
3360 2024 3599 2084 agentes

1958 2108 2240 2165 apparere
2282 2097 2558 2166 praelatis
2588 2100 2793 2169 noluit,
2830 2101 2927 2155 sed
2983 2107 3041 2157 ut
3071 2103 3384 2173 coaequalis
3412 2109 3467 2158 et
3511 2119 3602 2159 so-

1957 2182 2114 2247 cius;
2148 2185 2430 2241 adversus
2486 2201 2624 2242 vero
2657 2188 2795 2243 vitia
2845 2188 3327 2261 delinquentium,
3371 2207 3602 2263 promo-

1961 2271 2136 2326 tionis
2155 2288 2272 2327 suae
2296 2277 2605 2330 exercebat
2635 2276 3016 2346 privilegium.
3036 2278 3177 2344 Quis
3199 2284 3391 2335 autem
3408 2280 3602 2336 verbis

1957 2359 2145 2415 valeat
2179 2362 2507 2432 exprimere
2542 2370 2751 2434 quanta
2787 2365 3141 2423 discretione
3164 2368 3352 2424 omnia
3381 2368 3598 2438 judicia

1958 2462 2061 2503 sua
2086 2449 2375 2505 studuerit
2404 2456 2752 2523 temperare,
2783 2461 3069 2524 quantavc
3088 2456 3318 2524 justitia
3341 2457 3603 2513 modera-

1958 2536 2047 2589 ri?
2076 2538 2217 2592 Dum
2247 2540 2459 2594 etenim
2495 2556 2600 2611 pro
2637 2543 2842 2611 quovis
2875 2543 3092 2598 delicto
3124 2544 3486 2601 alicui‘foret
3522 2546 3603 2600 in-

1958 2625 2193 2681 ferenda
2223 2629 2536 2699 correctio,
2558 2631 2827 2699 primitus
2851 2631 2903 2684 in
2930 2647 2989 2685 sv
3027 2632 3404 2703 descendens,
3432 2634 3597 2703 juxta

1960 2712 2099 2767 illud
2125 2716 2420 2784 Apostoli:
2452 2720 2529 2774 Si
2544 2720 3183 2792 pi'wccupatusfuerit
3199 2722 3365 2777 homo
3394 2725 3461 2779 in
3487 2723 3600 2779 ali-

1955 2815 2068 2871 qua
2084 2802 2315 2872 delicto,
2333 2808 2911 2876 eosquispirituales
2923 2809 3084 2876 estis,
3098 2810 3601 2882 instruitelmjzes—

1954 2891 2112 2946 modi
2133 2892 2198 2946 in
2218 2895 2443 2962 spiritu
2458 2895 2747 2964 lenitatis,
2763 2896 3145 2953 considerans
3169 2898 3436 2968 teips-um,
3451 2913 3525 2954 ne
3546 2898 3610 2953 et

1958 2980 2021 3036 tu
2053 2981 2297 3039 tenteris
2328 2982 2484 3051 (Gal.
2511 2998 2586 3052 v1,
2632 2986 2998 3054 l);tanquam
3035 2985 3252 3055 proprii
3285 2995 3482 3042 reatus
3505 2988 3603 3042 de-

1960 3068 2157 3125 lictum
2193 3070 2442 3125 deﬂebat
2470 3071 2734 3128 alterius.
2756 3074 2837 3127 Ita
2872 3073 3140 3128 nimirum
3175 3089 3336 3129 mens
3368 3076 3482 3131 Deo
3506 3076 3602 3132 de-

196 3171 360 3224 esset
410 3147 658 3223 conatus
688 3156 909 3238 noster,
952 3169 1063 3225 nisi
1097 3169 1288 3225 divina
1337 3176 1760 3241 cmperaretur
1790 3185 1812 3225 ε

1961 3159 2077 3214 voti
2112 3160 2372 3228 pectoris
2394 3161 2547 3215 omni
2574 3175 2635 3216 se
2659 3162 2918 3217 excoluit
2945 3176 3156 3229 genere
3177 3163 3434 3233 pietatis,
3452 3170 3602 3221 sata-

195 3254 411 3311 virtus.
447 3254 667 3310 Taliter
694 3259 885 3311 autem
923 3257 1110 3325 gratia
1154 3262 1575 3328 praecurrente,
1610 3264 1668 3313 et
1700 3261 1847 3315 bona

201 3342 510 3399 voluntate
548 3344 968 3415 subsequente,
1004 3345 1159 3415 quod
1201 3346 1531 3402 Conditoris
1572 3351 1658 3403 est
1691 3347 1846 3417 doni,

194 3431 392 3487 nostri
432 3432 493 3486 fit
526 3432 739 3487 meriti.
775 3432 874 3487 His
904 3437 959 3487 et
982 3432 1312 3502 hujusmodi
1336 3434 1850 3491 exhortationibus

192 3519 375 3574 corda
408 3519 656 3576 fratrum
692 3520 941 3589 irrigans
972 3522 1358 3591 frequentius,
1384 3523 1454 3577 ad
1514 3523 1848 3578 sectandam

193 3608 555 3678 provocabat
591 3607 891 3678 pietatem.
929 3608 1245 3664 Lucrandis
1277 3614 1471 3665 autem
1496 3609 1735 3666 sedulus
1769 3612 1849 3666 in-

193 3694 453 3763 vigilans
503 3695 827 3765 animabus,
863 3698 1167 3767 satagebat
1199 3697 1278 3753 nil
1337 3714 1604 3768 premere
1632 3701 1844 3770 verbis,

192 3782 353 3852 quod
432 3797 544 3838 non
604 3785 914 3840 roboraret
969 3784 1270 3855 exemplis,
1302 3801 1372 3842 ne
1404 3788 1537 3842 vitae
1569 3788 1845 3843 munditia

190 3870 870 3942 prorsusdiscrepareta
887 3871 1228 3941 lingua.Hoc
1242 3873 1447 3930 ordine
1467 3875 1732 3931 nimirum
1757 3877 1851 3946 hy-

188 3960 565 4029 pocritarum
582 3959 911 4016 declinabat
930 3962 1411 4033 consortium,qui
1427 3965 1602 4020 verba
1624 3964 1847 4034 quidem

192 4052 536 4103 sanctorum
568 4048 803 4117 habent,
840 4050 941 4105 sed
974 4050 1151 4105 vitam
1186 4065 1295 4106 non
1329 4051 1567 4117 habent;
1601 4057 1657 4107 et
1703 4069 1848 4123 quos

192 4136 540 4192 ermonibus
560 4143 864 4206 generant,
883 4152 995 4193 non
1032 4138 1226 4194 fovent
1257 4140 1632 4211 exemplis;et
1680 4157 1824 4211 quos

191 4226 397 4282 verbis
416 4224 732 4295 aedificant,
751 4226 1011 4283 moribus
1032 4232 1090 4282 et
1113 4228 1229 4284 vita
1246 4229 1575 4285 destruunt.
1596 4231 1848 4299 Namque

193 4315 285 4370 vir
310 4314 525 4370 beatus
549 4328 658 4369 non
685 4314 873 4369 solum
898 4314 1090 4384 lingua
1118 4331 1219 4371 sua
1244 4317 1449 4383 suasit,
1467 4317 1634 4372 sedet
1661 4333 1847 4374 exem-

190 4402 332 4473 plis,
368 4402 633 4458 moribus
660 4406 717 4457 et
751 4402 872 4457 vita
900 4402 1181 4472 subjectis
1204 4404 1459 4460 ostendit
1487 4422 1848 4477 quiscunque

1957 3262 2103 3316 gens
2125 3249 2394 3319 gaudere
2413 3263 2545 3305 cum
2565 3250 3148 3321 gaudentibus,ﬂere
3167 3265 3297 3308 cum
3313 3253 3603 3323 ﬂentibus

1961 3334 2147 3403 (Rom.
2194 3353 2290 3409 κη,
2327 3342 2435 3409 lii),
2470 3339 2558 3394 vir
2586 3339 2753 3410 plane
2787 3339 2945 3394 mitis
2977 3344 3034 3393 et
3060 3339 3279 3408 justus,
3314 3342 3399 3396 sic
3423 3342 3602 3397 omni-

1962 3426 2070 3480 bus
2103 3426 2292 3481 omnia
2323 3427 2675 3494 faetus.Quo
2706 3428 2856 3483 enim
2881 3428 3114 3484 dolente
3135 3444 3244 3486 non
3264 3430 3600 3487 condoluit?

1961 3514 2101 3579 Quis
2151 3514 2221 3568 ad
2256 3515 2414 3571 illius
2446 3522 2742 3586 aspectum
2768 3533 3071 3573 maerorem
3106 3534 3217 3573 non
3254 3518 3497 3575 uiutavit
3543 3520 3596 3574 in

1958 3602 2269 3669 gaudium?
2295 3604 2435 3669 Quis
2458 3605 2542 3659 ira
2564 3606 2972 3676 inflammatus,
2997 3607 3154 3661 illius
3188 3622 3456 3664 sermone
3486 3624 3597 3663 non

1959 3694 2047 3743 est
2103 3691 2438 3760 mitigatus?
2472 3694 2613 3758 Quis
2662 3694 2855 3763 iniqua
2903 3695 3259 3759 cogitatione
3313 3696 3597 3765 pulsatus,

1961 3793 2070 3833 non
2104 3778 2203 3833 illo
2225 3785 2313 3835 est
2343 3781 2607 3836 medente
2631 3782 3059 3846 curatus?Quis
3081 3783 3372 3840 consolari
3405 3785 3598 3855 petiit,

1959 3873 2014 3922 et
2044 3867 2497 3924 consolationem
2532 3885 2639 3924 non
2675 3870 2927 3924 invenit?
2954 3871 3092 3935 Quis
3123 3871 3235 3925 vim
3265 3872 3597 3943 verborum,

1960 3956 2092 4025 quis
2123 3956 2431 4012 efficaciam
2453 3958 2737 4027 exprimat
2774 3959 3289 4025 sermonum?Quis
3323 3960 3597 4031 pietatem

1959 4045 2252 4115 evolvere,
2286 4046 2417 4115 quis
2466 4046 2809 4101 charitatcm
2842 4046 3030 4101 valeat
3063 4062 3369 4113 enarrare;
3394 4050 3445 4104 in
3488 4066 3598 4120 qua

1961 4134 2105 4189 adeo
2140 4134 2435 4189 radicatus
2471 4135 2656 4189 fuerat
2689 4141 2748 4189 ct
2774 4136 3069 4205 fundatus,
3105 4142 3185 4199 ut,
3208 4136 3343 4193 licet
3381 4138 3600 4195 nullius

1959 4237 2169 4293 expers
2200 4228 2358 4278 esset
2389 4223 2645 4291 virtutis,
2670 4224 2839 4294 hujus
2874 4230 3062 4281 tamen
3087 4225 3284 4282 cultor
3322 4228 3606 4284 existeret

1960 4310 2252 4381 specialis.
2277 4313 2397 4367 Non
2431 4313 2692 4380 segniter
2723 4314 2897 4368 etiam
2922 4314 3112 4369 animo
3146 4315 3408 4370 retinens
3447 4317 3600 4386 quod

1961 4404 2177 4469 quanto
2211 4401 2516 4471 [pluribus
2552 4403 2651 4457 En.
2690 4402 2774 4473 P.]
2808 4404 3091 4473 subjectis
3116 4404 3412 4475 praelatus,
3439 4409 3603 4461 tanto

193 4490 476 4547 ﬁdelibus
514 4490 638 4546 suis
680 4490 1045 4563 omnipotens
1078 4493 1229 4548 Deus
1268 4493 1630 4550 observanda
1694 4510 1848 4551 man-
1875 4502 1928 4561 D
1959 4491 2118 4547 curis
2143 4491 2462 4561 majoribus
2485 4498 2640 4548 esset
2661 4500 3003 4565 occupatus,
3028 4494 3302 4550 studebat
3326 4493 3604 4550 omnimo-

190 4579 377 4636 davit.

265 4669 356 4727 22.
389 4670 719 4740 Pauperum
792 4683 929 4724 vero
981 4669 1062 4724 illi
1101 4684 1331 4741 semper
1363 4673 1551 4727 fuerat
1602 4674 1844 4728 maxima

191 4774 262 4815 cu
276 4757 530 4813 ra.Unde
554 4757 990 4828 dispensatione
1010 4759 1251 4829 provida
1266 4760 1630 4815 xenodochio
1646 4776 1847 4831 super-

190 4846 423 4903 addidit
480 4843 740 4901 decimas
771 4849 945 4915 atque
984 4847 1199 4918 venita,
1240 4853 1299 4903 ut
1343 4848 1565 4918 absque
1601 4851 1843 4919 pecunia

191 4935 391 4991 victus
428 4934 516 4990 eis
566 4933 974 5005 praeberentur
1020 4936 1605 5005 necessariaJugiter
1640 4936 1720 4991 illi
1751 4939 1847 4993 ad-

191 5038 402 5081 versus
428 5022 571 5078 vitia
608 5036 832 5093 pugna;
864 5022 995 5092 quia
1027 5038 1188 5079 mens
1219 5024 1289 5079 ad
1318 5023 1570 5080 virtutes
1626 5032 1841 5096 erecta,

191 5127 307 5169 non
329 5121 458 5168 erat
492 5109 778 5183 proclivis
809 5110 879 5166 ad
907 5111 1067 5168 vitia.
1114 5113 1385 5169 Radicem
1435 5114 1688 5170 omnium
1739 5131 1847 5170 ma-

194 5198 381 5258 lorum
418 5198 807 5272 cupiditatem
830 5199 923 5255 vel
947 5200 1249 5256 avaritiam
1275 5202 1420 5257 adeo
1436 5204 1841 5274 perhorrebat,

198 5295 277 5361 ut,
310 5296 533 5364 praeter
585 5302 951 5344 communem
1002 5289 1441 5361 simplicemque
1492 5292 1727 5363 victum,
1764 5293 1843 5349 nil

199 5378 299 5436 sibi
350 5374 607 5452 prorsus
660 5377 813 5447 quod
855 5378 1109 5448 speciale
1161 5379 1305 5435 foret
1339 5386 1688 5436 assumeret.
1723 5382 1845 5438 Pie-

197 5469 324 5527 tatis
354 5468 579 5527 aﬂ'ectu
616 5464 817 5536 potius
849 5467 1026 5522 amari
1066 5483 1235 5539 quam
1297 5468 1485 5525 timeri
1516 5472 1843 5541 satagebat;

192 5560 331 5619 unde
355 5553 724 5634 jactantiam
755 5559 811 5611 et
844 5553 1152 5615 elationem
1180 5556 1381 5632 procul
1401 5557 1579 5618 dubio
1611 5574 1846 5634 respue-

188 5652 292 5714 bat.
323 5648 488 5712 Nulli
525 5657 676 5704 vero
696 5640 1024 5718 detrahere,
1059 5646 1280 5706 nullum
1313 5646 1517 5708 volens
1541 5648 1723 5722 odire,
1748 5664 1819 5708 ex
1850 5688 1861 5706 ι

1959 4579 2050 4634 dis
2102 4581 2216 4636 Deo
2250 4595 2351 4652 per
2381 4580 2930 4651 contemplationem
2956 4580 3207 4652 placere,
3240 4581 3599 4637 exteriorum

1956 4684 2128 4725 curas
2188 4684 2288 4740 per
2342 4670 2581 4725 idoneas
2612 4667 3199 4739 quasquelpersonas}
3253 4667 3596 4725 solemniter

1960 4758 2068 4828 [f.,
2100 4759 2371 4830 solerter]
2406 4758 3144 4827 administrarc,Taliterex
3173 4762 3312 4812 voto
3350 4757 3595 4815 liberius

1959 4862 2169 4904 vacans
2192 4847 2446 4915 domino,
2466 4846 2775 4915 utrobique
2792 4845 3071 4916 providus
3091 4846 3253 4915 gregi
3271 4847 3596 4917 prospexit;

1958 4936 2116 4991 intus
2153 4934 2386 5005 propria
2420 4932 2740 5003 vigilantia,
2775 4933 3036 4988 exterius
3090 4946 3345 5001 congrua
3406 4935 3598 5003 provi-

1957 5024 2172 5080 dentia.
2207 5025 2276 5077 At
2311 5023 2583 5093 quoniam
2618 5023 2807 5076 fuerat
2862 5020 3020 5077 mirae
3050 5022 3515 5079 mensuetudinis
3537 5029 3595 5079 et

1958 5112 2332 5168 discretionis
2348 5129 2363 5179 ;
2378 5111 2569 5168 sciens
2585 5110 2737 5181 quod
2753 5110 3070 5181 districtio,
3088 5110 3136 5165 si
3171 5111 3402 5168 modum
3428 5126 3599 5168 exce-

1957 5201 2063 5269 dit,
2089 5199 2370 5257 szevitiam
2402 5200 2607 5271 gignit,
2640 5206 2699 5256 et
2727 5199 2897 5256 nimia
2929 5200 3117 5271 pietas
3147 5199 3593 5258 dissolutionem

1955 5290 2276 5361 disciplinae
2301 5291 2573 5361 parturit,
2610 5296 2770 5348 tanta
2793 5292 2953 5346 inter
2984 5294 3297 5360 utrumque
3328 5306 3470 5349 usus
3502 5298 3589 5348 est

1950 5378 2329 5448 discretione,
2366 5384 2426 5435 ut
2459 5394 2566 5436 nec
2599 5380 2655 5436 in
2695 5380 2947 5438 discreta
2993 5379 3286 5437 districtio
3336 5381 3593 5436 subditis

1957 5466 2264 5524 recusandi
2288 5465 2506 5523 laboris
2536 5467 2703 5523 fleret
2732 5470 2987 5539 occasio,
3013 5482 3119 5525 nec
3147 5467 3319 5523 nimia
3351 5468 3592 5538 pietatis

1954 5556 2199 5616 exibitio
2229 5556 2555 5630 disciplina;
2584 5557 2731 5615 foret
2770 5557 3148 5616 immoderata
3187 5558 3471 5615 remissio.
3508 5558 3592 5613 Ita

1931 5664 2138 5723 nempe
2183 5645 2451 5721 exemplo
2484 5650 2817 5706 sanctorum
2884 5650 3121 5706 Patrum
3174 5662 3414 5719 gressus
3466 5660 3593 5706 sua-
