3950 6354
421 341 536 402 423

2013 324 2078 386 Vl

2195 373 2223 388 ,.
3712 333 3806 394 424

424 491 548 532 rum
574 471 829 529 instituit
855 470 1247 537 actionum,ut
1275 467 1607 524 nullatenus
1629 469 1794 519 extra
1823 462 2061 516 limitem
2095 464 2143 520 Α
2181 461 2334 516 mino
2367 461 2772 518 demonstrare
2805 461 2959 532 quod
3011 469 3228 534 quanto
3277 461 3526 534 gravior
3573 465 3804 537 morbus,

417 562 667 633 justitia
702 560 996 632 propriam
1023 559 1242 613 sineret
1272 556 1471 611 etﬂure
1504 553 1813 610 actionem.

492 652 566 707 24
593 650 733 704 Hinc
767 649 1028 719 profecto
1069 645 1292 701 felicem
1335 660 1400 700 ac
1443 643 1574 712 jure
1626 643 1858 697 beatum
1893 635 2065 692 talem

428 737 670 796 dixerim
705 737 890 792 virum
913 735 1009 806 qui
1041 739 1096 789 et
1120 731 1539 790 ecclesiasticze
1569 728 1890 800 disciplinae
1913 726 2070 794 vigo-

430 842 548 883 rem
586 826 818 882 fortiter
850 823 1058 893 tenuit,
1083 827 1139 876 et
1172 827 1364 878 tamen
1389 824 1632 876 matrem
1656 817 1938 873 virtutum
1963 813 2074 868 dis-

431 915 749 970 cretionem
798 925 1088 981 nunquam
1125 909 1408 966 deseruit.
1445 905 1622 975 Cujus
1653 909 1714 959 ut
1742 917 1932 958 mores
1981 899 2072 955 vel

431 1009 597 1060 actus
631 1000 962 1058 summatim
1010 999 1418 1070 perstringam,
1456 995 1566 1050 fuit
1591 995 1706 1048 vita
1741 989 2072 1056 laudabilis,

429 1091 924 1149 verbodiscretus
948 1093 1008 1143 et
1029 1086 1212 1155 utilis,
1230 1084 1474 1141 consilio
1501 1082 1796 1154 providus,
1820 1077 2079 1134 moribus

430 1186 694 1248 ornatus,
731 1176 1080 1233 aﬂ'abililate
1113 1174 1446 1242 mellifluus,
1483 1171 1814 1227 misericors
1841 1173 1899 1222 et
1922 1163 2078 1220 beni-

429 1285 599 1340 gnus,
631 1282 852 1340 pronus
883 1265 953 1322 ad
976 1267 1223 1328 veniam,
1259 1263 1462 1317 tardus
1495 1260 1562 1315 ad
1598 1260 1774 1321 iram;
1803 1271 1904 1327 per
1958 1256 2079 1324 p'e-

433 1359 574 1414 tatis
606 1359 896 1424 affectum,
921 1355 1172 1410 omnium
1215 1348 1690 1407 condescendens
1713 1341 2079 1401 necessitati-

438 1449 547 1503 bus
576 1447 942 1508 miserorufn,
969 1443 1133 1510 juxta
1169 1442 1398 1495 beatum
1432 1437 1559 1500 Job,
1594 1440 1758 1506 pater
1786 1439 1912 1488 erat
1946 1445 2081 1502 pan-

440 1549 642 1606 perum
678 1532 808 1601 (Job
850 1546 1000 1598 xxix,
1040 1531 1144 1598 tu),
1181 1526 1548 1582 iiicerentium
1588 1523 1942 1590 consolator,
1980 1535 2080 1590 pu-

437 1623 714 1695 pillorum
749 1619 1022 1689 adjutor;
1057 1633 1167 1672 non
1201 1615 1470 1685 despexit
1501 1614 1748 1682 inopem,
1783 1625 1886 1664 nec
1920 1607 2080 1663 dimi-

437 1712 517 1767 sit
564 1712 784 1779 absque
841 1705 1202 1777 operimento
1251 1717 1594 1774 pauperem;
1624 1699 1771 1755 alios
1811 1699 2080 1752 refovens

2181 552 2344 603 tanto
2359 549 2659 619 potentior
2701 549 3422 621 Omnipotenscredendus
3434 555 3528 608 est
3552 551 3805 611 medicus.

2181 637 2437 706 Cumque
2468 635 2539 692 de
2570 635 2711 693 solis
2739 636 2865 705 ejus
2892 645 3169 708 ageretur
3186 638 3516 710 exsequiis,
3542 637 3700 696 lento
3736 657 3808 698 so-

2180 737 2321 792 pore
2369 725 2710 796 corripitur,
2743 727 3021 798 videtque
3063 742 3166 799 per
3232 728 3528 784 somnium
3572 727 3808 786 domnam

2184 812 2552 884 Aswendam,
2577 813 2694 883 jam
2729 814 3192 872 immortalitatis
3235 815 3363 874 luce
3416 816 3689 888 petitam,
3718 819 3807 874 sibi

2183 899 2416 955 assistei
2433 915 2484 970 c,
2503 902 3034 974 compatientisque
3057 904 3289 974 affectu,
3307 918 3487 960 manu
3511 908 3696 960 totum
3711 919 3810 960 coro

2188 1003 2295 1057 pus
2342 989 2774 1060 permulcendo,
2810 991 2923 1047 vim
2969 991 3190 1048 doloris
3233 991 3443 1048 lenire.
3469 993 3608 1048 Inde
3646 998 3809 1049 orato-

2186 1075 2354 1143 rium,
2375 1076 2628 1146 jacentis
2660 1078 2813 1135 lecto
2827 1079 3186 1152 contiguum,
3208 1081 3484 1150 ingressa
3525 1081 3717 1148 tertio,
3732 1081 3810 1136 lle-

2188 1164 2276 1219 xis
2305 1165 2550 1234 genibus
2569 1167 2857 1235 adoravit;
2873 1169 3072 1240 sicque
3095 1185 3274 1242 super
3295 1171 3590 1240 aegrotum
3612 1169 3806 1239 signum

2188 1259 2403 1310 sanctae
2435 1255 2628 1311 crucis
2650 1257 3002 1328 exprimens,
3020 1257 3326 1330 disparuit.
3351 1257 3524 1314 Illico
3544 1257 3725 1314 virtus
3744 1257 3810 1313 di-

2189 1341 2320 1397 vina
2343 1350 2430 1398 est
2453 1345 2798 1401 subsecuta:
2823 1361 2948 1401 nam
2972 1351 3100 1418 post
3123 1361 3342 1418 paucos
3364 1345 3496 1402 dies
3517 1345 3806 1415 convaluit,

2192 1429 2415 1500 integra
2449 1434 2738 1504 sospitate
2771 1438 3025 1506 recepta.
3062 1435 3222 1491 Unde
3255 1449 3360 1490 nec
3414 1435 3654 1491 dubium
3703 1448 3811 1489 exs-

2190 1519 2334 1588 titit,
2367 1519 2468 1576 illo
2499 1523 2617 1578 visa
2646 1522 3157 1594 pandente,ipsius
3187 1522 3648 1594 suffragantibus
3667 1522 3812 1578 meri-

2195 1607 2290 1678 tis,
2320 1613 2550 1665 erutuin
2583 1610 2744 1666 illum
2779 1611 2851 1666 de
2869 1612 3120 1668 confinio
3151 1613 3617 1669 mortis.Fuerat
3643 1615 3808 1668 autem

2192 1699 2308 1750 tam
2343 1697 2793 1754 immanissimus
2827 1699 3092 1770 languor,
3117 1705 3178 1756 ut
3212 1715 3242 1754 a
3269 1701 3472 1772 planta
3513 1699 3709 1772 pedum
3736 1714 3810 1755 us-

442 1801 622 1855 verbo
655 1795 1098 1862 consolationis,
1133 1793 1280 1848 alios
1299 1806 1410 1862 ope
1435 1789 1698 1845 relevans
1714 1786 1966 1858 pietatis.
1995 1785 2078 1839 Ab
2108 1817 2162 1876 B
2192 1799 2304 1854 que
2337 1785 2406 1840 ad
2440 1787 2720 1842 verticem
2754 1788 2809 1842 in
2843 1803 2912 1843 eo
2944 1803 3057 1844 non
3086 1793 3246 1845 esset
3279 1788 3544 1855 sanitas;
3574 1788 3670 1845 sed
3707 1792 3806 1842 tota

439 1887 680 1943 infantia
710 1888 885 1940 Deum
917 1883 1124 1937 timere
1157 1880 1362 1936 didicit
1391 1894 1462 1935 ex
1495 1883 1664 1934 utero
1691 1875 1840 1932 enim
1882 1888 2076 1930 secum

433 1991 667 2046 egressa
687 1973 986 2030 miseratio
1009 1971 1214 2026 crevit.
1234 1972 1379 2025 Arca
1404 1968 1600 2024 cordis
1617 1967 1837 2035 jugiter
1860 1964 2076 2019 referta

434 2067 578 2122 bona
625 2063 948 2130 voluntate,
985 2075 1294 2130 numquam
1352 2071 1532 2113 vacua
1589 2069 1792 2110 manus
1847 2051 2075 2108 exstitit

431 2167 688 2209 munere.
723 2153 1049 2221 Pauperuin
1084 2149 1194 2203 sibi
1229 2147 1382 2217 apud
1415 2150 1589 2200 Deum
1615 2144 1697 2200 sic
1728 2142 2079 2198 conciliabat

430 2239 754 2311 patrocinia
787 2237 1028 2305 ,faciens
1065 2236 1410 2291 sibiainicos
1432 2232 1717 2300 deiniquo
1737 2242 2078 2298 mammona,

433 2329 531 2398 qui
566 2342 696 2382 enm
732 2326 1078 2396 quandoque
1112 2324 1445 2394 reciperent
1479 2322 1530 2375 in
1563 2325 1779 2376 aeterna
1815 2319 2080 2373 taberna-

431 2415 564 2472 cula
601 2414 761 2480 (Luc.
796 2416 990 2483 xvi.9).
1027 2414 1106 2467 Ne
1154 2416 1348 2468 autem
1409 2410 1678 2466 mundum
1739 2405 1866 2478 plus
1917 2405 2079 2474 justo

432 2502 738 2558 videretur
771 2501 1034 2569 diligere,
1071 2501 1282 2555 mundo
1315 2498 1678 2555 solummodo
1710 2510 1848 2552 usus
1875 2498 1962 2550 est
2009 2491 2078 2548 ad

435 2591 866 2658 necessitatem,
915 2605 1022 2644 non
1080 2589 1149 2644 ad
1211 2587 1560 2658 superfluam
1612 2583 2076 2640 delectationem.

436 2679 650 2735 Noxias
683 2679 894 2750 quippe
927 2679 998 2732 ah
1048 2677 1239 2732 animo
1269 2675 1588 2732 cxcludcns
1630 2671 2076 2760 delectationes,

439 2768 796 2838 apostolicas
826 2765 1210 2822 simulabatur
1249 2764 1560 2820 traditione
1599 2805 1614 2832 ,
1635 2775 1850 2832 corpus
1882 2759 2084 2814 videli-

439 2861 532 2911 cet
554 2857 847 2924 castigare
875 2860 934 2910 et
967 2855 1020 2909 in
1055 2855 1396 2910 servitutem
1423 2853 1692 2921 redigere
1726 2851 1788 2920 (Ῑ
1813 2853 1938 2906 Cor.
1977 2848 2080 2917 ix),

435 2949 496 2999 ut
531 2948 908 3000 extenuatum
927 2943 1270 2998 cmlestibns
1294 2940 1622 3012 disciplinis
1641 2955 1744 2995 vas
1764 2945 1960 3008 aptum
1987 2936 2084 2991 fie-

433 3037 524 3088 ret
549 3032 1050 3088 sanctificationis.
1069 3029 1482 3085 Noverateniin
1504 3027 1754 3083 animum
1780 3041 1891 3081 non
1909 3039 2080 3096 posse

436 3120 698 3189 legitimo
731 3119 978 3190 imperio
1004 3119 1244 3189 perfrui,
1271 3117 1590 3172 nisicarnis
1626 3121 1817 3171 motus
1852 3113 2082 3184 penitus

431 3214 624 3266 essent
658 3208 974 3278 subjugati.
1003 3209 1122 3262 Hoc
1155 3207 1405 3276 denique
1441 3206 1552 3260 ritu
1591 3203 1862 3260 sacrificii
1901 3203 1954 3256 in
1989 3200 2078 3256 sui

433 3299 630 3353 cordis
657 3295 1054 3368 penetralibus
1099 3295 1345 3350 hostiam
1397 3294 1581 3349 vivam
1630 3297 1907 3360 sanctam,
1943 3293 2082 3346 Deo-

437 3399 549 3454 que
583 3385 907 3454 placentem
969 3398 1028 3437 se
1060 3381 1322 3436 exhibuit
1358 3382 1526 3450 (Rom
1555 3397 1653 3448 xli,
1689 3385 1765 3449 1),
1800 3380 1932 3434 dum
1967 3379 2080 3434 sin-

433 3471 588 3542 gulis
613 3471 841 3540 diebus,
861 3487 988 3526 cum
1015 3471 1410 3526 sacrosanctis
1424 3468 1692 3539 corporis
1710 3467 2080 3537 etsanguinis

439 3560 656 3615 Christi
683 3559 978 3630 mysteriis
999 3573 1102 3630 per
1124 3559 1591 3628 compunctionis
1607 3558 1854 3625 gratiam
1880 3571 2008 3612 sese
2023 3557 2077 3611 in

435 3647 840 3705 holocaustum
875 3649 1168 3704 mactavit.

504 3742 590 3793 25.
624 3737 945 3793 Exstiterat
977 3737 1109 3792 huic
1130 3735 1468 3792 beatissimo
1497 3735 1624 3791 viro
1649 3736 1829 3790 frater
1858 3748 2080 3803 germa-

436 3841 566 3897 nus,
595 3825 942 3882 Frumoldus
974 3826 1084 3894 (18,
1122 3825 1372 3895 nomine,
1410 3838 1646 3880 sorores
1685 3822 2084 3882 sanctimonia.

437 3915 522 3972 les
554 3915 703 3985 duas,
741 3929 984 3984 quarum
1029 3929 1159 3981 una,
1185 3913 1470 3969 Oswenda
1498 3913 1745 3981 nomine,
1765 3911 1922 3967 mirae
1947 3911 2080 3968 sim-

434 4004 721 4076 plicitatis
741 4009 800 4060 et
817 4005 1164 4060 innocenth
1191 4003 1293 4058 fuit
1314 4003 1544 4068 femina;
1569 4002 1751 4058 altera
1770 4015 1930 4070 vero,
1949 4002 2082 4056 Ber-

432 4100 490 4150 ta
527 4099 884 4164 nuncupata,
919 4093 1249 4147 litterarum
1283 4091 1596 4161 plurimum
1621 4090 1860 4146 emicuit
1895 4088 2084 4145 Stiell-

433 4181 536 4237 tia.
574 4183 711 4236 Haec
744 4183 857 4251 (19)
890 4180 1068 4235 vitam
1104 4181 1288 4235 beatze
1316 4177 1672 4247 Adelheidis,
1710 4179 1910 4248 primae
1935 4177 2082 4233 Vile-

434 4268 629 4324 censis
651 4267 1250 4336 abbatissae,eleganti
1275 4267 1422 4322 satis
1437 4267 1746 4322 admodum
1775 4267 1927 4338 stylo
1948 4280 2083 4321 con-

437 4356 702 4427 scripsit,
727 4361 787 4410 et
817 4354 1129 4426 plurimum
1174 4353 1471 4422 religionis
1501 4354 1591 4410 vel
1647 4355 1904 4412 scientiae
1965 4369 2081 4409 suze

440 4447 695 4502 fructum
712 4445 768 4499 in
790 4444 994 4499 eodem
1019 4443 1149 4500 loco
1174 4443 1594 4514 dereliquit.De
1612 4443 1780 4512 cujus
1804 4442 2080 4514 praedicta

2112 3163 2160 3225 C

2192 1873 2458 1944 corporis
2477 1881 2611 1931 cute
2634 1877 2958 1947 subtracta,
2976 1892 3042 1933 ac
3060 1877 3108 1933 si
3133 1882 3335 1934 vetere
3350 1876 3586 1932 homine
3605 1881 3804 1946 exutus,

2193 1964 2413 2017 recenti
2447 1964 2608 2020 corio
2637 1981 2766 2021 cum
2799 1964 2990 2022 salute
3019 1970 3112 2022 est
3133 1965 3581 2038 superindutus.

2261 2055 2328 2106 26
2351 2055 2424 2107 At
2472 2067 2611 2108 vero
2659 2053 2977 2124 praedictus
3018 2055 3173 2110 beati
3223 2053 3572 2126 Wolphelmi
3617 2067 3807 2124 germa-

2191 2153 2322 2208 nus,
2361 2141 2610 2197 domnus
2642 2141 2911 2198 videlicet
2965 2142 3328 2213 Frumoldus,
3365 2143 3546 2200 armis
3589 2148 3803 2198 terrente

2191 2226 2414 2282 militiae
2447 2234 2758 2299 exutus,se
2781 2228 2898 2285 illis
2921 2230 3210 2301 implicari
3237 2231 3538 2288 recusavit
3570 2227 3802 2296 ulterius,

2194 2322 2256 2372 ut
2289 2319 2402 2372 Deo
2434 2319 2656 2374 servire
2693 2324 2886 2390 posset
2934 2321 3288 2392 expeditius.
3323 2321 3594 2378 Studium
3639 2319 3803 2388 itaque

2194 2407 2685 2476 peregrinationis
2713 2409 3020 2480 arripiens,
3056 2424 3125 2465 ne
3156 2409 3323 2466 exsul
3355 2408 3620 2465 caelestis
3669 2408 3806 2462 ﬁeret

2194 2495 2419 2564 patriae,
2436 2496 2590 2550 omni
2624 2497 2849 2566 reliquo
2881 2497 3015 2552 vitae
3044 2512 3163 2553 suae
3197 2502 3468 2568 tempore
3500 2497 3662 2566 longe
3690 2495 3805 2550 late-

2196 2598 2326 2653 que,
2363 2584 2432 2638 ad
2469 2584 2851 2654 promerenda
2885 2591 3220 2642 sanctorum
3245 2585 3594 2657 patrocinia,
3627 2598 3681 2640 se
3708 2587 3806 2638 stu-

2196 2671 2321 2727 duit
2340 2674 2636 2744 exsiliare,
2659 2690 2768 2730 uno
2781 2679 3007 2731 tantum
3024 2680 3334 2732 contentus
3349 2675 3590 2732 servulo
3602 2673 3799 2740 comite,

2194 2760 2287 2816 cui
2321 2768 2513 2816 tamen
2547 2778 2712 2820 versa
2737 2764 2883 2832 vice,
2919 2771 2980 2819 ut
3012 2763 3164 2819 alter
3190 2763 3602 2833 Martinus,bic
3628 2760 3802 2832 saepius

2195 2850 2494 2904 consuevit
2530 2851 2885 2907 ministrare.
2922 2853 3086 2918 Quod
3115 2867 3300 2922 genus
3329 2851 3542 2908 divinae
3559 2847 3800 2922 propitia-

2196 2937 2370 2992 tionis
2402 2937 2502 2993 illo
2537 2939 2783 3008 pedibus
2807 2939 3029 3009 jugiter
3060 2945 3425 3011 exsequente
3478 2939 3658 3008 nudis,
3682 2935 3798 2991 adeo

2193 3024 2410 3094 saepius
2445 3025 2697 3082 vidimus
2728 3041 2856 3082 eum
2913 3027 3162 3083 liventes
3213 3027 3449 3097 plantas
3504 3025 3720 3092 habere,
3751 3023 3799 3076 ut

2193 3128 2266 3168 nu
2296 3113 2347 3169 la
2385 3114 2606 3170 ratione
2636 3115 3030 3171 calceamenta
3061 3115 3284 3171 valeret
3335 3114 3656 3172 admittere.
3687 3109 3797 3164 Erat

2192 3203 2366 3258 etiam
2395 3205 2445 3259 ei
2480 3205 2759 3260 solemnis
2789 3206 3174 3275 consuetudo,
3209 3204 3468 3276 quandiu
3491 3202 3560 3258 ad
3578 3200 3797 3258 divinum

2193 3292 2246 3346 in
2279 3292 2526 3348 ecclesia
2561 3293 2876 3350 assistebat
2909 3294 3184 3364 officium,
3219 3292 3566 3351 omnimodis
3586 3286 3795 3356 alicujus

2195 3381 2381 3436 vitare
2413 3381 2798 3452 colloquium;
2833 3383 2934 3438 sed
2968 3390 3150 3451 stans,
3185 3383 3274 3438 vel
3301 3381 3460 3440 humi
3499 3380 3793 3452 prostratus

2191 3483 2386 3534 orans,
2406 3474 2567 3526 tanta
2593 3471 2870 3540 lacrymai
2888 3487 2968 3528 un
3004 3472 3640 3543 potiebaturubertate,
3653 3470 3706 3522 ut
3719 3477 3792 3520 ve-

2193 3555 2275 3611 lut
2311 3557 2493 3614 imbre
2520 3560 2836 3630 perfusum,
2874 3559 3167 3616 madidum
3193 3559 3498 3630 reliquerit
3545 3553 3795 3628 pavimen-

2191 3647 2498 3702 tum.llanc
2531 3648 2998 3718 compunctionis
3022 3648 3268 3717 gratiam
3295 3663 3400 3719 per
3431 3645 3668 3702 divinam
3691 3652 3792 3712 pos-

2191 3733 2388 3790 sidens
2411 3735 2799 3806 clementiam,
2831 3737 3132 3793 custodem
3165 3738 3219 3790 in
3243 3751 3304 3792 se
3341 3735 3678 3804 reliquarum
3717 3727 3792 3782 de-

2191 3823 2419 3892 putavit
2449 3839 2580 3880 esse
2606 3825 2887 3881 virtutum
2914 3842 2928 3890 ;
2963 3826 3096 3895 quia
3125 3825 3348 3882 nullum
3379 3824 3606 3896 penitus
3632 3819 3678 3876 ei
3716 3815 3793 3870 do-

2193 3911 2396 3966 minari
2431 3913 2589 3968 novit
2624 3911 2924 3983 delictum,
2956 3915 3122 3984 cujus
3153 3929 3316 3971 mens
3347 3911 3548 3970 sedulo
3563 3916 3794 3978 compun-

2190 4002 2352 4070 gitur
2385 4003 2456 4057 ad
2479 4002 2816 4058 lamentum.
2851 4003 2991 4070 Quis
3013 4004 3164 4059 hunc
3189 4002 3584 4060 fidelissimum
3606 3989 3789 4052 Domini

2193 4087 2572 4162 dubitaverit,
2607 4105 2840 4147 servum
2863 4091 3033 4160 cujus
3064 4093 3368 4148 exsecutio
3424 4089 3784 4146 mandatorum

2192 4182 2310 4232 tam
2362 4179 2602 4235 evidens
2634 4179 2857 4234 meritis
2900 4178 3060 4236 illius
3120 4181 3344 4251 praebet
3399 4167 3786 4236 testimonium?

2195 4265 2468 4330 Quamvis
2497 4266 2713 4322 etenim
2738 4267 2793 4321 in
2820 4282 2961 4338 pace
2985 4269 3295 4339 praesentis
3323 4269 3456 4325 vitae
3472 4269 3788 4322 consumma-

2196 4353 2347 4408 verit
2379 4368 2637 4422 cursum,
2661 4353 2920 4424 explevit
2951 4361 3139 4412 tamen
3174 4357 3532 4427 martyrium,
3558 4354 3787 4417 εειεεθηε
3881 4344 3884 4358 γ

2197 4441 2541 4498 crucifixum
2565 4442 2782 4498 habere
2803 4445 3097 4515 mundum,
3116 4444 3248 4501 dum
3269 4459 3498 4501 carnem
3521 4451 3664 4498 suam
3683 4443 3787 4490 cum

439 4547 665 4604 sorore,
693 4532 902 4589 domna
934 4532 1209 4590 videlicet
1232 4531 1778 4602 Oswenda,nostris
1809 4531 2084 4603 tempori-
2112 4520 2166 4580 D
2196 4530 2358 4586 vitiis
2379 4532 2949 4602 etconcupiscentiis
2969 4518 3790 4605 cruciﬁxit,et,Dominumﬂde-

440 4624 549 4679 bus
601 4623 811 4678 factum
863 4620 1007 4676 libet
1060 4621 1281 4677 referre
1328 4621 1690 4689 miraculum,
1725 4620 1878 4676 omni
1946 4633 2084 4675 sane

439 4711 613 4767 laude
647 4709 924 4767 memoria
965 4715 1023 4766 et
1063 4709 1438 4766 veneratione
1493 4708 1916 4777 dignissimum.
1953 4707 2087 4773 Qui-

441 4800 570 4857 dam
609 4800 793 4856 frater
813 4813 886 4856 cx
921 4799 1188 4856 coenobio
1210 4796 1822 4867 Brunwilerensi,Udo
1835 4797 2083 4867 nomine,

443 4889 586 4946 adeo
607 4887 857 4960 pessima
881 4887 1182 4944 laborabat
1216 4885 1574 4955 infirmitate,
1607 4890 1668 4941 ut
1689 4900 1890 4941 omnes
1918 4899 2088 4954 coge-

445 4983 646 5034 rentur
677 4977 748 5033 de
779 4975 906 5046 ejus
929 4976 1241 5046 desperare
1258 4973 1466 5031 salute.
1493 4975 1750 5045 Denique
1774 4978 1899 5030 toto
1924 4974 2088 5029 mise-

444 5065 711 5122 rabiliter
751 5065 1177 5122 intumescente
1209 5078 1480 5134 corpore,
1519 5063 1772 5120 omnium
1803 5062 2088 5118 membro-

445 5168 570 5209 rum
600 5154 809 5210 amissa
853 5153 1124 5224 sanitate,
1156 5156 1368 5210 trunco
1405 5153 1600 5223 potius
1645 5166 1813 5222 quam
1840 5151 2088 5209 humano

445 5242 678 5311 corpori
708 5241 1022 5298 videbatur
1046 5241 1274 5309 similis,
1309 5242 1580 5312 quodque
1610 5235 1855 5296 maxime
1879 5229 2114 5296 mortis

445 5329 724 5385 indicium
769 5328 1228 5400 soletexistere,'
1255 5329 1900 5386 nullumremediumilli
1937 5329 2091 5385 adhi-

447 5416 631 5472 bitum
683 5415 866 5472 valuit
909 5418 1224 5486 proficere;
1256 5418 1508 5488 volente,
1549 5423 1610 5474 ut
1638 5418 1952 5488 credimus,
1987 5420 2092 5476 Do-

521 5523 634 5594 (18)
668 5519 1038 5594 Frumoldum
1060 5531 1120 5580 et
1143 5525 1487 5583 Oswennam
1511 5525 1666 5582 inter
1686 5524 1833 5582 alios
1856 5531 2093 5586 sanctos

449 5591 752 5652 enumerat
799 5591 1069 5652 Gelenius
1119 5595 1174 5652 in
1233 5595 1402 5654 fastis
1444 5595 1906 5669 Coloniensibus,
1944 5613 2090 5670 quos

2199 4619 2334 4674 liter
2366 4633 2640 4692 sequens,
2667 4621 2880 4676 mundo
2908 4622 3256 4692 peregrinus
3279 4619 3521 4678 exstitit.
3537 4615 3630 4671 Hic
3652 4605 3786 4666 coeti-

2201 4709 2309 4764 bus
2333 4707 2652 4779 justorum,
2689 4715 2753 4765 ut
2781 4710 3148 4782 confidimus,
3184 4710 3540 4780 conjunctus,
3572 4703 3621 4758 in
3641 4693 3789 4755 eccle-

2198 4795 2281 4852 sia
2329 4797 2582 4868 prOprize
2632 4799 3022 4868 possessionis
3080 4799 3330 4870 quiescit
3387 4793 3650 4868 sepultus.
3681 4785 3786 4841 Haec

2201 4898 2382 4957 pauca
2419 4885 2637 4954 prolata
2664 4885 2954 4942 sufficiant
2978 4886 3049 4942 ad
3073 4887 3407 4943 sanctitatis
3437 4871 3786 4938 testimonium

2200 4974 2520 5032 beatissimi
2574 4975 2766 5031 Patris
2809 4975 3152 5048 Wolphelmi
3192 4981 3253 5032 et
3294 4967 3576 5032 Frumoldi
3604 4969 3786 5036 germa-

2199 5079 2424 5120 norum.

2267 5155 2357 5212 27.
2395 5155 2528 5210 Frat
2561 5159 2696 5212 tunc
2740 5155 3023 5228 temporis
3084 5157 3172 5212 vir
3210 5154 3437 5228 quidam
3468 5153 3662 5220 genere
3695 5145 3786 5228 _n°‘

2203 5243 2358 5312 bilis,
2395 5243 2496 5298 sed
2546 5244 2808 5300 moribus
2863 5223 3134 5316 nobilior,
3169 5223 3528 5300 Barchardus
3574 5223 3780 5318 nomine:

2204 5331 2586 5406 praefectorite
2615 5333 2938 5404 dignitatis,
2973 5333 3076 5389 sed
3129 5339 3186 5388 et
3245 5319 3778 5409 praapotens‘alllflléi

2203 5400 2299 5494 qui
2369 5400 2700 5491 germanus
2750 5400 2984 5478 exstitit
3061 5400 3434 5478 illustrissimi
3501 5406 3600 5466 viri
3653 5400 3783 5457 Eine-

2202 5533 2396 5584 tamen
2427 5531 2765 5584 sanctorum
2791 5525 3060 5597 catalogo
3081 5525 3371 5597 aseriptos
3390 5533 3498 5597 n09
3535 5512 3775 5597 Ρυξὲωηε·

2275 5579 2396 5672 ᾗὸῖ
2421 5579 3018 5671 ἑέἶιέἱίίῐεῖιὶίιῐέιῐὲἔ
3031 5579 3203 5656 tosta
3221 5579 3442 5670 {huius
3465 5579 3664 5649 seculi.
