3950 6318
142 333 265 396 425

1740 328 1952 394 VITA.

3441 334 3559 399 426

139 468 312 525 hardi
347 468 465 539 (20)
520 464 993 536 Wicebnrgensis
1041 464 1326 538 episcopi.
1374 468 1475 523 llic
1508 466 1804 536 Evangelii
1836 468 1892 528 Α
1922 471 2177 541 (umque
2200 471 2453 526 omnium
2478 469 2861 526 Illuminatori
2894 470 3209 541 placuisset
3236 488 3336 542 per
3363 475 3555 529 famuli

138 573 260 614 non
291 557 516 613 surdus
565 556 801 612 auditor
833 575 845 609 :
894 557 972 612 Si
997 556 1089 612 eis
1113 556 1412 627 perfectus
1462 570 1603 623 esse,
1636 557 1803 625 vade,

136 647 330 704 vende
374 647 583 702 omnia
627 658 759 716 quae
810 643 1012 701 habes.
1073 645 1131 700 et
1177 646 1257 701 da
1320 645 1702 716 pauperibus,
1754 646 1813 700 et

138 736 303 806 veni,
336 748 588 806 sequere
616 747 710 790 me
738 732 978 803 (Matth.
1005 749 1119 804 xxx,
1144 737 1256 805 2t),
1288 734 1512 790 relictis
1542 734 1811 789 omnibus

142 839 281 894 quae
306 822 720 894 temporaliter
742 820 1050 877 videbatur
1070 821 1396 892 possidere,
1418 822 1806 890 Kanerberch,

140 910 464 968 castellum
495 925 622 966 suae
655 908 1013 979 munitionis,
1044 910 1282 964 Domino
1314 910 1647 964 consecrari
1674 910 1808 964 fecit

144 1001 350 1057 locum
407 998 717 1055 orationis.
770 997 985 1053 Taliter
1033 1013 1161 1053 cum
1217 998 1381 1053 dives
1424 1012 1554 1053 esse
1613 1002 1808 1067 posset

145 1090 205 1144 in
241 1088 489 1157 mundo,
523 1100 749 1157 pauper
778 1085 954 1155 elegit
986 1100 1115 1141 esse
1146 1102 1276 1142 cum
1301 1086 1559 1152 Christo;
1584 1085 1810 1157 plebeio

146 1177 365 1234 habitu
397 1175 669 1244 amictus,
706 1177 1041 1230 sanctorum
1076 1174 1476 1245 perlnstrabat
1510 1175 1658 1242 loca,
1693 1189 1813 1229 scr-

147 1280 367 1324 vorum
398 1265 500 1320 Dei
533 1262 783 1319 solerter
812 1262 1118 1333 requirens
1146 1263 1421 1333 alloquia.
1459 1262 1616 1318 Unde
1652 1267 1709 1317 et
1742 1261 1811 1316 ad

149 1354 433 1411 notitiam
468 1351 665 1409 famuli
696 1350 794 1406 Dei
827 1350 1173 1422 Wolphelmi
1207 1352 1513 1421 deductus,
1548 1351 1812 1406 maximae

151 1445 228 1500 ab
259 1457 336 1497 eo
368 1440 499 1497 loco
547 1438 944 1495 venerationis
972 1442 1062 1493 est
1118 1438 1398 1495 habitus:
1426 1444 1483 1492 ct
1541 1443 1604 1495 ut
1637 1453 1816 1508 quon-

152 1532 291 1587 dam
328 1530 537 1586 animze
597 1527 777 1583 David
833 1526 1107 1596 colligata
1167 1529 1253 1582 est
1285 1527 1471 1582 anima
1528 1527 1811 1596 Jonathae,

152 1620 243 1676 sic
279 1633 451 1676 amor
480 1617 579 1673 Dei
626 1609 1049 1672 confcedéra-it
1106 1617 1405 1685 utrosque.
1458 1616 1540 1670 Ex
1571 1615 1678 1670 hac
1712 1615 1818 1670 ita-

153 1721 276 1778 que
308 1708 531 1762 mutuae
583 1703 892 1761 charitatis
935 1702 1259 1773 affectione,
1320 1704 1655 1772 frequenter
1683 1717 1813 1758 eum

1917 560 2003 616 sui
2033 560 2236 615 merita
2262 559 2343 613 illi
2373 559 2701 627 subvenire,
2729 560 2838 614 sub
2865 563 3149 614 nocturno
3192 560 3423 616 silentio
3458 564 3557 617 tali

1920 649 2241 719 perfruitur
2265 650 2490 705 visione
2517 668 2528 702 :
2558 648 2866 703 videbatur
2888 646 2969 701 illi
2994 648 3202 702 leviter
3225 649 3556 717 dormienti,

1916 736 2043 793 viro
2076 738 2173 793 Dei
2201 737 2561 809 Wolplielmo
2588 737 2891 792 missarum
2927 736 3207 791 solemnia
3237 738 3560 794 celebranti

1919 825 2219 895 assistere,
2246 826 2295 882 ei
2337 832 2469 896 post
2500 825 2910 895 expletionem,
2947 840 3213 880 manuum
3248 825 3371 893 ejus
3401 828 3562 882 ablu-

1919 914 2077 969 tione
2092 913 2296 970 oculos
2312 929 2446 969 suos
2459 914 2703 981 diluere,
2720 917 3025 982 extersosq
3038 929 3104 967 uc
3124 914 3154 966 ii
3167 930 3213 967 ιιι
3226 914 3366 969 briis
3391 916 3562 969 vesti-

1923 1008 2247 1057 mentorum
2274 1002 2801 1071 cjus,diuoptatun1
2825 1000 3013 1054 lumen
3043 1002 3355 1071 recepisse.
3381 1004 3560 1068 Quum

1921 1089 2199 1145 visionem
2246 1090 2316 1144 ad
2366 1105 2468 1144 nos
2517 1088 2822 1159 perlatam,
2878 1089 3087 1143 famulo
3117 1092 3210 1144 Dei
3247 1092 3317 1145 ad
3368 1093 3559 1147 divina

1922 1178 2199 1247 mysteria
2234 1178 2568 1249 preperanti
2602 1177 2899 1232 humiliter
2933 1180 3350 1248 suggessimus,
3383 1184 3462 1249 et,
3500 1189 3562 1237 ut

1924 1266 2293 1336 pauperculie
2319 1266 2541 1322 mulieri
2566 1269 3024 1335 compateretur,
3043 1267 3427 1323 exoravimus.
3455 1270 3561 1335 Qui

1924 1370 2035 1409 non
2065 1355 2340 1424 assensit,
2376 1355 2480 1409 hoc
2513 1354 2600 1409 sui
2633 1368 2741 1408 non
2803 1368 2933 1407 esse
2968 1355 3228 1410 referens
3259 1358 3468 1425 meriti,
3504 1365 3560 1415 et

1924 1442 2163 1497 somniis
2183 1458 2336 1513 saepe
2353 1442 2687 1497 fallentibus
2703 1441 2868 1496 fidem
2912 1457 3021 1495 non
3050 1442 3258 1499 leviter
3290 1446 3565 1503 adhiben-

1924 1531 2072 1585 dam.
2111 1531 2218 1585 Sed
2251 1531 2299 1585 si
2317 1535 2428 1599 est,
2458 1530 2663 1599 inquit,
2699 1531 2820 1585 haec
2844 1530 2991 1585 visio
3016 1545 3087 1585 ex
3110 1547 3193 1601 se,
3220 1537 3475 1593 secundo
3497 1553 3565 1594 ac

1923 1619 2104 1675 tertio
2120 1619 2392 1674 Dominus
2405 1632 2527 1673 eam
2572 1618 2845 1687 dignetur
2861 1620 3136 1675 revelare.
3158 1624 3355 1692 Itaque
3387 1626 3565 1683 corde

1924 1707 2179 1764 contrito
2208 1711 2268 1761 et
2292 1706 2613 1775 bumiliato,
2660 1706 2713 1759 in
2759 1706 3073 1775 jejuniiset
3104 1710 3466 1768 orationibus
3496 1730 3564 1771 eo

153 1796 386 1852 solitus
414 1793 686 1861 invisere,
721 1791 1096 1849 dulcissimos
1125 1790 1418 1861 gaudebat
1442 1791 1603 1846 verbi
1637 1790 1811 1845 divini
1844 1814 1898 1872 Β
1925 1793 2270 1863 constituto,
2297 1793 2495 1849 eadem
2538 1794 2702 1862 visio,
2731 1810 2857 1863 qnir
2908 1795 3132 1850 mulieri
3158 1798 3363 1869 primo,
3395 1816 3568 1872 appa-

156 1886 333 1940 favos
380 1897 456 1939 ex
486 1897 587 1938 ore
626 1881 750 1951 ejus
801 1880 1122 1952 percipere.
1156 1879 1471 1935 Mirabatur
1501 1883 1692 1935 autem
1724 1894 1816 1935 su-

157 1987 267 2045 pra
298 1972 537 2028 modum
568 1974 790 2025 tantam
846 1967 929 2023 illi
981 1967 1216 2024 coalitus
1259 1982 1601 2023 concessam
1635 1967 1814 2022 divini

156 2060 522 2119 afﬂuentiam
568 2057 755 2127 verbi,
791 2061 853 2114 ut
886 2056 1178 2127 quomodo
1224 2071 1298 2111 ex
1329 2061 1816 2126 supercrescente

159 2150 347 2207 ﬂuvio
378 2149 564 2217 rivus,
597 2147 678 2202 ita
709 2161 782 2201 ex
826 2144 985 2202 illius
1016 2144 1236 2200 mellito
1267 2149 1507 2213 gutture
1557 2147 1839 2200 manaret‘

158 2253 365 2295 sermo
418 2236 673 2292 divinus.
736 2234 846 2290 Sed
902 2233 1039 2305 quid
1094 2234 1324 2303 mirum,
1382 2232 1535 2303 quod
1590 2246 1820 2303 semper

157 2328 398 2384 animus
453 2325 603 2380 ﬁxus
635 2324 692 2379 in
750 2321 1106 2391 caelestibus,
1167 2322 1237 2377 de
1296 2321 1506 2377 divinis
1564 2325 1822 2377 tractare

160 2414 430 2471 malebat
461 2411 779 2469 subtilius?
808 2412 880 2467 Ut
925 2424 1066 2479 ergo
1095 2409 1180 2464 rei
1210 2408 1471 2465 ordinem
1505 2424 1823 2480 prosequa-

161 2518 320 2573 mur,
359 2501 561 2558 volens
584 2500 861 2555 Dominus
888 2498 983 2569 pio
1007 2498 1270 2554 revelare
1298 2496 1585 2568 discipulo
1607 2500 1823 2567 quanta

164 2590 461 2665 perfectio
482 2589 700 2644 lateret
732 2588 787 2642 in
821 2586 1121 2657 magistro,
1156 2586 1289 2642 talis
1320 2586 1373 2641 ei
1432 2589 1719 2641 nocturno
1753 2584 1826 2640 si-

165 2680 360 2737 lentio
391 2677 676 2734 divinitus
708 2674 1045 2731 declaratur
1074 2673 1245 2729 visio.
1269 2674 1422 2729 Vidit
1450 2673 1631 2743 igitur
1662 2672 1824 2728 illum

171 2782 353 2841 quem
382 2765 582 2822 tremit
611 2768 891 2833 tartarus,
925 2762 1065 2820 colit
1097 2764 1364 2832 abyssus,
1385 2760 1667 2817 caelorum
1692 2762 1827 2817 ado-

169 2862 264 2914 rat
296 2854 618 2922 exercitus,
655 2853 708 2907 in
771 2866 940 2922 quem
996 2850 1331 2907 desiderant
1366 2850 1705 2922 prOSpiccre
1737 2864 1829 2904 or-

168 2945 348 3002 dines
379 2942 689 3012 dignitatis
722 2940 998 3009 angelicae
1025 2959 1037 2993 ε
1066 2940 1240 3008 hunc,
1266 2939 1518 3009 inquam,
1540 2938 1687 2993 vidit
1712 2937 1830 2993 bal-

170 3048 287 3089 neo
319 3031 681 3103 impositum,
720 3029 986 3084 manibus
1018 3032 1075 3083 et
1109 3026 1295 3083 oﬂlcio
1328 3026 1649 3082 beatissimi
1680 3025 1831 3083 Wol-

169 3120 397 3193 phelmi
414 3122 757 3175 reverenter
778 3117 981 3187 foveri,
1007 3116 1163 3173 alﬂui
1178 3120 1238 3171 et
1260 3114 1487 3185 detergi
1505 3133 1518 3181 ;
1538 3115 1632 3171 ubi
1653 3115 1829 3171 etiam

170 3210 638 3266 circumstantes
651 3205 955 3262 duodecim
969 3203 1662 3276 apostoli,adminiculum
1679 3204 1832 3259 ferre

172 3297 538 3354 videbantur
585 3293 958 3350 ministranti.
989 3291 1092 3348 Ille
1125 3292 1306 3361 igitur
1334 3291 1425 3347 vir
1457 3291 1834 3362 praeclarissi-

171 3402 312 3443 mus
333 3384 567 3441 cmlesti
606 3382 718 3438 sibi
741 3386 1034 3438 ostensam
1057 3380 1337 3436 visionem
1379 3394 1483 3450 per
1505 3378 1831 3450 quemdam,

172 3470 624 3544 Meginhardum
656 3470 907 3539 nomine,
942 3468 1307 3533 monachum,
1342 3468 1581 3523 fratrem
1613 3467 1720 3523 sibi
1751 3482 1839 3523 sa-

150 3563 260 3619 tis
295 3560 666 3629 familiarem,
719 3559 788 3615 ad
821 3558 933 3614 viri
964 3558 1065 3614 Dei
1119 3556 1460 3628 properavit
1517 3557 1839 3613 transferre

175 3648 597 3715 notitiam.Qni
612 3647 808 3718 sagaci
830 3647 1020 3704 animo
1035 3646 1148 3703 vim
1162 3645 1367 3702 somnii
1383 3645 1843 3716 discutiens,coe-

168 3738 611 3811 pitdiligenter
636 3735 989 3804 investigare
1024 3733 1163 3805 quid
1196 3734 1340 3790 visio
1373 3733 1495 3789 haec
1539 3732 1840 3789 videretur

173 3826 567 3900 portendere.
604 3822 902 3879 Intellexit
917 3823 1115 3894 itaque
1130 3826 1398 3893 patenter
1415 3837 1473 3878 se
1489 3821 1839 3879 commoneri

170 3915 506 3986 vigilanter
538 3912 672 3968 boni
709 3925 947 3968 servare
976 3914 1241 3966 tenorem
1277 3910 1580 3981 propositi,
1609 3910 1841 3965 Christo

170 4004 237 4061 in
267 4003 402 4061 suis
453 3999 802 4058 omnimodis
851 3999 1126 4055 membris
1158 3998 1512 4068 ministrare,
1564 3997 1730 4067 juxta
1762 3997 1844 4068 ip-

180 4092 315 4149 sius
346 4089 602 4147 dicentis
656 4102 855 4144 vocem
889 4106 902 4144 :
938 4086 1104 4152 Quod
1148 4087 1259 4143 uni
1290 4100 1364 4144 ea:
1400 4087 1669 4143 minimis
1697 4087 1846 4144 meis

164 4176 622 4252 fecisti8,milti
627 4176 876 4248 fecistis
896 4174 1137 4245 (Matth.
1155 4190 1286 4244 xxv,
1305 4173 1415 4244 45).
1435 4174 1735 4230 Gaudebat
1749 4189 1848 4230 au-

182 4273 310 4325 tem
342 4268 435 4323 vir
464 4267 580 4322 Deo
612 4263 900 4334 amabilis,
950 4276 1175 4319 summo
1203 4261 1524 4318 electorum
1577 4261 1755 4332 capiti
1787 4277 1848 4319 se

183 4356 476 4429 operibus
534 4352 829 4426 placuisse
884 4350 1154 4423 pietatis;
1194 4350 1299 4406 sed
1354 4350 1564 4405 seriem
1617 4350 1849 4408 actibus

186 4443 442 4515 exsequi
465 4443 713 4514 cupiens
731 4441 997 4511 visionis,
1020 4440 1148 4497 vice
1162 4439 1386 4495 Domini
1413 4438 1682 4496 balneum
1706 4454 1853 4511 prie-

1862 3164 1911 3226 C

1928 1884 2044 1940 ruit
2076 1882 2334 1939 secundo
2368 1898 2435 1937 ae
2470 1882 2660 1937 tertio.
2688 1882 2835 1946 Quid
2860 1882 3057 1952 plura?
3077 1885 3325 1942 Tandem
3354 1890 3444 1943 vir
3465 1892 3569 1945 Do-

1929 1972 2065 2027 mini
2098 1976 2295 2027 nostra
2330 1971 2521 2027 victus
2543 1976 2631 2026 est
2658 1971 2955 2040 instantia,
2980 1976 3040 2026 et
3063 1980 3292 2030 secreto
3315 1975 3570 2032 admitti-

1930 2060 2168 2130 turjilla,
2192 2063 2328 2114 ante
2352 2061 2504 2114 fores
2525 2059 2851 2114 ccclesiola)
2870 2059 3031 2128 jussa
3054 2061 3406 2119 consistere:
3434 2067 3569 2135 quia

1929 2164 2040 2205 non
2072 2148 2124 2203 ei
2158 2163 2301 2204 usus
2350 2148 2536 2203 fuerat
2564 2147 2747 2217 facile,
2784 2147 2891 2202 nisi
2924 2151 3084 2203 certa
3130 2164 3201 2205 ex
3231 2167 3427 2222 causa,
3464 2154 3573 2208 fre-

1932 2235 2227 2307 quentiam
2263 2234 2569 2291 mulierum
2592 2235 2921 2290 admittere.
2958 2238 3155 2306 Itaque
3181 2239 3291 2294 rite
3315 2242 3572 2310 peractis

1932 2326 2239 2381 missarum
2274 2323 2590 2392 solemniis,
2617 2328 2678 2379 ut
2712 2324 2909 2379 docuit
2938 2324 3106 2394 visio,
3141 2327 3348 2399 abluit,
3382 2335 3575 2386 cxtcr-

1932 2413 2028 2476 sit,
2064 2428 2194 2467 mox
2238 2410 2394 2466 clare
2422 2410 2626 2466 videns
2678 2411 2974 2467 remeavit.
3008 2413 3162 2467 Tunc
3196 2414 3281 2469 vir
3312 2422 3572 2490 sanctus,

1934 2501 2137 2557 nolens
2168 2501 2388 2556 virtute
2414 2500 2547 2555 facti
2574 2500 3019 2570 hujnshumanis
3064 2502 3360 2560 favoribus
3387 2508 3574 2578 attoli,

1936 2603 2153 2645 memor
2183 2588 2494 2644 Dominicze
2525 2588 2954 2659 praeceptionis,
2985 2590 3243 2658 jubentis
3274 2593 3581 2666 discipulis

1937 2692 2008 2732 ne
2034 2675 2415 2746 quoadusque
2438 2681 2666 2746 tempus
2688 2676 3082 2746 complcretur
3106 2682 3575 2753 resurrectionis,

1936 2764 2197 2820 ordinem
2213 2764 2455 2820 cuilibet
2480 2763 3077 2833 pandercntvisionis,
3102 2764 3402 2822 interdixit
3430 2785 3579 2826 sum-

1936 2867 2173 2925 mopere
2204 2852 2373 2908 nobis
2406 2852 2483 2921 id,
2546 2851 2643 2906 illo
2676 2851 2731 2906 in
2763 2851 2879 2907 vita
2913 2854 3252 2924 superstite,
3307 2856 3464 2914 nulla
3494 2874 3582 2914 ra-

1937 2942 2097 2997 tione
2126 2941 2393 3012 prodere,
2429 2939 2585 2995 nulla
2618 2939 2966 2995 necessitate
3000 2940 3292 3010 detegere.

2009 3034 2095 3085 29.
2133 3029 2231 3083 Vir
2282 3028 2477 3098 itaque
2527 3026 2747 3081 Domini
2781 3026 2851 3083 de
2882 3027 2973 3082 die
3003 3028 3059 3083 in
3114 3029 3264 3085 diem
3299 3032 3581 3090 virtutum

1940 3118 2270 3173 exuberans
2286 3115 2473 3187 copia,
2486 3115 2964 3171 indesinenterad
2981 3117 3114 3172 vitae
3128 3118 3384 3175 cwlestis
3398 3123 3585 3193 suspi-

1944 3206 2372 3276 rabat.gaudia,
2422 3219 2548 3274 quae
2574 3204 2689 3274 jam
2752 3206 3145 3277 promeruisse
3199 3207 3410 3277 gaudet
3449 3209 3587 3265 felix

1943 3299 2069 3370 ejus
2089 3294 2335 3367 Spiritus
2364 3293 2419 3348 in
2442 3292 2662 3348 Domini
2687 3293 2775 3347 sui
2802 3276 3131 3363 prmsentia.
3163 3276 3299 3350 Nam
3331 3297 3586 3366 quandiu

1946 3388 2002 3442 in
2018 3382 2443 3456 cerporevixit,
2483 3382 2755 3437 mundum
2770 3397 3035 3453 corpore,
3064 3398 3171 3439 non
3190 3391 3400 3456 mente,
3432 3386 3590 3443 inha-

1949 3473 2186 3531 bitavit:
2224 3471 2300 3526 ibi
2325 3469 2507 3539 magis
2539 3470 2752 3525 habere
2779 3471 2951 3526 fixum
2991 3476 3283 3551 appetens
3315 3473 3587 3546 animum,

1948 3562 2045 3619 ubi
2070 3560 2343 3631 gaudium
2387 3563 2628 3613 noverat
2658 3558 2783 3613 sine
2813 3560 2922 3613 fine
2955 3574 3307 3617 mansurum.
3343 3563 3502 3618 Unde
3532 3568 3592 3620 et

1948 3650 2159 3706 merito
2184 3647 2378 3704 dicere
2394 3646 2622 3702 valebat
2644 3662 2771 3701 cum
2796 3647 3104 3717 Apostolo:
3129 3649 3594 3707 Nostraconeer-

1946 3738 2184 3798 satioin
2199 3734 2359 3793 caelis
2377 3734 2668 3803 est(P/til.
2706 3750 2786 3803 ιιι,
2821 3739 2929 3806 20).
2975 3735 3236 3791 Etillud:
3267 3738 3399 3793 Non
3421 3737 3595 3794 liabe-

1947 3840 2079 3884 mus
2093 3822 2531 3881 hicmanmtem
2558 3820 2877 3887 civitatem,
2910 3821 3015 3877 sed
3030 3823 3597 3894 futuraminqairi-

1947 3911 2287 3984 mas(Hebr.
2312 3925 2433 3979 xm,
2462 3909 2566 3976 14).
2595 3908 2859 3965 Caelestis
2879 3924 3018 3980 ergo
3043 3911 3597 3981 patrizeinccssabili

1954 4000 2221 4071 ﬂagranti
2246 4013 2460 4068 amore,
2484 3997 2636 4053 inter
2655 3996 2765 4053 alia
2791 4002 2965 4067 atque
2988 3998 3099 4053 alia
3126 3999 3408 4055 virtutum
3433 4014 3600 4055 exer-

1953 4091 2111 4158 citia,
2150 4092 2308 4143 tanta
2359 4087 2411 4142 ei
2443 4090 2568 4142 erat
2625 4086 2908 4141 orationis
2966 4085 3262 4157 instantia,
3330 4092 3602 4158 utquan-

1957 4193 2125 4249 quam
2186 4175 2454 4231 omnibus
2514 4174 2753 4229 ﬂoreret
2809 4173 3146 4244 virtutibus,
3203 4175 3349 4232 lianc
3406 4179 3600 4233 tamen

1959 4264 2256 4338 possidere
2288 4262 2590 4318 videretur
2613 4261 3009 4334 principalius.
3042 4263 3125 4317 Ex
3147 4264 3313 4334 cujus
3357 4264 3604 4320 assidui-

1960 4359 2081 4410 tate
2105 4354 2227 4409 baec
2251 4351 2424 4407 etiam
2448 4350 2498 4405 ei
2526 4348 2765 4406 inolevit
2785 4350 3037 4422 devotio,
3063 4357 3125 4406 ut
3144 4350 3389 4421 singulis
3414 4352 3603 4425 annis,

1964 4442 2098 4499 dum
2134 4455 2292 4495 more
2316 4443 2533 4494 sancta?
2556 4444 2615 4493 et
2661 4438 3011 4494 universalis
3032 4439 3305 4495 Ecclesiae
3324 4439 3605 4509 jejunium

191 4537 446 4606 paratur
497 4530 719 4601 egenti,
754 4530 811 4584 in
842 4530 1009 4600 cujus
1035 4527 1260 4597 singula
1292 4532 1654 4599 peraguntur
1685 4528 1853 4583 obse-
1876 4512 1935 4577 D
1966 4531 2384 4587 observaretur
2434 4526 2957 4597 quadragesimale,
2995 4541 3103 4581 non
3138 4526 3326 4582 solum
3359 4526 3603 4581 circum-

192 4622 357 4693 quia,
392 4633 524 4692 quae
572 4618 818 4676 visionis
863 4620 1211 4690 poposcerat
1260 4616 1423 4673 ordo.
1487 4615 1710 4682 Quibus
1741 4615 1853 4671 rite

193 4708 535 4781 completis,
572 4711 702 4763 toto
742 4720 987 4778 corpore
1008 4705 1259 4763 mundus
1280 4708 1339 4760 et
1362 4719 1539 4761 sanus
1557 4717 1852 4774 egressus,

192 4814 270 4858 ex
302 4800 540 4869 integro
572 4794 739 4852 novis
770 4799 857 4851 est
891 4794 1160 4850 vestibus
1192 4798 1458 4850 ornatus.
1495 4796 1539 4848 A
1571 4806 1686 4864 quo
1715 4796 1859 4848 tem-

195 4904 345 4963 pore
369 4891 597 4945 tantam
620 4883 870 4956 gratiam
885 4883 1095 4940 meruit
1120 4881 1408 4950 obtinere,
1424 4884 1487 4938 ut
1508 4880 1858 4937 mirabilium

176 4991 437 5051 quoque
470 4980 742 5048 patrator
772 4990 1015 5046 operum
1048 4977 1375 5032 mereretur
1405 4971 1679 5029 existere.

268 5070 360 5125 28.
389 5065 523 5139 lpso
555 5078 805 5135 namque
837 5068 1101 5137 tempore
1130 5064 1240 5121 fuit
1264 5062 1528 5135 quaedam
1550 5058 1773 5131 .mulier
1804 5058 1861 5115 in

203 5154 517 5215 territorio
542 5151 1046 5220 Brnnwillerensi,
1085 5153 1264 5210 Golda
1287 5151 1540 5222 nomine,
1559 5164 1686 5221 quae
1711 5153 1867 5205 utro-

203 5258 454 5318 rumque
486 5242 775 5302 luminum
820 5242 1148 5300 caecitatem
1181 5257 1247 5300 se
1280 5240 1467 5298 doluit
1527 5238 1862 5296 incurrisse.

278 5476 392 5549 (20)
426 5475 537 5549 Hic
581 5472 784 5549 vulgo
808 5471 1169 5549 iAinhardus
1198 5469 1436 5549 dicitur,
1496 5465 1874 5549 Meginhardo

211 5538 504 5604 successit
551 5538 717 5603 anno
764 5546 923 5612 1088,
956 5548 1016 5599 et
1071 5543 1267 5599 sedem
1327 5538 1873 5608 Wirzeburgensem

215 5616 576 5680 difﬁcillimis
597 5614 964 5685 temporibus
999 5627 1179 5688 usque
1211 5614 1285 5671 ad
1308 5626 1519 5675 annum
1544 5612 1683 5668 1104
1711 5620 1876 5683 egre~

530 5713 802 5785 ΡΑτιιοι..
850 5708 1057 5781 CLIV.

1961 4617 2235 4691 jacentia,
2268 4615 2371 4671 sed
2404 4619 2464 4669 et
2493 4613 2822 4684 Agrippina)
2856 4613 3105 4669 Coloniae
3141 4614 3352 4683 ubique
3383 4617 3610 4669 sancto-

1968 4722 2095 4763 rum
2128 4702 2350 4761 orando
2382 4702 2662 4758 inviseret
2694 4700 2839 4757 loca.

2039 4797 2125 4849 30.
2162 4794 2256 4862 At,
2288 4790 2555 4861 quoniam
2603 4787 2774 4857 hujus
2808 4786 2891 4841 rei
2941 4800 3091 4842 nunc
3137 4786 3342 4842 incidit
3373 4787 3610 4858 mentio,

1970 4881 2349 4938 libetreferre
2363 4876 2583 4948 grande
2597 4874 2942 4947 periculum,
2962 4874 3074 4929 imo
3088 4873 3613 4944 miraculum,quod

1972 4969 2143 5027 nobis
2157 4966 2403 5035 contigit
2432 4962 2817 5019 redeuntibus
2834 4960 3127 5017 Coloniam
3150 4976 3181 5017 e
3201 4961 3408 5017 Tuitio.
3455 4963 3615 5018 Beati

1974 5063 2032 5115 et
2054 5054 2293 5128 gloriosi
2324 5051 2678 5109 confessoris
2717 5047 3008 5104 Heribcrti
3033 5047 3366 5119 sepulcrum
3390 5054 3618 5105 oratum

1978 5147 2403 5220 petiveramus;
2437 5139 2705 5211 redituri,
2741 5138 2977 5211 puppim
3012 5136 3408 5204 ascendimus;
3443 5137 3621 5194 soluti

1979 5253 2010 5294 a
2042 5233 2263 5305 littore,
2301 5229 2609 5290 admodum
2629 5241 2910 5302 prospere
2941 5225 3373 5296 navigabamus.
3407 5226 3630 5283 Intror-

1983 5464 2078 5534 gie
2128 5456 2579 5534 administravit.
2635 5451 3477 5534 gomes_Rotemburgius_ad
3527 5452 3632 5534 Tu:

1986 5522 2190 5591 barum
2260 5530 2477 5589 dicitur
2548 5541 2577 5584 a
2635 5522 2945 5601 Brus'chio,
3017 5522 3289 5598 filiusque
3355 5522 3629 5583 Richardi

1987 5603 2235 5665 comitis.

3289 5691 3365 5761 14
