3950 6360
403 397 518 463 42⁸7

1160 398 1242 464 Β.
1283 395 1792 466 WOLPHELMI
1833 388 2187 462 ABBATIS
2229 397 3035 471 BRUNVVILLERENSIS

3657 419 3754 488 428

400 551 528 596 sum
559 551 666 596 nos
688 530 841 596 unda
859 533 975 607 jam
1022 533 1252 606 longius
1282 536 1577 607 rapuerat,
1623 533 1758 590 dum
1789 547 1926 592 ecce
1959 545 2045 589 re-
2075 529 2129 591 A
2161 529 2411 605 fuerant,
2443 536 2645 592 ordine
2675 540 2968 610 exposuit.
3029 540 3206 612 Cujus
3237 542 3444 600 mentis
3471 541 3644 604 dolori
3675 550 3753 608 ille

401 631 579 700 pente
607 625 960 684 intolerabili
1011 629 1214 680 exorta
1245 627 1614 695 tempestate,
1676 626 1847 694 rupta
1877 621 2044 694 quies

399 716 582 774 Rheni
605 717 677 773 ab
709 715 839 772 imis
872 713 1108 771 sedibus
1145 714 1546 785 perturbatur,
1581 710 1866 783 undaeque
1899 712 1953 767 in
1985 727 2044 768 se

403 806 817 875 redundantes,
844 802 916 859 ad
939 804 1123 860 instar
1145 801 1866 874 prominentiumjrup‘ium,
1892 799 2046 872 capi-

401 895 560 952 tibus
615 893 911 950 imminere
967 890 1316 948 videbantur
1349 889 1406 944 in
1449 889 1578 946 navi
1639 888 2038 945 residentium.

401 984 609 1054 Sicque
636 982 800 1039 navis
825 981 938 1038 huc
967 979 1224 1050 illucque
1248 979 1412 1049 vagis
1444 977 1725 1035 dilabitur
1757 975 1948 1046 undis,
1984 980 2043 1031 et

399 1085 552 1130 nunc
592 1085 815 1129 summo
843 1070 900 1126 in
950 1069 1130 1126 fluctu
1175 1066 1452 1140 pendens,
1489 1082 1638 1123 nunc
1670 1065 1820 1123 unda
1854 1064 2044 1120 dehis-

395 1177 538 1220 cens
568 1166 784 1218 terram
806 1160 960 1216 inter
992 1158 1204 1216 fluctus
1229 1157 1434 1230 aperit,
1459 1155 1832 1226 turbatisque
1851 1153 2044 1210 nautis

399 1266 520 1323 prae
551 1262 768 1323 pavore
801 1247 1026 1318 mortis,
1073 1261 1255 1304 sonus
1286 1245 1451 1301 haesit
1503 1245 1559 1300 in
1589 1247 1828 1314 gutture
1860 1241 2038 1300 vocis.

395 1341 576 1396 Tanto
609 1339 780 1396 nobis
804 1336 1038 1394 vallatis
1061 1333 1340 1408 periculo,
1373 1334 1558 1390 virum
1607 1332 1824 1388 Domini
1858 1332 1914 1387 in
1947 1347 2044 1402 po-

398 1427 636 1484 steriori
657 1427 823 1484 navis
843 1429 1007 1498 parte
1037 1423 1410 1492 residentem,
1431 1427 1487 1478 et
1513 1436 1619 1478 suo
1648 1435 1807 1476 more
1839 1418 2039 1476 nescio

397 1517 536 1590 quid
564 1515 782 1573 secreti
822 1514 1220 1583 meditantem,
1243 1516 1299 1567 et
1324 1525 1522 1567 eorum
1555 1525 1682 1580 quae
1713 1509 1880 1565 nobis
1909 1523 2040 1564 eve-

395 1608 864 1676 nerantprorsus
882 1603 1166 1672 ignarum,
1201 1599 1336 1670 adii,
1354 1604 1415 1655 et
1434 1602 1676 1654 mortem
1693 1595 2038 1654 omnimodis

393 1694 692 1750 imminere
726 1691 1003 1749 nuntiavi.
1031 1688 1136 1756 Qui
1168 1689 1436 1760 protinus
1457 1685 1530 1742 ad
1552 1686 1874 1742 orationem
1903 1701 2039 1742 con-

391 1782 616 1851 volans,
652 1786 786 1837 nota
838 1778 1127 1851 praesidia,
1165 1781 1498 1833 sanctorum
1531 1773 1908 1831 devotissime
1936 1775 2036 1830 im-

393 1870 586 1943 plorat
623 1868 916 1938 sufl‘ragia,
979 1865 1196 1921 litanias
1247 1863 1676 1936 supplicatione
1737 1861 2026 1934 imposita.
2059 1886 2118 1949 Β

388 1958 606 2015 Dehinc
625 1971 757 2013 eum
777 1955 985 2012 crebra
1004 1957 1220 2010 sancta
1241 1953 1437 2010 crucis
1460 1951 1809 2022 objectione,
1843 1951 2033 2007 Salva-

387 2043 886 2115 tormundi,salva
920 2041 1228 2113 nos,coepit
1249 2054 1478 2096 canere.
1515 2039 1623 2105 Qui
1651 2054 1754 2110 per
1778 2054 2028 2108 crucem,

388 2135 680 2206 inquiens,
723 2137 782 2189 et
821 2131 1158 2199 sanguinem
1211 2127 1512 2185 redemisti
1542 2143 1664 2198 nos,
1727 2127 2026 2184 auxiliare.

387 2225 665 2280 Hortatur
684 2220 912 2290 dehinc,
934 2218 1247 2288 resumptis
1260 2218 1486 2273 viribus
1503 2222 1845 2272 constanter
1866 2216 2034 2272 remi-

384 2326 526 2382 gare
555 2311 736 2380 viros,
771 2308 930 2364 nullo
961 2313 1115 2362 metu
1174 2306 1380 2362 mortis
1420 2305 1674 2374 concuti,
1708 2305 1926 2360 nullum
1958 2320 2030 2361 ex

385 2400 473 2456 eis
507 2411 779 2454 asserens
803 2397 1127 2467 periturum
1155 2393 1518 2466 providentia
1541 2393 1660 2448 Dei.
1686 2395 1802 2449 Hac
1826 2394 2031 2450 exhor-

386 2487 609 2544 tatione
655 2484 913 2554 animati,
975 2487 1034 2540 et
1067 2482 1335 2552 quoniam
1366 2495 1460 2538 res
1490 2496 1596 2552 pro
1624 2482 1809 2538 anima
1841 2483 2026 2538 fuerat

384 2572 522 2644 illis,
540 2572 675 2630 dum
702 2571 936 2627 fortiter
950 2569 1021 2626 ad
1045 2570 1212 2626 littus
1239 2570 1501 2642 tendunt,
1529 2569 2026 2642 viriliteraaquora

387 2659 919 2719 scinduntJnterea
936 2657 1285 2715 miserabilis
1297 2657 1518 2714 clamor
1532 2659 1838 2730 utriusque
1853 2674 2028 2716 sexus

383 2764 562 2822 super
579 2749 750 2806 littus
771 2746 1217 2806 consistentium
1238 2746 1530 2803 attollitur
1553 2747 1609 2801 in
1628 2747 1860 2818 coelum,
1877 2749 2028 2821 peri-

382 2839 577 2896 culum
621 2841 887 2894 nostrum
937 2835 1163 2892 eminus
1219 2835 1587 2892 intuentium.
1649 2835 1797 2902 Quid
1829 2837 2026 2894 multis

381 2930 598 2986 morer?
637 2929 792 2984 Inter
816 2926 1066 2983 confinia
1108 2925 1278 2998 positi
1299 2927 1506 2982 mortis
1529 2929 1586 2981 et
1609 2926 1764 2996 vita},
1791 2927 2023 2982 tandem

379 3017 742 3090 perlabimur
780 3015 851 3072 ad
875 3015 1084 3086 locum,
1132 3014 1226 3070 ubi
1250 3012 1563 3070 multitudo
1585 3014 1815 3071 navium
1847 3013 2024 3072 latius

379 3106 561 3164 Rheni
609 3109 1000 3177 occupaverat
1031 3103 1237 3158 sinum.
1274 3102 1428 3168 Quas
1454 3103 1827 3173 attingentes,
1861 3107 1920 3158 et
1951 3117 2022 3158 ex

378 3193 568 3252 altera
589 3195 645 3251 in
678 3192 921 3250 alteram
953 3189 1458 3261 transmigrantes,
1485 3190 1651 3259 juxta
1679 3191 1789 3248 viri
1808 3193 1906 3247 Dei
1925 3207 2022 3248 vo-

378 3298 522 3355 cem,
558 3286 774 3355 prater
806 3295 967 3352 spem
1015 3279 1308 3336 evasimus
1358 3293 1575 3335 omnes.
1610 3279 2018 3336 Verumtamen

377 3385 450 3429 ne
472 3371 844 3428 dubitaretur
867 3367 987 3424 ullo
1009 3367 1178 3424 modo
1194 3366 1352 3424 illius
1372 3382 1476 3424 nos
1504 3367 1762 3424 salvatos
1785 3368 2014 3440 merito,

377 3461 606 3520 concite
638 3457 698 3516 id
723 3458 918 3514 rabies
958 3457 1139 3512 Rheni
1169 3457 1420 3512 ﬂuminis
1452 3457 1644 3514 divino
1700 3456 2019 3514 declaravit

376 3547 611 3606 indicio.
643 3546 900 3618 Denique
927 3550 992 3603 ut
1015 3543 1112 3601 ille
1141 3545 1348 3602 beatus
1369 3543 1573 3616 pedem
1593 3549 1758 3602 extra
1781 3545 2018 3617 puppim

374 3635 604 3709 extulit,
640 3634 814 3709 paulo
863 3639 998 3692 ante
1029 3633 1308 3690 divinitus
1366 3635 1666 3706 suspensis
1721 3635 2014 3705 fluctibus,

374 3725 590 3801 praedae
621 3725 840 3794 fuit;et
872 3739 998 3796 quae
1023 3723 1186 3795 prius
1215 3727 1426 3780 onusta
1457 3723 1639 3792 mergi
1662 3737 1774 3779 non
1803 3722 2014 3794 potuit,

374 3815 699 3873 subsistere
718 3816 885 3871 tanto
908 3813 1144 3870 viduata
1177 3817 1424 3884 patrono
1445 3811 1727 3882 nequivit,
1763 3809 1867 3867 sed
1890 3827 2018 3882 pro-

372 3905 550 3976 tinus,
567 3902 740 3960 nobis
753 3901 1459 3972 cernentibus,submersa
1481 3899 1784 3972 disparuit.
1802 3899 2018 3956 Taliter

371 4007 478 4067 per
524 3991 786 4049 immensi
835 3990 1102 4046 mmroris
1135 3989 1544 4062 praecipitium,
1603 3989 1828 4046 meritis
1860 3989 2014 4046 servi

369 4081 481 4152 sui,
514 4078 745 4136 maximi
776 4078 946 4134 nobis
988 4077 1183 4148 gaudii
1215 4078 1492 4135 Dominus
1523 4076 1774 4134 contulit
1804 4078 2017 4134 benefi-

368 4168 552 4236 cium;
578 4165 713 4224 dum
733 4169 794 4223 et
814 4166 1099 4223 virtutum
1117 4165 1244 4236 ejus
1255 4165 1502 4237 gratiam
1521 4165 1753 4237 extulit,
1779 4169 1839 4222 et
1861 4164 2015 4238 quod

368 4255 717 4314 verebamur
747 4253 980 4311 avertit.

441 4349 527 4401 3t.
552 4345 664 4400 Per
685 4343 837 4400 idem
857 4347 1091 4416 tempus
1115 4341 1363 4414 quadam
1383 4342 1475 4398 die
1495 4356 1625 4399 cum
1649 4347 2010 4402 secretorum

368 4447 603 4492 suorum
633 4432 902 4504 consciis,
937 4432 1280 4501 oratorium,
1313 4435 1375 4488 ut
1399 4435 1536 4488 tunc
1563 4430 1706 4489 falso
1736 4433 2012 4490 credeba-

366 4525 484 4593 tur,
520 4518 1035 4578 Brunwillerensis
1057 4517 1348 4590 parochiaa
1367 4517 1422 4572 in
1446 4517 1602 4588 villa,
1637 4519 2009 4590 Kyrchedoro

2051 3242 2100 3305 C

2156 622 2494 695 condolens,
2527 625 2680 682 datis
2712 627 2886 684 etiam
2919 633 3256 686 sanctorum
3281 631 3553 706 reliquiis,
3585 653 3754 696 evoca-

2160 718 2277 766 tum
2311 713 2380 767 ad
2416 729 2479 768 se
2527 714 2744 771 direxit
2788 733 2920 773 cum
2950 734 3019 774 eo
3077 720 3378 788 quemdam
3435 723 3750 798 Hezelinum,

2156 799 2496 859 Scarnensis
2522 804 2635 876 (21)
2660 805 2817 861 sedis
2854 807 3194 879 antistitem,
3231 813 3291 865 ut
3319 824 3420 866 sua
3441 811 3562 868 vice
3583 817 3754 886 praedi-

2154 893 2312 944 ctum
2336 889 2548 962 locum,
2574 893 2704 962 quia
2731 894 3012 966 episcopii
3042 895 3130 952 sui
3183 895 3450 954 dioecesis
3497 907 3634 974 erat,
3663 905 3754 962 Deo

2153 984 2550 1051 consecraret,
2566 985 2623 1036 et
2647 982 2772 1052 ejus
2795 983 3052 1040 servitiis
3069 985 3442 1056 manciparet.
3461 987 3562 1054 Qui
3582 989 3751 1049 libenti

2153 1066 2342 1121 animo
2363 1067 2488 1136 ejus
2525 1070 2939 1142 obtemperans
2977 1072 3238 1144 imperio,
3272 1081 3610 1146 congregata
3638 1081 3755 1138 mul-

2151 1152 2406 1210 titudine
2423 1154 2917 1225 fidelium,divina)
2933 1159 3198 1230 religioni
3215 1159 3617 1220 dedicaverunt
3631 1167 3751 1224 idem

2151 1242 2490 1313 oratorium,
2519 1246 2942 1302 statuentesibi
2969 1247 3083 1303 duo
3107 1247 3314 1304 altaria
3345 1269 3358 1304 :
3383 1253 3636 1323 superius
3654 1257 3755 1326 qui-

2153 1329 2282 1385 dem
2315 1329 2370 1386 in
2402 1331 2620 1388 honore
2653 1334 2984 1405 archangeli
3032 1336 3346 1408 Michaelis,
3382 1338 3614 1398 inferius
3637 1359 3753 1402 vero

2151 1417 2207 1472 in
2241 1419 2614 1476 veneratione
2663 1421 2924 1480 habenda
2960 1424 3112 1480 beati
3159 1425 3386 1482 Martini
3413 1429 3752 1490 confessoris.

2150 1505 2265 1561 Hoc
2298 1506 2352 1562 in
2378 1507 2532 1563 facto
2551 1507 2634 1564 illi
2682 1510 2950 1567 nimirum
2977 1527 3106 1568 cum
3125 1513 3296 1570 beato
3315 1514 3554 1572 Martino
3577 1519 3754 1578 similis

2148 1594 2376 1649 exstitit
2408 1597 2710 1668 proportio
2738 1599 3000 1667 virtutis,
3035 1601 3130 1670 qui
3162 1602 3284 1672 pari
3329 1603 3497 1660 modo
3519 1605 3754 1665 similiter

2148 1681 2477 1741 illustratus
2509 1685 2700 1742 divina
2737 1689 3112 1759 revelatione,
3152 1691 3426 1762 p0pulum
3475 1694 3702 1752 absolvit
3729 1714 3752 1754 a

2147 1769 2450 1828 diabolicae
2469 1774 2689 1831 fraudis
2703 1775 3061 1848 seductione,
3079 1791 3177 1832 ara
3192 1779 3494 1838 destructa
3517 1781 3750 1857 latronis,

2147 1858 2242 1928 qui
2278 1859 2332 1914 in
2363 1861 2490 1916 vice
2512 1863 2907 1920 venerabatur
2938 1866 3230 1936 martyris.
3259 1867 3360 1924 His
3392 1867 3469 1924 ita
3499 1871 3604 1927 rite
3629 1872 3753 1929 cele-

2147 1948 2352 2019 bratis,
2397 1949 2696 2006 redierunt
2722 1955 2970 2023 uterque
2992 1953 3064 2010 ad
3097 1956 3331 2026 propria
3365 1958 3541 2015 Deum
3567 1959 3752 2018 collau-

2143 2035 2348 2092 dantes
2371 2037 2425 2091 in
2451 2037 2658 2108 jubilo.

2213 2128 2299 2180 32.
2319 2124 2464 2181 Illud
2489 2127 2661 2182 etiam
2692 2143 2801 2183 non
2829 2129 3194 2186 reticendum
3218 2132 3480 2189 arbitror
3500 2135 3577 2190 rei
3597 2141 3752 2206 gestae

2142 2212 2522 2286 miraculum,
2583 2215 2736 2285 quod
2796 2217 3046 2274 vidimus
3101 2218 3224 2274 fieri
3283 2221 3392 2278 sub
3447 2223 3750 2281 testimonio

2139 2302 2393 2358 omnium
2451 2303 2715 2374 fratrum,
2756 2310 2815 2361 et
2871 2310 2982 2375 est,
3035 2307 3180 2363 fama
3211 2309 3505 2381 vulgante,
3539 2312 3752 2368 circum-

2141 2404 2370 2461 quaque
2419 2392 2804 2448 notissimum.
2841 2394 3045 2450 Mulier
3101 2399 3388 2470 quaedam,
3451 2399 3754 2458 Adelheidis

2139 2478 2388 2549 nomine,
2427 2479 2604 2536 variis
2653 2481 2906 2539 omnium
2958 2485 3348 2542 membrorum
3413 2487 3754 2558 languoribus

2137 2583 2438 2638 Oppressa,
2475 2569 2543 2624 ad
2581 2569 2734 2625 beati
2763 2569 2981 2626 Nicolai
3005 2571 3060 2626 in
3091 2573 3565 2633 Brunwillerensi
3591 2592 3754 2634 como-

2138 2655 2232 2710 bio
2255 2655 2473 2726 limina,
2501 2659 2916 2729 recuperanda:
2942 2659 3152 2717 salutis
3173 2663 3388 2734 gratia,
3423 2669 3510 2721 est
3533 2666 3748 2738 perlata.

2137 2741 2294 2814 Qum,
2329 2760 2456 2800 cum
2483 2745 2838 2802 detrimento
2859 2749 3113 2804 omnium
3143 2751 3554 2823 membrorum,
3587 2753 3754 2812 occul-

2137 2831 2212 2887 tis
2245 2830 2418 2888 etiam
2453 2833 2743 2891 viscerum
2796 2834 3100 2893 doloribus
3128 2853 3195 2894 ac
3219 2854 3334 2895 non
3372 2841 3617 2898 ferendis
3643 2857 3752 2899 cru-

2133 2919 2384 2977 ciatibus
2415 2922 2810 2994 quatiebatur,
2847 2925 2928 2980 ita
2963 2928 3022 2980 ut
3056 2927 3243 2982 omnis
3274 2929 3511 2998 generis
3538 2944 3748 2988 annona

2137 3023 2338 3080 panem
2368 3010 2514 3067 adeo
2540 3011 2848 3083 fastidiret,
2867 3017 2928 3069 ut
2959 3029 3072 3070 non
3096 3015 3281 3072 solum
3301 3024 3564 3090 gustare,
3596 3019 3686 3075 sed
3704 3024 3749 3074 et

2131 3097 2344 3153 vitaret
2379 3099 2686 3169 attingere.
2712 3102 2844 3158 Haec
2877 3103 3106 3173 quidem
3132 3104 3285 3160 beati
3309 3107 3533 3164 Nicolai
3556 3107 3752 3164 meritis

2131 3186 2379 3242 celerem
2407 3187 2748 3258 sospitatem
2781 3190 3003 3262 recepit
3033 3191 3090 3247 in
3123 3194 3424 3252 membris.
3473 3197 3746 3252 Verumta-

2133 3289 2262 3331 men
2285 3274 2517 3331 occulto
2541 3275 2876 3346 Deijudicio
2909 3279 3274 3354 omnimodis,
3299 3289 3371 3339 ut
3399 3284 3578 3356 prius,
3597 3283 3752 3340 absti-

2130 3363 2253 3419 nuit
2284 3362 2498 3420 edulio.
2550 3365 2693 3420 Dum
2741 3381 2882 3422 vero
2915 3371 3046 3439 post
3078 3367 3299 3440 aliquot
3356 3387 3536 3430 annos
3566 3373 3749 3429 divinae

2128 3451 2454 3509 clementiae
2480 3452 2549 3508 ad
2568 3453 2676 3510 hac
2699 3453 2853 3510 illam
2879 3454 3201 3526 placuisset
3224 3459 3565 3518 inﬁrmitate
3585 3458 3749 3518 absol-

2128 3555 2286 3614 vere,
2325 3541 2692 3614 intempestae
2751 3544 2942 3601 noctis
2999 3544 3234 3604 silentio
3290 3549 3400 3606 tali
3459 3551 3752 3623 perfruitur

2128 3629 2274 3700 visu.
2311 3630 2631 3687 Videbatur
2677 3631 2782 3702 illi,
2837 3633 3234 3692 beatissimum
3265 3638 3457 3694 virum
3490 3638 3749 3712 Wolphel-

2129 3733 2282 3774 mum
2317 3733 2522 3790 panem
2576 3721 2968 3794 benedixisse,
3003 3728 3063 3779 et
3111 3723 3276 3781 illum
3335 3733 3665 3801 susceptum
3688 3728 3748 3784 ab

2127 3807 2254 3878 ejus
2274 3807 2594 3864 venerabili
2629 3823 2798 3866 manu
2821 3825 2881 3867 se
2905 3810 3072 3868 avide
3092 3813 3423 3874 comedere.
3443 3817 3578 3884 Quae
3600 3815 3745 3872 ﬁdem

2127 3893 2408 3952 adhibens
2438 3896 2668 3967 visioni,
2702 3897 2894 3955 sciens
2925 3913 3030 3970 per
3059 3915 3186 3958 eum
3221 3901 3311 3960 his
3341 3905 3558 3976 majora
3591 3917 3749 3977 posse

2128 3985 2274 4056 fieri,
2316 3984 2612 4042 flebilibus
2642 3987 2886 4044 vocibus
2913 4002 3119 4060 panem
3151 3990 3262 4047 sibi
3296 3994 3371 4049 ab
3401 4008 3471 4051 eo
3501 3995 3748 4051 obsecrat

2127 4072 2416 4130 benedici.
2451 4073 2560 4140 Qui
2609 4075 2872 4132 renitens
2905 4076 3046 4133 totis
3098 4078 3340 4147 viribus,
3377 4081 3664 4153 indignum
3691 4093 3745 4136 se

2126 4163 2445 4235 proclamat
2496 4163 2827 4220 ministrum
2883 4166 3080 4237 operis
3112 4166 3302 4239 hujus.
3335 4171 3492 4228 Tunc
3537 4169 3746 4228 videres

2124 4252 2375 4310 animum
2405 4252 2516 4308 viri
2546 4251 2644 4308 Dei
2692 4254 2860 4310 anxie
2911 4257 3277 4325 perturbari;
3328 4258 3482 4317 velle
3537 4257 3742 4332 quidem

2124 4340 2412 4412 misereri,
2450 4341 2554 4398 sed
2575 4338 2762 4412 palam
2781 4341 2834 4396 id
2862 4347 3104 4415 propter
3124 4342 3468 4413 jactantlam
3491 4348 3746 4405 favorem-

2124 4443 2234 4500 que
2267 4427 2421 4485 nolle
2453 4428 2598 4485 iieri.
2643 4433 2911 4486 Attamen
2943 4445 3014 4486 ne
3047 4431 3271 4490 diutius
3300 4434 3604 4494 videretur
3632 4446 3744 4507 pro-

2123 4517 2354 4574 trahere
2386 4515 2542 4588 quod
2571 4516 2848 4575 divinitas
2880 4532 2986 4590 per
3018 4534 3149 4576 eum
3181 4521 3554 4594 disposuerat
3586 4521 3744 4579 adim-

364 4609 614 4680 nomine,
645 4611 922 4665 oraturus
955 4605 1193 4663 intravit
1219 4625 1232 4661 :
1258 4611 1316 4662 et
1347 4619 1484 4662 ecce
1507 4605 1634 4663 solo
1654 4610 2004 4682 prostratus,
2035 4603 2092 4671 D
2125 4605 2304 4679 plere,
2335 4605 2573 4663 allatum
2605 4620 2809 4678 panem
2857 4608 3174 4680 benedixit,
3210 4610 3443 4668 mulieri
3478 4610 3740 4684 porrexit,

362 4711 566 4755 carere
590 4696 782 4754 locum
815 4698 1150 4752 sanctorum
1173 4693 1522 4766 patrocinio,
1555 4694 1774 4766 Spiritu
1807 4700 2010 4754 sancto

363 4783 684 4856 revelante,
718 4781 944 4840 didicit.
979 4781 1087 4849 Qui
1134 4795 1381 4852 surgens
1414 4782 1485 4838 ab
1539 4783 1826 4856 oratione,
1877 4799 2008 4843 cum

359 4887 558 4932 secum
580 4871 1040 4930 consistentibus
1061 4870 1308 4928 accessit
1331 4871 1402 4928 ad
1421 4871 1626 4943 altare,
1647 4879 1706 4929 et
1723 4872 2008 4931 velamine

356 4962 674 5034 subducto,
689 4975 820 5018 cum
835 4959 1024 5017 omnia
1047 4959 1315 5030 diligenti
1332 4961 1544 5018 intuitu
1557 4961 2003 5036 perlustrasset,

354 5050 502 5108 nihil
523 5051 755 5108 omnino
791 5047 886 5106 vel
925 5049 1035 5108 sub
1071 5048 1287 5121 sigillo,
1319 5048 1411 5107 vel
1442 5050 1717 5108 rimarum
1751 5050 2000 5123 ﬁssuris,

355 5143 574 5213 praeter
597 5137 1028 5196 nidiﬁcationes
1048 5138 1554 5212 vespertilionum,
1578 5144 1634 5197 et
1658 5139 1808 5197 telas
1841 5155 2005 5213 repe-

353 5227 434 5284 rit
462 5239 824 5284 aranearum.
860 5227 1023 5284 Unde
1053 5225 1324 5304 nimirum
1357 5226 1469 5302 [f.,
1503 5227 1784 5300 nimium],
1810 5231 1875 5285 ut
1895 5242 2003 5302 par

350 5317 498 5385 erat,
523 5317 717 5370 mente
729 5318 1162 5386 consternatus,
1181 5316 1403 5387 absque
1418 5330 1708 5374 morarum
1721 5315 2001 5374 dilatione

351 5400 710 5460 Coloniensis
733 5400 1008 5462 Ecclesiae
1029 5401 1338 5475 praesulem
1359 5403 1524 5475 adiit,
1545 5402 1651 5476 illi,
1677 5419 1807 5476 quae
1827 5408 2004 5476 gesta

339 5529 344 5532 ’
410 5548 540 5626 _(21)_
567 5547 1026 5626 Scardonensjs,_
1045 5549 1472 5626 restituendum
1494 5567 1628 5626 esse
1650 5558 1818 5626 putat
1842 5556 1988 5612 Hen-

343 5618 640 5698 sc_li_eni_us,
675 5619 944 5698 eoaquod
973 5618 1119 5698 ejus
1147 5623 1395 5698 nominis
1416 5625 1593 5698 sedes
1638 5618 1988 5698 episcopalis

341 5661 1988 5763 ῖῖἴῖιῖΒὲἰαῖἔιξέ.“”οἲιῖἇέ”ῑοῖἴὲ“’ἱῖὶῖιῖὄᾌῗηεῖἱῖἕνῖἕὲιῖἷῗ

2123 4695 2512 4768 praesentibus
2535 4695 2702 4752 nobis
2721 4695 2818 4752 illa
2837 4685 3106 4754 comedit.
3133 4699 3271 4766 Quae
3292 4700 3406 4756 viri
3429 4701 3530 4757 Dei
3544 4697 3745 4757 meritis

2120 4799 2192 4841 ex
2223 4783 2451 4854 integro
2507 4783 2750 4841 sanitati
2802 4785 3098 4857 restituta,
3133 4788 3307 4859 omni,
3342 4790 3534 4860 quoad
3587 4786 3732 4856 vixit,

2123 4877 2381 4946 tempore
2412 4873 2622 4930 ibidem
2664 4872 2928 4931 ecclesiae
2975 4875 3176 4933 usibus
3206 4881 3371 4934 tanto
3399 4876 3741 4934 commodius

2119 4977 2182 5019 ac
2204 4962 2474 5020 devotius
2487 4961 2712 5019 studuit
2737 4962 3056 5034 deservire,
3082 4968 3300 5034 quanto
3323 4981 3448 5037 pra:
3469 4965 3598 5022 aliis
3617 4961 3744 5020 mul-

2113 5049 2376 5128 tiplicius
2408 5064 2476 5107 ac
2519 5049 2882 5108 diﬂ‘erentius
2912 5052 3134 5121 gratias
3179 5053 3499 5112 sanitatum
3519 5050 3738 5110 "meruit

2109 5127 2400 5196 obtinere.
2435 5139 2535 5194 Vir
2567 5143 2758 5196 autem
2797 5140 3041 5210 Domini,
3078 5155 3409 5212 quanquam
3472 5147 3583 5199 tam
3614 5154 3739 5214 prae-

2111 5227 2288 5286 claris
2302 5227 2602 5284 eteximiis
2622 5225 2866 5298 polleret
2881 5227 3224 5300 virtutibus,
3250 5245 3546 5302 nunquam
3566 5235 3736 5286 tamen

2112 5315 2273 5372 illius
2303 5315 2542 5373 elationi
2585 5315 2898 5372 succubuit
2947 5315 3190 5388 animus,
3225 5331 3336 5374 non
3385 5317 3732 5389 gloriandum

2112 5401 2378 5462 recolens
2407 5419 2482 5462 ex
2508 5403 2729 5462 virtute
2746 5404 3062 5476 signorum,
3089 5407 3193 5463 sed
3221 5421 3292 5464 ex
3312 5407 3614 5464 consortio
3631 5403 3732 5462 col-

2097 5553 2560 5684 ;l1%5p;scopus,
2595 5567 2766 5628 quem
2821 5551 3307 5628 chorepiscopum
3343 5553 3726 5612 Coloniensem

2135 5642 2168 5684 ο
2361 5667 2375 5682 .

2096 5641 2168 5699 ap
2175 5641 2375 5698 penat.
