3950 6326
97 371 220 435 429

1654 368 1871 437 VITA.

3402 376 3523 461 430

100 502 242 576 legii
265 504 622 564 electorum.
656 506 799 576 Quis
825 521 971 565 vero
988 507 1321 578 singulatim
1345 513 1518 579 queat
1546 508 1769 564 referre
1799 506 1855 565 A
1887 506 2022 578 quia
2066 522 2213 578 quos
2248 508 2364 579 jam
2387 512 2760 582 praedicando
2792 524 3118 589 pepererat,
3155 524 3522 583 reformando

103 594 429 652 sanitatum
444 596 760 667 genera,in
775 598 1025 654 diversis
1049 613 1151 670 per
1180 597 1337 654 illum
1360 596 1771 665 languentibus

104 684 374 740 exhibita
402 685 785 744 miseratione
834 688 1062 744 divina?
1089 686 1311 759 Szepius
1356 686 1526 756 enim,
1559 684 1659 740 illo
1691 684 1774 740 vi-

109 772 354 844 sitante,
380 778 472 829 est
499 773 730 831 indulta
754 775 1179 845 aegrotantibus
1201 774 1377 844 salus,
1405 774 1559 845 quod
1579 777 1769 829 tamen

108 870 181 925 ab
207 868 406 941 aliquo
428 871 540 927 sibi
568 872 844 943 imputari
871 887 1115 944 prorsus
1135 887 1249 928 non
1274 872 1625 944 patiebatur.
1652 871 1773 927 Suf-

110 957 358 1015 ﬁciante
389 960 659 1031 pluribus
693 962 804 1016 ista
839 960 1112 1018 fidelibus
1143 976 1213 1017 ex
1246 960 1404 1017 illius
1452 962 1770 1015 memorata

110 1044 453 1102 virtutibus.
484 1047 648 1103 Nunc
682 1047 753 1103 ad
777 1048 1167 1115 referendum,
1195 1047 1387 1118 qualis
1415 1047 1466 1102 ei
1502 1046 1675 1101 fuerit
1702 1046 1771 1100 de

111 1131 219 1189 hac
253 1133 375 1189 vita
412 1136 722 1206 transitus,
757 1136 1053 1205 dirigatur
1084 1135 1385 1192 articulus.

183 1219 272 1277 33.
307 1223 448 1279 Post
480 1223 779 1280 innumera
822 1224 1032 1280 divinae
1082 1239 1185 1295 per
1218 1223 1377 1279 illum
1412 1223 1773 1294 operationis

115 1314 352 1381 patrata
404 1311 705 1383 beneficia,
771 1311 975 1369 volens
1028 1313 1160 1385 pius
1193 1312 1469 1367 Dominus
1500 1312 1650 1367 servi
1681 1312 1770 1367 sui

116 1399 416 1456 consolari
446 1401 701 1469 gemitus
721 1404 777 1458 et
812 1401 1086 1472 suspiria,
1120 1402 1332 1457 crebro
1360 1401 1612 1457 dicentis
1640 1415 1771 1456 cum

116 1486 446 1558 Propheta:
485 1489 732 1555 Quando
751 1491 989 1546 veniam
1012 1495 1066 1545 et
1078 1488 1370 1561 apparebo
1400 1488 1540 1544 ante
1539 1489 1774 1560 faciem

116 1576 232 1633 Dei
276 1575 636 1646 mei?(Psal.
681 1591 794 1647 xu,
813 1577 871 1647 3)
896 1577 1188 1646 Satiabor,
1222 1578 1357 1632 dum
1380 1576 1774 1632 manifestabi-

120 1668 217 1721 tur
236 1663 435 1734 gloria
457 1665 582 1735 ejus
605 1665 796 1734 (Psal.
830 1670 1079 1735 xv1,15);
1098 1664 1316 1736 placuit
1338 1664 1390 1719 ei
1414 1664 1521 1720 hoc
1543 1664 1768 1735 ordine,

117 1751 538 1809 dissolutionis
559 1757 926 1826 suwtempus
951 1751 1499 1819 revelare.Quodam
1517 1753 1607 1808 die
1631 1758 1773 1807 tem-

120 1855 265 1913 pore
299 1841 647 1912 meridiano,
681 1858 786 1913 pro
818 1841 1266 1912 consuetudine,
1301 1841 1421 1913 illo,
1452 1841 1772 1911 nonjacen-
1800 1857 1857 1920 Β

121 1929 330 1999 do,sed
346 1929 610 1987 sedendo
626 1931 1453 2003 dormiente,speciosissimus
1467 1946 1569 2003 per
1583 1932 1770 1988 visum

111 2018 350 2088 juvenis
379 2018 434 2075 ei
468 2021 681 2090 astitit,
706 2025 765 2077 et
797 2026 861 2078 ut
884 2035 947 2077 se
971 2020 1320 2091 quantocius
1345 2021 1510 2091 sequi
1536 2021 1773 2077 festina-

122 2108 570 2179 ret,admonuit.
589 2110 695 2177 Qui
719 2110 1033 2167 comitatus
1046 2113 1299 2179 euntem,
1317 2110 1577 2179 angelico
1592 2110 1770 2167 ductu

123 2197 194 2254 ad
216 2197 346 2255 loca
372 2198 721 2269 perducitur
742 2200 1148 2269 amaznissima,
1166 2199 1317 2254 omni
1341 2199 1574 2256 decoris
1587 2201 1774 2255 varie-

122 2290 249 2342 tate
262 2286 1045 2360 vernantia,incomparabili
1071 2286 1542 2360 lucissplendore
1562 2290 1772 2345 mican-

121 2374 222 2443 tia,
256 2375 449 2432 totius
500 2375 674 2433 etiam
735 2377 1045 2433 suavitatis
1089 2377 1269 2434 odore
1318 2376 1658 2433 redolentia.
1688 2379 1769 2434 Ibi

120 2462 380 2520 ostensis
439 2463 523 2519 illi
582 2464 948 2522 diversarum
976 2465 1331 2522 habitaculis
1386 2465 1766 2537 mansionum,

128 2550 405 2609 fidelibus
431 2553 707 2611 nimirum
737 2569 765 2611 a
799 2555 1037 2611 Domino
1068 2555 1485 2626 promissarum
1537 2555 1769 2611 tandem

128 2640 185 2696 in
210 2640 505 2711 quoddam
524 2641 685 2698 illum
723 2642 1199 2714 angelusmagme
1230 2644 1556 2701 venustatis
1575 2649 1631 2700 et
1650 2658 1774 2715 pro-

127 2729 400 2786 ceritatis
432 2730 759 2788 introduxit
788 2732 1120 2804 aedificium,
1144 2733 1314 2804 cujus
1337 2732 1494 2789 intus
1517 2737 1575 2788 et
1605 2736 1772 2788 extra

123 2816 514 2889 contemplari
540 2818 787 2888 jubetur
814 2819 1126 2890 diligenter
1156 2826 1423 2877 ornatum
1450 2837 1463 2885 ;
1496 2822 1646 2877 hunc
1663 2820 1773 2876 sibi

122 2906 449 2962 mansionis
478 2906 671 2964 locum
703 2908 987 2966 divinitus
1016 2924 1145 2966 esse
1177 2909 1576 2981 praenuntians
1599 2910 1777 2965 desti-

122 2997 362 3049 natum:
398 2992 597 3067 Quem,
626 2995 920 3067 inquiens,
956 3001 1174 3068 quanto
1228 2996 1551 3054 studiosius
1585 3011 1652 3053 ac
1681 3011 1776 3053 ve-

123 3082 366 3139 nustius
392 3084 791 3155 exornaveris,
818 3089 982 3141 tanto
1018 3076 1335 3155 jucundius
1356 3099 1422 3141 ac
1456 3085 1686 3142 felicius
1718 3085 1771 3141 in

120 3170 509 3243 perceptione
537 3172 640 3228 illo
671 3173 902 3230 frueris.
936 3173 1151 3229 Taliter
1181 3172 1445 3243 angelico
1494 3172 1672 3230 atl‘atu
1704 3174 1776 3230 de

120 3260 402 3331 perennis
452 3260 656 3330 gloriae
705 3262 983 3319 felicitate
1021 3263 1437 3333 commonitus,
1468 3263 1771 3333 evigilans,

121 3362 389 3405 seorsum
424 3348 774 3420 quibusdam
817 3351 1002 3408 visum
1033 3351 1252 3407 indicat
1277 3351 1559 3408 fratribus
1604 3352 1777 3408 adne-

119 3442 295 3495 ctens
316 3436 523 3509 procul
564 3438 748 3495 dubio
793 3454 855 3496 se
906 3438 1260 3511 quantocius
1318 3438 1772 3496 dissolvendum.

120 3525 292 3582 Unde
320 3525 468 3582 miro
490 3526 662 3583 modo
694 3527 883 3583 animo
932 3527 1319 3599 consternati,
1354 3531 1578 3599 utpote,
1612 3528 1778 3598 cujus

121 3628 362 3686 semper
390 3614 620 3672 fuerant
656 3616 936 3672 beneﬁcia
967 3616 1207 3688 pietatis
1237 3617 1486 3687 experti,
1518 3616 1589 3672 de
1620 3617 1777 3673 illius

122 3703 342 3761 merito
372 3704 692 3761 amissione
738 3704 1097 3761 intolerabili
1160 3704 1587 3776 torquebantur
1642 3705 1780 3761 afﬂi-

122 3793 348 3849 ctione.
364 3792 574 3849 Verum
589 3793 816 3849 certius
831 3793 984 3849 hunc
1008 3792 1287 3862 colligere
1305 3794 1612 3864 cupientes
1626 3794 1776 3850 diem

123 3881 382 3951 signant,
417 3894 548 3938 eum
578 3895 715 3937 cum
748 3880 970 3937 visione
1002 3886 1310 3949 notantes;
1343 3896 1511 3951 quam
1541 3882 1673 3937 anni
1696 3896 1780 3938 re-

121 3971 337 4038 voluto
356 3968 578 4027 circulo
602 3970 730 4041 ipsa
759 3970 853 4026 die
866 3971 1061 4027 carnis
1083 3969 1231 4026 solvi
1253 3970 1496 4040 contigit
1513 3975 1780 4041 ergastu-

122 4057 193 4130 lo,
236 4072 354 4130 quo
379 4058 614 4116 cmlitus
644 4059 700 4115 ei
732 4059 923 4116 fuerat
950 4059 1099 4115 visio
1132 4058 1347 4115 oblata.
1382 4060 1543 4116 Unde
1564 4060 1775 4131 patuit,

123 4162 234 4204 non
256 4147 688 4220 phantasticam
721 4146 1079 4219 illusionem,
1117 4146 1220 4205 sed
1252 4162 1449 4204 veram
1481 4148 1659 4205 fuisse
1699 4149 1780 4204 vi-

124 4237 372 4306 sionem,
393 4250 525 4307 quas
576 4241 695 4292 tam
737 4235 1046 4293 evidenter
1068 4240 1129 4292 et
1159 4235 1269 4292 viri
1291 4236 1389 4291 Dei
1438 4236 1782 4293 dissolutio-

124 4337 272 4397 nem,
308 4328 375 4381 et
403 4324 713 4383 caelestem
743 4325 797 4381 ei
830 4324 1157 4395 designavit
1192 4325 1573 4381 mansionem.

190 4419 281 4474 34.
320 4415 435 4475 Per
456 4416 799 4474 continuum
826 4416 1025 4487 itaque
1047 4414 1205 4472 illius
1227 4417 1359 4471 anni
1382 4417 1778 4488 spatium,non

127 4504 391 4576 segniter
421 4505 790 4576 dormienda,
815 4504 919 4561 sed
942 4503 1194 4561 solerter
1218 4504 1385 4560 bonis
1403 4505 1682 4576 operibus
1698 4504 1782 4561 in-

1808 3218 1858 3282 Ο

1884 610 2125 665 gemens
2148 597 2357 655 iterum
2392 602 2779 674 parturiebat,
2804 605 2945 661 illud
2969 608 3345 680 subjungens:
3363 614 3524 672 Mihi

1885 686 2128 757 quidem
2146 689 2695 759 nonpigrmn,cobis
2708 694 2905 749 autem
2917 702 3315 756 necessarium
3329 702 3472 772 (ΡΙιὶ
3481 705 3517 759 l.

1885 786 1968 844 ιη,
2002 775 2073 845 1).
2110 776 2250 831 Dum
2280 791 2418 832 vero
2451 778 2694 847 quadam
2719 780 2811 837 die
2833 788 3073 853 paterna
3107 801 3167 842 se
3191 790 3380 847 minus
3402 807 3524 847 cer-

1885 867 2050 918 neret
2072 862 2465 920 admonitione
2489 868 2792 937 proﬁcere,
2811 871 3087 942 Spiritum
3112 883 3378 937 sanctum
3400 886 3523 940 tota

1885 950 2222 1040 concipiens
2243 957 2434 1007 mente
2466 953 2519 1008 in
2553 954 2675 1010 hinc
2697 958 2873 1013 verba
2898 965 3164 1034 prorupit
3189 968 3360 1024 Amos
3393 985 3524 1040 pro-

1887 1038 2108 1109 phette;
2143 1039 2273 1108 imo,
2306 1044 2369 1095 ut
2406 1042 2600 1111 potius
2639 1047 2999 1113 postmodum
3032 1066 3223 1107 rerum
3256 1038 3523 1126 probavnt

1884 1133 2149 1197 eventus,
2174 1127 2301 1197 ipse
2323 1128 2533 1199 spiritu
2559 1134 2752 1188 tactus
2775 1137 3115 1206 prephetim:
3162 1142 3416 1215 Veniant,
3444 1148 3524 1202 in-

1884 1215 2031 1285 quit,
2050 1215 2196 1285 dies,
2220 1216 2373 1273 dicit
2390 1218 2698 1289 Dominus,
2731 1222 3273 1297 etmittamfamem
3300 1235 3361 1289 in
3382 1251 3482 1294 τρε
3504 1261 3523 1297 .-

1883 1317 1999 1359 ποθι
2013 1304 2249 1374 famem
2270 1307 2470 1375 panis,
2501 1321 2689 1378 neque
2706 1310 2875 1366 sitim
2895 1326 2972 1382 aq
2982 1329 3084 1385 uae,
3108 1319 3215 1374 sed
3232 1323 3524 1382 audiendi

1882 1390 2121 1484 vei-bant
2140 1392 2252 1484 Dei
2284 1395 2481 1484 {Amos
2502 1410 2618 1465 vm,
2654 1398 2762 1467 il).
2799 1400 3066 1473 Noverat,
3095 1409 3298 1475 procul
3325 1410 3519 1484 dubio,

1886 1480 2041 1551 quod
2075 1481 2247 1536 sicuti
2275 1482 2454 1539 fames
2474 1489 2563 1538 est
2586 1486 2780 1541 carnis
2811 1489 3175 1550 subtractum
3198 1480 3522 1558 subsidium

1884 1569 2174 1639 corporis,
2202 1569 2280 1625 ita
2314 1570 2488 1626 fames
2509 1576 2596 1628 est
2620 1575 2831 1631 mentis
2855 1577 3153 1638 silentium
3179 1585 3267 1640 vel
3294 1589 3524 1646 amissio

1886 1656 2559 1747 divinazcollocutionis.
2596 1662 2755 1718 Unde
2808 1666 3000 1724 futura
3046 1670 3130 1725 eis
3189 1677 3355 1743 quasi
3407 1678 3523 1747 jam

1886 1749 2067 1837 praete
2078 1745 2183 1837 rita
2200 1760 2465 1837 narrans:
2482 1749 3074 1822 Noveritis,assereba
3087 1762 3284 1829 t,quod
3305 1745 3524 1837 absque

1886 1832 2063 1890 dubio
2115 1834 2171 1889 in
2218 1836 2429 1905 quibus
2460 1852 2611 1893 nunc
2640 1840 2810 1896 vobis
2859 1858 3140 1903 onerosus
3188 1852 3402 1923 cxisto,
3432 1832 3524 1911 vel

1886 1923 2183 1979 fastidium
2204 1938 2439 1996 genero,
2474 1942 2696 1984 summo
2728 1944 2792 2003 ea
2826 1933 2991 1989 vobis
3012 1938 3379 2012 quandoque,
3412 1960 3523 2002 non

1886 2017 2076 2103 tamen
2123 2012 2392 2103 effectum
2450 2014 2757 2087 habituris,
2794 2019 2986 2076 futura
3050 2022 3364 2084 desiderio.
3398 2033 3526 2103 Ego

1884 2100 2041 2157 enim
2060 2102 2197 2171 jam
2219 2101 2462 2171 delibor,
2478 2104 2535 2158 et
2555 2110 2776 2175 tempus
2796 2110 3328 2173 resolutionismeee
3338 2100 3530 2179 instat

1886 2188 1998 2278 (11A
2014 2189 2160 2245 Tim.
2188 2202 2262 2278 tv,
2296 2193 2371 2259 6).
2403 2191 2537 2246 llaec
2570 2192 2790 2248 idcirco
2830 2210 2940 2250 non
2989 2204 3399 2269 praetereunda
3427 2224 3529 2278 pu.

1886 2276 2024 2345 tavi,
2067 2291 2139 2332 ne
2188 2277 2480 2334 incassum
2527 2280 2758 2350 prolata
2807 2283 2930 2340 haec
2979 2289 3153 2343 verba
3210 2276 3529 2353 credantur

1883 2364 2267 2455 liominis‘Dei,
2303 2366 2436 2423 dum
2461 2383 2629 2425 omne
2662 2372 2813 2441 quod
2848 2372 3080 2432 locutus
3120 2386 3213 2433 est
3261 2383 3525 2455 verbum,

1875 2456 1981 2509 aut
2015 2453 2337 2525 impletum,
2385 2460 2483 2512 aut
2519 2456 2575 2512 in
2625 2459 2823 2516 futuro
2863 2477 2975 2519 non
3022 2466 3380 2537 ambigamus
3430 2453 3529 2530 im-

1883 2542 2174 2614 piendum.

2078 2633 2236 2687 Licet
2267 2636 2459 2689 autem
2494 2635 2611 2704 jam
2661 2636 2922 2696 ultimam
2982 2642 3226 2700 duceret
3273 2654 3528 2723 atatem,

1885 2721 2219 2778 nullatenus
2250 2727 2439 2779 tamen
2461 2728 2745 2796 propositi
2773 2730 2864 2785 sui
2887 2745 3099 2801 passus
3122 2742 3215 2791 est
3237 2721 3530 2799 infirmare

1889 2811 2162 2881 rigorem,
2216 2810 2612 2880 indulgentius
2678 2816 2943 2888 vivendo,
2991 2820 3191 2878 labore
3262 2829 3525 2886 remisso.

1888 2900 2168 2969 Exiguum
2202 2901 2416 2971 quippe
2446 2905 2759 2973 reputabat
2789 2911 3097 2977 praesentis
3128 2917 3409 2985 temporis
3453 2918 3532 2975 la-

1888 2988 2106 3059 borem,
2159 2988 2229 3044 ad
2280 2996 2725 3060 superventurae
2777 2994 2982 3065 gloriae
3039 3007 3532 3073 recompensatio—

1887 3092 2038 3133 nem.
2076 3077 2447 3149 Quapropter
2479 3094 2583 3135 nec
2607 3080 3036 3152 longmvitatem
3084 3092 3388 3164 temporis,
3425 3110 3531 3153 nec

1889 3165 2294 3223 difﬁcultatem
2327 3170 2684 3227 causabatur
2733 3171 3103 3240 laburis;sc(l
3130 3181 3326 3250 potius
3353 3186 3533 3239 omni-

1889 3255 2077 3313 modis
2098 3271 2399 3328 apponens
2424 3257 2611 3314 labori
2644 3259 2923 3333 laborem,
2947 3267 3265 3335 angelicam
3289 3273 3530 3343 exsequi

1888 3346 2164 3403 studebat
2194 3347 2685 3405 exhortationem.
2721 3354 2791 3406 At
2841 3367 3000 3423 vero,
3036 3356 3371 3415 imminente
3413 3361 3530 3431 jam

1889 3434 2017 3504 ejus
2039 3435 2409 3506 migratione,
2428 3438 2524 3506 ubi
2556 3452 2619 3494 se
2641 3441 2824 3496 sensit
2848 3448 3090 3513 repente
3110 3446 3333 3504 viribus
3358 3450 3535 3506 desti-

1891 3524 1998 3595 tui,
2033 3523 2373 3580 inﬁrmitate
2444 3528 2697 3599 gravari,
2751 3537 3080 3603 evocatum,
3118 3539 3535 3596 reverendissi-

1889 3627 2043 3669 mum
2098 3613 2370 3669 abbatem
2423 3616 2675 3671 coenobii
2730 3617 2882 3672 beati
2952 3622 3325 3681 Pantaleonis
3386 3641 3534 3684 mar-

1889 3701 2057 3772 tyris,
2076 3701 2306 3757 nomine
2329 3703 2760 3775 Herimannum,
2780 3708 2965 3763 totius
2980 3708 3306 3769 honestatis
3329 3720 3389 3769 et
3403 3716 3535 3771 reli-

1888 3790 2080 3860 gionis
2111 3791 2317 3860 virum,
2352 3790 2465 3847 olei
2498 3793 2711 3847 sacrati
2745 3809 2807 3849 se
2842 3795 2976 3850 fecit
3004 3797 3229 3867 liquore
3260 3805 3528 3873 perungi.

1889 3878 3189 3954 Paucisdehincevolutisdiebus,primolucis
3219 3904 3534 3960 crepuscu-

1891 3967 1967 4039 lo,
1995 3967 2511 4023 decimolialendas
2540 3970 2847 4039 Maii,viam
2873 3973 3162 4032 universm
3211 3980 3406 4037 carnis
3452 3982 3534 4037 in-

1889 4069 2128 4124 gressus
2154 4054 2301 4110 obiit
2330 4060 2386 4111 et
2401 4056 2677 4124 gaudium
2692 4059 3016 4117 Dominisui
3035 4064 3434 4123 felixfeliciter
3452 4070 3534 4125 in-

1892 4143 2114 4200 troivit.
2152 4142 2373 4199 Floruit
2403 4150 2596 4201 autem
2627 4149 2993 4218 temporibus
3022 4155 3263 4210 secundi
3302 4158 3534 4215 llcnrici

1894 4231 2287 4304 imperatoris,
2324 4233 2419 4303 qui
2452 4236 2842 4292 monarcbiam
2895 4241 3055 4309 regni
3098 4242 3355 4301 obtinuit
3402 4254 3536 4318 post

1893 4321 2197 4377 decessum
2228 4322 2390 4377 tertii
2424 4322 2658 4380 Ottonis
2700 4329 2985 4400 tempore,
3023 4331 3177 4387 beati
3219 4335 3531 4408 Heriberti,

1893 4413 2113 4466 sanctae
2146 4408 2508 4467 Coloniensis
2548 4412 2825 4472 Ecclesiae
2848 4418 3368 4493 archiepiscopi,et
3392 4425 3535 4481 vixit

1895 4513 2077 4570 usque
2109 4498 2177 4554 ad
2202 4500 2559 4557 tricesimum
2583 4504 2821 4560 tertium
2851 4520 3061 4563 annum
3087 4513 3280 4580 quarti
3304 4514 3533 4571 llenrici

129 4574 444 4665 vigilando,
465 4593 692 4650 Domini
727 4574 819 4650 sui
838 4592 1152 4650 adventum
1174 4574 1577 4665 exspectabat,
1606 4598 1779 4665 atque
1807 4574 1865 4639 D
1896 4589 2287 4660 imperatoris,
2317 4590 2485 4660 cujus
2527 4596 2695 4662 pater
2725 4595 2955 4650 exstitit
2980 4574 3191 4654 tertius
3230 4601 3530 4659 Henricus.

134 4683 437 4741 conservis
487 4682 615 4741 suis
672 4681 954 4739 talentum
989 4682 1101 4738 sibi
1142 4681 1430 4739 creditum
1477 4683 1776 4753 erogabat.

132 4769 305 4829 Tanta
325 4776 522 4830 autem
538 4771 631 4828 vis
655 4769 850 4827 divina
894 4771 1109 4828 amoris
1138 4786 1239 4831 cor
1276 4770 1403 4840 ejus
1444 4775 1783 4844 penetrave-

133 4865 238 4933 rat,
268 4859 545 4918 utetiam
577 4859 627 4916 si
657 4857 842 4914 nollet
865 4859 935 4915 de
967 4860 1081 4915 Deo
1112 4858 1292 4931 loqui,
1317 4859 1491 4915 silere
1522 4874 1637 4916 non
1656 4874 1785 4931 pos-

131 4953 233 5005 set.
270 4952 540 5021 Cumque
571 4947 629 5004 id
660 4946 836 5005 solito
880 4946 1197 5005 instantius
1228 4952 1403 5020 atque
1461 4948 1783 5005 ferventius

132 5042 355 5109 ageret,
382 5036 628 5111 proinde
658 5036 917 5093 nonnulli
952 5042 1259 5109 coeperunt
1282 5036 1548 5094 fastidire
1570 5036 1785 5093 minus-

133 5141 238 5198 que
260 5128 525 5186 libenter
552 5125 779 5199 audire,
814 5127 976 5194 Quod
1000 5127 1098 5184 ille
1132 5128 1518 5201 perpendens,
1555 5142 1664 5183 non
1721 5142 1784 5184 se

132 5230 161 5270 a
182 5216 333 5276 bona
367 5217 668 5276 subtraxit
692 5217 1047 5286 intentione;
1071 5218 1172 5275 sed
1203 5216 1408 5276 volens
1436 5231 1538 5274 eos
1578 5215 1785 5289 resipi-

135 5316 317 5379 scere,
351 5306 501 5364 illud
525 5304 799 5379 Apostoli
819 5306 1024 5363 crebra
1049 5306 1378 5365 inculcabat
1408 5305 1780 5378 repetitione;

136 5390 346 5454 Βηίοιὶ
370 5396 511 5466 mei,
534 5408 689 5467 quos
705 5394 924 5451 iterum
949 5395 1253 5467 partario,
1289 5395 1469 5453 donec
1476 5395 1784 5469 formetur

142 5480 415 5546 0mm
432 5486 503 5543 in
516 5482 690 5542 vobis
711 5480 870 5554 (Gal.
896 5498 971 5555 Iv,
996 5486 1106 5554 19).
1136 5484 1269 5541 Haec
1292 5484 1507 5556 quippe
1525 5483 1778 5555 dicebat,

1895 4694 2037 4737 avus
2079 4678 2400 4750 imperator
2432 4682 2747 4739 Conradus.
2783 4685 3031 4740 Transiit
3082 4693 3272 4743 autem
3332 4690 3537 4759 plenus

1896 4768 2142 4838 dierum,
2174 4768 2546 4839 omniumque
2568 4771 2931 4841 profectibus
2960 4788 3197 4844 operum
3229 4775 3533 4851 bonorum,

1897 4871 2045 4913 anno
2080 4855 2388 4912 millesimo
2410 4858 2785 4927 nonagesimo
2807 4860 2994 4930 primo
3014 4863 3325 4919 Dominicze
3350 4867 3539 4923 lucar-

1895 4945 2170 5002 nationis.
2226 4945 2402 5015 Cujus
2437 4945 2601 5002 obitu
2648 4954 2947 5018 comperto
2990 4951 3535 5028 licrnnann‘us(22),

1895 5039 2036 5091 tunc
2053 5034 2334 5105 temporis
2349 5034 2828 5105 archiepiscopus
2855 5036 3539 5115 Coloniensis,exscquiis

1896 5123 2025 5194 ejus
2046 5136 2409 5195 summopere
2430 5128 2702 5193 satagens
2726 5124 3054 5184 devotionis
3073 5130 3421 5201 obsequium
3440 5135 3543 5191 im-

1897 5213 2251 5286 pendere,ad
2269 5212 2666 5283 sepeliendum
2682 5214 3064 5273 eumdevotus
3077 5221 3355 5277 occurrit.
3368 5224 3542 5294 Cujus

1893 5302 2162 5375 exemplo
2180 5300 2586 5371 religiosorum
2619 5303 2877 5361 virorum
2915 5306 3093 5362 etiam
3124 5311 3299 5366 turba
3327 5314 3544 5372 conflu-

1892 5392 2162 5460 xit;inter
2175 5406 2324 5464 quos
2339 5392 2619 5464 ρι’ωοὶρυὶ
2633 5398 2692 5449 et
2707 5392 3061 5454 illustriores
3073 5397 3439 5459 habebantur
3454 5404 3549 5459 ab-

1895 5489 2064 5545 bates
2080 5526 2097 5553 ,
2117 5482 2997 5561 Herimannusvidelicet,supra
3019 5492 3322 5547 memorati
3355 5507 3547 5556 emno.

212 5692 323 5766 (22)
355 5692 543 5763 Hujus
576 5686 812 5746 scilicet
841 5686 1086 5744 nominis
1114 5690 1187 5744 Ill
1221 5690 1318 5761 qui
1348 5689 1578 5747 Sewino
1607 5691 1889 5750 successit
1915 5706 2063 5757 anno
2095 5696 2234 5751 1089
2264 5690 2335 5748 ad
2362 5695 2516 5749 1099.
