3950 6334
437 359 552 425 431
1198 357 1274 424 Β.
1322 357 1836 426 WOLPHELMI
1875 353 2230 420 ABBATIS
2271 355 3074 428 BRUNWILLERENSIS
3682 306 3773 444 iga

442 493 732 552 biiSanctl
763 491 1155 567 pantaleonis,
1177 501 1239 552 et
1260 493 1668 567 Reginhardus
1689 493 1854 551 bona:
1876 503 2087 550 memo-
2115 491 2169 551 A
2193 487 2313 559 jam
2345 491 2597 552 reditum
2627 497 2681 553 ei
2707 499 3091 570 persuaderet
3137 499 3382 575 animus,
3415 504 3774 570 comitantibus

443 585 544 640 riae
557 581 1018 652 Sigebergensis;
1034 583 1134 654 qui
1155 583 1392 654 utrique
1406 583 1681 640 famulum
1697 580 1918 638 Domini
1933 594 2087 636 sum-
2200 595 2396 638 secum
2430 583 2574 640 viris
2597 585 2862 645 honestis
2881 602 2946 644 ac
2971 589 3281 661 religiosis,
3299 591 3408 648 iter
3423 598 3512 650 est
3525 609 3772 666 agressus.

443 687 536 729 mo
547 685 779 746 semper
792 671 1032 732 coluere
1048 671 1248 729 studio
1262 670 1789 744 pietatis.Expletis
1804 669 2000 758 itaque
2013 668 2086 723 ab
2201 670 2456 742 Cumque
2471 673 2541 730 ad
2558 688 2715 731 mare
2729 677 3154 750 pervenissent,
3171 679 3378 751 piratis
3395 681 3773 758 insidiantibus,

442 763 894 836 archiepiscopo
927 778 1030 836 pro
1051 761 1180 832 ejus
1211 761 1540 818 veneranda
1564 759 1840 816 memoria
1889 757 2089 814 missa-
2198 763 2258 813 et
2297 759 2391 814 die
2416 765 2712 832 noctuque
2745 765 2923 821 maris
2953 765 3140 822 sinum
3181 769 3606 840 occupantibus,
3638 773 3777 832 ferme

442 863 570 906 rum
603 851 920 923 solemniis,
953 851 1052 908 ubi
1083 854 1523 908 sacrosanctum
1554 845 1967 920 corpusculum
1991 845 2086 901 de-
2200 861 2304 917 per
2345 847 2470 905 dies
2520 863 2723 907 novem
2766 853 3090 922 negabatur
3133 855 3436 914 transitus.
3469 859 3615 916 Unde
3642 862 3776 920 nimia

441 941 581 1014 poni
606 941 811 998 debuit
834 955 890 996 1n
915 937 1266 1011 sepulcrum,
1284 937 1568 995 accedens
1583 951 1688 1008 per
1707 950 1790 1005 se,
1811 935 2086 990 amictum
2199 935 2396 992 cordis
2421 939 2779 997 contritione
2809 955 3010 998 omnes
3042 943 3262 1014 pariter
3291 943 3500 1016 afﬂicti,
3532 953 3590 1004 ut
3626 952 3779 1022 propi-

442 1029 664 1087 amovit
691 1044 806 1100 quo
835 1042 1002 1085 sacer
1032 1028 1160 1100 ejus
1183 1027 1492 1084 velabatur
1518 1028 1821 1096 aspectus:
1855 1027 1912 1079 et
1928 1035 2084 1091 ecce,
2199 1023 2318 1080 tius
2345 1025 2552 1083 adesse
2577 1027 2916 1098 dignaretur
2935 1031 3210 1090 Dominus
3229 1047 3294 1090 se
3313 1035 3705 1109 invocantibus,
3718 1040 3778 1095 in-

445 1117 652 1174 mirum
693 1116 888 1173 dictu!
916 1131 1047 1174 cum
1078 1120 1237 1174 esset
1276 1115 1393 1185 jam
1433 1113 1742 1170 triduanus
1795 1115 2085 1180 mortuus,
2197 1111 2358 1168 timis
2387 1116 2778 1185 precabantur
2811 1118 3150 1177 visceribus.
3175 1122 3292 1178 Nec
3310 1121 3532 1180 distulit
3558 1125 3674 1198 pius
3696 1127 3776 1183 Do-

445 1205 715 1278 apparuit
732 1220 846 1263 non
875 1205 1135 1263 defuncti
1165 1217 1326 1260 more
1342 1202 1596 1275 pallidus
1619 1220 1634 1270 ;
1665 1201 1766 1257 sed
1802 1214 1972 1256 roseo
1993 1212 2088 1255 co-
2199 1201 2390 1258 minus
2411 1217 2649 1261 suorum
2671 1210 2806 1262 vota
2833 1206 3110 1278 fidelium,
3126 1210 3358 1268 concito
3380 1211 3658 1281 largiendo
3675 1215 3778 1272 sub-

443 1293 568 1352 lore
609 1294 902 1366 perfusus,
935 1293 1124 1364 gratia
1174 1293 1402 1364 plenus,
1439 1295 1499 1348 et
1542 1289 1722 1372 yeluti
1775 1287 2086 1345 roscidulis
2197 1289 2430 1348 sidium.
2459 1291 2634 1350 Adest
2667 1309 2914 1365 namque
2945 1298 3226 1368 praedicto
3274 1300 3437 1356 fratri
3484 1303 3584 1360 sub
3625 1305 3778 1360 noctis

441 1382 627 1452 guttis
670 1383 883 1440 sudore
935 1395 1271 1454 respersus;
1304 1395 1416 1451 quo
1441 1378 1723 1450 praeclaro
1763 1377 1887 1434 viso
1919 1375 2091 1433 mira-
2199 1377 2431 1436 silentio
2454 1381 2662 1439 beatus
2687 1383 3086 1455 Wolphelmus
3111 1391 3203 1443 ter
3223 1387 3778 1460 visum,incrastinum

442 1470 597 1542 culo,
615 1470 882 1542 plerique
905 1470 1118 1526 flevere
1137 1484 1258 1541 prae
1282 1467 1619 1539 gaudio.Ad
1637 1467 2090 1524 circumstantes
2193 1467 2406 1538 jubens
2461 1469 2794 1528 accelerare
2842 1473 3340 1544 transitum,mare
3405 1483 3670 1551 pacatum,
3703 1479 3781 1535 ho-

443 1573 584 1617 vero
613 1573 933 1619 conversus
963 1558 1309 1630 episcopus:
1343 1559 1442 1627 En,
1479 1555 1688 1627 inquit,
1707 1557 1909 1612 Patres
1945 1553 2090 1610 dile-
2198 1557 2374 1612 stium
2389 1557 3025 1631 dcnuntiansimpetum
3041 1564 3780 1624 refrenatum.lnmemoriam

439 1648 710 1720 ctissimi,
745 1662 915 1720 quam
949 1647 1200 1705 devotus
1239 1646 1333 1702 hic
1381 1645 1556 1702 fuerit
1584 1643 1804 1700 Domini
1855 1657 2082 1711 servus,
2197 1659 2336 1701 vero
2359 1659 2480 1702 suae
2511 1645 3006 1719 liberationis,ter
3031 1653 3220 1708 ternis
3244 1653 3482 1725 psalmis
3516 1655 3689 1714 cultor
3705 1656 3782 1712 ille

443 1751 613 1809 quem
642 1742 803 1794 tanta
835 1751 902 1794 ac
936 1735 1071 1793 talis
1092 1733 1463 1792 commendat
1489 1733 1679 1804 gratia
1705 1731 2084 1788 vultus.llisa
2197 1739 2413 1790 sanctae
2430 1735 3006 1806 Trinitatis,Domino
3020 1745 3155 1797 vota
3182 1741 3783 1816 persolvijussitjubila-

444 1833 692 1906 prmsule
723 1833 1032 1906 peroratis,
1059 1847 1192 1888 cum
1225 1831 1424 1888 debita
1477 1829 1854 1886 veneratione
1908 1843 2082 1884 secus
2114 1842 2167 1901 Β
2194 1822 2394 1879 tionis.
2421 1823 2640 1880 Taliter
2668 1825 2925 1884 hostium
2960 1827 3190 1886 sublata
3233 1830 3552 1903 formidine,
3577 1847 3676 1888 non
3696 1847 3783 1890 mo-

439 1920 769 1978 heatiPetri
793 1920 1048 1992 apostoli
1079 1919 1266 1976 altare
1291 1918 1572 1976 decenter
1601 1917 1858 1974 traditur
1889 1915 2086 1988 sepul-
2197 1911 2387 1968 dicunt
2410 1913 2684 1982 gaudium
2717 1931 3021 1988 sumpsere
3042 1933 3114 1975 ex
3146 1919 3342 1977 divina
3374 1920 3718 1992 revelatione,
3739 1927 3784 1978 et

441 2003 2087 2080 tura}.lbisuil‘rangantibusmeritisejus,fideliumexau-
2198 2001 2438 2058 marinis
2464 2016 2528 2058 se
2559 2002 2678 2059 laeti
2711 2003 2984 2074 ingerunt
3015 2006 3316 2077 ﬂuctibus,
3353 2009 3551 2080 piratis
3593 2011 3784 2068 minime

439 2096 681 2156 diuntur
711 2101 868 2168 vota,
898 2096 1145 2154 infirmis
1173 2094 1589 2167 impenduntur
1612 2092 1914 2163 beneficia,
1940 2106 2087 2164 prae-
2197 2103 2412 2145 nocere
2441 2090 2919 2150 valentibusJioc
2949 2093 3151 2152 ordine
3172 2110 3278 2168 per
3307 2097 3463 2155 servi
3493 2098 3577 2157 sui
3617 2099 3783 2156 merita

438 2191 632 2243 stante
679 2187 920 2242 Domino
959 2191 1170 2241 nostro
1216 2186 1352 2240 Jesu
1387 2183 1637 2252 Christo,
1678 2181 1771 2238 cui
1812 2197 1921 2238 una
1955 2197 2086 2238 curn
2197 2177 2268 2234 ab
2299 2178 2737 2236 imminentibus
2777 2181 3058 2240 malorum
3109 2185 3388 2256 procellis
3417 2187 3585 2258 eruti,
3615 2187 3784 2244 divina:

440 2275 615 2333 Patre
641 2279 699 2332 et
726 2274 948 2346 Spiritu
971 2276 1174 2330 sancto
1199 2276 1291 2328 est
1313 2272 1520 2341 honor,
1545 2273 1811 2342 potestas
1833 2268 2087 2340 etgloria
2197 2266 2420 2336 gratias
2444 2272 2621 2337 agunt
2645 2267 2998 2327 liberationi.
3026 2271 3191 2338 Quod
3213 2277 3270 2330 et
3289 2275 3366 2331 ab
3389 2275 3510 2350 ipso
3529 2275 3783 2347 fratre,qui

439 2377 546 2434 per
575 2361 800 2418 infinita
832 2361 1046 2418 saecula
1070 2360 1422 2417 seculorum.
1459 2361 1660 2416 Amen.
2201 2355 2466 2426 pertulit,
2496 2357 2860 2430 agnovimus,
2896 2359 3050 2416 fideli
3102 2362 3439 2421 narratione
3501 2363 3782 2421 retulimus.

513 2449 600 2506 36.
637 2451 840 2522 itaque
870 2449 1056 2508 veluti
1089 2463 1296 2519 magno
1323 2447 1468 2504 mari
1509 2461 1744 2504 emenso
1781 2447 2090 2519 praesentis
2270 2446 2356 2500 38.
2393 2445 2606 2502 Eodem
2633 2450 2899 2518 tempore
2951 2448 3198 2508 claudus
3229 2451 3482 2524 quidam,
3507 2453 3788 2510 Willeman-

443 2538 708 2596 historiae
743 2537 966 2612 pelago,
994 2537 1110 2608 jam
1135 2537 1298 2608 quasi
1320 2535 1488 2593 littus
1510 2539 1819 2593 cernentes
1842 2535 2093 2608 respira-
2201 2547 2311 2589 nus
2341 2533 2590 2604 nomine,
2615 2549 2686 2590 ex
2724 2534 2860 2590 villa
2883 2534 3010 2594 loco
3035 2539 3489 2598 Brunwilerensi
3536 2541 3786 2611 contigua,

447 2643 594 2700 mus,
633 2627 767 2686 dum
797 2627 1059 2700 quaedam
1093 2625 1282 2684 solum
1314 2627 1386 2682 de
1435 2625 1734 2682 miraculis
1776 2625 1900 2696 ejus
1948 2625 2092 2680 refe-
2201 2621 2462 2678 Polheim
2492 2622 2768 2680 videlicet
2810 2631 3163 2699 nuncupata,
3189 2629 3435 2688 obtentu
3481 2630 3624 2688 beati
3669 2628 3791 2687 Wol-

445 2717 626 2775 renda
650 2731 961 2790 superesse
992 2715 1276 2794 videmus,
1312 2715 1698 2786 Satagendum
1731 2719 1825 2771 est
1843 2728 1984 2785 ergo
2027 2718 2089 2770 ut
2201 2709 2438 2782 phelmi,
2467 2711 2564 2769 diu
2591 2718 2799 2783 negata
2816 2715 3202 2774 membrorum
3222 2718 3446 2792 recepit
3466 2718 3792 2778 officia.'l‘em-

441 2812 678 2879 portum
707 2803 2087 2875 teneamus,cursumconsummemus;quoniam,
2202 2815 2346 2872 pore
2367 2801 2582 2873 quippe
2605 2803 3201 2876 quadragesimali,ad
3235 2805 3430 2865 locum
3443 2807 3706 2866 accedens
3723 2820 3793 2866 se-

446 2895 620 2952 sicuti
649 2893 844 2952 solent
874 2893 1055 2951 solem
1079 2893 1372 2950 obducere
1404 2893 1610 2964 nubes,
1637 2893 1721 2948 sic
1744 2891 1914 2964 pigri,
1939 2890 2091 2946 desi-
2202 2887 2417 2960 pulcri,
2433 2905 2547 2960 quo
2573 2889 2782 2948 salutis
2803 2891 3036 2948 arderet
3057 2893 3378 2968 desiderio,
3403 2897 3590 2955 cordis
3610 2909 3793 2970 prome-

446 2984 668 3056 desque
694 2983 1042 3056 scriptores,
1065 2981 1297 3039 utilium
1332 2996 1522 3038 rerum
1555 2995 1711 3052 saepe
1735 2980 2088 3037 subtrahunt
2203 2977 2301 3033 bat
2331 2978 2583 3047 gemitu:
2619 2993 2733 3048 quo
2763 2979 2972 3038 salutis
3011 2981 3342 3042 ducebatur
3385 2985 3614 3058 gemitu,
3637 2984 3792 3042 cordis

445 3071 832 3143 cognitiones.
868 3071 1292 3142 Aggrediamur
1322 3070 1517 3141 itaque
1549 3069 1768 3125 referre
1809 3067 2087 3126 miracula
2201 3065 2359 3122 illius
2387 3065 2725 3124 declarabat
2753 3067 3006 3126 aﬁlictio.
3032 3071 3291 3143 Denique
3321 3073 3398 3130 ad
3419 3075 3588 3131 Deum
3607 3076 3714 3130 tota
3732 3071 3794 3127 in-

446 3177 577 3234 quae
609 3164 742 3236 post
772 3160 998 3217 obitum
1031 3158 1160 3228 ejus
1193 3159 1384 3216 divina
1431 3173 1535 3231 per
1580 3173 1711 3216 eum
1759 3160 1897 3214 sunt
1939 3156 2090 3214 celc-
2119 3199 2168 3262 Ο
2199 3155 2462 3211 tentione
2475 3155 3791 3234 conversus,lacrymosisprecabatursuspiriis,

446 3251 615 3308 hrata
643 3249 884 3307 virtute.
916 3249 976 3303 In
1011 3247 1312 3304 territorio
1360 3246 1837 3304 Brunwillerensi
1877 3245 2088 3302 mulier
2120 3243 2168 3262 υ
2199 3247 2262 3300 ut
2295 3244 2450 3300 servi
2481 3243 2569 3300 sui
2594 3244 2820 3302 meritis
2843 3245 3194 3318 sospitatem
3217 3255 3546 3308 mereretur
3573 3250 3624 3306 in
3657 3262 3796 3306 mem-

447 3337 710 3411 quaadam
731 3336 966 3395 Wazela
998 3336 1247 3408 nomine,
1269 3335 1403 3394 dum
1435 3335 1682 3408 quadam
1713 3335 1807 3392 die
1838 3334 1909 3392 ad
1939 3350 2090 3406 opus
2197 3332 2334 3388 bris.
2371 3334 2484 3388 Nec
2515 3347 2651 3404 spes
2681 3332 2909 3404 fefellit,
2939 3336 3034 3392 cui
3059 3336 3204 3394 fides
3231 3339 3660 3400 incitamentum
3681 3351 3796 3410 prie-

445 3425 815 3485 consedisset
847 3424 1074 3496 textile,
1096 3428 1214 3480 tam
1231 3423 1454 3482 crudeli
1485 3439 1558 3480 ex
1589 3423 1904 3496 improviso
1930 3429 2088 3482 utra-
2197 3420 2341 3477 buit.
2377 3419 2562 3476 Citius
2579 3421 2729 3477 enim
2764 3421 2925 3480 dictu
2949 3422 3184 3498 claruit,
3208 3426 3381 3498 cujus
3403 3426 3712 3486 sanctitatis
3725 3423 3801 3481 vel

446 3529 694 3587 rumque
721 3527 993 3571 manuum
1024 3513 1287 3584 torqueri
1319 3513 1492 3586 caepit
1521 3513 1855 3583 vexatione,
1878 3518 1944 3570 ut
1973 3515 2088 3571 cla-
2197 3509 2390 3568 meriti
2413 3509 2502 3567 vir
2525 3511 2732 3568 beatus
2766 3511 3082 3570 exstiterit.
3109 3515 3375 3588 Repente
3405 3518 3551 3574 enim
3584 3516 3672 3574 diu
3699 3527 3804 3572 con.

447 3617 607 3661 more
636 3602 779 3660 dirae
809 3601 974 3662 vocis
1001 3602 1163 3660 cives
1203 3608 1516 3673 cogeretur
1546 3601 1763 3658 excire.
1795 3603 1876 3659 Ex
1919 3603 2090 3674 cujus
2198 3600 2374 3658 tracti
2416 3612 2478 3656 se
2526 3605 2830 3671 cmperunt
2876 3602 3196 3660 extendere
3244 3605 3435 3678 nervi,
3465 3610 3524 3662 et
3568 3618 3798 3664 venarum

447 3691 809 3750 immanitate
840 3690 1082 3762 doloris,
1108 3691 1397 3764 paralysis
1437 3689 1688 3747 obnoxia
1733 3691 2088 3748 credebatur
2199 3693 2428 3746 meatus
2459 3687 2658 3744 vitalis
2689 3689 2988 3760 sanguinis
3010 3691 3300 3750 infusione
3335 3693 3572 3767 repleri,
3593 3697 3646 3751 et
3665 3707 3804 3749 mem-

451 3781 728 3854 passioni.
766 3780 972 3838 Subito
995 3795 1242 3852 namque
1273 3781 1419 3837 adeo
1458 3779 1685 3837 inutilis
1726 3783 1816 3836 est
1859 3779 2087 3838 reddita
2203 3779 2305 3834 bra
2329 3777 2496 3850 prius
2518 3782 2892 3849 praemortua,
2911 3777 2966 3834 in
2992 3779 3572 3855 pristinumvigorem
3586 3779 3797 3840 restitui.

447 3871 731 3941 manibus,
766 3875 830 3928 ut
863 3869 935 3927 ad
963 3869 1158 3927 nullos
1187 3884 1287 3926 eas
1317 3869 1570 3926 valuerit
1600 3883 1742 3926 usus
1768 3869 2087 3942 applicare.
2203 3866 2352 3934 Quid
2377 3865 2609 3938 longius
2642 3869 2869 3924 morer?
2890 3869 3161 3926 Sentiens
3190 3871 3368 3930 homo
3391 3872 3632 3931 divinam
3675 3870 3723 3928 in
3756 3881 3802 3924 se

449 3959 576 4028 Quo
605 3959 792 4030 magis
823 3959 1123 4030 magisque
1153 3958 1597 4029 ingravescente
1616 3958 1839 4030 morbo,
1866 3972 1986 4030 pra:
2011 3959 2096 4014 ni-
2205 3955 2440 4026 operari
2471 3955 2772 4028 virtutem,
2794 3955 2953 4014 lento
2971 3959 3274 4018 conamine
3293 3975 3597 4034 assurgere
3622 3959 3799 4024 nitens,

449 4049 562 4105 mia
593 4047 814 4105 doloris
843 4047 1194 4104 contritione
1229 4047 1382 4102 inter
1403 4061 1607 4104 manus
1653 4045 1974 4104 tenentium
1995 4047 2096 4102 οι)-
2207 4057 2538 4116 quanquam
2565 4044 2751 4102 adhuc
2775 4049 3019 4103 nutante
3040 4061 3272 4120 gressu,
3299 4050 3357 4106 in
3379 4050 3558 4123 pedes
3577 4045 3802 4106 constitit

451 4136 748 4206 dormivit,
779 4139 840 4192 et
870 4134 1199 4205 huiusmodi
1233 4133 1382 4192 lenis
1415 4135 1578 4193 vocis
1617 4151 1819 4192 sonum
1843 4134 2096 4192 dulciter
2207 4138 2266 4189 et
2302 4147 2430 4204 quae
2461 4132 2617 4189 circa
2647 4149 2710 4189 se
2740 4139 2868 4190 acta
2903 4135 3132 4192 fuerant
3163 4139 3555 4210 praesentibus
3593 4133 3802 4194 ﬁdeliter

453 4224 647 4283 audit:
668 4223 818 4291 Quid
839 4237 1054 4294 sopore
1069 4222 1441 4294 deprimeris?
1459 4224 1516 4280 Si
1533 4223 1810 4296 praesenti
1825 4223 2094 4295 passione
2207 4221 2511 4279 disseruit.
2541 4220 2794 4291 Quorum
2811 4224 3077 4281 manibus
3089 4230 3544 4300 sustentatus,et
3555 4226 3658 4284 huc
3673 4221 3805 4281 illuc-

453 4327 657 4372 carere
685 4311 964 4387 volueris,
991 4326 1164 4382 surge
1209 4311 1492 4384 velocius,
1526 4317 1588 4369 et
1617 4327 1749 4370 cum
1800 4311 2095 4370 oblatione
2209 4325 2322 4383 que
2345 4310 2656 4383 deductus,
2689 4316 2752 4369 ut
2795 4326 2890 4369 res
2921 4314 3174 4372 innotuit
3215 4317 3516 4388 fratribus,
3547 4310 3804 4386 magniﬁce
3875 4371 3878 4386 ,

453 4401 610 4460 cerei
629 4399 1378 4474 dominiWolphelmiadito
1392 4416 1454 4458 se
1463 4399 1933 4473 pulcrum.lllius
1944 4402 2094 4458 enim
2209 4399 2487 4458 laudatur
2507 4405 2569 4457 et
2589 4399 2954 4472 glorificatur
2973 4404 3148 4476 Deus,
3166 4405 3264 4476 qui
3286 4406 3346 4464 in
3359 4404 3580 4464 sanctis
3599 4403 3708 4463 suis
3726 4398 3808 4456 mi-
3875 4391 3877 4410 ἰ

453 4488 680 4546 meritis
701 4503 766 4545 es
786 4489 999 4560 gaudio
1021 4490 1281 4562 potitura
1305 4488 1534 4548 salutis.
1561 4488 1720 4561 Quae,
1746 4489 1925 4546 alacri
1959 4489 2093 4562 ﬁde,
2136 4565 2143 4566 ί
2209 4489 2414 4546 rabilis
2433 4494 2528 4546 est
2552 4489 2740 4562 (Psal.
2765 4505 2896 4562 Lm,
2918 4488 3011 4565 36)
3033 4496 3094 4548 et
3110 4491 3410 4563 gloriosus
3437 4495 3608 4566 (Dan.
3633 4491 3806 4561 ηψπ),

451 4581 841 4652 promptaque
863 4577 1434 4649 devotionejubenti,
1454 4582 1726 4648 satagens
1743 4577 2099 4646 obedire,ar-
2126 4565 2180 4627 D
2211 4577 2432 4636 faciens
2453 4578 2740 4637 mirabilia
2765 4577 2931 4637 solus
2952 4580 3141 4652 (Psal.
3169 4585 3438 4656 Lxx:,18).
3465 4583 3544 4640 Ad
3574 4577 3806 4638 indicium

451 4668 628 4726 dente
648 4667 985 4742 sepulcrum
1009 4667 1207 4725 invisit
1231 4681 1424 4738 cereo,
1443 4681 1547 4724 nec
1567 4666 1722 4724 beati
1744 4667 1938 4726 Patris
1957 4668 2100 4726 diﬁl-
2208 4680 2350 4724 vero
2371 4667 2522 4724 tanti
2545 4667 3248 4739 miraculi,sustentatorii
3275 4671 3439 4730 illius
3463 4669 3644 4730 baculi
3665 4677 3810 4738 super

451 4756 597 4814 dens
628 4757 876 4828 meritis,
894 4771 1000 4814 nec
1025 4755 1204 4814 dictis
1223 4755 1468 4812 credere
1489 4759 1761 4814 cunctata
1785 4757 2096 4828 monentis,
2211 4755 2545 4828 sepulcrum
2581 4755 2900 4815 beatissimi
2931 4757 3232 4816 virimulto
3283 4765 3544 4834 tempore
3586 4764 3808 4815 mansere

453 4845 592 4914 Quae
609 4846 709 4904 ubi
723 4845 793 4903 ad
806 4845 1132 4904 orationem
1157 4845 1634 4918 procubuit,post
1653 4844 1926 4918 pusillum
1959 4860 2097 4904 sana
2211 4845 2501 4918 suspensi.

451 4935 736 5008 surrexit,
769 4939 850 5006 et,
870 4933 1094 5006 gratias
1127 4947 1308 5006 agens
1337 4934 1472 5006 Deo,
1509 4949 1712 5008 sospes
1739 4949 1808 4992 ac
1828 4933 1979 4992 laetae
2013 4949 2101 4992 re-
2283 4937 2372 4992 39.
2399 4931 2532 4990 Alio
2581 4933 2760 4991 ferme
2797 4938 3061 5008 tempore
3105 4933 3242 4994 huic
3298 4936 3581 4994 miraculo
3633 4929 3809 4991 accidit

451 5024 649 5083 cessit.
951 5012 956 5018 ’
2208 5021 2534 5095 consimile,
2559 5021 2716 5094 quod
2749 5023 2981 5094 quando
3013 5024 3340 5096 Qualiterve
3371 5025 3450 5084 sit
3469 5019 3814 5092 factum,libet

523 5115 610 5169 37.
642 5111 848 5169 Frater
897 5109 1130 5183 quidam
1173 5124 1248 5168 ex
1299 5110 1568 5168 coenobio
1618 5109 2096 5184 Brunwilerensi,
2209 5112 2452 5170 referre.
2483 5113 2564 5169 De
2591 5110 2730 5169 villa
2762 5112 3252 5186 Geroldeshoven,
3279 5114 3490 5172 mulier
3511 5105 3813 5170 omnimodis

457 5199 801 5258 Heribertus
823 5200 1072 5270 nomine,
1088 5201 1222 5272 post
1245 5198 1470 5256 obitum
1503 5199 1660 5256 beati
1682 5199 1806 5256 Wol
1816 5198 2027 5273 phelmi
2043 5200 2098 5255 in
2209 5205 2512 5260 contracta
2534 5199 2604 5256 ad
2632 5215 2790 5274 saepe
2813 5206 3199 5260 memoratum
3221 5201 3414 5262 locum
3447 5203 3519 5260 ab
3549 5195 3814 5260 amicisest

453 5287 688 5345 Daciam
737 5287 851 5360 (23)
911 5287 1268 5362 provinciam
1301 5288 1490 5346 fuerat
1540 5288 1942 5360 transmissus,
1969 5303 2098 5346 cum
2210 5289 3814 5364 deducta.Haacseduloibidemincubansprecibus,tem-

439 5375 589 5434 aliis
613 5375 984 5448 quibusdam,
1003 5376 1305 5447 religionis
1321 5377 1658 5435 monasticae
1679 5377 1890 5448 gratia,
1906 5376 2101 5433 fratri-
2211 5377 2290 5452 pli
2311 5376 2508 5436 limina
2553 5378 2963 5451 frequentabat
3008 5379 3313 5437 attentius:
3341 5379 3634 5437 existente
3653 5373 3811 5430 autem

449 5464 587 5528 bus.
625 5463 734 5524 Ubi
763 5479 894 5526 cum
934 5465 1364 5540 aliquantisper
1405 5470 1801 5527 commoratus
1829 5469 2006 5539 esset,
2039 5468 2097 5523 et
2210 5467 2612 5528 sacratissima
2633 5467 2790 5527 beati
2827 5467 2987 5528 Petri
3019 5467 3425 5542 apostolorum
3457 5461 3720 5542 principis
3738 5470 3812 5514 so-

524 5673 637 5754 (23)
667 5673 905 5736 Daniam
938 5672 1368 5746 interpretatur
1395 5672 1818 5737 Henschenius.
