3950 6314
150 325 281 391 488
1038 324 1520 396 EKKEHARDI
1562 282 2137 400 URAUGIENSIS.
2171 372 2252 387 —
2283 337 2722 406 PREFATIO
3462 342 3583 410 434

149 459 495 532 lemnitate,
521 464 580 549 et
605 459 754 519 hanc
775 475 905 520 cum
925 462 1149 536 reliquo
1171 465 1344 538 vulgo
1368 468 1549 525 tantis
1570 467 1817 539 contigit
1848 464 1903 524 A
1934 470 2103 541 ravit,
2127 469 2399 530 effectum
2424 474 2657 531 meruit.
2688 476 2898 532 Erecta
2925 476 3138 549 quippe
3161 475 3459 549 divinitus,
3486 491 3584 535 ex-

151 550 460 607 interesse
488 548 806 608 solemniis.
843 552 979 619 Quae
1031 552 1270 625 largiter
1319 556 1484 628 ﬂens,
1538 562 1597 613 et
1648 558 1817 629 longa
1931 558 2222 631 clamavit,
2254 563 2629 634 omniumque
2664 562 2961 620 silentium
2990 548 3347 622 clamoribus
3398 548 3575 639 rupit.

151 638 420 711 suspiria
447 637 708 710 trahens,
730 646 862 698 ante
890 642 1229 714 sepulcrum
1249 644 1403 702 beati
1427 645 1537 702 viri
1562 652 1820 719 proster-
1929 645 2035 702 Ubi
2048 646 2197 703 enim
2210 649 2443 706 ossibus
2457 664 2589 707 ossa
2604 665 2667 707 se
2681 651 2809 719 conj
2821 666 3038 707 unxewre
3053 651 3363 723 disjuncta,
3379 658 3438 709 et
3453 637 3582 711 ner-

153 727 344 797 nitur,
378 725 657 783 miseram
688 742 752 784 se
781 742 847 785 ac
887 729 1175 788 infelicem
1232 734 1469 791 nimium
1512 735 1819 805 conqueri-
1928 748 2129 791 verum
2153 739 2482 794 contractio
2510 739 2919 809 iuncturarum
2946 739 3118 796 ﬁebat
3143 741 3576 811 connexio,non

155 820 256 872 tur
276 832 292 882 ;
311 814 495 885 cujus
515 830 624 872 nec
650 830 855 887 preces
880 825 1242 877 mererentur
1277 821 1526 892 admitti,
1553 836 1659 879 nec
1693 838 1819 878 cor-
1928 828 2020 877 est
2045 823 2367 881 mirandum
2389 828 2539 897 quod
2568 826 3116 897 fragiliormulieris
3137 842 3314 885 sexus
3338 829 3579 901 expavit

154 903 322 974 poris
356 903 731 960 incommoda
766 904 932 962 solvi.
967 907 1077 962 Sed
1106 908 1202 978 qui
1237 909 1526 979 quondam
1558 909 1819 967 mulieris
1930 911 2173 968 animus.
2208 915 2542 983 Exsurgens
2567 915 2765 985 itaque
2789 931 2818 971 a
2845 915 3198 986 pavimento,
3228 922 3471 989 recepto
3497 918 3576 973 vi-

157 992 531 1062 Cbananmaa,
565 994 628 1048 et
656 992 830 1063 hujus
858 993 1045 1051 voluit
1077 1010 1282 1067 preces
1315 996 1571 1067 diﬂ‘erre,
1607 1002 1668 1054 ut
1718 999 1822 1053 im-
1928 1013 2091 1070 gore,
2125 1000 2435 1059 incolumis
2466 1003 2776 1074 praevaluit
2809 1005 2879 1060 ad
2913 1005 3149 1076 propria
3176 1020 3456 1063 remeare.
3478 1007 3578 1063 Ta-

155 1081 490 1149 portunum
519 1077 678 1136 illius
708 1078 1087 1153 desiderium,
1111 1082 1242 1140 fidei
1266 1089 1426 1141 esset
1457 1085 1823 1157 experimen-
1932 1086 2084 1143 libus
2105 1088 2519 1147 miraculorum
2543 1090 2849 1148 effectibus
2872 1093 3162 1149 veraciter
3181 1108 3311 1150 cum
3345 1094 3577 1152 Christo

155 1169 304 1223 tum.
340 1168 415 1223 At
448 1181 592 1224 vero
644 1168 915 1238 quoniam
965 1170 1120 1226 beati
1173 1172 1279 1228 viri
1330 1172 1556 1230 meritis
1604 1173 1817 1230 salvari
1931 1188 1994 1231 se
2026 1175 2223 1234 vivere
2254 1179 2467 1235 mundo
2504 1182 2761 1235 testatur
2806 1179 2897 1237 vir
2947 1180 3059 1237 iste
3111 1182 3335 1238 beatus.
3372 1184 3571 1240 Amen.

156 1268 335 1325 posse
366 1268 493 1312 non
522 1255 835 1327 haesitavit,
860 1256 963 1315 sed
995 1258 1053 1314 iu
1086 1258 1197 1317 ilde
1219 1260 1529 1332 postulans
1551 1275 1820 1334 perseve-

151 1419 3571 1458 Ἢ

911 1550 1489 1662 ΒΕΑΤΙ
1624 1554 2837 1666 WOLPHELMI

498 1787 1317 1903 OPUSCULUM
1426 1793 1592 1901 DE
1687 1793 2568 1904 SACRAMENTO
2667 1797 3262 1909 ALTARIS.

1098 1986 1363 2058 (Exstat,
1394 2002 1581 2060 supra
1632 1989 1775 2046 Vitce
1799 1990 1873 2047 B.
1922 1989 2269 2060 Wolphelmi
2320 2005 2479 2048 num.
2536 1994 2648 2064 to.)

796 2300 1227 2389 VERSUS
1320 2300 1463 2390 DE
1568 2302 2093 2406 UTBOQUE
2189 2304 2949 2394 TESTAMENTO.

166 2501 330 2571 (Illos
358 2513 608 2573 quoque
648 2500 793 2559 Vite
818 2502 1083 2560 inseruit
1106 2502 1439 2587 Conr‘adus,
1469 2519 1634 2587 quos,
1660 2507 1731 2563 ut
1753 2510 2099 2587 opusculum
2126 2511 2603 2587 Qe'sacramento
2626 2513 2869 2587 altaris,
2880 2515 3130 2587 propter
3150 2516 3570 2574 connexionem

1092 2587 1214 2644 qua
1248 2574 1440 2632 teatui
1468 2574 1801 2648 adhaerent,
1817 2581 2062 2636 seorsim
2100 2581 2270 2638 edere
2296 2583 2645 2654 noluimus.)

1152 2771 1829 2782 --—-—-——————.—_._...‘t._._e_.___r._&
1850 2778 1855 2781 .
1900 2775 2227 2782 _.....—--—-——

1072 2902 1309 2945 SECULO
1355 2903 1645 2945 UNDECIMO
1690 2906 1972 2960 EXEUN'I‘I-J,
2022 2906 2350 2949 DUODECIMO
2392 2907 2639 2949 INEUNTF'

674 3091 1721 3225 EKKEHABDI
1874 3093 3073 3229 URAUGIENSIS

1465 3367 2254 3498 CHRONICA,

290 3627 778 3717 EDENTE
871 3630 986 3719 V.
1084 3632 1267 3719 CL.
1370 3633 1485 3721 Gr.
1589 3634 1979 3722 WAITZ
2074 3628 2441 3725 PROF.
2541 3636 2901 3725 PUBL.
3004 3637 3426 3729 KILON.

1655 3847 2067 3859 ———._.__

1208 3990 1735 4099 PERTZII
1814 3989 2515 4100 ΡΒιἘῈΑΤΙΟ

659 4171 1240 4230 MONUMENTORUM
1297 4173 1677 4231 GERMANIIE
1737 4174 2258 4232 HIS’I’ORICORUM
2298 4174 2488 4231 ΤΟΜΟ
2539 4173 2661 4228 VIII
2718 4172 3065 4230 PRAEFIXA.

226 4350 565 4424 Scriptores
599 4350 749 4407 torno
765 4350 1064 4422 superiori
1090 4350 1296 4421 editos,
1339 4363 1488 4421 quos
1521 4350 1732 4408 saeculo
1770 4351 2079 4409 undecim
2120 4348 2435 4407 historiam
2470 4347 2872 4407 universaan
2912 4348 3241 4406 tradidisse
3282 4347 3566 4417 vidimus,

157 4436 285 4505 jam
302 4440 411 4510 qui
432 4438 698 4496 eamdem
715 4450 902 4510 usque
927 4439 1009 4495 ad
1031 4438 1296 4496 Conradi
1315 4438 1430 4495 III
1440 4451 1689 4509 regnum
1698 4438 2118 4509 produxerunt
2136 4438 2559 4507 Ekhehardus,
2580 4435 2948 4507 Sigebertus,
2974 4436 3296 4493 annatistcs
3313 4435 3572 4508 Erphes-

167 4523 446 4584 fin-tensis
476 4527 538 4583 et
562 4527 737 4584 Saxo
766 4526 1093 4597 excipiunt.
1134 4526 1391 4591 Quorum
1425 4527 1616 4596 primo
1665 4527 1784 4582 loco
1827 4528 2142 4598 primaque
2182 4527 2308 4583 cice
2352 4523 2608 4582 tenebris
2656 4524 2889 4595 ereptus
2933 4522 3330 4581 Ethehardus
3381 4524 3571 4580 Urau-

162 4611 380 4680 giensis
400 4613 637 4686 prodit.
674 4613 863 4686 Cujus
891 4613 1102 4670 edendi
1131 4627 1263 4670 cum
1280 4615 1419 4684 jam
1445 4614 1584 4670 ante
1603 4614 1824 4685 viginti
1842 4627 2029 4670 annos
2050 4616 2212 4671 ciam
2233 4627 2576 4685 quarerem,
2596 4612 2782 4684 felici
2812 4624 2919 4669 ace
2947 4611 3215 4683 contigit,
3248 4611 3319 4667 ut
3343 4610 3570 4668 codices

165 4703 710 4771 prestantissimos,
744 4715 1000 4773 quorum
1026 4715 1129 4771 ope
1155 4700 1418 4758 Annales
1448 4702 1741 4760 Heinricz.~
1763 4703 1858 4759 IV
1891 4704 1950 4757 et
2000 4703 2047 4756 V
2082 4703 2510 4772 imperatorum
2548 4699 2896 4772 integritati
2929 4698 3407 4767 restituerentur,
3443 4699 3571 4755 tum

169 4801 292 4844 vero
322 4790 381 4845 et
406 4789 671 4847 codicem
697 4789 1134 4861 autographum
1156 4790 1353 4860 priori
1386 4789 1670 4847 (thro-uici
1684 4792 1861 4862 parti
1889 4791 2271 4848 restituenda
2298 4791 2718 4857 necessarium,
2754 4788 2813 4844 et
2828 4787 3085 4843 alterum
3105 4786 3566 4856 autographum,

172 4889 279 4946 quo
310 4876 650 4935 Chronicon
677 4877 816 4936 ante
842 4891 1005 4947 cegue
1033 4877 1301 4948 ignotum
1328 4878 1753 4948 imperatorum
1782 4878 2131 4948 habebatur,
2164 4877 2415 4935 editioni
2442 4876 2659 4932 nostra
2676 4875 3072 4941 vindicarem,
3094 4874 3150 4930 et
3171 4872 3261 4930 ita
3278 4871 3569 4931 subsidiis

173 4962 486 5022 ditissimis
515 4964 799 5031 collectis,
817 4964 1099 5036 fontibus
1127 4978 1361 5036 quoque
1388 4966 1543 5021 unde
1573 4965 1971 5022 Ehhehardus
2010 4964 2318 5032 hauserat,
2348 4965 2587 5035 passim
2628 4961 2935 5026 indicatis,
2978 4959 3205 5019 codices
3243 4959 3309 5016 in
3347 4959 3570 5018 classes

170 5063 304 5108 suas
331 5064 652 5121 secernere,
682 5065 959 5122 namque
987 5052 1272 5109 editionis
1300 5053 1619 5109 consilium
1645 5051 1705 5108 et
1726 5054 2022 5109 rationem
2062 5054 2129 5111 in
2159 5051 2496 5109 Annatibus
2535 5049 2759 5108 nostris
2808 5050 2848 5105 t.
2910 5049 3044 5119 VII,
3078 5061 3268 5120 pagg.
3311 5052 3566 5115 409-509,

161 5151 483 5210 proponere
515 5153 772 5211 possem.
828 5140 937 5198 Via
972 5140 1169 5212 igitur
1195 5140 1534 5212 pate/acta,
1580 5139 1897 5196 editionem
1943 5140 2239 5211 inceptam
2288 5139 2539 5197 Waitzio
2574 5138 2792 5203 nostra,
2832 5150 3009 5208 quem
3038 5137 3183 5209 post
3218 5135 3570 5195 sexennium

172 5224 567 5285 Monumentis
615 5225 991 5286 Germanum
1044 5242 1266 5286 summo
1306 5241 1434 5285 cum
1465 5228 1689 5301 fructu
1728 5228 1993 5285 dicatum
2017 5229 2150 5298 jam
2180 5227 2541 5300 professoris
2579 5226 2973 5283 historiarum
2997 5224 3234 5297 publici
3260 5237 3475 5282 munus
3502 5226 3571 5284 in

175 5314 564 5371 universitate
610 5315 954 5373 Kiloniensi
993 5329 1210 5372 ornare
1240 5316 1572 5387 gaudemus
1612 5315 2032 5373 absolvendum
2067 5315 2362 5374 commissi
2402 5316 2460 5373 et
2498 5315 2799 5388 indefesso
2841 5314 2972 5385 ejus
3018 5325 3198 5384 opera
3235 5312 3570 5371 absolutam

180 5397 484 5459 lectoribus
539 5402 762 5460 nostris
815 5402 988 5461 hodie
1029 5416 1321 5475 propono.
1386 5405 1567 5474 Opere
1624 5403 1786 5475 typis
1841 5405 2132 5475 cupresio,
2193 5418 2327 5461 cum
2380 5417 2580 5460 mense
2640 5400 2978 5474 Septembri
3027 5403 3178 5459 anni
3241 5402 3571 5472 superioris

178 5483 440 5559 Pragam
497 5489 749 5557 adirem,
808 5491 876 5548 in
929 5491 1131 5548 Musca
1184 5491 1495 5548 Bohemico
1543 5493 1781 5563 primus
1837 5492 2063 5549 codicis
2109 5491 2424 5562 cujusdam
2488 5490 2784 5561 incogniti
2839 5490 2900 5546 et
2950 5489 3160 5547 secuto
3213 5502 3292 5545 xu
3355 5488 3570 5559 scripti

182 5574 490 5642 quaternio
550 5576 617 5634 in
661 5570 874 5637 manus
918 5578 1099 5644 venit,
1148 5592 1262 5649 quo
1307 5580 1684 5650 principium
1742 5579 2024 5637 Chronici
2082 5578 2545 5634 Ehhehardiani
2586 5591 2788 5647 usque
2843 5578 2927 5635 ad
2979 5577 3275 5633 Phoronei
3330 5574 3569 5633 circiter
