3950 6320
118 276 233 343 645

1292 278 1736 350 CHRONIGA.
1762 313 1845 331 -
1874 278 2358 348 PROOEMIUM.

3399 270 3521 339 446

122 411 450 486 bergensis,
474 411 574 487 qui
610 427 762 474 nunc
793 427 933 473 vero
964 411 1334 476 bibliotheca;
1367 415 1765 476 Carlsruhanaa
1793 415 1850 477 Α
1882 413 2013 475 nico
2039 413 2497 488 Wirziburgensi
2529 413 2803 486 leguntur
2833 411 2913 471 ita
2955 416 3234 486 provocat.
3281 409 3416 485 (82),
3450 411 3517 470 ut

122 500 323 560 illatus
355 507 445 560 est
479 502 618 575 (77),
656 503 857 561 ultima
906 504 1079 575 hujus
1123 505 1392 564 Chronici
1437 521 1594 579 pars,
1630 507 1702 563 ab
1734 520 1764 563 a

124 589 252 646 inde
284 593 427 648 1057
471 592 827 661 continetur,
860 606 1043 663 eaque
1076 592 1275 662 forma,
1312 608 1481 663 quam
1512 593 1766 652 omnium

123 692 246 734 esse
277 679 749 749 antiquissimam
800 680 968 737 facile
1018 684 1108 737 est
1154 680 1474 738 intellectu.
1506 683 1643 738 Nam
1673 682 1765 738 hic

128 770 340 836 textus,
376 781 548 837 quem
576 769 646 824 Λ.
682 767 992 838 nominavi,
1028 768 1096 824 iis
1146 773 1305 824 caret
1340 770 1765 828 mutationibus

125 853 642 927 additionibusque
671 870 814 928 quas
843 857 1219 915 Ekkehardus
1265 857 1320 915 in
1369 859 1571 916 codice
1604 864 1766 917 auto-

124 943 339 1016 grapho
389 943 492 1016 (1.)
541 947 748 1016 postea
798 944 1092 1003 faciendas
1131 946 1413 1017 judicavit
1456 948 1591 1020 (78).
1622 949 1762 1005 Post

127 1046 173 1087 a.
212 1034 345 1089 1099
376 1030 575 1089 brevis
605 1032 831 1103 adjecta
864 1038 954 1091 est
988 1048 1037 1090 a.
1074 1039 1214 1092 1100
1255 1038 1313 1091 et
1362 1039 1493 1093 1101
1530 1036 1761 1106 notitia,

126 1121 240 1178 sive
272 1121 344 1177 ab
374 1120 744 1192 Ekkehardo,
769 1122 893 1179 sive
912 1136 941 1178 a
966 1122 1187 1179 codicis
1211 1123 1498 1196 scriptore
1532 1126 1607 1182 sit
1632 1140 1767 1183 con-

127 1211 287 1266 fecta.
318 1240 389 1250 —
420 1211 484 1266 In
519 1210 726 1267 eodem
757 1225 897 1268 vero
928 1209 1221 1268 volumine
1261 1213 1393 1270 huic
1439 1215 1763 1285 fragmento

126 1298 519 1370 praemittitur,
547 1298 658 1355 alia
683 1297 785 1355 sed
807 1313 1001 1356 coaeva
1045 1314 1214 1356 manu
1238 1300 1420 1357 nitide
1454 1302 1761 1374 scriptum,

129 1386 295 1440 breve
327 1399 525 1441 rerum
556 1384 690 1440 inde
723 1386 795 1440 ab
826 1385 968 1441 orbe
998 1386 1235 1444 condito
1265 1392 1565 1458 gestarum
1590 1389 1765 1445 Chro-

127 1472 308 1542 nicon,
337 1472 409 1530 ad
440 1486 656 1529 annum
710 1487 891 1545 usque
922 1476 1058 1530 1057
1090 1473 1423 1548 deductum,
1458 1476 1537 1533 ita
1570 1481 1633 1533 ut
1665 1474 1762 1533 illa

126 1560 546 1617 Ekkehardiani
570 1559 705 1616 libri
731 1561 1018 1634 particula
1041 1562 1148 1619 hoc
1172 1564 1594 1634 quodammodo
1611 1564 1765 1622 exci-

126 1662 258 1720 pere
288 1647 580 1706 videatur.
617 1649 786 1706 Certe
826 1664 941 1706 non
988 1650 1230 1708 fortuito
1274 1656 1585 1724 utrumque
1630 1668 1766 1710 con-

1879 504 2133 562 alienum
2166 519 2314 577 opus
2344 503 2485 561 satis
2506 508 2709 575 aperte
2736 500 2993 559 indicare
3016 501 3301 558 videatur.
3329 501 3518 566 Quare

1882 593 2207 650 Chronicon
2229 592 2723 663 Wirziburgcnse,
2750 590 2903 663 quod
2933 590 3107 646 etiam
3139 588 3367 657 longius
3398 602 3522 663 per-

1879 681 2118 739 ductum
2153 682 2331 738 fuisse
2363 681 2498 738 alibi
2531 680 2863 751 suspicatus
2894 693 3021 735 sum
3046 678 3160 748 (83)
3185 676 3455 747 quodque
3489 688 3519 730 a

1876 768 2147 840 pluribus
2180 770 2351 826 medii
2401 769 2508 825 aevi
2559 768 2951 839 scriptoribus
3006 767 3119 837 (84)
3167 765 3381 821 lectum
3430 770 3519 821 est

1876 861 2051 930 atque
2101 858 2481 929 exscriptum.
2519 871 2629 913 non
2662 856 2813 912 inter
2844 868 3020 927 opera
3053 853 3156 911 sed
3190 853 3343 910 inter
3376 867 3521 924 prae-

1874 946 2082 1019 cipuos
2140 945 2463 1003 Ekkehardi
2525 946 2714 1002 fontes
2772 942 3139 1001 referendum
3195 944 3337 1015 puto
3382 941 3516 1013 (85).

1876 1034 2065 1101 Quare
2114 1049 2322 1093 nomen
2371 1034 2557 1106 ipsius
2589 1035 2921 1105 p.17—32
2967 1030 3244 1089 editionis
3297 1034 3519 1088 nostra:

1876 1123 2131 1180 lectores
2162 1122 2395 1180 deleant
2435 1122 2624 1178 velim.

1943 1212 2066 1266 Jam
2100 1224 2239 1267 vero
2281 1210 2351 1266 ad
2382 1208 2783 1266 Ekkehardum
2817 1212 3197 1265 revertamur.
3246 1207 3369 1262 Non
3419 1205 3518 1262 diu

1875 1298 2025 1356 enim
2058 1298 2113 1354 in
2143 1313 2318 1370 opere
2365 1298 2466 1353 illo
2525 1296 2840 1368 acquievit,
2874 1295 2975 1353 sed
3034 1310 3167 1351 mox
3224 1294 3281 1350 id
3333 1296 3521 1349 retra-

1872 1385 2146 1444 ctandum
2170 1391 2226 1442 et
2251 1386 2709 1443 continuandum
2741 1384 3023 1456 suscepit.
3053 1385 3216 1439 Anno
3245 1386 3375 1436 1101
3405 1381 3522 1436 iter

1875 1473 1933 1530 in
1981 1477 2198 1532 terram
2261 1478 2520 1530 sanctam
2589 1472 2867 1544 suscepit,
2922 1470 3193 1543 sequenti
3245 1483 3519 1526 reversus

1873 1562 2109 1618 Romam
2153 1561 2316 1631 adiit,
2365 1561 2443 1617 ibi
2488 1561 2818 1633 paschalem
2875 1561 3125 1617 bannum
3173 1571 3314 1628 erga
3350 1556 3517 1613 Hein-

1875 1650 2058 1706 ricum
2078 1649 2487 1722 imperatorem
2513 1649 2975 1721 promulgantem
2998 1646 3241 1715 audivit,
3266 1643 3516 1716 indeque

122 1737 378 1807 junctum
424 1750 581 1809 esse,
616 1738 891 1809 putarim,
942 1740 1206 1809 quamvis
1249 1754 1362 1798 non
1413 1741 1584 1798 unius
1633 1757 1762 1800 esse
1789 1766 1844 1828 B
1876 1737 1932 1792 in
1966 1737 2211 1809 patriam
2244 1751 2554 1807 regressus
2585 1742 2698 1793 est.
2732 1738 2888 1793 Tunc
2921 1734 3100 1791 multa
3132 1734 3365 1790 viderat
3388 1732 3515 1828 ipse

127 1824 314 1895 operis
361 1828 572 1895 partes
618 1824 752 1881 inde
797 1829 1017 1897 pateat,
1074 1828 1226 1898 quod
1276 1842 1407 1885 cum
1456 1827 1598 1885 illud
1644 1830 1761 1901 jam

128 1910 366 1968 Heinrici
396 1912 479 1969 IV
507 1912 671 1969 initia
701 1913 937 1983 referat,
970 1914 1079 1971 hoc
1126 1915 1197 1971 ab
1243 1915 1448 1972 iisdem
1501 1918 1759 1989 incipiat,

130 2000 312 2072 sicque
339 2001 500 2057 idem
526 2000 614 2058 bis
635 2001 925 2058 similibus
948 2002 1144 2059 verbis
1164 2003 1410 2073 legatur.
1439 2005 1761 2064 Chronicon

132 2088 258 2145 illud
309 2087 427 2144 dixi
487 2088 983 2161 Wirziburgense,
1031 2105 1100 2148 eo
1150 2093 1306 2164 quod
1353 2093 1761 2166 episcoporum

131 2176 686 2247 Wirziburgensium
704 2177 965 2235 ordinem
992 2179 1205 2251 ubique
1227 2186 1501 2240 accurate
1524 2182 1765 2253 diligen-

134 2268 321 2336 terque
336 2265 530 2322 indica
541 2270 663 2322 tum
680 2266 1190 2338 reperi.Praeterea
1204 2274 1429 2326 tantum
1444 2286 1557 2326 non
1572 2272 1762 2329 omnia

135 2369 196 2409 ex
215 2354 465 2410 fontibus
490 2354 708 2410 hausta
732 2358 867 2411 sunt
891 2356 1515 2430 notissimis,Josepho,
1535 2360 1760 2430 Oresio,

136 2441 358 2512 Isidoro,
394 2441 575 2512 Beda,
623 2442 784 2498 Pauli
830 2443 1067 2499 Diaconi
1106 2445 1357 2500 Historia
1409 2447 1661 2504 Romana
1706 2453 1761 2505 et

141 2529 662 2601 Langobardorum,
700 2530 1066 2603 Fredegario,
1121 2532 1393 2588 Einhardi
1445 2535 1764 2592 Annalibus

139 2618 326 2688 quibus
360 2619 613 2674 fortasse
648 2617 778 2674 addi
812 2624 1061 2689 possunt
1093 2621 1281 2677 Rulini
1304 2622 1556 2678 Historia
1579 2623 1766 2681 eccle-

138 2706 353 2762 siastica
385 2706 499 2778 (79)
538 2711 603 2761 et
630 2707 800 2763 Gesta
831 2708 1218 2765 Romanorum
1254 2710 1591 2779 pontificum
1618 2713 1763 2783 (80),

139 2808 242 2865 pra:
287 2794 520 2850 caeteris
557 2809 697 2850 vero
730 2794 1011 2866 Epilome,
1038 2795 1262 2867 qualem
1314 2813 1384 2852 ex
1432 2799 1763 2855 Herimanni

139 2881 418 2951 Augiensis
446 2882 745 2938 Chronico
779 2883 985 2938 factam
1030 2883 1294 2939 novimus
1325 2883 1459 2957 (81),
1495 2885 1565 2941 ab
1602 2886 1766 2944 initio

139 2984 298 3039 usque
344 2971 414 3027 ad
461 2970 641 3025 finem
697 2969 992 3041 descripta
1042 2976 1151 3027 est.
1197 2972 1277 3026 Ex
1326 2972 1434 3027 hoc
1484 2988 1660 3044 opere
1708 2975 1765 3030 in

139 3056 431 3113 Ekkehardi
448 3058 783 3115 Chronicon
799 3058 1129 3114 universale
1144 3059 1566 3131 quamplurima
1585 3065 1768 3119 trans-

140 3144 257 3201 iisse
287 3152 439 3218 patet
471 3150 747 3217 aspectu.
786 3147 922 3203 Cum
973 3162 1109 3203 vero
1161 3148 1393 3203 eosdem
1424 3148 1767 3221 plerumque

141 3234 308 3290 fontes
334 3235 384 3290 in
415 3239 675 3305 utroque
694 3248 871 3305 opere
895 3234 1191 3290 adhibitos
1212 3235 1490 3306 viderem,
1508 3237 1767 3294 eamdem

138 3320 241 3375 fere
272 3338 458 3378 rerum
490 3321 994 3393 disponendarum
1038 3323 1323 3377 rationem
1371 3322 1767 3395 deprehende-

137 3423 262 3478 rem,
287 3409 537 3482 denique
576 3414 887 3480 utrumque
923 3424 1034 3465 uno
1068 3410 1357 3466 volumine
1390 3412 1763 3481 conjunctum

139 3494 449 3567 invenirem,
486 3512 700 3570 parum
732 3498 935 3553 aberat
966 3497 1101 3568 quin
1153 3499 1327 3554 etiam
1361 3500 1508 3555 hanc
1543 3501 1767 3557 brevio-

138 3597 242 3638 rem
282 3585 591 3642 historiam
642 3584 981 3641 Ekkehardo
1030 3585 1399 3641 tribuendam
1450 3602 1580 3643 esse
1629 3587 1765 3644 mihi

140 3673 559 3742 persuaderem.
590 3672 798 3728 Obstat
819 3677 1008 3728 tamen
1029 3673 1183 3745 quod
1214 3687 1401 3744 neque
1432 3674 1766 3747 Fredegarii

137 3761 618 3818 continuationem
635 3775 822 3831 neque
838 3762 1010 3818 Gesta
1027 3761 1364 3833 pontificum
1378 3763 1766 3822 Romanorum

140 3845 187 3901 in
209 3861 400 3918 magno
422 3847 719 3904 Chronico
741 3847 1077 3903 adornando
1102 3848 1478 3906 Ekkehardus
1501 3851 1764 3916 adhibet;

141 3948 250 4004 quae
280 3937 371 3992 vix
402 3935 798 4007 neglexisset,
831 3936 877 3991 si
912 3936 983 3992 ad
1012 3952 1215 3992 manus
1248 3937 1578 4006 habuisset;
1612 3940 1764 4010 quod

141 4036 234 4078 non
281 4039 501 4097 semper
561 4022 714 4079 idem
765 4023 909 4079 ordo
958 4023 1227 4095 idemque
1262 4038 1455 4081 sermo
1486 4028 1762 4100 occurrit,

142 4108 363 4185 denique
386 4111 540 4184 quod
566 4110 945 4169 Ekkehardus
968 4110 1149 4169 semel
1172 4112 1243 4169 ad
1264 4126 1330 4169 ea
1355 4127 1482 4185 qua:
1506 4113 1561 4169 in
1593 4114 1767 4171 Chro-

1874 1825 1967 1882 vel
1998 1826 2069 1880 ab
2098 1824 2228 1882 aliis
2249 1830 2557 1897 acceperat
2582 1824 2770 1881 relatu
2794 1824 2985 1894 digna,
3012 1826 3153 1879 tunc
3177 1820 3503 1892 praesertim

1875 1912 2327 1985 deexpeditione
2350 1912 2533 1985 prima
2556 1912 2978 1969 cruciferorum
3006 1909 3185 1966 multa
3209 1914 3380 1965 antea
3401 1906 3512 1979 ipsi

1874 2002 2070 2072 ignota
2118 1999 2459 2070 collegerat.
2510 2002 2644 2057 Haec
2689 1998 2893 2072 procul
2955 1998 3135 2056 dubio
3183 1997 3294 2054 fuit
3340 2009 3516 2053 causa

1875 2089 2026 2161 quod
2060 2090 2118 2146 in
2148 2089 2349 2147 codice
2379 2103 2549 2160 quem
2580 2090 2860 2146 habemus
2890 2085 3255 2158 autographo
3288 2100 3339 2142 a.
3374 2087 3515 2142 1098

1873 2182 1932 2234 et
1964 2181 2102 2235 1099
2129 2175 2443 2235 Historiam
2476 2176 2691 2235 delevit
2725 2189 3047 2246 novamque
3068 2187 3312 2245 eamque
3336 2170 3519 2229 fusio-

1875 2279 1996 2322 rem
2044 2281 2238 2323 rerum
2283 2270 2425 2323 tunc
2474 2270 2770 2335 gestarum
2821 2263 3214 2320 narrationem
3262 2274 3514 2318 exorsus

1874 2357 1961 2413 est
1997 2354 2130 2426 (86),
2165 2368 2335 2426 quam
2369 2354 2492 2412 sive
2521 2353 2744 2411 calamo
2775 2352 3051 2409 continuo
3079 2351 3202 2408 sive
3232 2348 3518 2421 temporis

1877 2443 2132 2500 decursu
2162 2443 2232 2500 ad
2280 2457 2330 2499 a.
2368 2457 2550 2513 usque
2598 2442 2736 2500 1106
2786 2438 3171 2499 continuavit.
3225 2439 3340 2494 Hac
3390 2436 3525 2494 libri

1877 2536 2044 2603 parte
2074 2532 2256 2601 magis
2293 2531 2567 2589 Ecclesiae
2593 2532 2767 2601 favet,
2795 2543 2905 2587 non
2928 2526 3183 2585 Heinrici
3218 2526 3528 2598 imperato-

1878 2618 1979 2689 ris,
2000 2619 2103 2675 sed
2130 2618 2380 2675 filiorum
2406 2618 2709 2675 rebellium
2748 2622 2947 2689 partes
2975 2615 3091 2685 agit
3114 2612 3247 2685 (87),
3276 2626 3525 2685 praser'

1878 2706 1979 2762 tim
2006 2706 2270 2777 quintum
2294 2706 2647 2774 Heinricum,
2669 2705 2838 2776 cujus
2868 2704 3072 2776 prima;
3106 2702 3286 2759 curias
3318 2715 3349 2757 a
3385 2703 3525 2758 1105

1876 2795 2188 2852 Northusae
2214 2795 2413 2851 aderat
2436 2792 2571 2865 (88),
2594 2793 2870 2850 laudibus
2893 2791 3081 2848 effert.
3109 2788 3324 2846 Eodem
3347 2802 3525 2846 sensu

1878 2888 2017 2940 tunc
2050 2883 2228 2940 etiam
2261 2882 2318 2938 in
2352 2882 2534 2955 prima
2560 2881 2693 2937 libri
2714 2885 2881 2953 parte
2905 2879 3167 2951 quaedam
3193 2876 3285 2933 vel
3309 2874 3527 2933 delevit

1877 2971 1969 3027 vel
2018 2971 2261 3028 mutavit
2315 2971 2449 3042 (89),
2501 2970 2635 3027 hinc
2681 2968 2813 3025 inde
2860 2968 3037 3025 etiam
3080 2978 3343 3023 errorem
3394 2978 3524 3022 cor-

1879 3059 2028 3116 rexit
2058 3058 2201 3131 (90).

1951 3149 2150 3221 Neque
2190 3151 2388 3205 tamen
2436 3148 2488 3204 in
2539 3147 2631 3203 his
2678 3146 2947 3204 substitit
2995 3148 3221 3202 auctor.
3256 3141 3527 3200 Heinrico

1880 3240 2093 3307 quarto
2125 3237 2249 3295 seni
2280 3251 2457 3293 exoso
2488 3238 2817 3293 succsserat
2854 3233 3087 3304 juvenis
3124 3231 3427 3289 Heinricus
3458 3229 3523 3286 V.

1880 3323 1998 3394 qui,
2037 3330 2222 3396 patre,
2258 3327 2509 3393 mortuo,
2544 3321 2821 3379 Ecclesia)
2855 3328 2914 3378 et
2966 3320 3196 3392 imperii
3243 3318 3526 3376 unitatem

1878 3411 2192 3469 restituere
2216 3412 2546 3481 videbatur,
2569 3411 2815 3481 ideoque
2837 3423 3062 3466 summo
3084 3407 3291 3479 plausu
3317 3406 3388 3462 ab
3410 3420 3528 3461 om-

1878 3499 2051 3557 nibus
2081 3503 2173 3556 est
2206 3504 2512 3572 exceptus.
2542 3500 2659 3556 Hoc
2691 3498 2866 3555 etiam
2898 3493 3298 3553 Ekkebardum
3326 3492 3523 3562 movit,

1879 3590 1940 3643 ut
1958 3587 2111 3658 stylo
2126 3588 2380 3659 quietem
2395 3588 2709 3658 denegaret
2723 3600 2971 3657 eumque
2985 3582 3240 3641 Heinriei
3255 3580 3527 3639 laudibus

1879 3674 2281 3733 describendis
2311 3675 2700 3733 libentissime
2728 3677 2988 3731 voveret.
3018 3673 3134 3729 Hoc
3172 3670 3299 3743 ipse
3331 3667 3530 3742 praela-

1878 3763 2039 3821 tione
2073 3764 2405 3837 profitetur,
2432 3778 2602 3835 quam
2635 3761 2907 3819 Heinrico
2940 3757 3191 3821 nondum
3216 3758 3526 3830 imperato-

1879 3866 1963 3922 re,
1989 3852 2102 3907 imo
2133 3865 2269 3921 rege
2300 3851 2400 3907 vix
2432 3850 2777 3920 constituto,
2813 3848 2870 3905 id
2899 3851 2990 3905 est
3022 3862 3076 3903 a.
3108 3849 3243 3902 1106
3266 3845 3361 3901 vel
3385 3847 3525 3901 1107

1881 3939 2163 4011 scriptam
2192 3953 2323 3997 esse
2356 3942 2515 4010 patet
2556 3937 2690 4009 (91).
2724 3937 2881 3993 Hanc
2924 3935 3190 4008 sequitur
3221 3930 3354 3989 anni
3389 3935 3527 3988 1106

1883 4028 2142 4086 Historia
2182 4026 2370 4100 ampla
2400 4031 2478 4098 et,
2505 4026 2617 4083 nisi
2641 4025 2810 4083 valde
2833 4023 3020 4096 fallor,
3047 4024 3103 4081 in
3127 4021 3335 4080 mediis
3358 4019 3528 4076 moti-

1883 4116 1991 4175 bus
2023 4116 2266 4190 scripta.
2295 4116 2436 4173 Nam
2459 4114 2789 4172 Heinricum
2808 4113 2877 4170 IV
2899 4111 3096 4171 verbis
3118 4106 3525 4169 acerbissimis

1689 4221 1891 4278 ΝΟΤᾹΞ
1905 4262 1921 4279 .

332 4336 395 4391 V.
431 4335 606 4403 infra,
642 4333 758 4390 col.
790 4334 912 4391 455.

222 4404 303 4477 78)
332 4407 394 4462 ν.
434 4421 486 4463 a.
523 4407 687 4477 1072,
720 4407 877 4473 1085,
909 4404 1069 4470 1096,
1104 4404 1260 4474 1097,
1296 4404 1452 4462 1098.
1502 4408 1654 4463 1099.

220 4476 302 4534 79)
333 4476 452 4534 Col.
487 4479 614 4533 472.

223 4547 307 4605 80)
336 4547 453 4605 Col.
497 4548 624 4603 482.

222 4615 304 4686 81)
333 4619 397 4672 ν.
432 4618 584 4674 Mon.
615 4615 709 4671 SS.
742 4615 808 4686 V,
845 4631 898 4686 p.
928 4619 1017 4673 73.

336 4657 1769 4767 deﬁge39021432;jecbysquagromcnm

141 4755 380 4828 aotam.
414 4755 695 4828 Sequitu‘r
726 4757 879 4828 quod
912 4755 1014 4828 ibi,
1038 4755 1150 4813 col.
1186 4757 1289 4828 473
1321 4758 1444 4828 475,
1471 4762 1765 4827 narratur,

145 4825 224 4899 hic
249 4842 379 4899 vero
400 4825 523 4899 tam
552 4841 683 4899 cum
715 4825 1056 4899 vulgaribus
1089 4825 1401 4883 cantilenis
1431 4825 1602 4898 quam
1635 4825 1766 4885 cum

142 4897 389 4969 Iordanis
420 4897 706 4969 relatione
734 4897 1129 4969 comparatur.

204 4968 399 5093 (ἔδῃ.
434 4982 564 5040 quae
595 4968 649 5023 in
690 4965 1034 5039 praefatione
1080 4965 1151 5024 ad
1201 4966 1545 5026 annalistam
1596 4968 1770 5027 Saxo-

204 5062 205 5081 ³
324 5054 422 5093 ικι.

144 5049 256 5093 nem
285 5049 422 5094 lel.

206 5106 310 5176 (84)
342 5107 746 5181 Ab‘annalista
778 5108 1003 5181 Saxone
1046 5110 1104 5164 et
1136 5108 1216 5181 min
1248 5107 1574 5181 annalibus
1623 5124 1772 5181 quos

147 5173 329 5259 dicunt
371 5177 1221 5259 Wirziburgenses‘gﬂon._§s.
1247 5179 1405 5259 ll,‘p.
1441 5182 1592 5259 239)z
1623 5173 1769 5259 quos

150 5248 348 5319 rectius
382 5249 693 5319 vocaveris
741 5248 792 5319 S.
848 5248 1054 5304 Albani
1106 5248 1497 5319 Moguntinos.
1546 5248 1662 5308 Hos
1712 5252 1769 5311 in

149 5316 1098 5388 annalibus,Hildesheimensibus,
1133 5316 1576 5379 Er'fortensibus
1621 5326 1681 5378 et
1711 5324 1764 5379 S.

148 5383 399 5460 Dysibodi
429 5387 758 5460 descriptos
786 5404 942 5459 esse,
976 5383 1115 5446 alibi
1157 5390 1484 5460 ostendam.

153 5520 161 5529 ,
207 5456 698 5533 (85)__Herima_n'n_i
743 5474 884 5516 vero
926 5456 1241 5533 'Augiensis
1284 5460 1615 5533 .Chrronicon
1652 5462 1769 5533 jam

151 5527 286 5604 inter
310 5527 632 5604 threhardi
666 5530 853 5604 fontes
871 5527 1089 5604 referri
1122 5529 1326 5604 nequit
1358 5531 1454 5604 (cf.
1490 5527 1765 5604 MonfSS.

154 5591 210 5651 ιι.
240 5612 289 5670 ρ.
320 5602 459 5665 238;
489 5599 587 5670 ιιι,
619 5614 675 5671 p.
721 5601 823 5667 20;
870 5601 934 5656 v.
986 5617 1039 5673 p.
1080 5591 1313 5672 73).'—-
1358 5591 1441 5664 Ex
1488 5601 1771 5664 Chronico

201 4336 221 4757 Ξ

1798 4342 1850 4401 D
1880 4337 2215 4410 Wirziburg
2245 4338 2420 4395 etiam
2452 4352 2653 4409 regum
2677 4340 2735 4394 et
2760 4337 3176 4410 imperatorum
3210 4338 3327 4410 tam
3358 4335 3537 4392 Caro.

1883 4408 2170 4489 lingorum
2186 4408 2666 4496 quam§axonum
2688 4408 3059 4480 genealogias
3076 4408 3343 4479 sumptas
3364 4420 3526 4496 esse,

1875 4478 1994 4548 jam
2026 4478 2217 4548 supra
2235 4494 2290 4534 n.
2327 4484 2394 4537 59
2424 4480 2567 4536 dixi.

1952 4550 2065 4631 (εδ)
2098 4544 2162 4606 νο
2219 4550 2390 4632 ira.
2436 4550 2727 4632 col-.912.
2778 4553 2837 4632 οι
2886 4544 3525 4632 Archiv-111.247,?-

1881 4587 2397 4698 Lp‘é’éfpéém"ig'éﬁi
2422 4587 2573 4698 ἑξξῆ
2605 4587 3205 4698 ii'ino‘SiaS‘rB‘Eié'ggg
3235 4587 3526 4698 dedisset,

1881 4690 1989 4746 nisi
2015 4691 2433 4762 Hierosolymis
2459 4692 2672 4748 librum
2695 4692 2825 4762 ejus
2840 4690 3165 4762 argumenti
3184 4690 3526 4758 invenisset,

1881 4776 2054 4836 quem
2084 4757 2421 4836 exscribere
2450 4762 2685 4836 nolebat
2716 4757 2850 4831 (col.
2887 4757 3071 4836 9'72);
3237 4824 3248 4836 ,

1951 4832 2065 4907 (87)
2126 4834 2447 4907 Conradus,
2507 4832 2577 4907 de
2646 4828 2784 4907 quo
2824 4845 2877 4907 a.
2940 4828 3451 4907 1093‘scripserat
3512 4846 3525 4882 :

1882 4894 2279 4979 Cligw'm'edus
2310 4894 2485 4979 ﬁlius
2526 4894 2991 4979 imperatoris—
3009 4894 3177 4970 patri
3205 4894 3528 4979 facere“?

1878 4971 2245 5050 infamatur,
2270 4966 2495 5050 a.’__1099
2526 4966 2799 5050 laudatur
2830 4970 2915 5050 vir
2944 4966 3049 5050 pe’r
3068 4966 3258 5050 omnia
3279 4966 3531 5023 catholi-

1880 5040 1988 5115 cus
2016 5048 2077 5099 et
2107 5040 2444 5115 apostolicae
2476 5042 2599 5115 sedi
2633 5040 3123 5113 subjectissimus,
3156 5041 3271 5095 etc.

1975 5116 2064 5177 88)
2098 5113 2161 5169 VI
2198 5113 2366 5183 infra,
2403 5114 2515 5171 col.
2550 5118 2681 5170 991.

1975 5186 2065 5255 89)
2094 5186 2157 5240 V.
2194 5199 2368 5255 supra
2419 5199 2473 5240 n.
2509 5189 2598 5243 83.

1976 5255 2065 5320 90)
2101 5256 2163 5309 A.
2200 5255 2337 5309 1085
2362 5271 2377 5320 ;
2407 5255 2478 5312 cf.
2511 5269 2562 5310 a.
2592 5259 2747 5310 1072.

1975 5320 2065 5393 91)
2091 5324 2263 5396 Infra,
2278 5323 2389 5396 col.
2407 5328 2528 5381 999.
2545 5326 2683 5396 Tota
2704 5340 2818 5396 prae
2829 5320 3350 5396 fatioidostendit.
3368 5322 3522 5379 Nota

1884 5391 2210 5465 praesertim
2226 5391 2403 5450 verba
2421 5412 2433 5450 :
2457 5391 2844 5465 Tef—tan'dem
2854 5394 3027 5452 etaim
3038 5391 3422 5465 impetratum
3432 5407 3529 5450 ca-

1875 5462 2376 5537 put—Romanus
2399 5479 2429 5521 a
2454 5464 2676 5537 pulveri
2696 5462 3262 5537 jam_expergis_?:ens
3284 5462 3524 5537 orbis—-

1888 5532 2164 5606 Tempus;
2174 5550 2271 5593 am
2290 5532 2518 5593 omisso
2533 5532 2858 5592 miserandi
2878 5532 2977 5592 ,ςὰὶ
3000 5532 3316 5606 testentur,
3335 5532 3404 5589 de
3422 5533 3530 5606 tjua

1881 5603 2416 5679 inde?e,e'tc.Beata
2430 5606 2547 5665 erit
2556 5606 2718 5678 «ει-θ
2728 5604 3367 5677 loriasiorproducetur
3379 5603 3526 5663 cata:
