3950 6312
445 282 562 350 44⁸7

1590 284 2071 357 EKKEHARDI
2113 283 2667 360 URAUGIENSIS

3717 294 3818 364 448

451 421 800 496 insectatur,
835 420 1022 497 ipsum
1057 427 1328 498 tanquam
1358 424 1828 500 haeresiarcham,
1861 433 2090 500 aposta-
2117 426 2174 488 A
2203 423 3160 504 labe/actam,etqualiterdeinde
3181 427 3818 503 Romanumimperium

455 514 593 579 tam,
631 513 953 569 animarum
975 521 1409 586 persecutorem
1433 516 1698 574 omnibus
1721 515 2092 574 contumeliis
2191 532 2304 588 per
2329 521 2726 578 successiones
2762 535 2971 592 regum
2998 521 3179 578 istius
3193 518 3394 592 gentis
3414 519 3817 581 excellentissi-

455 598 690 667 dignum
736 600 934 671 habet,
965 602 1208 672 ejusque
1257 605 1514 660 fautores
1555 605 1783 661 ardenti
1827 617 2090 660 sermone

454 687 826 758 perstringit.
855 688 1228 746 Ekkehardus
1260 695 1397 748 tunc
1430 692 1624 748 Ottoni
1657 691 2088 762 Bambergensi,

456 775 553 846 qui
589 775 710 846 regi
735 775 952 847 juniori
987 794 1049 836 se
1079 778 1406 850 addixerat,
1441 779 1703 839 adhaesit.
1739 780 1918 847 Quem
1944 795 2092 836 anno

455 864 594 920 1106
624 878 755 922 cum
788 864 918 922 aliis
962 867 1118 936 regis
1163 867 1375 938 legatis
1421 869 1657 926 Romam
1705 870 1946 927 missum
1979 868 2088 940 (92)

453 955 770 1009 comitatus
818 967 951 1010 esse
996 954 1254 1026 videtur,
1304 960 1468 1012 certe
1518 957 1649 1013 anni
1693 957 1804 1014 ﬂne
1845 955 2091 1013 concilio

454 1039 771 1097 Guastaliis
817 1041 1016 1099 habito
1064 1043 1250 1100 adfuit
1297 1045 1430 1116 (93).
1467 1045 1567 1102 His
1610 1045 1991 1117 temporibus,
2027 1049 2092 1102 ut

453 1141 631 1199 supra
667 1129 938 1202 vidimus,
971 1130 1152 1190 abbas
1182 1134 1540 1192 constitutus
1570 1139 1662 1190 est
1690 1133 2086 1204 Uraugiensis,

454 1217 511 1271 et
545 1217 824 1289 deinceps
872 1232 986 1276 non
1035 1220 1224 1278 solum
1271 1221 1546 1294 episcOpo
1596 1223 1698 1280 sed
1741 1223 1914 1279 etiam
1965 1222 2088 1292 regi

453 1303 727 1362 Heinrico
751 1305 796 1360 V
820 1306 1216 1366 familiaritate
1247 1309 1594 1380 conjunctus
1626 1311 1804 1367 fuisse
1831 1309 2084 1367 videtur.

524 1392 750 1448 Etenim
807 1407 909 1450 rex
960 1409 1030 1454 eo
1087 1401 1346 1470 tempore
1401 1413 1514 1470 quo
1546 1397 1780 1470 nuptias
1807 1413 1938 1456 cum
1971 1396 2089 1454 ﬁlia

454 1481 613 1550 regis
643 1481 870 1554 Anglici
901 1484 1312 1544 celebraturus
1343 1490 1471 1543 erat
1502 1485 1842 1543 Ekkehardo
1873 1499 2092 1558 praece-

454 1568 536 1639 pit
569 1575 632 1626 ut
664 1570 1078 1643 imperatorum
1102 1573 1413 1632 Historiam
1447 1575 1571 1630 sive
1604 1575 1924 1632 Chronicon
1956 1575 2090 1632 inde

453 1671 482 1712 a
517 1657 708 1714 Caroli
739 1657 922 1729 Magni
956 1662 1316 1733 temporibus
1348 1676 1533 1734 usque
1563 1663 1634 1719 ad
1664 1676 1825 1721 suam
1857 1668 2089 1720 atatem

2197 608 2750 680 megubernaretur,
2767 611 2980 667 ceteris
3000 609 3298 667 chronicis
3318 607 3716 666 relationibus
3742 625 3817 667 ee-

2200 694 2402 766 clusis,
2419 698 2764 769 competenti
2787 697 3074 756 brecitate
3093 709 3282 768 usque
3313 694 3397 752 ad
3426 695 3553 753 hac
3586 697 3817 768 tempore

2201 783 2484 854 digerere.
2532 786 2779 845 Primus
2818 786 3016 856 igitur
3064 783 3216 842 liber
3259 783 3333 841 ab
3379 783 3618 856 origine
3655 783 3818 844 Fran-

2199 885 2399 930 corum
2420 887 2531 945 per
2559 888 2809 946 regnum
2831 873 3094 946 ejusdem
3109 872 3312 944 gentis
3335 872 3598 944 tempora
3619 872 3815 931 discur-

2193 961 2300 1017 rit.
2316 962 2628 1021 Secundus
2644 963 2794 1022 liber
2803 961 2878 1021 ab
2891 962 3140 1034 imperio
3153 961 3314 1018 Koro
3321 961 3368 1018 li
3379 959 3596 1033 Magni
3615 963 3814 1019 cuncto-

2195 1061 2334 1106 rum
2360 1063 2758 1110 successorum
2786 1051 2918 1122 ejus
2945 1050 3244 1123 regimina
3271 1049 3560 1122 actusque
3590 1047 3815 1108 breviter

2198 1137 2380 1210 atque
2405 1152 2592 1198 annos
2619 1138 2897 1199 includit.
2928 1138 3170 1197 Tercius
3201 1138 3401 1195 autem
3431 1135 3588 1196 liber
3615 1135 3816 1196 orditur

2199 1226 2340 1284 acta
2363 1228 2545 1299 atque
2573 1226 2797 1300 agenda
2823 1227 3004 1299 hujus
3035 1225 3238 1298 quinti
3264 1224 3582 1295 Heinrici;
3597 1239 3706 1298 que
3718 1227 3814 1286 uti-

2195 1328 2337 1371 nam
2365 1328 2484 1372 non
2494 1316 2740 1388 possent
2759 1315 3076 1372 terminari
3097 1315 3305 1388 aliqua
3315 1315 3464 1386 jlne,
3490 1315 3604 1371 aut
3627 1315 3815 1372 saltem

2199 1401 2592 1461 terminentur
2586 1403 2930 1477 postmulta
2951 1401 3258 1462 curricula
3279 1413 3593 1473 annorum,
3609 1401 3673 1460 in
3685 1400 3815 1460 bona

2199 1489 2392 1548 etDeo
2424 1490 2563 1549 bene
2591 1491 2944 1564 complacita
2972 1489 3308 1548 senectute!

2271 1579 2477 1651 Incipit
2511 1579 2732 1651 primus
2763 1579 2930 1649 liber,
2958 1583 3021 1634 ut
3043 1591 3219 1649 supra
3245 1575 3563 1646 indicatur,
3585 1575 3815 1649 capitulo

2201 1667 2286 1723 De
2311 1667 2546 1738 origine
2570 1666 2956 1738 Francorum,
2982 1666 3181 1724 verbis
3212 1684 3226 1720 :
3253 1664 3626 1724 Francorum
3643 1665 3816 1739 gentis

452 1753 846 1840 componeret.
891 1749 971 1805 De
1022 1763 1144 1840 quo
1181 1750 1367 1840 ipsum
1395 1750 1724 1840 audiamus
1768 1756 2086 1824 auctorem,
2117 1777 2174 1840 Β
2202 1757 2454 1815 exordia
2472 1757 2830 1828 Deantiqua
2849 1753 3810 1830 Trojanorumprodiereprosapia.

455 1833 553 1903 qui
585 1832 738 1892 libro
769 1833 915 1893 hanc
945 1837 1232 1908 praemisit
1260 1838 1678 1911 prmfationem.

525 1989 734 2033 INCIPIT
761 1991 1052 2036 rnonoeus
1093 1994 1398 2045 SEQUENTIS
1448 1995 1719 2040 cunomcr
1749 1981 1768 2016 ί
1796 1996 2014 2039 ουειιιε.

533 2099 1004 2164 Quamlibetrem
1003 2101 1130 2175 pub
1139 2103 1317 2161 licam
1330 2104 1582 2163 testatur
1602 2105 1838 2164 Tullius
1844 2106 2096 2179 felicem

457 2185 600 2256 fore,
625 2188 682 2244 si
708 2189 809 2245 oel
832 2202 873 2246 a
897 2189 1271 2261 sapientibus
1295 2191 1566 2263 regatur,
1591 2206 1684 2252 eos
1713 2193 1822 2265 qui
1851 2207 1981 2250 eam
2005 2206 2094 2250 re-

450 2275 664 2330 uerint
679 2275 918 2333 studere
933 2277 1245 2349 contingat
1259 2280 1588 2351 sapientia,
1609 2283 1741 2339 sine
1760 2295 1882 2352 qua
1901 2282 2095 2354 ipsam

450 2361 876 2430 fortitudinem
888 2366 1314 2437 constatusque
1324 2368 1406 2425 ad
1415 2382 1622 2425 nomen
1635 2370 1990 2428 temeritatis
2000 2369 2094 2426 de-

448 2465 758 2522 generare.
775 2454 897 2512 Nos
913 2455 1105 2527 igitur
1117 2458 1443 2528 impensius
1459 2460 1686 2517 cateris
1699 2459 1980 2532 gentibus
2001 2459 2094 2517 de-

457 2537 655 2596 bemus
669 2541 912 2610 gratias
923 2544 1042 2600 Deo
1053 2545 1300 2616 referre,
1317 2549 1622 2617 quoniam,
1636 2548 1865 2606 sedatis
1872 2547 2093 2619 procel-

458 2625 535 2684 lis
555 2627 774 2698 quibus
803 2630 1090 2690 bactenus
1108 2633 1546 2704 quatiebamur,
1565 2636 1843 2707 princeps
1866 2648 2094 2705 magna

453 2716 762 2786 sapientia
779 2732 1117 2792 magnaque
1136 2721 1368 2793 pollens
1395 2723 1756 2781 strenuitate
1785 2723 1868 2782 ad
1879 2722 2093 2796 guber-

456 2804 721 2861 nandum
732 2806 1062 2865 Romanum
1072 2808 1389 2880 imperium
1399 2811 1660 2882 emicuit,
1669 2813 1768 2870 cui
1779 2813 1892 2869 Dei
1907 2811 2092 2882 dispo-

451 2891 668 2949 sitione
679 2895 989 2954 universus
1001 2896 1161 2955 orbis
1174 2899 1297 2954 tam
1309 2899 1609 2956 Romanus
1621 2912 1806 2970 quam
1825 2899 2092 2956 Teutoni-

451 2991 556 3036 cus
581 2982 812 3050 gaudet
828 2984 986 3040 omni
1006 2983 1148 3043 nisu
1167 2986 1845 3058 applaudere,oidelicet
1872 2987 2092 3046 Henri-

453 3080 553 3124 cus
567 3070 816 3140 quintus
825 3085 938 3129 rea
948 3073 1270 3144 etquartus
1281 3075 1727 3146 imperator,oir
1737 3075 2090 3147 compositus

450 3157 777 3229 multiplici
795 3161 1230 3232 oirtute,feroa'
1247 3163 1316 3219 in
1335 3161 1502 3230 bello,
1504 3164 1654 3234 pius
1675 3163 1735 3220 et
1746 3165 2090 3222 mansuetus

451 3241 516 3297 in
517 3259 688 3314 pace.
709 3247 858 3304 Cum
873 3247 1068 3320 igitur
1086 3250 1212 3320 ipse
1220 3250 2090 3320 resplendeatoelutcoruscans

453 3331 671 3404 lucifer
679 3348 748 3406 sp
755 3336 843 3392 len
852 3335 991 3394 dore
998 3337 1295 3408 sapientie
1311 3339 1803 3396 etredoleatomni
1815 3339 1949 3398 boni
1959 3341 2091 3397 odo-

448 3422 540 3479 ris
549 3423 870 3494 suaoitate,
892 3425 1178 3496 dignatus
1199 3427 1288 3484 est
1305 3426 1521 3484 nostra
1517 3427 1823 3499 paroitati
1823 3430 2086 3502 precipe-

449 3524 518 3567 re
528 3519 590 3567 ut
604 3511 857 3584 colligat
871 3513 992 3571 sibi
1011 3515 1355 3572 chronicum
1375 3530 1518 3588 opus
1533 3529 1573 3574 a
1594 3517 1950 3589 temporibus
1968 3519 2092 3576 Ka-

448 3599 570 3655 roli
587 3599 800 3672 Magni
820 3616 1008 3674 usque
1027 3603 1110 3661 ad
1125 3617 1240 3662 sua
1263 3604 1542 3678 tempora,
1558 3605 1848 3664 servando
1869 3606 2092 3680 ubique

449 3689 1014 3750 veritatemistoriee.
1035 3691 1201 3758 Quod
1208 3707 1352 3764 opus
1361 3695 1624 3766 recipere
1635 3707 1768 3751 cum
1785 3694 1991 3752 nostra
2001 3709 2091 3752 re-

449 3777 692 3833 cusaret
717 3777 1044 3850 imperitia,
1065 3794 1172 3838 nos
1194 3782 1390 3839 tamen
1408 3783 1696 3853 compulit
1711 3781 1994 3840 deducere
2011 3782 2094 3840 ad

451 3863 718 3935 aliquem
729 3866 998 3939 ejectum
1007 3881 1120 3926 sua
1132 3869 1463 3928 auctoritas
1473 3869 2094 3929 etbenioolentia.Ha-

451 3949 548 4012 bes
590 3953 803 4025 igitur,
835 3957 1213 4014 serenissime
1238 3957 1581 4030 imperator,
1606 3958 2094 4018 amministrante

455 4041 714 4099 caritate
733 4042 1074 4100 chronica/in
1093 4057 1254 4116 opus,
1272 4046 1610 4117 eacerptum
1627 4059 1745 4104 non
1765 4046 1992 4116 nostra,
2005 4047 2102 4106 set

449 4135 711 4186 celerum
729 4130 1344 4203 cbronograpliorum'
1357 4133 1429 4172 δι·
1449 4133 1830 4204 auctoritate,
1853 4135 2094 4192 utinam

451 4229 571 4272 non
583 4216 918 4289 indignum,
935 4232 1008 4274 ne
1017 4219 1215 4278 dicam
1227 4219 1416 4279 oculis
1426 4220 1853 4293 imperatoriis,
1868 4221 2093 4280 setsal-

453 4304 562 4360 tim
591 4305 861 4364 minimis
887 4305 1202 4366 lectoribus
1225 4309 1340 4366 tua
1357 4308 1556 4366 curia.
1577 4307 1725 4366 Cum
1743 4309 2092 4380 igiturﬁtota

451 4392 705 4452 intentio
718 4390 901 4467 hujus
915 4395 1059 4454 libri
1072 4396 1194 4454 tam
1205 4397 1462 4454 Romani
1483 4395 1722 4467 imperii
1741 4409 1926 4468 quam
1949 4397 2090 4454 Teu-

2120 3126 2168 3188 C

2201 1847 2378 1916 Nam,
2410 1849 2524 1902 etc.
2559 1843 2690 1916 (94).
2723 1846 2856 1901 Tam
2890 1843 3010 1900 haec
3043 1857 3212 1914 quam
3256 1841 3566 1913 sequentia
3597 1840 3816 1913 plerum-

2204 1947 2315 2003 que
2354 1948 2486 1990 cum
2525 1932 2850 1990 Ekkehardi
2897 1931 3181 1988 Chronico
3240 1929 3319 1986 ita
3370 1929 3735 2000 conveniunt,
3764 1932 3812 1986 ut

2203 2020 2468 2078 eumdem
2489 2024 2808 2091 auctorem,
2835 2019 2976 2076 licet
2998 2032 3156 2074 more
3189 2031 3298 2074 suo
3330 2031 3540 2074 nomen
3572 2017 3810 2086 tacuerit,

2203 2109 2403 2166 statim
2435 2113 2735 2180 agnoscat.
2770 2106 3011 2165 Accedit
3043 2105 3195 2178 quod
3227 2104 3414 2162 codex
3446 2104 3651 2162 unicus
3676 2103 3814 2163 char-

2203 2201 2320 2252 tam
2353 2213 2581 2270 quoque
2611 2197 2873 2254 continet
2903 2195 2974 2252 ad
3025 2193 3444 2250 monasterium
3490 2193 3812 2263 Uraugiense

2205 2288 2589 2356 spectantem,
2607 2283 2762 2355 quod
2784 2283 3032 2354 denique
3054 2285 3262 2338 auctor
3275 2279 3346 2336 ad
3362 2280 3682 2337 Chronicon
3696 2283 3809 2336 ante

2205 2373 2492 2445 scriptum
2507 2371 3018 2444 diserteprovocat
3035 2369 3168 2441 (95).
3184 2401 3253 2410 —
3269 2368 3455 2438 Hujus
3471 2368 3604 2424 libri
3622 2371 3809 2438 textus,

2205 2475 2373 2532 quem
2405 2463 2464 2517 C.
2499 2460 2808 2530 nominavi,
2835 2459 3099 2530 quamvis
3129 2473 3202 2514 ex
3234 2457 3416 2530 priori
3452 2456 3812 2514 Cbronicode-

2205 2555 2494 2621 sumptus,
2521 2563 2593 2605 ex
2615 2547 2863 2618 singulis
2893 2547 3020 2618 ejus
3053 2546 3348 2618 capitibus
3376 2545 3810 2612 consarcinatus,

2203 2637 2495 2695 interdum
2527 2641 2719 2694 tamen
2749 2637 2820 2692 ab
2851 2635 2952 2691 illo
2985 2634 3229 2692 recedit.
3263 2634 3523 2690 Primum
3568 2633 3708 2690 enim
3757 2647 3812 2689 ex

2203 2723 2492 2794 Sigeberti
2527 2722 2959 2779 Gemblaccnsis
2997 2721 3279 2778 Chronica
3311 2720 3657 2794 quamplura
3685 2731 3812 2776 rece-

2203 2811 2308 2879 dit,
2337 2811 2550 2883 quibus
2585 2825 2748 2869 suam
2781 2809 3077 2882 ampliavit
3111 2808 3533 2880 narrationem,
3559 2812 3689 2866 tunc
3707 2805 3812 2863 inde

2201 2915 2230 2956 a
2266 2899 2456 2956 medio
2488 2898 2707 2958 saeculo
2742 2913 2817 2968 ιι,
2843 2902 3066 2955 mutato
3099 2911 3294 2954 rerum
3328 2899 3514 2966 statu,
3545 2894 3810 2954 historiam

2200 2987 2377 3044 etiam
2408 2985 2743 3044 mutandam
2796 2985 2982 3042 duxit.
3019 2983 3327 3041 Heinricus
3371 2984 3614 3054 quintus
3657 2980 3811 3054 patris

2199 3089 2397 3134 manes
2428 3074 2765 3148 placaverat
2795 3087 3113 3146 pacemque
3147 3071 3300 3128 inter
3329 3071 3644 3129 Ecclesium
3666 3074 3719 3128 et
3737 3070 3812 3126 im-

2201 3163 2448 3236 perium,
2475 3163 2844 3235 expeditione
2875 3163 3127 3218 Romana
3151 3159 3332 3229 finita,
3361 3159 3696 3218 felicissime
3715 3162 3811 3216 sta-

2201 3252 2401 3309 bilisse
2433 3251 2545 3310 sibi
2577 3252 2742 3309 visus
2769 3255 2881 3306 est.
2907 3249 3043 3306 Ideo
3075 3248 3249 3305 etiam
3282 3247 3658 3306 Ekkebardus
3683 3260 3806 3304 nunc

2199 3341 2392 3398 omnia
2421 3339 2629 3397 vitavit
2664 3354 2792 3412 quae
2825 3338 3079 3410 antiqua
3102 3336 3412 3394 discordia
3439 3349 3710 3404 renovare
3726 3348 3806 3406 po-

2203 3433 2392 3486 terant
2425 3428 2780 3497 memoriam,
2803 3439 2987 3498 eaque
3021 3425 3306 3496 mitigavit
3331 3439 3464 3498 qua)
3486 3424 3662 3496 primo
3682 3422 3804 3478 libro

2200 3520 2404 3574 contra
2437 3515 2774 3586 Ecclesiam,
2807 3519 3010 3586 postea
3044 3517 3264 3570 mutata
3303 3511 3595 3570 sententia
3633 3514 3803 3570 contra

2201 3605 2532 3662 Heinricum
2565 3604 2636 3658 IV
2665 3603 3075 3674 imperatorem
3105 3603 3347 3673 ejusque
3386 3601 3639 3660 asseclas
3666 3596 3806 3655 nimis

2200 3694 2408 3751 acerbe
2440 3692 2758 3763 scripserat
2792 3690 2926 3763 (96).
2962 3689 3023 3746 ld
3055 3689 3207 3746 enim
3257 3689 3509 3760 studuit,
3542 3693 3606 3746 ut
3640 3698 3802 3744 rerum

2199 3785 2498 3853 gestarum
2531 3779 2834 3850 imaginem
2885 3777 3060 3834 talem
3107 3777 3381 3834 Heinrico
3405 3775 3624 3848 juniori
3651 3771 3806 3847 porri-

2200 3874 2386 3940 geret,
2407 3883 2536 3941 quae
2555 3867 2698 3924 nulli
2723 3865 2874 3940 parti
2899 3866 3120 3924 faveret
3142 3879 3328 3938 neque
3353 3865 3690 3937 cujusquam
3709 3857 3805 3917 ani-

2203 3971 2356 4014 mum
2386 3954 2680 4013 offendere
2713 3957 2928 4026 posset.
2963 3952 3088 4020 Quo
3116 3952 3411 4009 adductus
3441 3956 3553 4022 est,
3579 3955 3640 4008 ut
3659 3960 3806 4006 anno-

2203 4059 2329 4102 rum
2363 4048 2500 4102 1105
2529 4047 2586 4099 et
2618 4046 2756 4099 1106
2784 4041 3099 4098 Historiam
3130 4053 3336 4098 novam
3369 4040 3668 4109 scriberet,
3695 4047 3806 4094 con-

2203 4131 2704 4203 tinuationemque
2763 4127 3004 4185 adderet
3055 4127 3257 4184 eodem
3311 4127 3504 4184 animo
3559 4139 3714 4198 aqua
3755 4124 3803 4176 et

2202 4220 2504 4278 moderato
2531 4219 2878 4278 confectam.

2271 4310 2515 4366 Exstant
2563 4307 3031 4379 veroflpraeterea
3081 4305 3210 4363 duae
3257 4303 3526 4362 Cbronici
3555 4299 3804 4360 Ekkehar-
3895 4339 3898 4366 θ

2201 4396 2356 4454 diani
2381 4395 2924 4464 recensiones,fqu:e
2943 4407 3073 4450 cum
3091 4392 3154 4451 0.
3173 4393 3231 4449 in
3246 4390 3446 4449 multis
3459 4387 3799 4453 conveniunt,

454 4483 2089 4556 tonioiregnideseroiatbonoriguorumregnormncon-
2115 4477 2170 4538 D
2201 4484 2463 4557 quamvis
2495 4485 2550 4542 in
2584 4483 2715 4541 aliis
2744 4487 2863 4540 tam
2895 4483 2968 4539 ab
2999 4481 3108 4540 hoc
3140 4495 3308 4552 quam
3358 4495 3390 4537 a
3439 4479 3620 4554 priori
3663 4479 3801 4532 textu

441 4572 675 4642 functio
689 4571 1129 4642 cepitaKarolo
1149 4571 1548 4642 Francigena,
1564 4573 1966 4632 necessarium
1985 4572 2089 4630 du-

451 4663 675 4730 ximus,
693 4659 818 4716 tam
835 4658 1224 4716 nobilissima
1232 4658 1455 4728 gentis,
1467 4673 1584 4731 que
1603 4659 1830 4718 habilis
1849 4661 2091 4718 inventa

448 4753 539 4803 est
546 4748 628 4804 ad
634 4748 1030 4818 prom‘eandos
1041 4747 1306 4806 dominos
1317 4747 1595 4805 Romanis
1591 4748 2092 4820 potentia,altius

447 4837 743 4909 originem
753 4837 1031 4910 repetere,
1047 4837 1108 4893 et
1117 4835 1206 4895 sic
1211 4849 1326 4909 per
1345 4835 1786 4909 antiquissima
1807 4835 1996 4895 nobili
2004 4837 2092 4896 ta-

451 4929 530 4981 tis
555 4924 973 4995 generationes
1000 4939 1188 4998 usque
1202 4925 1285 4983 ad
1301 4924 1550 4982 eundem
1565 4925 1858 4983 Karolum
1876 4939 2090 4984 narra-

450 5012 607 5071 tione
620 5013 892 5084 deducta,
904 5013 1174 5086 qualiter
1183 5015 1312 5086 ipse
1321 5014 1781 5084 capesseretrem
1779 5013 2092 5086 publicam

2200 4572 2494 4630 recedant.
2549 4573 2805 4644 Utraque
2851 4570 3272 4642 praefationem,
3315 4583 3466 4626 anno
3517 4569 3645 4624 1106
3683 4575 3803 4636 pra-

2199 4661 2452 4731 missam,
2488 4659 2760 4718 Heinrico
2785 4657 3004 4728 juniori
3053 4657 3356 4728 directam,
3385 4655 3641 4724 exhibet,
3674 4656 3802 4710 utra-

2201 4763 2311 4820 que
2362 4751 2585 4805 textum
2633 4746 2759 4804 sine
2807 4759 3087 4802 annorum
3135 4744 3356 4802 tabulis
3399 4743 3677 4814 scriptum
3718 4732 3800 4793 sed

2200 4835 2400 4892 multis
2413 4833 2813 4893 additionihus
2824 4847 2896 4889 ex
2911 4831 3214 4904 Sigeherto
3237 4830 3559 4904 desumptis
3579 4831 3798 4890 auctum,

2199 4923 2448 4995 denique
2478 4921 2870 4981 narrationem
2921 4934 3204 4977 annorum
3262 4923 3399 4976 1070
3449 4931 3575 4990 sqq.
3609 4911 3798 4987 praebet

2201 5011 2492 5068 interdum
2520 5008 2724 5067 eodem
2759 5005 2926 5064 modo
2957 5011 3237 5063 mutatam
3269 5020 3382 5076 quo
3432 5003 3498 5063 C’.
3533 5004 3664 5061 Cum
3707 4998 3800 5056 hoc

1815 5099 2050 5158 VARUE
2090 5098 2489 5156 LECTIONES.

2021 5239 2222 5298 ΝΟΤΑΞΞ
2237 5281 2252 5297 .

516 5169 536 5203 ¹
562 5172 728 5230 chon.
763 5171 886 5231 cod.
918 5171 940 5204 ¹
971 5172 1144 5230 Chon.
1175 5171 1300 5231 cod.

443 5335 568 5398 tua,
601 5330 677 5400 si,
709 5334 826 5386 etc.

536 5403 627 5474 92)
660 5401 836 5474 infra,
870 5400 984 5457 col.
1019 5406 1174 5458 1001.

539 5471 628 5544 93)
663 5471 780 5544 Col.
823 5475 978 5528 1015.

539 5541 627 5614 94)
659 5541 779 5599 Col.
815 5546 942 5598 713.

537 5609 626 5684 95)
658 5617 722 5670 A.
759 5614 919 5679 1096,
955 5611 1146 5684 n._““,
1185 5623 1235 5665 a.
1269 5615 1426 5678 1101,
1461 5624 1516 5684 p.
1561 5611 1621 5684 et
1655 5609 2086 5684 7"“;‘a11086,

443 5693 498 5735 n.
526 5680 556 5708 "
581 5680 676 5753 ;'a.
715 5686 875 5752 1093,
909 5695 963 5736 n.
999 5682 1064 5745 ‘;
1097 5693 1148 5736 a.
1187 5684 1432 5751 1102,._n.
1469 5682 1490 5702 '
1525 5697 1541 5746 ;
1573 5683 1698 5747 9.20,
1729 5693 1783 5733 n.
1819 5680 1943 5733 “".

2268 5325 2384 5398 (96)
2417 5325 2876 5402 Cf.ga._107_2_,_n.
2911 5320 2976 5393 *ἧς
3005 5335 3076 5402 _a..
3129 5323 3283 5402 1080,
3335 5337 3389 5402 n.
3432 5309 3795 5402 _‘Ap.r_aasert.iyi
3889 5389 3896 5398 θ

2197 5385 2338 5453 vero
2364 5385 2420 5452 a.
2459 5399 2594 5452 1105
2623 5398 2680 5450 et
2718 5385 2871 5450 1106.
2901 5385 2971 5432 ὲ
3002 5391 3142 5448 Hinc
3174 5385 3306 5448 inde
3334 5385 3626 5510 «01,9532,
3658 5385 3792 5473 n."§

2198 5482 2247 5510 ει,
2284 5471 2436 5510 mea
2474 5480 2528 5510 η-
2565 5467 2625 5510 οε
2661 5479 2709 5510 τι-
2748 5467 2902 5510 mss-
2931 5475 2979 5510 a.
3019 5467 3173 5510 1085-
3209 5476 3262 5510 n.
3299 5465 3349 5486 ’δ’
3377 5466 3550 5510 etiam
3601 5462 3792 5510 eviorea

2197 5482 2248 5524 a.
2284 5471 2441 5537 1083,
2474 5480 2528 5521 n.
2565 5467 2710 5537 ';Aa.
2748 5467 2980 5537 1084,33.
3019 5467 3173 5537 1085,
3209 5476 3262 5537 n.
3299 5462 3352 5486 “
3377 5462 3550 5519 etiam
3581 5462 3795 5511 levrores

2199 5533 2435 5594 errores
2477 5533 2721 5592 sustulit
2762 5534 2836 5602 (a.
2875 5533 3030 5601 1076,
3071 5534 3244 5599 1080).

3027 5335 3076 5376 a.
3129 5323 3283 5391 1080,
3335 5337 3389 5378 n.
3435 5321 3461 5391 γ’
