3950 6310
445 325 568 392 459

1614 322 2096 389 EKKEHAHDI
2137 321 2693 390 URAUGIENSIS

447 462 714 522 nensium
741 477 773 522 a
805 459 1055 520 Cratone
1084 455 1254 532 Mylio
1285 475 1334 518 a.
1371 461 1510 518 1637
1556 458 1776 534 collati,
1830 459 1978 520 alius
2023 464 2103 516 in-
2130 460 2185 522 A
2219 458 2576 519 tinuationes
2605 459 2846 534 subjeci,
2881 459 3083 536 quales
3113 461 3169 521 in
3200 461 3504 522 codicibus
3533 464 3620 537 0.,
3650 467 3738 540 D.,
3764 471 3821 529 Β.

447 553 708 611 editione
739 567 789 610 a.
827 553 967 608 1569
994 549 1332 608 adornanda
1357 549 1672 608 adhibitus.

517 641 734 699 Ultimo
763 640 895 698 loco
925 639 1159 696 codices
1192 637 1525 696 nominandi
1557 643 1710 710 sunt,
1760 639 1970 710 quibus
2019 639 2104 696 hi-

447 731 650 788 storiae
680 729 796 787 illae
826 728 1159 800 Alexandri,
1192 728 1534 798 Gothorum,
1564 728 2097 798 Langobardorum,

449 821 737 877 Saxonum
771 818 958 889 iisque
982 815 1290 888 conjuncta
1342 817 1472 874 Vita
1505 816 1839 873 Mahthildis
1885 817 2100 888 reginae

449 907 726 978 leguntur
799 905 1676 976 :VatManus-Guelferbytanus,
1726 905 2100 963 Monacenses

449 995 587 1066 duo,
619 995 1093 1066 Wirzburgensis
1122 993 1293 1066 (178).
1353 993 1576 1060 Quibus
1617 993 1848 1050 accedit
1899 994 2097 1064 regius

447 1083 803 1141 Parisiensis
833 1097 889 1139 n.
920 1085 1053 1140 6181
1091 1081 1274 1152 (Colb.
1310 1082 1472 1153 3999)
1501 1083 1712 1152 chart.,
1758 1096 1806 1138 s.
1839 1097 1933 1150 xv,
1983 1097 2097 1152 quo

450 1172 713 1231 historiae
765 1173 1138 1242 Francorum,
1193 1171 1531 1240 Gothorum,
1585 1170 2096 1240 Langobardorum

447 1261 840 1319 continentur.
876 1261 937 1316 In
969 1259 1098 1316 aliis
1128 1259 1376 1331 denique
1409 1258 1576 1316 libris
1609 1274 1746 1316 mss.
1799 1258 1920 1316 sola
1973 1258 2099 1315 Ale-

448 1349 654 1406 xandri
688 1348 872 1420 Magni
903 1347 1152 1406 historia
1185 1347 1516 1404 invenitur:
1548 1362 1598 1403 e.
1623 1361 1709 1416 gr.
1742 1347 2092 1417 Monacensi,

448 1439 868 1496 Hannoverano
893 1435 1472 1510 (179),Weimariensi
1495 1436 1658 1507 (180),
1676 1437 1901 1492 lenensi
1925 1436 2089 1509 (181).

519 1527 621 1583 Hir
635 1525 916 1583 subsidiis
934 1525 1244 1582 ubersimis
1267 1540 1409 1581 usus
1432 1524 1487 1580 id
1510 1525 1622 1594 egi,
1649 1528 1714 1582 ut
1749 1524 1934 1595 primo
1959 1524 2094 1580 loco

448 1615 771 1673 Chronicon
803 1629 852 1670 a.
889 1617 1026 1670 1106
1048 1613 1374 1671 absolutum
1396 1629 1467 1669 ex
1491 1613 1693 1670 codice
1733 1613 2097 1684 autographo

449 1717 619 1775 quam
651 1701 986 1760 fidelissime
1008 1701 1261 1772 ederem,
1287 1715 1488 1758 omnes
1509 1714 1650 1758 vero
1671 1701 2092 1771 correctiones,

2217 548 2295 622 (et
2318 550 2685 621 B')exstant,
2712 551 3092 624 diversosque
3115 557 3330 624 textus,
3357 553 3456 610 ubi
3479 554 3669 627 'potui,
3709 555 3825 616 inte-

2213 651 2353 707 gros
2383 639 2619 709 retinui,
2655 639 2874 696 leviora
2901 640 3112 712 quibus
3130 642 3282 698 inter
3303 656 3363 698 se
3385 641 3659 700 differunt
3681 648 3820 703 autin

2214 727 2473 797 margine
2504 732 2604 783 aut
2637 727 2692 782 in
2725 729 2878 786 notis
2910 729 3101 786 attuli.
3135 729 3350 786 Ultimo
3379 729 3514 787 loco
3533 730 3823 806 Hierosoly-

2212 815 2434 885 mitam,
2464 814 2580 884 jam
2614 830 2643 872 a
2677 817 2957 874 Martenio
3006 818 3248 890 editum,
3300 817 3584 876 recudere
3624 821 3821 892 quidem

2209 902 2391 974 nolui,
2427 903 2644 976 quippe
2673 905 2769 976 qui
2793 921 2924 962 cum
2949 906 3233 965 Chronico
3257 907 3602 980 plerumque
3640 909 3705 965 ad
3723 925 3824 969 ver.

2211 990 2346 1049 bum
2379 993 2712 1064 conveniat,
2739 994 3137 1066 prmfationem
3161 1011 3300 1053 vero
3320 995 3608 1068 finemque
3628 1013 3742 1056 cum
3763 999 3823 1056 le-

2207 1081 2474 1138 ctoribus
2503 1081 2981 1138 communicanda
3005 1083 3204 1139 curavi
3230 1082 3483 1155 librique
3508 1085 3732 1142 formam
3751 1102 3823 1143 or-

2209 1171 2517 1241 dinemque
2549 1175 2822 1226 accurate
2851 1171 3098 1228 iudicavi
3135 1172 3303 1245 (182).
3339 1203 3408 1213 -
3429 1173 3584 1230 Hanc
3599 1176 3822 1232 veroEk-

2208 1258 2446 1315 kehardi
2478 1257 2816 1329 editionem,
2852 1258 2923 1315 ad
2955 1275 3124 1330 quam
3150 1259 3268 1332 jam
3294 1263 3427 1316 ante
3451 1275 3647 1318 novem
3670 1275 3820 1321 annos

2207 1348 2465 1417 Haunize,
2502 1351 2706 1418 postea
2760 1347 3011 1403 Berolini
3061 1364 3150 1405 me
3203 1349 3452 1420 accinxi,
3505 1351 3820 1410 Hannovera

2209 1450 2313 1508 per
2345 1435 2543 1507 plures
2571 1449 2754 1492 annos
2775 1436 3196 1508 continuatam,
3225 1438 3540 1510 praecipuis
3557 1439 3819 1497 codicibus

2206 1524 2416 1596 partim
2441 1524 2888 1581 eotransmissis
2902 1525 3816 1601 partiminitineribusexscriptis,

2207 1626 2359 1670 nunc
2392 1611 2446 1667 in
2480 1612 2665 1684 patria
2701 1612 2955 1670 feliciter
2985 1629 3072 1670 me
3105 1613 3453 1688 absolvisse,
3489 1631 3596 1673 non
3617 1630 3818 1690 possum

2209 1700 2345 1772 quin
2376 1699 2546 1756 valde
2575 1701 2877 1770 gaudeam.

448 1791 802 1848 mutationes
823 1794 882 1848 et
911 1789 1258 1860 additiones,
1290 1804 1436 1860 quas
1467 1787 1844 1846 Ekkehardus
1890 1793 2092 1860 postea
2126 1817 2178 1875 Β
2281 1789 2494 1845 Dabam
2526 1787 2689 1848 Kilize
2721 1789 2814 1846 die
2847 1790 3147 1848 Paschatis
3177 1805 3228 1848 a.
3263 1793 3422 1848 1843.

449 1879 656 1938 fecisse
689 1879 1072 1951 dignoscitur,
1103 1883 1376 1936 accurate
1407 1877 1746 1934 indicarem.
1776 1879 1932 1934 Tunc
1961 1892 2096 1934 eon-

3372 1881 3434 1937 G.
3471 1880 3671 1940 Wam.

2032 1973 2254 2030 NOTAE.

454 2092 727 2150 memoria
755 2093 798 2159 Ι,
833 2089 1132 2162 Dalburgii
1179 2093 1336 2160 1840,
1380 2094 1466 2162 4ο,
1521 2106 1575 2162 ρ.
1626 2089 1682 2161 7)
1737 2094 1797 2146 et
1849 2091 2098 2146 fortasse

446 2169 656 2238 postea
684 2164 738 2238 i_n
771 2161 1330 2238 Hiedelbergensem
1357 2161 1616 2238 devenit.

542 2235 667 2304 178)
697 2235 776 2290 De
805 2233 1018 2304 quibus
1050 2231 1122 2288 cf.
1159 2231 1390 2288 Archiv.
1427 2232 1543 2302 Vll,
1577 2245 1632 2302 p.
1667 2231 1918 2288 486-489.

544 2303 668 2374 179)
704 2303 933 2360 Archiv.
969 2304 1084 2372 Vll,
1121 2319 1174 2374 p.
1207 2305 1327 2359 490.
1353 2304 1474 2358 491.

548 2374 782 2499 121111
816 2374 1044 2499 xum

545 2445 670 2515 181)
699 2445 783 2500 Ib.
819 2460 873 2515 p.
907 2447 939 2499 6

447 2535 3806 2576 -μ-Ὓ

925 2667 1889 2804 CHRONICON
1983 2667 3378 2805 WIRZIBUBGENSE

2281 2089 2428 2173 (18?)
2461 2090 2680 2173 Scripsi
2713 2103 2764 2146 a.
2801 2093 2938 2148 1836
2964 2091 3812 2173 dissertationem-inauguralem

2205 2161 2295 2247 ἐξ
2317 2160 3440 2247 914W“Umwamimimmm
3458 2160 3810 2247 ςλαεῐιτιεροτεν

2193 2229 2475 2308 [cratibus
2488 2232 2546 2287 et
2553 2229 2980 2308 (ap-adpulere:
2992 2229 3548 2308 aactorifatgmujus
3561 2229 3809 2308 specimen

2210 2301 2288 2356 ibi
2319 2301 2666 2374 impressum
2699 2301 2811 2359 est.
2849 2305 2930 2358 Ex
2958 2319 3070 2374 qua
3100 2301 3381 2362 nonnulla
3412 2301 3664 2364 etiam'in
3691 2306 3808 2362 hanc

2210 2373 2607 2444 praefationem
2639 2374 2936 2430 transtuli.

1460 2873 1805 2946 AUCTORE,
1863 2873 1954 2932 UT
2009 2874 2338 2947 VIDETUR,
2393 2875 2844 2934 EKKEHARDO.

519 3127 632 3185 Sex
684 3123 894 3186 diebus
945 3137 1141 3182 rerum
1195 3126 1526 3181 creaturam
1582 3123 1736 3180 Deus
1803 3120 2096 3178 formavit.
2129 3118 2180 3186 Ο.
2281 3127 2368 3179 55.
2404 3120 2660 3195 Eclipsis
2680 3122 2825 3181 solis
2853 3125 3006 3180 facta
3037 3129 3146 3181 est.

447 3215 744 3374 “(13?
773 3250 1536 3373 .[1.88].Anno.1:2000taviani
1560 3297 1806 3368 Augusti
1829 3297 2096 3367 Caesaris,

445 3406 517 3450 ex
545 3404 660 3462 quo
691 3393 884 3447 autem
915 3388 1194 3458 Egyptus
1224 3386 1279 3442 in
1315 3385 1674 3458 provinciam
1717 3384 1954 3442 redacta
2003 3388 2097 3442 est

445 3483 504 3536 et
535 3477 842 3550 Cleopatra
874 3491 1005 3534 cum
1037 3474 1287 3532 Antonio
1318 3473 1474 3531 victa
1505 3476 1574 3531 29
1603 3487 1774 3545 anno,
1826 3474 1898 3531 ab
1943 3474 2098 3532 Urbe

447 3580 589 3625 vero
617 3565 854 3624 condita
884 3567 1007 3635 762,
1039 3562 1372 3636 olimpiadis
1404 3565 1508 3619 190
1535 3566 1588 3640 3,
1637 3576 1788 3619 anno
1832 3562 2102 3619 dominus

448 3658 654 3711 noster
671 3652 884 3710 Jbesus
902 3651 1174 3709 Christus
1197 3650 1251 3705 in
1278 3648 1610 3706 Betheleem
1626 3649 1790 3708 Judaa
1813 3649 2096 3720 nascitur,

451 3741 770 3800 transactis
795 3740 867 3796 ab
915 3739 1082 3796 initio
1127 3737 1321 3796 mundi
1377 3737 1698 3796 secundum
1749 3737 2095 3796 Hebraicam

447 3829 757 3889 veritatem
820 3828 989 3886 annis
1049 3830 1211 3900 3542,
1281 3826 1603 3886 secundum
1667 3830 1741 3885 70
1812 3826 2101 3899 interpre-

443 3922 541 3977 tes
585 3920 744 3976 5199.

521 4008 684 4064 Anno
710 4003 972 4075 ejusdem
1004 4005 1072 4061 43
1100 4002 1140 4059 ⁸.

521 4096 685 4151 Anno
732 4095 820 4150 44.
875 4093 1175 4163 Augustus
1221 4091 1525 4164 Tyberium
1571 4096 1632 4149 et
1674 4091 1987 4166 Agrippam
2045 4091 2100 4150 in

435 4183 604 4242 .ﬂlios
631 4181 952 4255 adoptavit.
983 4179 1245 4238 Herodes
1272 4180 1526 4238 infantes
1555 4179 1794 4238 occidit.

513 4274 603 4330 48.
649 4269 828 4330 Judas
872 4267 1128 4327 Galileus
1173 4269 1245 4327 ad
1291 4268 1692 4328 rebellandum
1736 4269 1959 4328 Judeos
2007 4283 2103 4328 co-

448 4361 746 4420 hortatur.

523 4451 612 4506 46.
647 4447 884 4506 Asinius
913 4445 1101 4505 Pollio
1130 4452 1330 4506 orator
1359 4445 1626 4504 moritur.

523 4539 613 4596 47.
646 4535 908 4595 Herodes
936 4549 1040 4594 rex
1064 4533 1262 4593 Judcaa
1294 4549 1498 4607 magno
1528 4532 1794 4594 cruciatu
1815 4535 2098 4604 moritur;

452 4641 560 4702 pro
587 4639 702 4698 quo
729 4623 1052 4684 Archelaus
1079 4623 1343 4694 regnavit
1373 4637 1504 4690 ann.
1538 4625 1592 4679 9.

521 4715 610 4771 48.
646 4713 846 4771 Fames
875 4725 1080 4784 magna
1107 4711 1301 4768 Romae
1330 4709 1479 4767 facta
1509 4712 1620 4768 est.

522 4805 610 4859 50.
637 4800 922 4874 Tyberius
951 4812 1134 4858 caesar
1170 4797 1464 4858 Dalmatas
1511 4798 1922 4874 Sarmatasque
1967 4801 2104 4859 sub-

445 4889 594 4966 egit.

2280 3214 2369 3266 66.
2404 3211 2723 3269 Archelaus
2753 3212 2808 3268 in
2839 3213 3112 3269 Viennam
3145 3211 3344 3272 Galliae
3387 3214 3584 3274 urbem
3623 3213 3687 3273 ab
3724 3214 3809 3269 Au-

2206 3303 2380 3370 gusto
2412 3299 2731 3372 relegatur,
2771 3306 2828 3358 et
2861 3301 3045 3358 Judea
3097 3302 3418 3362 tetrarchis
3448 3301 3802 3362 committitur.

2280 3387 2372 3458 (Η
2413 3391 2530 3452 .R.)
2584 3388 2727 3462 [184]
2777 3390 3096 3462 Postquam
3167 3390 3522 3450 Octavianus
3561 3391 3730 3450 victor
3753 3388 3806 3445 ab
3891 3397 3893 3409 τ

2206 3476 2433 3534 oriente
2465 3479 2698 3534 Romam
2731 3477 2926 3550 rediit,
2959 3483 3098 3536 tunc
3121 3479 3372 3552 primum
3398 3483 3675 3552 Augustus
3701 3491 3806 3536 con-

2210 3561 2524 3635 salutatur,
2559 3578 2628 3620 eo
2659 3565 2812 3635 quod
2845 3563 3136 3636 publicam
3171 3579 3292 3622 rem
3315 3566 3564 3638 auxerit,
3588 3580 3734 3638 quam
3752 3577 3804 3619 ex

2207 3663 2279 3707 eo
2310 3651 2378 3706 44
2409 3665 2590 3708 annos
2623 3651 2784 3709 solus
2815 3651 3066 3710 obtinuit
3094 3670 3109 3721 ;
3143 3657 3312 3710 antea
3361 3653 3512 3712 enim
3560 3657 3621 3712 12
3661 3665 3804 3710 annos

2206 3755 2337 3797 cum
2368 3739 2618 3796 Antonio
2640 3743 2698 3797 et
2723 3740 2936 3813 Lepido
2960 3742 3244 3825 regnavit.
3281 3743 3466 3814 Hujus
3496 3739 3804 3816 temporibus

2208 3827 2301 3885 die
2331 3827 2509 3886 natali
2541 3828 2762 3885 Domini
2795 3833 2962 3886 trans
2985 3830 3250 3902 Tyberim
3284 3831 3358 3888 de
3397 3832 3631 3889 taberna
3671 3826 3841 3886 meri-'
3888 3853 3889 3856 η

2209 3918 2360 3975 toria
2395 3919 2520 3974 fons
2551 3916 2664 3974 olei
2694 3931 2799 3990 per
2830 3922 3018 3976 totum
3047 3919 3198 3976 diem
3226 3935 3259 3978 e
3305 3925 3466 3978 terra
3512 3919 3681 3978 ﬂuxit.
3725 3915 3803 3973 llic

2208 4020 2346 4078 erga
2377 4005 2536 4063 cives
2561 4005 3076 4079 clementissimus,
3112 4008 3167 4065 in
3201 4010 3420 4068 amicos
3448 4009 3590 4067 fidus
3612 4004 3801 4066 extitit;

2209 4108 2456 4167 quorum
2487 4094 2765 4168 praecipui
2796 4100 2962 4153 erant
2987 4097 3254 4155 Mecenas
3272 4098 3347 4156 ob
3369 4095 3798 4157 taciturnitatem,

2210 4182 2465 4256 Agrippa
2493 4184 2567 4240 ob
2595 4183 2939 4242 modestiam
2965 4184 3300 4258 laborisque
3321 4185 3672 4260 pacientiam.
3699 4177 3802 4237 Dili-

2209 4271 2384 4342 gebat
2417 4277 2703 4344 prasterea
2729 4271 3037 4344 Virgilium
3063 4273 3449 4348 Flaccumque
3469 4277 3675 4349 poetas,
3695 4266 3802 4324 libe

2211 4359 2435 4418 ralibus
2465 4359 2677 4419 studiis
2705 4365 2934 4418 tantum
2965 4361 3326 4437 incumbens,
3381 4368 3446 4422 ut
3489 4360 3667 4420 nullus
3705 4353 3801 4414 dies

2129 4474 2184 4537 Ι)
2211 4447 2530 4522 laberetur,
2564 4449 2703 4522 quin
2730 4449 2976 4524 legeret,
3004 4452 3313 4525 scriberet,
3340 4451 3692 4537 declamaret,
3713 4444 3799 4502 isto

3726 333 3827 398 460

2207 4537 2465 4611 glorians
2485 4538 2645 4596 dicto
2669 4558 2682 4594 :
2711 4537 2925 4598 Urbem
2946 4539 3286 4602 latericiam
3301 4542 3548 4616 repperi,
3575 4535 3800 4606 ναιέιαυο
3881 4573 3883 4591 ι

2203 4641 2638 4700 marmoream;
2665 4630 2795 4686 toto
2823 4643 3072 4702 corpore
3100 4629 3362 4703 pulcher,
3395 4629 3496 4688 sed
3524 4624 3666 4686 oculi
3703 4619 3798 4691 ejus
3879 4681 3881 4686 .

2206 4719 2271 4774 ιιι
2292 4714 2784 4774 clarrissimorum
2805 4717 3075 4789 syderum
3097 4717 3271 4774 acies.
3299 4720 3342 4774 A
3364 4717 3528 4789 cujus
3549 4711 3678 4772 facie
3694 4708 3797 4765 dum

2209 4803 2444 4875 quidam
2463 4801 2631 4860 miles
2652 4807 2948 4861 averteret
2966 4803 3186 4877 oculos,
3212 4803 3600 4876 interrogatus
3617 4793 3796 4856 curhoc

2207 4891 2446 4963 faceret,
2480 4890 2782 4964 respondit
2804 4911 2822 4948 :
2860 4892 3016 4960 Quia
3066 4891 3262 4950 [amica
3279 4893 3570 4952 oculorm
3611 4887 3798 4944 tum“

3877 4705 3882 4836 Ε

519 4984 612 5040 63.
643 4977 772 5037 lani
801 4981 990 5054 portae
1019 4980 1090 5037 12
1117 4991 1298 5037 annos
1323 4976 1442 5051 jam
1473 4977 1546 5036 ab
1577 4979 1843 5050 Augusto
1888 4978 2104 5040 clausae
2193 4979 2372 5054 farre
2396 4992 2795 5053 nonposm.
2829 4979 2987 5038 Obiit
3017 4994 3167 5039 anno
3196 4981 3390 5039 aetatis
3421 4992 3538 5038 sua
3565 4980 3646 5048 75,
3667 4965 3794 5065 regni

447 5066 816 5146 aperiuntur.

2208 5082 2350 5128 vero
2379 5072 2466 5144 66,
2490 5068 2548 5127 in
2570 5067 2788 5144 oppido
2810 5067 3076 5130 Athellw.
3101 5070 3281 5141 Quem
3303 5072 3583 5129 mortuum
3602 5059 3794 5124 senatus

1806 5217 2044 5275 VARJE
2084 5217 2482 5277 LECTIONES.

447 5339 474 5380 ⁸
499 5343 703 5405 Am:
726 5352 945 5404 vacuo:
965 5343 1038 5405 ia
1063 5339 1445 5417 smmum
1469 5341 1664 5404 σηιξη.

2037 5427 2260 5488 NOTE.

521 5541 1098 5620 (183)1taEpjtomen
1119 5555 1194 5620 ex
1212 5544 1553 5620 Herjmanni
1558 5545 1844 5620 Chronico
1855 5547 2088 5620 factam,
2201 5545 2348 5620 (184)
2380 5545 2445 5606 Id
2474 5549 2570 5606 est
2597 5543 2763 5606 Pauli
2793 5545 3031 5607 Diaconi
3060 5547 3315 5609 llistoria
3341 5549 3599 5606 Romana.

451 5613 682 5696 qualem
693 5613 910 5696 exjco'd.
937 5613 1295 5691 Sangalleusi
1317 5614 1848 5694 Sichardusedidit,
1872 5613 2085 5679 indico;

3859 5411 3875 5418 ο.
