3950 6306
445 325 566 400 468
1605 309 2088 380 EKKEHARDI

2134 303 2690 380 URAUGIENSIS
3720 315 3813 378 464

445 465 810 539 evangelista
825 456 1118 536 perduxit,
1141 453 1539 514 continentem
1561 465 1744 508 annos
1763 463 1794 508 a
1827 449 2098 522 passione
2129 452 2185 512 A
2233 535 2246 539 Α
2283 452 2336 504 7.
2373 449 2652 508 Colossus
2683 455 2918 510 erectus
2945 455 3058 520 est,
3103 447 3322 506 habens
3361 443 3716 505 altitudinem
3742 464 3816 522 pe-

445 555 667 618 Domini
697 555 784 609 26.

520 648 572 703 4.
607 641 831 699 Statius
856 642 1030 710 poeta
1058 634 1257 694 clarus
1297 632 1565 689 habetur.

521 738 572 789 5.
607 733 758 788 Nero
800 725 1176 798 Agrippinam
1218 727 1461 778 matrem
1508 731 1671 774 suam
1719 719 1776 772 et
1837 725 2099 770 sororem

451 819 654 878 matris
685 830 806 874 sua
853 811 1147 870 interfecit
1188 814 1248 867 et
1289 806 1584 865 Octaviam
1617 817 1858 860 uxorem
1913 813 2094 857 suam.

519 913 572 966 6.
597 908 747 964 Nero
795 901 1019 960 infinita
1067 899 1298 958 luxuria
1348 901 1409 954 et
1456 893 1697 951 lascivia
1756 888 2099 962 ignaviaque

448 996 754 1055 bachatur.

519 1087 572 1141 7.
599 1082 876 1150 Iacobus,
918 1079 1101 1134 frater
1146 1073 1390 1144 Domini,
1443 1087 1473 1130 a
1519 1070 1720 1128 Iudeis
1781 1066 2094 1140 lapidatur.

451 1175 624 1232 Festo
647 1170 893 1228 Albinus
936 1165 1224 1224 successit
1258 1183 1274 1232 ;
1307 1163 1440 1220 huic
1481 1161 1704 1217 Florus.

520 1264 573 1317 8.
604 1261 833 1317 Marcus
861 1253 1221 1326 evangelista
1252 1251 1403 1324 apud
1433 1247 1842 1307 Alexandriam
1893 1256 2098 1316 passus

451 1354 562 1406 est.

521 1439 574 1493 9.
607 1433 932 1492 Neroniane
959 1431 1202 1486 tberma
1233 1442 1263 1483 a
1297 1428 1523 1482 Nerone
1549 1423 1916 1480 edificantur.

523 1529 610 1582 10.
627 1524 798 1593 Nero,
824 1525 886 1578 ut
902 1517 1340 1576 similitudinem
1357 1514 1540 1585 Troja
1562 1511 1824 1569 ardentis
1845 1507 2092 1575 videret,

453 1626 715 1682 magnam
745 1613 970 1680 partem
998 1608 1191 1662 Roma
1248 1601 1526 1659 incendit.

523 1703 610 1756 11.
643 1699 794 1754 Nero
834 1697 1110 1752 Senecam
1163 1690 1503 1760 magistrum
1553 1701 1722 1744 suum
1775 1683 2090 1741 interfecit.

524 1792 610 1844 12.
640 1786 1032 1857 Vespasianus
1053 1781 1169 1838 dux
1189 1779 1488 1836 exercitus
1513 1776 1796 1833 adversus
1830 1773 2045 1830 Iudeos
2064 1784 2094 1826 a

449 1878 675 1934 Nerone
721 1872 992 1930 mittitur.

520 1967 606 2021 13.
643 1964 856 2018 Petrus
875 1963 937 2016 et
971 1956 1187 2014 Paulus
1234 1971 1265 2012 a
1313 1957 1538 2012 Nerone
1589 1950 1882 2010 interfecti
1933 1953 2090 2006 sunt.

447 2049 790 2110 Pestilentia
823 2050 973 2105 facta
1017 2051 1129 2103 est.

519 2144 604 2198 14.
645 2141 798 2197 Nero
849 2153 911 2194 se
959 2135 1146 2208 ipsum
1197 2131 1515 2189 interfecit.
1569 2130 1745 2186 Linus
1791 2126 2017 2199 primus
2063 2139 2092 2181 a

447 2231 620 2288 beato
647 2229 825 2283 Petro
857 2238 1003 2296 papa
1036 2222 1186 2280 sedit
1211 2235 1389 2277 annos
1422 2223 1506 2274 12.
1543 2216 1864 2274 Antiochia
1892 2228 2094 2272 secun-

447 2317 558 2375 dus
590 2316 904 2388 episcopus
931 2311 1192 2382 Ignatius
1233 2309 1558 2365 ordinatur.

521 2405 626 2474 (Η.
669 2404 770 2473 R.)
815 2402 968 2456 Nero
1015 2399 1336 2454 Romanum
1401 2393 1705 2466 imperium
1747 2390 2094 2448 deformavit

446 2491 726 2550 inusitate
759 2487 990 2546 luxurie
1015 2489 1490 2556 sumptuumque,
1543 2486 1713 2538 utens
1761 2479 1985 2550 frigidis
2032 2481 2092 2534 et

445 2579 654 2638 calidis
689 2575 960 2648 ungentis
991 2579 1049 2630 et
1081 2571 1278 2630 aureis
1311 2571 1365 2627 in
1390 2569 1670 2642 piscando
1695 2568 1956 2633 retibus;
1982 2565 2091 2622 sal-

445 2669 591 2728 tavit
606 2669 782 2726 etiam
807 2670 865 2722 et
890 2661 1218 2721 cantavitin
1241 2675 1438 2725 scena;
1463 2658 1603 2714 nihil
1627 2658 1682 2713 in
1709 2657 1862 2714 bello
1885 2671 2086 2725 ausus,

443 2755 828 2816 Britthaniam
857 2767 1006 2826 pene
1033 2750 1244 2808 amisit.
1280 2748 1479 2806 Hostis
1517 2745 1751 2804 tandem
1799 2760 1830 2802 a
1881 2748 2085 2802 senatu

442 2844 876 2920 pronuntiatus,
903 2855 1034 2898 cum
1059 2839 1130 2896 ad
1151 2851 1356 2910 penam
1381 2842 1748 2908 quereretur,
1769 2838 1979 2905 captus
1995 2837 2089 2888 est

441 2919 676 3008 publice
707 2930 888 3002 virgis
919 2943 1117 2998 cesus,
1145 2941 1177 2984 e
1200 2940 1340 2983 saxo
1358 2923 1762 2996 pracipitatus
1798 2919 1943 2976 “est
1975 2937 1990 2986 ;
2029 2925 2087 2976 et

443 3007 672 3092 fugiens
695 3025 906 3092 quarto
928 3018 1000 3074 ab
1023 3015 1179 3072 Urbe
1203 3011 1521 3069 miliarioin
1538 3007 2085 3066 suburbanoliberti

387 3117 396 3125 ‘
443 3112 534 3169 sui
557 3124 621 3168 se
656 3107 954 3165 interfecit
985 3119 1168 3162 annos
1189 3101 1380 3159 atatis
1409 3105 1498 3171 31,
1529 3097 1754 3170 imperii
1781 3101 1876 3164 14;
1911 3100 2086 3168 atque

441 3199 499 3256 in
527 3214 596 3257 eo
651 3197 840 3256 omnis
880 3193 1125 3264 Augusti
1171 3190 1382 3247 familia
1417 3191 1764 3259 consumpta
1794 3190 1904 3242 est.

513 3285 691 3344 Galba
716 3283 982 3356 regnavit
1005 3293 1234 3338 menses
1254 3282 1305 3334 7.
1328 3278 1430 3334 llic
1452 3278 1524 3334 ab
1539 3277 1751 3332 Ottone
1780 3273 2086 3346 jugulatus

441 3377 500 3434 in
525 3377 650 3433 foro
665 3377 885 3444 Roma,
909 3369 1178 3443 sepultus
1198 3372 1289 3423 est
1319 3369 1376 3423 in
1399 3366 1590 3422 hortis
1618 3365 1740 3422 suis
1769 3379 1919 3422 anno
1949 3368 2086 3422 ata-

439 3466 521 3522 tis
549 3467 639 3535 73,
670 3463 762 3520 via
796 3458 1030 3518 Aurelia
1065 3472 1176 3514 non
1205 3455 1374 3524 longe
1404 3455 1476 3510 ab
1517 3455 1690 3510 Urbe.

511 3553 651 3609 Otto
674 3562 903 3608 menses
923 3552 974 3604 3.
1003 3545 1109 3613 Qui
1133 3559 1263 3602 cum
1287 3557 1350 3600 se
1373 3558 1405 3600 a
1425 3542 1661 3600 Vitellio
1681 3541 1836 3600 vinci
1857 3541 2085 3599 videret

439 3645 627 3699 semet
652 3636 951 3696 intrefecit
977 3633 1128 3707 apnd
1163 3631 1493 3688 Betriacum
1529 3630 1712 3688 Italia
1757 3645 1907 3687 anno
1949 3634 2086 3688 ata-

438 3729 521 3786 tis
548 3731 634 3800 38,
665 3729 734 3783 95
763 3723 993 3797 imperii
1023 3721 1136 3778 die.
1173 3719 1240 3777 Hi
1275 3724 1398 3776 tres
1427 3719 1596 3776 simul
1631 3723 1760 3790 post
1797 3718 2083 3774 Neronem

439 3816 745 3890 imperium
797 3813 1143 3885 rapuerunt,
1195 3807 1376 3865 Galba
1420 3809 1477 3864 in
1500 3807 1763 3880 hispania
1809 3804 2083 3864 Vitellius

437 3905 496 3962 in
526 3901 851 3972 Germania,
882 3899 1020 3956 Otto
1048 3900 1261 3954 Roma.

509 3993 611 4065 (Η.
634 3993 702 4050 S’.
727 4023 798 4033 —
824 3990 905 4046 H.
933 3990 1005 4046 R.
1023 4019 1094 4029 —
1115 3986 1312 4058 Onos.)
1338 3983 1607 4042 Vitellius
1637 3999 1863 4042 menses
1890 3987 1942 4040 8.
1977 3984 2084 4041 Ve-

437 4082 746 4156 spasianus
779 4079 832 4135 in
854 4077 1038 4134 Iudea
1062 4089 1347 4148 pugnans,
1373 4073 1690 4146 imperator
1713 4075 1784 4130 ab
1815 4073 2082 4131 exercitu

435 4171 813 4230 constitutus.
840 4163 1114 4223 Vitellius
1136 4166 1344 4234 captus
1373 4177 1404 4220 a
1433 4161 1774 4234 Vespasiani
1807 4162 2078 4234 ducibus,

435 4258 607 4329 cujus
634 4257 872 4312 fratrem
898 4251 1169 4308 Sabinum
1193 4251 1249 4306 in
1274 4249 1562 4322 Capitolio
1584 4249 1864 4320 incendit,
1890 4249 2082 4307 nudus

437 4361 543 4420 per
566 4346 776 4403 Urbem
797 4339 1027 4415 publice
1045 4339 1321 4410 trahitur,
1341 4338 1536 4396 ﬁmum
1557 4339 1614 4396 in
1637 4354 1704 4396 os
1717 4338 1844 4409 ejus
1865 4338 2080 4410 passim

430 4433 794 4508 jactantibus
811 4429 1162 4500 tandemque
1183 4426 1489 4499 jugulatus
1517 4427 1575 4482 in
1595 4427 1860 4498 Tyberim
1874 4426 2081 4498 projici

435 4527 553 4594 tur,
588 4536 738 4580 anno
763 4519 959 4579 atatis
989 4521 1076 4590 57,
1113 4531 1310 4574 mense
1341 4516 1569 4588 imperii
1601 4519 1655 4587 8,
1683 4515 1776 4572 die
1800 4515 2006 4588 primo.

505 4612 607 4684 (Η.
633 4607 1140 4683 R.)Vespasianus
1162 4621 1344 4663 annos
1376 4609 1428 4676 9,
1455 4618 1682 4661 menses
1715 4608 1802 4676 10,
1835 4603 1962 4662 dies
1993 4609 2080 4676 12,

433 4700 525 4760 vir
552 4698 788 4758 militari
820 4698 1042 4756 virtute
1075 4694 1426 4768 pracipuus,
1459 4694 1710 4751 obscure
1753 4695 1944 4750 tamen
1995 4709 2081 4752 na-

433 4795 604 4952 ωῗέ.
631 4876 728 4950 S.)
758 4877 922 4932 Anno
951 4871 1116 4944 regni
1148 4871 1324 4943 huius
1355 4875 1406 4942 ¹ν
1429 4869 1594 4928 Titus
1609 4869 1826 4928 “deos
1855 4869 2084 4930 inenar-

431 4966 602 5027 rabili
634 4966 783 5023 fame
811 4962 1108 5022 cruciatos
1139 4958 1390 5018 obsedit.

499 5059 553 5113 2.
579 5052 943 5112 Hierusalem
975 5066 1006 5108 a
1032 5049 1159 5106 Tito
1192 5049 1518 5106 destruitur
1547 5063 1697 5106 anno
1727 5063 1756 5106 a
1803 5049 2078 5121 passione

430 5142 655 5202 Domini
687 5145 776 5214 40,
825 5157 856 5200 a
905 5139 1089 5216 prima
1140 5137 1472 5198 conditione
1522 5135 1726 5212 templi
1773 5137 1881 5196 sub
1921 5137 2080 5196 Sale-

431 5245 602 5289 mone
631 5232 790 5288 1089.

502 5323 554 5377 5.
584 5315 872 5390 Iosephus
899 5315 1424 5391 hystoriographus
1451 5314 1648 5375 clarus
1694 5315 1965 5376 habetur.

2214 535 2318 594 des
2353 541 2470 593 107.

2281 627 2332 680 9.
2365 626 2702 684 Pestilentia
2727 629 2918 684 Roma
2935 629 3086 684 facta
3109 630 3222 697 est,
3247 629 3308 682 et
3331 630 3502 682 terra
3518 631 3704 684 motus
3723 632 3814 684 tres

2212 713 2484 772 civitates
2514 717 2668 789 Cipri
2723 717 3036 774 subvertit.

2284 805 2367 858 10.
2403 805 2792 877 Vespasianus
2829 804 3114 878 profluvio
3162 803 3384 861 ventris
3409 802 3468 858 in
3517 801 3649 859 villa
3692 805 3813 863 circa

2211 890 2454 949 Sabinos
2501 894 2646 949 obiit
2697 909 2846 950 anno
2891 892 3086 951 atatis
3129 896 3218 962 69,
3271 891 3494 964 imperii
3544 894 3598 961 9,
3647 891 3728 949 die
3771 896 3810 950 8.

2211 978 2312 1048 (Η.
2339 981 2438 1052 Β.)
2462 982 2563 1038 Hic
2595 998 2625 1038 a
2659 981 2896 1039 Claudio
2930 983 2985 1038 in
3020 980 3402 1048 Germaniam,
3435 979 3568 1035 dein
3607 981 3661 1036 in
3696 981 3814 1038 Brit-

2211 1069 2466 1124 tanniam
2495 1070 2727 1140 missus,
2765 1071 2964 1127 tricies
2995 1075 3055 1126 et
3087 1069 3178 1124 bis
3206 1083 3337 1125 cum
3370 1069 3542 1124 hoste
3570 1070 3814 1135 conﬂixit,

2209 1153 2356 1212 duas
2383 1157 2771 1216 validissimas
2807 1163 3031 1229 gentes,
3063 1163 3137 1214 20
3169 1156 3404 1228 oppida,
3442 1155 3679 1214 insulam
3734 1159 3814 1214 Ve-

2209 1249 2362 1300 ctam
2395 1247 2648 1304 Romano
2681 1247 2924 1319 imperio
2953 1245 3187 1318 adjecit.
3210 1245 3662 1302 Moderatissime
3693 1249 3812 1302 rexit

2209 1331 2536 1404 imperium,
2554 1335 2760 1392 avidus
2793 1341 2982 1392 tamen
3017 1334 3297 1407 pecunia,
3334 1333 3689 1390 nonnullis“
3713 1349 3810 1391 eam

2210 1420 2425 1490 injuste
2483 1424 2725 1480 abstulit
2753 1431 2810 1479 et
2857 1423 3154 1495 pracipue
3210 1422 3609 1492 indigentibus
3663 1423 3808 1480 dedit.

2282 1509 2396 1577 (.H
2431 1512 2528 1583 ις.)
2558 1513 2736 1582 Titus,
2789 1511 3127 1583 Vespasiani
3175 1510 3352 1580 ﬁlius,
3433 1525 3612 1568 annos
3635 1515 3682 1580 2,
3711 1526 3812 1568 men

2210 1611 2307 1654 ses
2326 1602 2379 1668 2,
2407 1599 2495 1656 vir
2517 1601 2777 1657 omnium
2801 1615 3014 1671 genere
3045 1600 3330 1656 virtutum
3357 1599 3657 1670 mirabilis,
3679 1601 3745 1655 ita
3767 1606 3814 1656 ut

2212 1684 2432 1742 divitia
2461 1693 2518 1742 et
2551 1702 2710 1744 amor
2759 1688 2993 1758 generis
3039 1687 3270 1744 humani
3320 1685 3632 1744 diceretur.

2127 1804 2180 1864 Β
2281 1776 2444 1830 Anno
2468 1775 2628 1864 regni
2675 1777 2765 1833 sui
2813 1783 2861 1846 1,
2907 1778 3085 1846 Tytus
3130 1774 3594 1846 amphyteatrum
3656 1777 3812 1833 Roma

2208 1863 2560 2004 cogistruxit,
2597 1863 2652 1920 in
2683 1866 2851 1936 cujus
2883 1863 3250 1920 dedicatione
3283 1867 3424 1931 5000
3455 1864 3692 1920 ferarum
3740 1879 3812 1918 oc-

2208 1963 2258 2004 οι
2307 1950 2382 2004 ῆι.

2207 1949 2382 2006 cidit,

2277 2043 2327 2094 2.
2365 2040 2465 2108 (Η.
2498 2043 2598 2116 Β.)
2631 2041 2830 2099 Cletus
2860 2056 3005 2114 papa
3040 2041 3334 2099 secundus
3360 2041 3508 2098 sedit
3541 2055 3708 2097 annos
3743 2045 3806 2096 12.

2204 2127 2382 2197 Tytus
2418 2129 2472 2186 in
2502 2135 2704 2186 eadem
2733 2129 2870 2187 villa
2905 2145 3016 2202 qua
3056 2133 3114 2186 et
3148 2133 3316 2202 pater
3345 2129 3492 2186 obiit
3521 2143 3662 2185 anno
3702 2133 3810 2186 ata-

2205 2215 2284 2271 tis
2313 2219 2401 2287 42,
2441 2217 2666 2290 imperii
2693 2233 2891 2275 mense
2921 2221 2974 2289 8,
3003 2219 3097 2275 die
3125 2222 3213 2275 20.
3250 2219 3354 2273 Hic
3386 2222 3549 2274 tante
3573 2217 3808 2273 bonitatis

2203 2315 2352 2375 erat,
2375 2311 2438 2361 ut
2452 2322 2582 2364 cum
2606 2306 2650 2340 “
2672 2308 2921 2378 quodam
2946 2307 3040 2363 die
3063 2307 3415 2363 recordatus
3428 2310 3582 2363 esset
3615 2306 3664 2360 in
3695 2319 3806 2362 cena

2204 2397 2346 2456 nulli
2379 2410 2442 2454 se
2465 2395 2567 2452 illo
2597 2393 2639 2427 “
2671 2395 2764 2452 die
2795 2395 3100 2466 quicquam
3156 2393 3528 2467 prastitisse,
3575 2393 3767 2450 diceret
3794 2412 3804 2445 :

2203 2485 2595 2555 Amicideie
2616 2484 2771 2542 diem
2791 2483 3053 2555 perdidi.
3105 2481 3511 2540 Ilierosolimis
3545 2486 3608 2539 12
3638 2496 3808 2555 propu-

2199 2581 2478 2646 gnatores
2512 2578 2578 2629 12
2607 2571 2842 2642 sagittis
2889 2570 3171 2628 conflixit.

2273 2665 2374 2732 (Η.
2397 2664 2492 2734 S.)
2517 2660 2915 2718 Domitianus:
2943 2659 3126 2715 frater
3151 2658 3300 2728 Tyti,
3337 2659 3597 2729 regnavit
3625 2671 3736 2713 ann.
3755 2660 3804 2711 15

2201 2767 2430 2809 menses
2449 2755 2498 2806 5.
2529 2750 2629 2806 Hic
2653 2749 2908 2804 infectus
2934 2748 3205 2805 omnibus
3226 2747 3569 2819 sceleribus,
3590 2745 3802 2805 secundo

2201 2839 2578 2912 prosequitur
2623 2837 2995 2894 christianos.
3089 2860 3093 2864 ν

2271 2933 2320 2984 1.
2355 2926 2715 2983 Domitianus
2741 2925 3038 2982 eunuchos
3062 2923 3365 2996 prohibuit
3419 2923 3560 2980 fieri.

2262 3021 2314 3073 2.
2347 3019 2525 3088 Tytus
2557 3015 2708 3070 inter
2739 3015 2882 3070 deos
2907 3015 3147 3070 decreto
3169 3017 3412 3069 senatus
3433 3013 3687 3069 refertur.

2268 3110 2321 3162 3.
2359 3106 2500 3161 Tres
2535 3103 2790 3173 virgines
2820 3104 3012 3159 Vesta
3041 3103 3116 3157 ob
3159 3105 3431 3173 stuprum
3480 3100 3798 3158 damnantur.

2119 3154 2168 3216 Ο
2271 3196 2321 3250 4.
2349 3193 2522 3250 Arian
2533 3207 2620 3262 us,
2640 3192 2861 3264 primus
2883 3154 3403 3262 Alexandriapost
3418 3191 3654 3246 Marcum
3665 3198 3802 3243 cvan-

2195 3283 2466 3355 gelistam
2489 3281 2826 3354 episcopus,
2853 3284 2988 3351 post
3009 3294 3141 3335 ann.
3163 3283 3234 3335 22
3253 3278 3423 3336 obiit.
3457 3280 3566 3334 Pro
3585 3291 3687 3348 quo
3700 3273 3801 3329 Abi-

2196 3371 2314 3430 lius
2347 3370 2498 3429 sedit
2538 3384 2670 3426 ann.
2724 3373 2810 3425 13.

2267 3465 2320 3517 6.
2371 3457 2733 3515 Domitianus
2783 3471 2844 3514 se
2891 3456 3060 3514 deum
3109 3460 3167 3512 et
3218 3454 3515 3512 dominum
3559 3448 3796 3526 appellari

2189 3549 2385 3620 jussit.

2265 3641 2317 3694 9.
2353 3636 2593 3694 Heresis
2623 3633 2921 3692 Manandri
2955 3633 3102 3704 magi
3153 3638 3213 3690 et
3243 3631 3495 3692 aliorum
3527 3629 3796 3688 multorum

2194 3727 2482 3784 exoritur.

2269 3819 2353 3874 10.
2387 3814 2626 3871 Romani
2658 3813 2837 3870 multa
2868 3811 3015 3870 mala
3051 3827 3081 3868 a
3104 3825 3333 3879 casare
3365 3815 3424 3869 et
3456 3812 3527 3867 ab
3572 3805 3798 3866 hostibus

2195 3904 2586 3978 pertulerunt.

2268 3999 2352 4050 11.
2378 3991 2744 4049 Domitianus
2776 3990 2847 4047 de
2877 3989 3046 4046 Dacis
3074 3992 3136 4045 et
3165 3989 3468 4045 Germanis
3501 3981 3794 4053 triumphat.

2266 4086 2351 4138 12.
2391 4080 2654 4138 Clemens
2686 4092 2836 4150 papa
2866 4077 3091 4134 tercius
3122 4076 3273 4132 sedit
3307 4090 3443 4132 ann.
3472 4079 3524 4131 9.
3574 4065 3795 4129 Cornelia

2193 4170 2358 4241 virgo
2385 4167 2640 4226 Vestalis
2668 4169 2745 4224 ob
2778 4172 3048 4239 stuprum
3076 4166 3206 4224 viva
3237 4165 3472 4222 defossa
3517 4167 3619 4220 est.

2267 4257 2732 4316 13.Domitianus
2754 4255 2972 4314 multos
3003 4251 3285 4310 nobilium
3317 4252 3552 4310 occidit.

2267 4351 2352 4404 14.
2376 4347 2668 4404 Iohannes
2689 4343 2994 4416 apostolus
3018 4343 3074 4398 in
3095 4342 3374 4399 Pathmos
3396 4338 3636 4398 insulam
3659 4348 3687 4391 a
3711 4332 3795 4387 Do-

2197 4435 2435 4494 mitiano
2465 4433 2641 4491 exilio
2671 4434 2902 4504 missus,
2947 4431 3320 4503 apocalypsin
3369 4427 3617 4500 scripsit.

2113 4511 2166 4573 D
2269 4529 2356 4580 15.
2388 4522 2748 4580 Domitianus
2779 4519 3029 4578 Flaviam
3060 4518 3416 4575 Domitillam
3461 4531 3588 4574 cum
3632 4505 3796 4568 multis

2196 4612 2407 4672 aliisin
2436 4610 2672 4668 exilium
2715 4623 2820 4682 pro
2849 4607 2963 4665 fide
3010 4607 3225 4664 Christi
3276 4603 3582 4676 relegavit.

2266 4706 2350 4759 16.
2401 4701 2500 4772 (Η.
2525 4701 2626 4771 Β.)
2649 4697 3010 4756 Domitianus
3029 4695 3356 4753 cummulta
3390 4693 3536 4750 mala
3576 4686 3791 4772 fecisset,

2193 4768 2515 4849 crudeliter
2537 4768 2660 4844 suis
2682 4784 3050 4844 interfecitur
3070 4798 3220 4842 anno
3240 4783 3438 4842 atatis
3483 4785 3567 4849 35,
3600 4768 3790 4845 imperii

2194 4884 2278 4938 15.
2313 4879 2418 4936 Hic
2446 4875 2662 4934 nullam
2692 4876 2803 4932 sibi
2835 4875 2943 4933 nisi
2973 4888 3208 4932 auream
3237 4877 3338 4929 aut
3363 4873 3684 4941 argenteam
3704 4865 3794 4917 sta-

2192 4973 2351 5026 tuam
2381 4967 2438 5023 in
2461 4965 2748 5038 Capitolio
2772 4979 2979 5036 passus
2995 4968 3085 5021 est
3101 4961 3236 5036 poni
3257 4957 3662 5029 ;consobrinos
3678 4958 3792 5006 suos

2192 5055 2506 5115 interfecit.

2263 5113 2364 5209 (Η.
2386 5138 2481 5209 S.)
2513 5137 2699 5192 Nerva
2727 5147 2910 5190 senex
2930 5147 3060 5190 ann.
3083 5137 3137 5204 1,
3161 5145 3392 5190 menses
3424 5132 3474 5200 4,
3500 5127 3619 5184 dies
3630 5124 3675 5178 8.
3690 5113 3788 5209 _I~lic

2188 5206 2437 5302 primum
2462 5206 2661 5282 edicto
2690 5239 2796 5280 suo
2831 5236 3032 5280 omnes
3078 5219 3282 5279 exules
3330 5213 3636 5277 revocavit.
3679 5206 3768 5300 Sal}

2187 5318 2320 5375 ctus
2352 5313 2396 5348 ¹¹
2421 5313 2712 5372 Iohannes
2743 5311 2815 5368 ab
2835 5309 3011 5368 exilio
3024 5308 3278 5382 rediens,
3303 5302 3653 5377 evangelium
3671 5306 3786 5352 scn-

1788 5479 2028 5539 VARIE
2067 5475 2468 5540 LECTIONES.

501 5609 547 5654 tt
573 5607 914 5692 pracipitus
943 5621 992 5672 ο.
1071 5607 1114 5646 ¹²
1137 5607 1358 5672 ηυιιὶὀ·
1436 5611 1480 5649 ³³
1502 5610 1726 5674 dente.
1768 5611 1812 5649 “
1829 5611 1928 5673 illa
1942 5625 2076 5675 carr

2113 5609 2214 5674 illo
2241 5625 2276 5673 ο
2312 5607 2355 5648 ⁸³
2395 5608 2605 5670 Sancte
2647 5610 2697 5665 1.
