3950 6324
97 366 212 432 465

913 370 1353 439 CHRONICA.
1388 408 1467 422 -
1497 374 1973 443 CHRONICON
2014 373 2746 445 WIRZIBURGENSE.

3417 367 3542 436 468

92 501 246 577 psit.
282 502 474 561 Nerva
505 504 714 563 morbo
737 507 1044 565 confectus
1075 508 1222 565 obiit
1253 523 1402 566 anno
1432 510 1626 566 atatis
1664 515 1726 569 71
1759 526 1774 577 ;
1813 512 1862 572 A
1959 515 1994 567 2
2023 512 2311 570 Adrianus
2337 511 2552 570 Judeos
2582 509 2791 567 iterum
2826 504 3119 580 proﬂigat.

96 594 379 665 regnavit
409 608 547 650 ann.
588 600 639 665 1,
673 596 972 654 mensibus
1004 601 1055 667 4,
1094 597 1303 655 diebus
1336 602 1385 654 8.
1424 600 1525 670 (Η.
1563 600 1777 671 R.)llic

110 685 163 740 in
202 684 435 756 privata
469 682 593 741 vita
627 685 967 743 moderatus
997 701 1062 743 ac
1091 690 1428 757 strennuus,
1454 688 1780 745 nobilitatis

113 772 349 842 media,
384 786 623 837 operam
658 773 834 829 dante
866 774 1144 831 Petronio
1177 776 1456 845 prafecto
1496 776 1775 845 praetorii,

112 860 262 916 item
303 860 597 929 Paternio,
652 860 1030 918 interfectore
1079 864 1408 933 Domitiani,
1463 863 1780 935 imperator

112 950 338 1019 factus,
400 949 802 1019 aquissimum
848 965 910 1006 se
941 965 1007 1006 ac
1055 950 1453 1008 civilissimum
1508 952 1774 1024 prabuit.

112 1038 430 1107 Trajanum
465 1038 521 1093 in
553 1052 795 1107 regnum
827 1038 1146 1110 adoptavit.

187 1126 299 1197 (Η.
330 1127 428 1198 S’.)
455 1127 738 1197 Trajanus
766 1141 982 1197 genere
1010 1127 1303 1199 Hispanus
1330 1143 1458 1185 ann.
1496 1127 1582 1198 19,
1626 1142 1780 1184 men-

110 1230 214 1270 ses
249 1218 306 1284 6,
343 1214 470 1271 dies
503 1220 585 1270 15.

188 1309 242 1358 1.
288 1305 452 1360 Anno
474 1303 639 1373 regni
672 1303 931 1374 ejusdem
966 1303 1332 1362 Alexandria
1354 1305 1540 1361 Cerdo
1560 1306 1780 1363 tercius

105 1392 438 1464 episcopus
470 1393 625 1449 sedit
656 1407 786 1449 ann.
824 1397 909 1449 12.

183 1486 242 1538 2.
275 1482 571 1537 Johannes
605 1482 907 1553 apostolus
925 1482 1075 1553 apud
1091 1484 1378 1554 Ephesum
1402 1483 1773 1553 obdormivit,

110 1583 278 1625 anno
309 1583 341 1624 a
375 1569 639 1640 passione
670 1571 893 1626 Domini
921 1574 1011 1628 68.

186 1659 551 1715 Eevarestus
577 1673 725 1730 papa
753 1668 998 1730 quartus
1028 1661 1182 1717 sedit
1213 1676 1342 1717 ann.
1375 1664 1427 1716 8.

184 1744 481 1815 Trajanus
529 1745 743 1802 multas
787 1752 994 1818 gentes
1044 1750 1302 1805 Rcmano
1358 1748 1608 1818 subjecit
1677 1750 1777 1803 im-

110 1834 311 1908 peric.

1961 605 2010 657 3.
2047 601 2242 658 Sixtus
2275 616 2423 673 papa
2458 602 2663 656 sextus
2694 596 2849 653 sedit
2879 610 3010 652 ann.
3050 599 3133 649 10.

1959 692 2009 746 4.
2044 691 2433 746 Tcrramotus
2462 690 2650 743 factus
2677 690 2784 741 est.

1959 783 2010 833 5.
2048 778 2336 833 Adrianus
2369 775 2824 833 Atheniensibus
2858 772 3045 840 legem
3076 768 3261 826 dedit.

1959 870 2010 921 6.
2049 864 2412 920 Alexandria
2439 862 2703 918 Justinus
2728 861 3042 932 episcopus
3087 857 3240 914 sedit
3291 861 3533 914 ann.11.

1959 959 2009 1008 7.
2047 953 2448 1009 llierosolima
2480 950 2795 1022 episcopus
2826 952 3040 1005 Seneca
3080 947 3361 1005 decimus.
3396 946 3537 1003 Post

1889 1041 2038 1097 hunc
2067 1044 2272 1098 Justus
2304 1041 2657 1097 undecimus.
2706 1037 2918 1094 Deinde
2972 1038 3123 1094 Levi.
3178 1039 3315 1093 Post
3363 1048 3533 1105 quem

1889 1130 2089 1186 Eil'rcs.
2125 1133 2331 1187 Postea
2380 1132 2593 1186 Jesscs.
2651 1132 2793 1185 Post
2846 1128 2998 1185 hunc
3043 1126 3224 1183 Judas
3272 1121 3535 1197 episcopi

1890 1218 2143 1276 fuerunt.

1960 1311 2017 1363 11
2071 1308 2413 1365 Saturnides
2471 1315 2532 1363 et
2600 1307 2694 1364 alii
2766 1307 2882 1363 duo
2948 1304 3204 1361 heresim
3263 1300 3537 1360 condide-

1888 1400 2041 1451 ιίιηι.

1959 1488 2043 1539 12.
2074 1484 2503 1557 Thclesphorus
2531 1499 2677 1557 papa
2710 1484 2861 1542 sedit
2892 1497 3024 1541 ann.
3062 1486 3146 1537 11.

1958 1576 2041 1626 13.
2078 1574 2398 1629 Antiochia
2426 1573 2814 1630 constituitur
2843 1569 3149 1628 Cornelius
3190 1567 3529 1640 episcopus.

1962 1663 2042 1714 14.
2077 1662 2373 1733 Nicopolis
2406 1667 2463 1716 et
2498 1665 2743 1717 Cesarea
2776 1663 3114 1717 terramotu
3156 1657 3526 1713 corruerunt.

1962 1753 2043 1803 15.
2076 1750 2370 1822 Templum
2402 1751 2644 1806 Veneris
2676 1752 2870 1806 Roma
2907 1750 3120 1804 factum
3148 1750 3261 1801 est.

1805 1863 1857 1921 Β
1958 1834 2040 1891 1³1.
2078 1838 2239 1893 Judei
2272 1838 2621 1894 Palestinam
2672 1835 3118 1908 depopulantur.
3165 1829 3531 1889 Alexandria

184 1928 242 1979 6.
282 1924 548 1993 Symeon,
585 1922 812 1996 C'eopa
843 1924 1016 1996 ﬁlius,
1061 1926 1416 1984 Iberusalem
1463 1928 1776 1999 episcopus
1889 1925 2173 1981 Eumenes
2202 1927 2516 1998 episcopus
2548 1926 2698 1982 sedit
2730 1940 2860 1981 ann.
2900 1927 2984 1978 13.

109 2010 496 2080 cruciﬁgitur
524 2025 674 2067 anno
704 2012 897 2070 atatis
932 2019 1050 2070 120.
1087 2017 1198 2071 Pro
1232 2030 1346 2085 quo
1374 2017 1574 2071 Justus
1623 2015 1775 2071 ordi-

114 2105 322 2156 natur.
360 2099 623 2167 lgnatius
654 2101 974 2158 Antiochia
996 2103 1309 2174 episcopus
1339 2105 1535 2159 Roma
1569 2104 1775 2160 bestiis

111 2187 405 2244 traditur.
442 2190 555 2244 Pro
585 2204 699 2260 quo
733 2190 906 2246 Orion
938 2193 1342 2249 constituitur.

184 2278 242 2331 8.
281 2277 674 2334 Terramotus
702 2280 916 2335 multas
950 2282 1127 2336 urbes
1169 2281 1421 2352 subruit,
1486 2286 1545 2336 et
1599 2296 1773 2338 aurea

110 2363 331 2420 domus
355 2364 627 2422 incendio
660 2366 850 2437 periit.
906 2368 972 2422 Et
1010 2369 1328 2424 Pantheum
1371 2368 1608 2426 fulmine
1652 2385 1774 2425 cre-

113 2456 342 2507 matum
376 2457 487 2507 εει.

186 2543 243 2595 9.
277 2538 503 2596 Plinius
534 2540 834 2599 Secundus
863 2542 1258 2615 pliylosopbus
1280 2544 1477 2601 clarus
1500 2560 1602 2617 pro
1625 2545 1774 2601 chri-

115 2627 338 2684 stianis
364 2629 668 2698 Trajanum
711 2631 955 2701 mitigat.

190 2720 263 2772 12
303 2716 637 2774 Alexander
665 2732 811 2791 papa
845 2720 1085 2790 quintus
1111 2721 1262 2777 sedit
1297 2737 1425 2779 ann.
1464 2727 1547 2778 10.

192 2810 283 2861 13.
318 2806 552 2863 Primus
584 2812 832 2878 quartus
865 2808 1231 2867 Alexandria
1262 2811 1578 2883 cpiscopus
1620 2810 1774 2867 sedit

117 2908 257 2950 ann.
296 2897 383 2949 19.

192 2985 282 3039 14.
316 2984 457 3039 Post
477 2985 506 3040 J
513 2986 705 3041 ustum
726 2984 1134 3041 Iherusalema
1151 2988 1487 3058 episcopum
1519 2988 1776 3044 Zaclieus

115 3070 297 3128 sedit.
358 3072 499 3127 Post
548 3087 718 3142 quem
765 3072 990 3129 Tobias.
1046 3076 1184 3129 Post
1243 3075 1394 3130 hunc
1456 3076 1767 3147 Bcnjamin.

118 3156 343 3214 Deinde
373 3159 682 3215 Johanncs.
717 3161 851 3216 Post
884 3177 1053 3232 quem
1086 3162 1411 3219 Matbatias.
1445 3164 1547 3219 Cui
1577 3178 1774 3220 succe-
1838 3217 1850 3237 ,

118 3244 205 3299 dit
240 3244 564 3304 PhiliDDus.
1805 3215 1852 3275 (λ
1890 3251 1928 3304 u

1935 3263 2073 3305 eros
2100 3249 2502 3305 constituitur.

117 3244 205 3299 dit
240 3244 564 3317 Philippus.

194 3336 282 3389 16.
317 3333 598 3403 Trajanus
630 3336 977 3408 Armeniam,
1012 3338 1305 3409 Assyriam
1338 3338 1400 3408 ⁸⁸,
1452 3338 1774 3410 Mesopota-

118 3421 297 3477 miam
329 3423 660 3492 provincias
690 3423 847 3480 fecit.

194 3514 283 3565 18.
313 3511 482 3568 Judei
532 3514 808 3569 commoti
859 3529 1094 3584 magnas
1136 3515 1310 3572 cedes
1360 3516 1651 3573 hominum
1698 3519 1776 3573 fa-

120 3598 286 3654 ciunt
315 3616 328 3663 ;
362 3600 465 3656 sed
488 3600 543 3655 in
575 3600 923 3657 Alexandria
956 3603 1116 3670 victi,
1149 3605 1221 3660 ab
1249 3603 1518 3660 omnibus
1560 3605 1774 3676 ubique

122 3685 520 3744 trucidantur.
554 3689 944 3747 Tcrramotus
985 3694 1162 3747 totam
1211 3706 1356 3763 pene
1410 3693 1773 3749 Antiochiam

123 3774 382 3829 subruit.

198 3866 286 3918 19.
326 3864 605 3933 Trajanus
634 3866 915 3937 proﬂuvio
946 3866 1168 3923 ventris
1198 3868 1447 3925 moritur
1474 3883 1624 3925 anno
1640 3873 1777 3925 ata-

129 3949 209 4005 tis
241 3952 335 4018 64,
368 3966 564 4009 mense
595 3958 648 4023 9,
683 3953 775 4010 die
806 3956 857 4024 4,
901 3954 1125 4026 imperii
1178 3959 1263 4025 19,
1316 3970 1513 4012 mense
1567 3962 1617 4027 6,
1682 3958 1774 4013 die

130 4042 213 4095 15.
245 4038 417 4096 Solus
436 4041 690 4097 omnium
715 4043 860 4098 intra
888 4044 1094 4099 l'rbem
1118 4043 1391 4115 sepultus
1415 4048 1523 4100 est.
1548 4045 1649 4114 (H.
1678 4047 1774 4117 Β.)

128 4126 274 4183 Ossa
306 4128 435 4199 ejus
467 4129 683 4185 collata
713 4131 771 4186 in
804 4146 1005 4188 urnam
1038 4132 1392 4202 aureampin
1444 4134 1569 4189 foro
1622 4135 1773 4205 quod

125 4215 437 4271 adiﬁcavit
490 4219 599 4274 sub
649 4218 915 4275 columna
970 4220 1160 4291 posita
1206 4225 1381 4287 sunt;
1429 4223 1597 4293 cujus
1647 4223 1776 4278 alti-

128 4304 265 4367 tado
296 4308 400 4364 140
433 4309 611 4380 pedes
640 4307 833 4363 habet.
863 4308 1043 4379 Hujus
1066 4312 1289 4366 tantum
1314 4310 1604 4367 memoria
1624 4310 1777 4367 dela-

125 4404 248 4454 tum
284 4402 397 4466 est,
432 4401 492 4454 ut
528 4411 714 4466 usque
746 4395 815 4452 ad
846 4401 1107 4452 nostram
1131 4401 1363 4454 atatem
1388 4412 1500 4455 non
1525 4398 1696 4455 aliter
1718 4399 1775 4454 in

128 4489 334 4544 senatu
370 4484 733 4557 principibus
761 4483 1116 4541 acclametur
1148 4485 1189 4519 ιτ
1221 4486 1329 4542 nisi
1357 4506 1368 4540 :
1398 4487 1649 4544 Felicior
1666 4489 1778 4544 Au-

1958 2017 2041 2068 18.
2074 2015 2240 2070 Judei
2275 2015 2497 2085 magnis
2529 2015 2745 2085 ubique
2776 2012 3022 2069 cedibus
3053 2012 3391 2064 enccantur.

1960 2105 2041 2156 19.
2080 2102 2436 2158 Hierusalem
2469 2104 2541 2158 ab
2566 2102 2727 2158 Helio
2751 2100 3005 2157 Adriano
3032 2099 3306 2169 reparata
3332 2096 3444 2161 est,
3470 2096 3527 2146 et

1884 2204 1955 2242 cx
1986 2190 2114 2260 ejus
2143 2191 2370 2245 nomine
2406 2190 2562 2245 Helia
2602 2193 2951 2260 nuncupata.

1954 2281 2040 2334 20.
2078 2279 2306 2335 Primus
2337 2294 2406 2334 ex
2443 2280 2720 2349 gentibus
2767 2274 3167 2333 Hierosolima
3214 2272 3531 2344 episcopus

1885 2367 2109 2423 Marcus
2138 2367 2467 2434 ordinatur,
2496 2383 2623 2425 cum
2653 2368 2768 2437 jam
2802 2358 3235 2437 quindecim‘ex
3289 2357 3527 2416 Judaica

1882 2460 2056 2524 gente
2089 2456 2371 2512 obissent.

1954 2547 2042 2598 21.
2098 2545 2385 2601 Adrianus
2436 2547 2638 2602 morbo
2693 2541 3005 2600 intercutis
3056 2552 3222 2610 aqua
3282 2534 3530 2592 moritur

1888 2632 2068 2701 major
2102 2635 2500 2703 sexagenario.

1957 2720 2245 2775 Antonius
2273 2725 2659 2790 cognomento
2687 2720 2825 2775 Pius
2872 2731 3004 2774 ann.
3055 2719 3144 2785 22,
3200 2725 3428 2769 menses
3475 2714 3524 2765 3.

1886 2806 1999 2861 lste
2028 2806 2284 2863 clemens
2311 2808 2560 2865 efﬁcitur
2599 2805 2958 2866 christianis.

1958 2898 2120 2952 Anno
2152 2898 2311 2968 regni
2341 2897 2513 2967 hujus
2543 2902 2591 2967 1,
2624 2896 2842 2965 Yginus
2876 2906 3021 2966 papa
3052 2888 3334 2962 septimus
3376 2887 3532 2944 sedit

1884 2997 2016 3039 ann.
2054 2987 2102 3039 4.
2139 2984 2481 3041 Valentinus
2513 2987 2571 3039 et
2606 2982 2793 3039 Cerdo
2832 2979 3136 3037 ecclesiam
3186 2975 3380 3032 heresi
3430 2975 3532 3031 im-

1884 3076 2162 3142 pugnant

1955 3165 2008 3215 6.
2039 3161 2176 3217 Pius
2208 3175 2355 3233 papa
2386 3159 2539 3215 sedit
2570 3173 2700 3215 ann.
2738 3162 2823 3213 15.
2863 3154 3181 3213 Antiochia
3213 3152 3531 3225 episcopus

1955 3340 2008 3394 8.
2045 3338 2413 3395 Alexandria
2444 3339 2671 3394 Marcus
2697 3337 3014 3409 epiSCOpus
3060 3334 3214 3392 sedit
3261 3346 3391 3388 ann.
3444 3335 3530 3386 10.

1959 3430 2044 3482 19.
2069 3426 2749 3483 ΑΙθκθηάνίω-Οεθιθᾱὶοη
2781 3425 3089 3497 episcopus
3113 3422 3414 3479 seditann.
3446 3422 3530 3476 14.

1953 3519 2041 3570 21.
2078 3514 2357 3571 Anicetus
2391 3528 2534 3584 papa
2570 3513 2828 3568 decimus
2851 3510 3001 3568 sedit
3034 3524 3164 3567 ann.
3194 3514 3285 3565 11.
3336 3507 3535 3563 Hiero-

1885 3601 2103 3659 solima
2130 3602 2438 3659 Cassianus
2450 3601 2768 3673 episcopus
2787 3599 3116 3667 ordinatur,
3134 3596 3405 3665 Publius,
3426 3596 3535 3652 Ma-

1884 3690 2097 3757 ximus,
2128 3689 2419 3761 Julianus,
2448 3689 2685 3757 Cainus,
2732 3686 3066 3758 Symachus,
3116 3684 3311 3753 Gaius,
3358 3682 3535 3739 Julia-

1892 3793 2018 3849 nus,
2053 3778 2272 3850 Capito.

1955 3871 2046 3922 23.
2082 3865 2369 3922 Antonius
2399 3864 2537 3920 Pius
2568 3862 2720 3935 apud
2768 3860 2994 3917 Lorium
3044 3859 3190 3916 obiit
3238 3866 3305 3917 77
3345 3859 3541 3917 atatis

1886 3969 2053 4010 anno.

1958 4045 2182 4099 Marcus
2216 4040 2502 4097 Antonius
2532 4040 2723 4097 Verus
2754 4052 2882 4094 cum
2927 4037 3106 4093 fratre
3156 4035 3329 4093 Lucio
3379 4038 3541 4093 Com-

1888 4131 2055 4188 modo
2089 4129 2323 4186 Aurelio
2355 4144 2485 4185 ann.
2520 4134 2605 4199 19,
2643 4142 2841 4184 mense
2876 4130 2922 4185 1.
2960 4127 3025 4182 Hi
3057 4140 3225 4198 aquo
3257 4125 3390 4197 jure
3437 4124 3534 4181 ad-

1890 4221 2369 4277 ministraverunt
2403 4218 2727 4290 imperium.

1957 4309 2140 4379 Regni
2172 4306 2258 4365 sui
2292 4321 2441 4363 anno
2475 4312 2521 4362 1.
2554 4310 2606 4361 2.
2642 4310 2693 4361 3.
2729 4308 2778 4361 4.

1959 4395 2220 4454 Seleucia
2252 4399 2421 4468 capta
2453 4400 2541 4452 est
2565 4410 2594 4451 a
2616 4392 2910 4450 Romanis.
2931 4394 3190 4451 Casares
3212 4391 3282 4448 de
3304 4391 3539 4448 Parthis

1890 4485 2267 4556 triumphant.

122 4575 314 4645 gusto,
346 4573 553 4630 melior
585 4573 867 4643 Trajano.
905 4573 1080 4629 Rome
1110 4588 1173 4629 se
1200 4574 1470 4631 omnibus
1508 4575 1772 4637 equalem
1804 4571 1857 4631 D
1956 4576 2008 4629 6.
2046 4574 2147 4642 (H.
2178 4574 2272 4643 ις’.)
2307 4571 2465 4627 Multi
2500 4577 2832 4628 sanctorum
2878 4572 2986 4628 sub
3037 4570 3127 4627 his
3179 4567 3542 4640 principibus

132 4660 400 4733 prabuit,
453 4660 674 4717 nullum
725 4665 1061 4717 senatorum
1115 4661 1336 4732 ledens,
1382 4662 1461 4717 ita
1515 4667 1578 4718 ut
1621 4665 1772 4719 omni
1885 4667 2261 4719 coronantur.
2298 4663 2409 4716 Hoc
2442 4665 2704 4732 tempore
2754 4660 2878 4715 lues
2927 4658 3171 4714 maxima
3218 4659 3536 4712 Romanum

131 4750 256 4819 ejus
285 4753 461 4806 atate
495 4764 643 4806 unus
674 4753 907 4806 senator
940 4749 1013 4806 sit
1045 4749 1369 4820 damnatus,
1407 4753 1465 4807 et
1514 4751 1622 4808 hoc
1672 4768 1775 4825 per
1885 4752 2209 4808 exercitum
2267 4749 2530 4819 aliasque
2599 4746 2815 4804 multas
2862 4745 3197 4818 provincias
3243 4757 3388 4814 pene
3439 4742 3538 4800 de-

131 4842 436 4998 get/13%;.)
470 4925 672 4983 Helius
702 4925 991 4983 Adrianus
1019 4941 1149 4983 ann.
1196 4933 1282 4983 21.
1339 4928 1438 4984 Hic
1477 4942 1582 4999 per
1628 4928 1775 4994 Qua-

1883 4839 2043 4897 levit.

1953 4934 2005 4985 7.
2040 4927 2248 4985 Sother
2276 4940 2422 4998 papa
2475 4923 2816 4981 undecimus
2862 4921 3015 4978 sedit
3066 4935 3196 4977 ann.
3248 4923 3298 4975 8.
3344 4919 3519 4976 Antio

132 5015 360 5071 dratum
383 5013 736 5087 discipulum
761 5013 1157 5086 apostolorum
1180 5015 1568 5072 etAristidem
1589 5016 1773 5072 virum
1881 5018 2029 5075 chia
2059 5015 2412 5087 Theophilus
2446 5013 2537 5070 vir
2568 5012 2803 5084 sapiens
2844 5010 3154 5066 ordinatur
3202 5007 3534 5079 episcopus.

133 5103 453 5176 sapientem
488 5104 660 5160 libris
694 5102 1097 5175 apollogeticis
1128 5105 1391 5175 edoctus,
1429 5105 1585 5161 mitis
1605 5105 1776 5162 eﬂlci-

133 5197 227 5249 tur
254 5192 624 5250 christianis.

138 5284 292 5338 Anno
326 5288 346 5339 1
383 5282 552 5353 regni
589 5276 682 5338 sui
717 5280 1121 5339 Alexandriam
1172 5282 1462 5339 Adrianus
1522 5283 1775 5353 publicis

138 5372 489 5429 restauravit
521 5369 815 5441 expensis.

1955 5110 2007 5161 8.
2044 5102 2411 5160 Alexandria
2444 5101 2797 5173 Agrippinus
2827 5099 2982 5156 sedit
3010 5113 3141 5153 ann.
3179 5102 3263 5153 11.

1960 5196 2044 5250 14.
2087 5192 2414 5248 Antoninus
2446 5191 2762 5263 imperator
2792 5187 2970 5245 multa
3005 5186 3203 5259 praelia
3239 5200 3341 5257 per
3373 5199 3437 5241 se
3476 5191 3537 5242 et

1893 5298 1994 5354 per
2027 5283 2205 5338 duces
2228 5294 2366 5335 suos
2388 5283 2592 5334 contra
2617 5279 3001 5334 Romanorum
3029 5274 3295 5331 inimicos
3317 5274 3533 5343 exegit.

1962 5374 2045 5427 16.
2083 5368 2432 5425 Eleutherus
2462 5381 2610 5438 papa
2642 5366 3025 5423 duodecimus
3058 5363 3213 5421 sedit
3256 5377 3386 5431 ann,
3440 5368 3535 5420 13.

1498 5522 1733 5578 VARI/E
1777 5521 2070 5579 LECTION
2077 5519 2176 5575 ES.

202 5668 497 5741 “assyria
533 5677 582 5722 ο.
618 5661 661 5698 ⁸⁷
694 5661 1045 5721 acclemetur
1072 5676 1119 5719 ο.
