3950 6314
166 334 293 400 469

248 476 302 526 1.
338 469 639 540 Origenes
672 483 822 529 anno
853 471 1032 529 etatis
1058 477 1127 530 70
1155 474 1426 530 moritur.

990 337 1433 403 CHRONICA.
1465 374 1542 387 -
1572 338 2051 405 CHRONICON
2094 341 2794 406 WIRZIBURGENSE

3481 342 3604 405 470

1878 473 1931 535 A
2034 473 2400 532 Alexandria)
2446 476 2706 532 Theonas
2759 474 3077 547 episc0pus
3124 474 3280 531 sedit
3339 489 3470 533 ann.
3543 481 3600 533 1-

253 563 308 617 2.
342 558 589 618 -Gallus
654 566 713 617 et
782 559 1127 620 Volusianus
1186 560 1484 620 Teramine
1553 558 1849 619 interfecti
1959 562 2187 620 Probus
2218 564 2370 635 apud
2401 564 2674 620 Firmium
2707 562 2964 619 tumultu
2997 561 3242 631 militum
3283 563 3597 622 occiditur.

185 650 348 703 sunt.

256 752 608 812 Valerianus
638 770 771 813 eum
804 754 923 812 filio
953 755 1230 812 Galliemo
1279 770 1410 812 ann.
1448 759 1535 812 15.
1587 756 1704 812 Iste
1751 770 1848 812 oc-

187 848 364 900 tavus
393 843 762 900 christianos
800 843 1195 915 persequitur.

260 937 315 987 1.
348 930 655 988 Cornelius
689 947 841 1004 papa
875 937 1095 1003 martyr
1129 932 1398 989 eﬂleitur.
1443 931 1650 989 Lucius
1698 945 1841 1004 papa

184 1023 278 1090 21,
314 1019 469 1077 sedit
502 1035 636 1076 ann.
674 1025 727 1092 3,
759 1024 817 1077 et
850 1024 1070 1092 martyr
1099 1020 1366 1077 efﬁcitur.
1402 1020 1727 1093 Stephanus
1748 1034 1844 1092 pa-

188 1122 262 1180 pa
292 1112 363 1165 22
384 1107 538 1165 sedit
574 1123 708 1165 ann.
742 1113 792 1167 1.

260 1198 317 1252 6.
353 1197 678 1269 Cyprianus
725 1197 932 1255 doctor
985 1197 1317 1269 praecipuus
1373 1197 1845 1267 Carthaginensis

186 1284 508 1357 episcopus
536 1286 972 1358 martyrizatur.
1005 1286 1219 1356 Syxtus
1252 1300 1396 1358 papa
1431 1285 1580 1342 sedit
1626 1300 1756 1342 ann.
1787 1290 1836 1341 3.

260 1377 322 1428 7.
372 1374 576 1443 (Onos)
623 1373 965 1431 Valerianus
1013 1378 1301 1430 commota
1348 1375 1775 1446 persecutione,
1811 1389 1841 1430 a

188 1463 421 1534 Sapore
453 1477 593 1533 rege
616 1463 924 1520 Persarum
957 1466 1167 1533 captus
1217 1466 1275 1517 et
1320 1462 1506 1519 oculis
1558 1463 1838 1534 privatus,

192 1549 450 1607 acclinis
475 1551 633 1608 humi
663 1565 859 1620 regem
892 1564 1124 1621 semper
1143 1564 1522 1607 ascensurum
1552 1550 1608 1605 in
1630 1565 1840 1620 equum

187 1642 379 1700 dorso
414 1640 738 1698 attollebat.
768 1640 877 1709 (H.
909 1639 1004 1710 ις.)
1039 1637 1248 1709 Sicque
1284 1638 1571 1695 servitute
1604 1639 1843 1695 misera-

188 1730 300 1786 bili
334 1729 716 1789 consenescit.
743 1726 1037 1784 Gallienus
1059 1727 1306 1784 territus
1317 1742 1516 1799 pacem
1534 1727 1841 1784 christico—

188 1819 265 1877 lis
296 1818 579 1877 reddidit.

261 1914 321 1965 8.
355 1908 624 1964 Germani
656 1903 879 1962 Italiam
909 1903 1208 1960 Alamanni
1241 1903 1457 1960 Gallias
1497 1908 1558 1959 et
1608 1903 1838 1961 Italiam

186 1995 652 2069 depopulantur.

262 2091 319 2142 9.
355 2086 496 2155 (10.)
527 2083 743 2153 Gretia,
794 2080 1124 2138 Macedonia
1177 2082 1401 2138 Pontus
1449 2087 1506 2137 et
1553 2081 1688 2138 Asia
1745 2082 1842 2139 de-

188 2171 555 2247 populantur
583 2186 688 2243 per
711 2171 950 2240 Gothos,
977 2175 1034 2225 et
1059 2170 1206 2226 alios
1230 2168 1539 2241 perplures
1570 2170 1841 2228 civitates

186 2261 499 2334 quassavit
529 2259 802 2331 irruptio.

265 2354 354 2406 12.
388 2348 671 2405 Maximus
701 2346 1068 2403 Alexandriae
1095 2346 1407 2419 episcopus
1439 2346 1587 2404 sedit
1611 2351 1838 2404 ann.18.

266 2444 356 2495 13.
425 2434 841 2506 Hierosolymae
904 2435 1217 2507 episcOpus
1267 2436 1585 2506 Hyrmenes
1626 2436 1843 2492 consti-

190 2528 410 2584 tuitur.

266 2620 359 2673 11..
393 2612 685 2672 Dionisius
719 2626 864 2685 papa
898 2611 1051 2667 sedit
1084 2626 1215 2668 ann.
1238 2616 1289 2668 9.
1316 2610 1611 2669 Gallienus
1635 2613 1843 2670 Medio-

190 2703 355 2761 lanio
385 2702 700 2761 occiditur.
736 2699 1015 2756 Claudius
1047 2714 1139 2756 an.
1171 2705 1222 2763 1,
1260 2714 1492 2756 menses
1519 2706 1572 2757 9.

264 2832 320 2887 1.
355 2827 457 2899 (H.
493 2826 591 2899 Β.)
623 2827 742 2883 Iste
766 2824 984 2881 Gothos
1010 2824 1126 2895 jam
1175 2838 1278 2895 per
1325 2838 1505 2882 annos
1556 2829 1621 2883 15
1675 2824 1842 2882 llliri-

188 2932 329 2977 cum
370 2915 881 2985 Macedoniamque
930 2911 973 2945 ιθ
1020 2912 1397 2970 devastantes
1443 2919 1717 2985 superat;
1768 2916 1842 2972 ob

187 3006 353 3078 quod
383 3005 440 3061 in
470 3004 634 3061 curia
662 3002 943 3074 elyppeus
969 3014 1202 3070 aureus,
1233 3008 1292 3056 et
1323 3000 1378 3056 in
1410 3000 1688 3073 capitolio
1731 3009 1843 3058 sta-

186 3099 295 3152 tua
329 3106 506 3150 aurea
535 3106 563 3149 a
596 3094 803 3148 senatu
826 3088 1147 3145 ei'decreta
1181 3093 1292 3144 est.

263 3188 319 3240 2.
375 3180 477 3254 (Η.
527 3180 621 3251 S.)
668 3177 884 3234 Paulus
934 3178 1005 3233 de
1054 3176 1393 3233 Samosathe
1438 3175 1484 3211 ²⁰

187 3270 512 3344 episcopus
534 3267 831 3326 hereticus
850 3281 981 3323 esse
1004 3266 1400 3325 convincitur.
1427 3267 1703 3327 Claudius
1727 3269 1843 3326 Fir-

189 3362 315 3419 mio
346 3361 614 3418 moritur.
647 3360 761 3415 Pro
794 3372 907 3429 quo
939 3357 1122 3413 frater
1145 3357 1465 3425 Quintilius
1488 3364 1555 3415 17
1578 3358 1725 3430 dies,
1760 3360 1844 3416 in-

191 3451 487 3508 terfectus
514 3452 624 3505 est.

272 3571 624 3631 Aurelianus
652 3585 786 3627 ann.
818 3576 868 3642 5,
902 3584 1133 3627 menses
1162 3573 1218 3626 6.
1250 3579 1396 3627 Ann.
1430 3571 1502 3627 ab
1531 3572 1684 3629 Urbe
1711 3587 1845 3629 con-

194 3662 326 3719 dita
360 3665 516 3719 1027.
1195 3672 1200 3679 ‘

274 3754 327 3805 1.
360 3748 465 3806 Hic
495 3748 579 3805 rei
605 3747 837 3821 publice
862 3747 1023 3806 utilis
1049 3766 1063 3815 ;
1088 3747 1274 3820 primo
1295 3746 1553 3804 clemens
1576 3748 1846 3807 ehristia-

194 3839 316 3909 nis,
351 3842 558 3911 postea
590 3842 936 3910 persecutor
966 3838 1093 3895 fuit.

269 3930 326 3982 2.
360 3925 685 3983 Antiochiae
713 3925 992 3983 Thimotis
1020 3924 1336 3997 episcopus
1373 3924 1698 3983 ordinatur.
1749 3927 1846 3983 Ze-

194 4014 376 4071 nobia
411 4013 608 4083 regina
636 4014 883 4070 orientis
904 4013 1178 4070 vincitur.

273 4105 329 4157 3.
369 4100 742 4158 Aurelianum
772 4101 967 4158 Roma)
988 4099 1443 4172 triumphantem
1466 4100 1770 4160 Thetricus
1787 4108 1845 4159 et

192 4189 455 4247 Zenobia
485 4188 701 4261 captivi
732 4186 1180 4261 praecesserunt.

271 4282 324 4336 4.
356 4278 630 4337 Aurelius
655 4276 935 4350 templum
954 4277 1059 4335 soli
1080 4277 1351 4348 aediﬁcat,
1390 4282 1451 4334 et
1472 4292 1680 4336 nonam
1721 4294 1849 4351 per-

197 4366 568 4426 secutionem
600 4366 655 4422 in
687 4366 1045 4424 christianos
1074 4367 1315 4423 excitat.

275 4460 327 4512 5.
363 4454 638 4512 Aurelius
668 4454 864 4512 divino
897 4453 1134 4511 fulmine
1164 4455 1427 4525 territus,
1464 4454 1614 4511 intra
1648 4454 1847 4512 Bizan-

197 4544 350 4601 tium
380 4546 438 4599 et
482 4541 802 4600 Heracliam
831 4557 861 4598 a
891 4542 1176 4601 militibus
1206 4542 1516 4600 occiditur.

275 4632 477 4689 Tatius
502 4644 735 4689 menses
760 4635 813 4701 6,
848 4631 986 4688 alibi
1017 4646 1149 4688 ann.
1186 4632 1240 4687 1"
1271 4632 1384 4703 (ita
1403 4632 1670 4704 Isidor.).
1722 4633 1846 4700 Quo

200 4720 362 4793 apud
384 4721 631 4777 Pontum
661 4718 879 4789 occiso,
914 4718 1216 4776 Florianus
1260 4720 1527 4791 regnavit
1575 4720 1700 4777 dies
1757 4725 1844 4791 88,

199 4814 259 4866 et
295 4806 450 4881 apud
486 4806 769 4864 Tharsum
815 4808 1123 4877 occiditur,
1174 4806 1336 4864 Felix
1384 4823 1531 4881 papa
1580 4812 1648 4865 25
1695 4809 1846 4867 sedit

199 4911 335 4953 ann.
367 4901 419 4953 5.

272 4984 501 5042 Probus
530 4998 667 5042 ann.
699 4988 751 5053 6,
788 4997 1031 5054 menses,
1060 4982 1096 5039 4

275 5078 324 5129 1.
360 5071 558 5131 Gallias
592 5087 623 5129 a
656 5072 1228 5144 barbaris;vastatze,
1279 5089 1307 5130 a
1351 5073 1542 5130 Probo
1592 5074 1847 5131 Romano

189 5160 446 5234 imperio
478 5161 898 5218 restituuntur.

271 5253 320 5306 3.
357 5249 663 5308 Antiochaa
685 5248 997 5320 episcopus
1024 5252 1106 5307 18.
1134 5247 1415 5316 Quirillus
1439 5248 1840 5307 constituitur.

273 5340 322 5392 5.
357 5336 748 5396 Eutbicianus
780 5349 927 5408 papa
959 5334 1111 5392 sedit
1141 5351 1371 5395 menses
1406 5342 1489 5394 10.
1525 5337 1700 5395 Gaius
1749 5350 1845 5409 pa-

200 5439 268 5498 pa
301 5425 452 5483 sedit
488 5439 626 5483 ann.
663 5428 747 5480 15.

2030 651 2211 709 Carus
2242 667 2373 709 cum
2406 652 2543 709 filiis
2577 652 2784 709 Carino
2807 655 2865 707 et
2899 649 3246 708 Numeriano
3288 666 3420 708 ann.
3471 657 3523 710 2.

2032 742 2074 796 1.
2116 742 2296 797 Carus
2325 740 2514 798 victor
2545 740 2616 798 de
2657 739 3093 811 Parthis,super
3138 739 3443 810 Tygridem
3493 739 3600 797 ful-

1957 826 2106 884 mine
2130 829 2286 886 ietus
2316 829 2557 886 interiit.
2593 832 2975 887 Numerianus
3007 829 3319 887 occiditur.

2024 920 2075 972 2.
2114 918 2356 974 Cariuus
2383 920 2534 990 apud
2567 920 2820 989 Margum
2852 932 2882 974 a
2920 918 3279 975 Diocletiano
3322 916 3599 975 interfici-

1959 1007 2072 1059 tur.
2107 1005 2226 1061 Huc
2262 1021 2442 1077 usque
2472 1007 2543 1062 ab
2576 1005 2974 1062 incarnatione
3014 1005 3238 1061 Domini
3278 1005 3598 1078 subputan-

1955 1097 2050 1147 tur
2082 1092 2404 1150 secundum
2436 1094 2754 1151 Dionisium
2788 1092 2918 1150 anni
2940 1092 3075 1152 284.

2028 1179 2423 1240 Diocletianus
2446 1198 2593 1241 anno
2616 1184 2687 1241 ab
2711 1183 2864 1240 Lrbe
2886 1182 3122 1240 condita
3148 1185 3304 1254 1040,
3328 1181 3597 1253 regnavit

1953 1282 2086 1324 ann.
2120 1274 2206 1326 20.

2022 1360 2073 1413 1.
2110 1357 2194 1413 Ab
2232 1358 2342 1416 hoc
2374 1374 2525 1416 anno
2569 1361 2752 1417 Graeci
2798 1358 3065 1432 pascales
3111 1357 3366 1417 circulos
3414 1357 3460 1392 “
3513 1358 3596 1416 in-

1950 1446 2258 1502 choabant.

2024 1537 2073 1589 3.
2109 1534 2505 1594 Diocletianus
2536 1536 2868 1594 Herculium
2901 1536 3303 1594 Maximianum
3354 1536 3409 1592 in
3460 1550 3597 1593 con-

1954 1622 2203 1679 sortium
2235 1626 2398 1696 regni
2431 1626 2694 1683 assumit.

2023 1712 2073 1766 4.
2128 1712 2529 1770 Diocletianus
2578 1715 2999 1784 Constantium,
3063 1714 3428 1772 Constantini
3498 1727 3596 1787 pa-

1868 1827 1921 1885 B
1952 1801 2123 1869 trem,
2158 1814 2420 1858 cesarem
2454 1803 2631 1869 facit;
2666 1802 2761 1873 qui
2794 1801 3061 1872 regnavit
3091 1817 3221 1858 ann.
3256 1806 3341 1859 10.

2024 1891 2077 1943 7.
2112 1887 2512 1947 Diocletianus
2541 1890 2828 1948 Galerium
2870 1890 3273 1947 Maximianum
3326 1889 3462 1947 facit
3502 1904 3596 1948 ce-

1953 1988 2169 2030 SHPGHL

2031 2065 2115 2118 11.
2152 2063 2549 2123 Diocletianus
2582 2081 2642 2123 se
2677 2071 2736 2122 ut
2771 2066 2941 2122 deum
2973 2064 3206 2122 adorari
3233 2064 3432 2135 jussit.

2030 2154 2115 2207 13.
2154 2154 2293 2209 Gaio
2347 2168 2491 2225 papa
2533 2154 2915 2223 martirizato,
2948 2152 3317 2212 Marcellinus
3363 2167 3595 2211 succes-

1955 2236 2051 2293 sit.

2028 2330 2111 2383 15.
2147 2330 2520 2386 Constantius
2550 2333 2752 2399 60,000
2780 2328 3228 2387 Alamannorum
3251 2327 3484 2386 occidit.

2036 2426 2100 2477 17
2133 2418 2485 2476 Alexandrie
2517 2420 2732 2476 Petrus
2762 2419 3080 2491 episcOpus
3118 2416 3273 2474 sedit
3320 2431 3450 2473 ann.
3505 2421 3592 2473 12.

2028 2513 2113 2565 18.
2160 2508 2480 2565 Antiochiae
2510 2509 2809 2580 Tyrannus
2840 2507 3156 2580 episcopus
3186 2505 3590 2563 constituitur.

2028 2603 2114 2654 19.
2146 2595 2544 2653 Diocletianus
2575 2596 2632 2651 in
2679 2596 2906 2652 oriente
2955 2600 3016 2651 et
3062 2594 3373 2652 Herculius
3422 2593 3597 2650 Maxi-

1957 2686 2180 2742 mianus
2207 2685 2265 2741 in
2293 2684 2598 2741 occidente
2642 2683 2939 2741 ascclesias
2988 2685 3359 2752 subvertunt,
3410 2681 3594 2741 libros

1955 2772 2185 2831 divinos
2218 2771 2555 2841 incendunt,
2592 2776 2649 2827 ct
2681 2770 3038 2827 christianos
3067 2769 3289 2828 decima
3322 2784 3596 2843 persecu-

1960 2862 2113 2917 tione
2146 2864 2277 2932 post
2308 2860 2590 2915 Neronem
2629 2858 2992 2915 cruciarunt.

2025 2950 2113 3002 20.
2140 2945 2538 3002 Diocletianus
2561 2945 2891 3001 Nicomedie
2914 2949 2971 3001 et
2996 2943 3373 3002 Maximianus
3387 2943 3597 3001 Medio-

1958 3034 2111 3092 lanio
2135 3047 2424 3106 purpuras
2451 3037 2509 3088 et
2541 3047 2781 3103 regnum
2814 3033 2889 3090 ob
2927 3033 3256 3090 senectutis
3304 3032 3593 3089 defectum

1953 3127 2160 3195 sponte
2192 3122 2487 3194 deponunt
2534 3121 2803 3179 Marcello
2827 3136 2971 3195 papa
2996 3121 3394 3193 martyrizato,
3420 3123 3597 3178 Euse-

1541 3178 1840 3282 Αξωοίξξξτθ
1874 3182 1922 3242 C
1956 3178 2086 3268 b'ius
2119 3178 2404 3267 successit
2435 3224 2661 3266 menses
2683 3213 2737 3265 8.
2762 3178 2886 3276 Quo
2904 3178 3048 3265 item
3075 3178 3270 3282 passo,
3293 3178 3595 3266 Meltiades

1954 3299 2103 3356 sedit
2136 3313 2268 3355 ann.
2302 3302 2354 3356 4.
2387 3298 2651 3356 Galerius
2681 3304 2738 3355 et
2772 3298 3148 3356 Constantius
3188 3297 3444 3369 augusti,
3486 3298 3599 3354 Ma-

1955 3388 2259 3458 ximianus,
2324 3390 2667 3460 persecutor
2709 3386 3185 3458 ehristianorum,
3237 3390 3295 3443 et
3346 3388 3598 3444 Severus

1954 3491 2205 3534 cessares
2246 3476 2563 3548 eliguntur.
2608 3476 3307 3547 Constantiusaugustus,
3334 3476 3425 3533 vir
3442 3491 3599 3534 man-

1956 3570 2179 3636 suetus,
2216 3566 2272 3620 in
2300 3565 2585 3621 Brittania
2623 3565 2790 3621 obiit.
2843 3565 3277 3635 Constantinus,
3320 3565 3601 3622 Constan-

1959 3655 2021 3709 tii
2056 3654 2210 3710 filius
2257 3668 2328 3708 ex
2373 3654 2584 3709 Helena
2620 3653 2965 3723 concubina,
3011 3654 3277 3723 regnavit
3322 3668 3454 3710 ann.
3504 3657 3595 3721 30,

1955 3743 2283 3799 menses10.
2309 3742 2409 3798 Hie
2434 3742 2653 3814 primus
2671 3742 3010 3813 imperator,
3034 3743 3283 3814 excepto
3303 3742 3594 3814 Philippo,

1955 3830 2310 3887 christianus
2340 3829 2609 3899 efﬁcitur,
2643 3835 2703 3885 et
2744 3830 2815 3885 ab
2864 3829 2973 3886 hoc
3017 3828 3371 3900 imperatore
3415 3829 3599 3888 chris-

1959 3919 2098 3975 tiani
2130 3922 2458 3990 coeperunt.

2028 4011 2080 4063 1.
2112 4006 2451 4075 Maxentius,
2486 4004 2888 4062 Maximaniani
2920 4003 3177 4062 Herculii
3206 4004 3360 4063 illius
3388 4019 3601 4077 augus-

1956 4101 2052 4152 tus
2085 4094 2435 4167 appellatur.

2022 4189 2081 4242 2.
2129 4182 2507 4242 Maximianus
2563 4181 2871 4240 Herculius
2920 4181 3073 4256 apud
3120 4182 3427 4241 Massiliam
3479 4189 3603 4242 tur-

1958 4273 2110 4346 piter
2162 4270 2533 4330 interfieitur.
2584 4271 2790 4329 Occiso
2834 4272 3070 4342 Severo,
3125 4271 3336 4330 Lucius
3412 4287 3601 4331 casar

1957 4360 2226 4418 eﬂlcitur.

2029 4453 2080 4505 3.
2116 4448 2390 4516 Quirinus
2415 4448 2730 4520 episcopus
2762 4461 2970 4520 passus
2997 4451 3110 4505 est.
3136 4446 3401 4506 Galerius
3423 4448 3598 4505 Maxi-

1875 4537 1927 4597 D
1960 4538 2204 4609 mianus,
2238 4536 2688 4594 christianorum
2714 4540 3082 4608 persecutor,
3133 4535 3324 4593 divina
3375 4535 3601 4594 ultione

1957 4628 2171 4697 tactus,
2207 4639 2448 4698 parcere
2477 4623 2815 4681 christianis
2842 4623 3041 4694 jussit.

2029 4714 2371 4771 Maximinus
2414 4728 2599 4770 caesar
2658 4711 3126 4783 persecutionem
3176 4713 3475 4767 restaurat
3540 4717 3604 4768 et

1960 4804 2082 4876 ipse
2110 4802 2377 4860 moritur.
2412 4799 2680 4858 Meltiadc
2713 4815 2856 4872 papa
2891 4813 3089 4873 passo,
3124 4798 3407 4856 Silvester
3450 4812 3597 4872 papa

1961 4892 2113 4950 sedit
2134 4907 2268 4949 ann.
2301 4895 2390 4947 21.
3440 4962 3443 4965 _

2028 4984 2079 5040 2.
2123 4983 2336 5039 Petrus
2381 4977 2747 5036 Alexandriae
2796 4976 3111 5048 episcopus
3153 4975 3597 5046 martyrizatur.

1958 5071 2069 5126 Pro
2098 5084 2210 5142 quo
2241 5067 2531 5141 Acbyllas.

2027 5161 2079 5213 6.
2127 5156 2541 5213 Constantinus
2584 5151 2933 5210 Maxentium
2977 5149 3135 5208 civili
3180 5148 3385 5223 praelia
3442 5153 3601 5225 apud

1957 5248 2191 5318 pontem
2221 5241 2493 5300 Mulvium
2524 5241 2688 5299 vicit.

2025 5339 2076 5390 9.
2109 5334 2309 5403 Magna
2340 5332 2520 5388 fames
2546 5331 2602 5387 in
2637 5333 3050 5403 persecutores
3074 5328 3228 5386 facta
3251 5331 3342 5385 est
3369 5331 3427 5385 et
3452 5326 3606 5387 lues.

1953 5420 2353 5479 Diocletianus
2382 5418 2632 5477 moritur
2653 5422 2713 5477 et
2745 5418 2900 5475 inter
2932 5417 3078 5475 deos
3111 5415 3388 5484 refertur,

1550 5530 1798 5589 .VARLE
1839 5527 2240 5588 LECTIONES.

272 5631 315 5667 “
362 5629 812 5701 macediamque
861 5641 909 5686 ο.
957 5627 1006 5663 ⁸ο
1056 5630 1321 5689 samotbe
1374 5642 1421 5688 ο.
1451 5627 1496 5663 ⁸⁸
1546 5628 1769 5687 circulo
1798 5641 1846 5687 θ.
