3950 6298
418 341 532 407 471

1591 343 2075 408 EKKEHARDI
2119 347 2672 417 URAUGIENSIS
3695 362 3795 428 4'72

495 485 581 538 15.
609 475 971 538 Hierusalem
990 492 1302 553 episcopus
1319 478 2063 539 Machariusconstituitur.
2103 481 2152 543 A
2181 488 2238 540 et
2274 485 2432 542 Felix
2463 487 2712 558 ejicitur.
2749 490 2890 547 item
2922 489 3186 550 Liberius
3201 505 3342 565 papa
3357 496 3418 550 et
3441 492 3602 551 multi
3623 496 3792 555 catho-

425 569 790 626 Alexandriie
825 568 1151 625 Alexander
1179 569 1488 642 episcopus
1519 569 1853 636 ordinatur;
1888 584 1918 625 a
1957 585 2070 641 quo

425 658 632 715 Arrius
659 659 972 730 presbyter
999 658 1070 713 de
1103 657 1366 714 :ecclesia
1398 658 1641 728 ejectus,
1678 658 1892 716 multos
1917 674 2072 716 erro-

427 748 473 802 ri
508 762 612 804 suo
645 747 848 816 sociat,
885 751 941 802 et
976 746 1282 804 ecclesiam
1315 747 1508 803 heresi
1543 747 1864 820 impugnat,

500 841 582 892 17.
619 835 934 894 Concilium
969 835 1025 892 in
1057 835 1228 892 Nicea
1265 841 1656 906 congregatur
1705 840 1806 893 3l8
1848 836 2074 909 episco-

431 939 636 997 porum
669 925 776 983 sub
809 923 1092 982 Silvestre
1124 939 1292 997 papa,
1319 925 1376 980 in
1408 940 1521 996 quo
1567 925 1773 983 Arrius
1823 925 2072 982 damma-

431 1019 544 1072 tur.

501 1111 586 1163 19.
636 1106 788 1162 Crux
835 1103 1058 1160 Domini
1112 1102 1164 1158 in
1212 1103 1573 1160 Hierusalem
1624 1101 1959 1176 repperitur
1999 1102 2071 1158 ab

429 1195 664 1265 lleleua,
699 1193 810 1252 sub
839 1186 1128 1250 Machario
1161 1193 1422 1264 ejusdem
1457 1193 1620 1249 urbis
1649 1192 1952 1265 episcopo.

499 1289 560 1342 21
611 1281 1026 1340 Constantinus
1076 1295 1314 1338 uxorem
1366 1296 1528 1338 suam
1583 1281 1842 1338 Bausiam
1893 1278 2072 1335 inter-

432 1373 592 1430 fecit.

500 1465 589 1518 22.
623 1461 941 1520 Antiochiae
977 1463 1106 1532 post
1161 1464 1464 1532 tyrannum
1509 1457 1718 1515 Vitalis
1762 1458 2070 1530 epi500pus

431 1551 760 1608 ordinatur.
794 1553 905 1606 Pro
935 1565 1047 1620 quo
1081 1548 1490 1620 Phylogimius.
1524 1549 1664 1604 Post
1693 1548 1844 1605 hunc
1881 1547 2071 1604 Pauli-

434 1656 565 1698 nus.
601 1640 701 1698 Cui
733 1639 1015 1697 successit
1051 1638 1370 1695 Eustatius.
1401 1637 1524 1703 Quo
1556 1637 1630 1693 ob
1662 1635 1832 1692 fidem
1872 1636 2073 1692 catho-

436 1729 603 1788 licam
638 1730 692 1785 in
713 1729 948 1786 exilium
974 1729 1173 1798 misso,
1201 1726 1430 1784 Arriani
1455 1726 1714 1798 episcopi
1741 1730 1799 1780 11
1828 1739 2069 1782 numero

437 1819 762 1876 mcclesiam
793 1817 948 1872 illam
985 1831 1134 1872 unus
1164 1818 1296 1886 post
1330 1815 1502 1871 alium
1535 1817 1994 1886 occupaverunt.

505 1913 594 1965 24.
622 1907 723 1976 (Η.
753 1905 850 1976 S.)
883 1903 1298 1960 Constantinus
1331 1904 1652 1960 Bizantium
1682 1903 1882 1960 urbem
1907 1916 2072 1974 repa-

436 1995 584 2050 ravit
615 1999 671 2050 et
697 2009 768 2050 ex
797 2009 904 2050 suo
937 1992 1165 2048 nomine
1217 1991 1775 2062 Constantinopolim
1818 1989 2072 2064 appella-

431 2081 535 2146 vit,
557 2087 616 2137 et
644 2082 838 2138 sedem
873 2080 1032 2149 regni
1062 2079 1298 2136 Romani
1331 2095 1455 2134 eam
1487 2093 1617 2134 esse
1649 2078 1856 2136 voluit.

501 2175 568 2226 25
600 2169 963 2225 Alexandriae
997 2166 1348 2224 Athanasius
1374 2167 1688 2238 episcopus
1743 2167 2071 2226 ordinatur.

499 2261 569 2314 26
625 2259 802 2313 Rome
835 2258 1062 2312 Marcus
1091 2271 1235 2328 papa
1272 2254 1424 2311 sedit
1459 2270 1687 2313 menses
1714 2259 1768 2311 8.
1809 2258 1920 2312 Pro
1961 2273 2074 2328 quo

430 2346 618 2403 Julius
651 2360 782 2402 ann.
819 2351 904 2401 16.

503 2438 590 2489 30.
670 2432 1030 2500 Constantia,
1085 2431 1445 2488 Constantini
1497 2447 1687 2503 soror,
1741 2447 1887 2488 uxor
1933 2431 2077 2488 Lici-

436 2521 513 2576 nii
545 2520 611 2592 ²⁹,
657 2521 935 2592 moriens,
989 2520 1295 2576 Arrianum
1339 2518 1625 2590 quendam
1669 2521 2074 2592 presbyterum

437 2610 600 2665 fratri
623 2609 1010 2666 commendat.

506 2704 592 2754 31.
632 2699 1049 2755 Constantinus
1079 2697 1213 2754 dum
1247 2694 1460 2754 bellum
1491 2695 1546 2752 in
1579 2697 1787 2754 Persas
1819 2701 2074 2769 pararet,

433 2787 587 2859 apud
619 2787 1008 2844 Nicomediam
1039 2785 1204 2856 obiit,
1239 2799 1388 2842 anno
1421 2786 1555 2842 vitae
1583 2789 1672 2841 66.

505 2876 904 2944 Constantius,
939 2873 1305 2930 Constantini
1341 2873 1518 2941 ﬁlius,
1540 2889 1670 2931 eum
1695 2874 2076 2931 Constantino

435 2969 493 3020 ct
536 2965 850 3020 Constante
877 2963 1158 3020 fratribus
1190 2978 1322 3020 ann.
1349 2967 1438 3033 24,
1469 2977 1697 3019 menses
1729 2968 1780 3029 5,
1839 2961 1964 3018 dies
1987 2967 2070 3018 13.

505 3058 558 3107 2.
599 3053 1016 3108 Constantinus
1051 3051 1268 3108 bellum
1303 3052 1468 3107 fratri
1495 3067 1601 3108 suo
1633 3051 1904 3120 inferens,
1948 3051 2077 3122 jux-

435 3145 491 3197 ta
522 3141 846 3212 Aquileiam
876 3141 1185 3198 occiditur.

505 3235 554 3285 3.
579 3232 970 3287 Terrzemotus
1012 3227 1225 3285 multas
1256 3229 1432 3284 urbes
1464 3228 1680 3284 obruit.

506 3322 555 3373 δ.
593 3317 794 3374 Franci
826 3333 854 3374 a
886 3318 1201 3372 Constante
1234 3315 1566 3388 perdomiti,
1595 3316 1650 3373 in
1680 3329 1880 3388 pacem
1919 3331 2077 3375 rece-

437 3405 518 3478 pti
557 3408 713 3462 sunt.

505 3499 557 3550 7.
585 3492 926 3549 Maximinus
949 3494 1327 3549 Treverorum
1351 3491 1662 3564 episcopus
1683 3493 1880 3552 clarus
1905 3494 2078 3552 habe-

439 3588 554 3638 tur.
609 3584 653 3638 A
702 3595 816 3652 quo
858 3581 1209 3638 Athanasius
1247 3579 1609 3654 Alexandria:
1657 3581 1992 3654 episcopus,
2044 3597 2076 3639 a

439 3651 754 3728 Constante
789 3669 1090 3742 profugus.
1127 3669 1444 3726 honoriﬁce
1475 3651 1566 3726 ἕὲι
1600 3651 1931 3742 susceptus.

505 3765 558 3816 9.
613 3759 968 3816 Athanasius
1009 3759 1320 3832 episcopus
1369 3760 1440 3816 ad
1493 3759 1826 3816 Constantis
1876 3758 2079 3816 literas

436 3845 841 3904 Alexandriam
868 3847 1225 3918 regreditur.

508 3938 594 3991 10.
627 3935 891 4007 Eclypsis
918 3935 1060 3992 solis
1090 3936 1240 3992 facta
1271 3939 1359 3992 est
1391 3939 1450 3992 et
1474 3940 1867 3994 terraemotus.

505 4027 593 4080 11.
656 4023 874 4082 Bellum
943 4028 1148 4081 contra
1210 4027 1420 4082 Persas
1472 4024 1636 4095 gravi
1692 4025 2077 4081 Romanorum

436 4109 646 4167 damno
673 4112 920 4181 geritur.
1109 4165 1119 4171 .

510 4203 597 4255 12.
629 4198 908 4256 Maximus
939 4205 1068 4273 post
1118 4201 1466 4258 Macharium
1518 4199 2079 4270 Hierosolymitanus

435 4287 748 4358 episcopus
789 4289 1056 4346 moritur.
1107 4291 1242 4347 Post
1293 4305 1462 4362 quem
1511 4287 1782 4360 Cyrillus,
1835 4289 2079 4362 expulso

436 4375 724 4442 Heraclio,
748 4379 806 4432 et
827 4378 1009 4434 ceteri
1032 4377 1264 4434 Arriani
1281 4376 1542 4448 episcopi
1565 4374 1871 4432 ecclesiam
1921 4376 2078 4434 illam

437 4468 748 4536 occupant.

2184 573 2428 632 licorum
2460 578 2720 650 episcopi
2755 582 2826 636 ab
2861 581 3124 638 Arrianis
3154 582 3383 654 expulsi
3418 586 3570 641 sunt.

2252 665 2490 722 20.0ssa
2525 668 2768 724 Andreas
2799 671 3048 741 apostoli
3081 676 3140 727 et
3170 671 3334 728 Lucae
3362 673 3723 744 evangelista;
3745 681 3793 732 et

2181 752 2503 810 Thimothei
2537 758 3098 830 Constantinopolim
3131 759 3303 818 allata
3337 767 3491 818 sunt.

2254 846 2340 897 21.
2387 843 2666 901 Paulinus
2712 848 3094 906 Treverorum
3151 849 3465 922 cpiscopus
3522 851 3575 907 in
3642 853 3790 910 exilio

2183 930 2351 986 obiit.
2388 932 2656 1005 llylarius
2688 935 3073 994 Pictaviensis
3103 939 3438 1010 episcopus.
3477 939 3792 1000 Athanasius

2185 1017 2615 1078 Alexandrinus
2647 1024 2825 1080 multa
2859 1027 2932 1081 ab
2965 1026 3226 1082 Arrianis
3265 1027 3412 1083 mala
3464 1029 3614 1100 passi
3655 1036 3787 1086 sunt.

2253 1112 2366 1185 23..
2413 1111 2829 1170 Constantinus
2897 1119 3101 1171 contra
3167 1116 3462 1174 Iulianum
3529 1133 3676 1174 arma
3717 1134 3793 1176 su-

2184 1208 2365 1265 mens,
2399 1199 2673 1256 Parthico
2707 1201 2858 1258 bello
2890 1203 3153 1273 dimisso,
3196 1205 3447 1262 moritur
3494 1221 3636 1262 anno
3679 1212 3792 1264 teta-

2182 1283 2260 1338 tis
2292 1288 2377 1341 46.

2253 1411 2516 1470 Julianus
2547 1420 2813 1485 apostata
2847 1431 2974 1473 ann.
3014 1423 3062 1487 1,
3095 1433 3325 1475 menses
3351 1423 3404 1476 8.
3440 1421 3540 1476 Hic
3567 1435 3634 1476 ex
3668 1422 3795 1478 chri-

2185 1498 2376 1556 stiano
2407 1501 2627 1559 lectore
2671 1520 2931 1576 paganus
2977 1507 3186 1576 factus,
3232 1507 3794 1582 christianos‘perse-

2183 1588 2400 1658 quitur.
3217 1651 3224 1658 ,

2257 1682 2306 1731 1.
2341 1679 2704 1739 Alexandriae
2738 1685 2946 1740 Georio
2981 1686 3230 1742 Arriano
3259 1687 3536 1759 episcopo
3558 1702 3587 1744 a
3609 1689 3792 1761 populo

2185 1765 2442 1837 incenso,
2495 1771 2850 1830 Athanasius
2902 1775 2972 1830 ad
3025 1775 3216 1831 sedem
3264 1791 3430 1833 suam
3487 1778 3790 1834 revertitur.

2099 1841 2154 1902 Β
2186 1855 2358 1910 Parte
2389 1858 2806 1917 catholicorum
2843 1862 3122 1919 Paulinus
3146 1864 3472 1922 Antiochiae
3495 1865 3792 1937 episcOpus.

2185 1944 2396 2012 Pagani
2419 1947 2568 2018 apud
2590 1950 2872 2005 Sebasten
2895 1950 3206 2008 Palestinte
3224 1952 3430 2008 urbem
3452 1953 3790 2025 sepulchrum

2181 2033 2459 2091 Johannis
2491 2037 2758 2108 baptista
2791 2039 3092 2108 invadunt,
3122 2056 3253 2097 ossa
3287 2046 3588 2113 spargunt.
3622 2043 3792 2099 eadem

2188 2136 2395 2179 rursus
2423 2124 2669 2182 collecta
2703 2129 2758 2183 et
2790 2132 3042 2184 cremata
3075 2128 3251 2186 latius
3303 2131 3660 2202 dispergunt.
3703 2132 3786 2200 (Cf.

2189 2211 2388 2266 Rrrm
2424 2215 2580 2270 Hist.
2615 2217 2750 2272 eccl.
2783 2231 2858 2284 xr,
2893 2219 3007 2288 28.)
3041 2219 3150 2273 Sed
3183 2218 3420 2288 quidam
3452 2234 3523 2276 ex
3555 2221 3792 2275 Hierusa-

2189 2297 2301 2353 lem
2333 2303 2592 2359 monachi
2628 2304 2946 2360 intermixti
2979 2305 3418 2377 colligentibus,
3455 2322 3577 2378 quae
3623 2310 3792 2379 potue-

2190 2391 2319 2443 rant
2366 2390 2436 2445 ad
2489 2397 2712 2462 patrem
2763 2409 2928 2450 suum
2980 2393 3310 2466 Philippum
3362 2394 3664 2466 pertulere.
3713 2394 3790 2449 llle

2191 2492 2366 2548 supra
2389 2495 2450 2534 se
2476 2481 2596 2537 base
2620 2483 2856 2552 ducens,
2883 2483 2953 2538 ad
2980 2483 3362 2540 Athanasium
3379 2483 3790 2540 Alexandrinum

2193 2579 2294 2636 per
2309 2567 2594 2626 Iulianum
2627 2569 2930 2626 diaconum
2956 2571 3128 2627 misit.
3157 2571 3294 2638 Quae
3325 2571 3423 2628 ille
3453 2572 3642 2644 paucis
3671 2571 3792 2628 arbi-

2189 2653 2300 2716 tris
2331 2659 2650 2714 suhcavato
2682 2661 2922 2716 sacrarii
2956 2660 3792 2734 parieeteinterelusa,prophe-

2190 2747 2308 2802 tico
2341 2746 2552 2817 spiritu
2579 2751 2832 2818 posterie
2853 2749 3213 2818 generationi
3238 2751 3606 2806 conservavit
3631 2750 3791 2822 profu-

2193 2839 2341 2890 tura.
2379 2834 2554 2905 Cujus
2595 2837 2940 2907 praesagium
2991 2839 3103 2894 sub
3149 2838 3476 2895 Theodosio
3525 2853 3620 2910 per
3646 2838 3790 2894 Theo-

2193 2924 2424 2995 phylum
2442 2925 2774 2997 episcopum
2796 2924 3161 2998 completur;
3187 2927 3306 2998 qui,
3336 2927 3630 2984 destructo
3656 2927 3789 2982 Sera-

2191 3013 2280 3082 pis
2311 3013 2642 3083 sepulchro,
2678 3015 2863 3070 sancti
2892 3015 3170 3072 Johannis
3195 3015 3414 3072 ibidem
3465 3015 3785 3072 consecravit
3884 3027 3885 3030 ‘

2189 3101 2534 3157 zecclesiam.
2571 3103 2672 3168 (Η.
2705 3103 2799 3173 S.)
2829 3103 3094 3160 Julianus
3118 3103 3188 3160 ad
3228 3103 3446 3160 bellum
3493 3102 3784 3160 Parthicum
3883 3149 3885 3160 .

2105 3197 2157 3257 ι)
2194 3190 2516 3260 profectus,
2550 3192 2608 3246 et
2651 3191 3101 3248 Christianorum
3150 3193 3490 3263 sanguinem
3539 3191 3642 3248 diis
3687 3189 3785 3247 suis

2188 3292 2424 3348 vovens,
2460 3279 2556 3334 Dei
2586 3279 2809 3349 judicio
2839 3279 3148 3350 occiditur,
3185 3284 3257 3336 30
3281 3280 3476 3338 aetatis
3505 3294 3656 3336 anno.

2259 3366 2538 3424 Iovianus
2567 3383 2794 3424 menses
2823 3371 2875 3439 8,
2909 3368 3046 3424 alibi
3081 3382 3213 3424 ann.
3246 3374 3296 3424 1.
3337 3371 3448 3426 [ste
3491 3384 3611 3424 cum
3655 3365 3781 3422 omni

2107 3451 2114 3458 ’
2189 3455 2454 3510 exercitu
2485 3455 2554 3509 ad
2585 3456 3074 3511 christianitatem
3105 3457 3303 3513 rediit.
3357 3456 3608 3528 Synodus
3650 3455 3782 3508 here-

2189 3545 2347 3601 siaca
2381 3544 2704 3600 Antiochiae
2735 3545 2888 3600 facta
2919 3550 3032 3600 est.
3083 3543 3312 3616 (0nos.)
3357 3545 3623 3602 .lovianus
3661 3555 3782 3596 novo

2190 3633 2464 3690 cubiculo
2484 3631 2992 3695 recubans,calore
3011 3647 3333 3704 prunarum
3351 3638 3407 3689 et
3433 3633 3612 3688 nitore
3629 3629 3782 3702 parie-

2192 3726 2312 3780 tum
2349 3735 2534 3792 nuper
2563 3719 2725 3777 calce
2754 3719 3036 3776 illitorum
3067 3720 3411 3792 suffocatus,
3445 3720 3605 3778 obiit.

2263 3845 2703 3902 Valentinianus
2733 3858 2866 3900 ann.
2900 3849 2984 3900 11.
3020 3844 3123 3901 Hic
3150 3845 3225 3901 ob
3259 3845 3430 3902 fidem
3461 3841 3659 3902 Christi
3701 3839 3782 3894 tri-

2195 3934 2413 3990 bunatu
2449 3933 2694 3989 militum
2726 3946 2756 3986 a
2787 3931 3016 3988 Iuliano
3051 3933 3316 4004 privatus
3347 3934 3472 3990 fuit.

2265 4028 2315 4078 1.
2351 4021 2796 4078 Valentinianus
2828 4021 3052 4078 Valenti
3079 4021 3242 4078 fratri
3262 4037 3369 4079 suo
3387 4017 3688 4079 occidentis
3707 4015 3784 4070 im-

2194 4111 2417 4182 perium
2448 4109 2630 4167 dedit.

2263 4203 2317 4254 2.
2351 4198 2564 4256 Valens
2597 4200 2668 4255 ab
2699 4198 2963 4255 Eudoxio
3012 4198 3388 4256 Arrianorum
3434 4197 3682 4270 episcopo
3714 4203 3782 4247 se-

2194 4286 2408 4344 ductus
2438 4292 2498 4342 et
2530 4287 2884 4358 baptizatus,
2924 4289 3055 4358 post
3104 4290 3349 4342 mortem
3398 4286 3588 4342 fratris
3624 4279 3782 4338 ortho-

2194 4375 2380 4432 doxos
2409 4375 2808 4446 persequitur.
2837 4377 3226 4432 Terrmmotus
3256 4389 3363 4446 per
3395 4377 3574 4430 totum
3616 4369 3776 4426 orbem

2196 4465 2383 4520 factus
2413 4467 2520 4520 est.
2557 4464 2751 4520 Roma
2775 4465 3052 4520 Damasus
3085 4477 3229 4534 papa
3261 4462 3575 4519 ordinatur.

513 4558 596 4612 13.
631 4553 920 4610 Constans
948 4553 1091 4610 haut
1113 4553 1280 4623 longe
1311 4552 1383 4608 ab
1409 4551 1682 4623 Hispania
1705 4552 2078 4626 interficitur,
2113 4547 2162 4606 D
2265 4555 2316 4622 3,
2350 4553 2498 4608 Vera
2518 4551 2564 4586 ²⁸
2594 4551 2721 4608 lana
2751 4551 2964 4623 pluviae
2991 4551 3169 4607 mixta
3199 4552 3270 4608 de
3305 4551 3549 4608 nubibus
3583 4543 3736 4602 lluin.

435 4658 588 4701 anno
616 4645 794 4700 etatis
828 4649 915 4700 30.

509 4737 595 4788 17.
629 4731 967 4789 Victorinus
1002 4729 1202 4785 rethor
1230 4732 1288 4784 et
1318 4729 1578 4786 Donatus
1601 4727 2084 4799 grammaticus"

437 4822 697 4894 insignes
728 4823 922 4878 Romae
951 4819 1259 4875 habentur.

509 4915 596 4968 18.
651 4909 917 4968 Julianus
962 4908 1008 4940 ²⁴
1056 4922 1226 4964 cesar
1273 4921 1304 4964 a
1361 4906 1744 4964 Constantino
1810 4906 2084 4964 efﬁcitur.

440 4999 730 5056 Antonius
763 4997 1083 5054 monachus
1113 4996 1258 5052 obiit
1295 4999 1394 5053 105
1423 4995 1620 5052 aetatis
1650 5009 1820 5052 anno.

511 5091 599 5144 19.
634 5088 848 5158 Magnas
881 5086 1330 5142 Alamannorum
1372 5085 1557 5157 copiie
1603 5085 1756 5156 apud
1808 5085 2089 5155 Argenta-

441 5189 591 5231 rium
624 5175 832 5232 deletas
863 5179 1022 5232 sunt.
1055 5176 1247 5232 Romae
1279 5174 1546 5231 Liberius
1579 5187 1724 5246 papa
1757 5173 2084 5230 ordinatur.

2263 4643 2312 4696 4.
2349 4640 2620 4713 Hylarius
2653 4641 3038 4697 Pictaviensis
3069 4641 3386 4712 episcopus
3417 4639 3572 4696 obiit.

2266 4735 2314 4785 δ.
2353 4729 2740 4786 Athanaricus
2771 4743 2874 4785 rex
2897 4729 3216 4785 Gothorum
3249 4728 3304 4784 in
3339 4742 3438 4785 sua
3477 4726 3636 4796 gente
3681 4731 3779 4790 pcr-

2197 4817 2488 4887 sequitur.

2265 4911 2321 4962 7.
2354 4904 2800 4962 Valentinianus
2831 4905 3094 4962 Saxones
3127 4904 3182 4960 in
3219 4905 3452 4975 regione
3483 4903 3779 4958 Francorum

2195 4993 2339 5050 cede
2370 4993 2720 5066 perdomuit.

2269 5086 2322 5138 8.
2356 5083 2641 5141 Eusebius
2670 5081 3065 5140 Vercellensis
3097 5082 3406 5154 episcopus
3433 5077 3590 5135 obiit.

2271 5177 2320 5228 9.
2359 5170 2726 5228 Alexandriae
2757 5171 2966 5227 Petrus
2986 5170 3296 5244 episcOpus
3316 5158 3778 5242 postAtbanasium

445 5263 570 5328 Quo
592 5262 665 5316 ab
701 5263 960 5318 Arrianis
987 5263 1196 5334 ejecto,
1233 5262 1392 5319 Felix
1421 5262 1614 5319 locum
1662 5262 1790 5332 ejus
1833 5265 2090 5334 occupat
2201 5259 2533 5317 ordinatur.

447 5362 658 5404 annum
691 5353 738 5404 1.
773 5347 885 5404 Sed
913 5349 1174 5407 Liberius
1213 5350 1404 5409 heresi
1451 5349 1849 5420 subscribens,
1888 5350 2086 5420 rediit,

2276 5353 2358 5405 10.
2395 5348 2738 5420 Magnentia,
2774 5363 2902 5419 qua;
2931 5351 2992 5404 et
3019 5348 3207 5419 Tecla,
3241 5348 3608 5404 Romanorum
3651 5331 3778 5392 nobi-

1813 5525 2050 5583 VARLE
2087 5525 2487 5584 LECTIONES.

520 5642 567 5678 ²²
597 5643 793 5706 Iucinii
827 5659 876 5703 ο.
965 5643 1010 5678 ³³
1040 5647 1094 5701 d.
1129 5651 1186 5702 et
1223 5663 1308 5718 gr.
1341 5663 1388 5707 c.
1422 5648 1466 5684 ³⁸
1493 5647 1692 5718 jmlius
1721 5662 1770 5705 ο.
1855 5648 1902 5682 ³⁸
1930 5650 2078 5706 Uara
2113 5665 2162 5706 e.
