3950 6320
117 341 245 408 4³78
972 357 1414 425 CHRONICA.
1453 396 1525 407 —
1557 356 2038 424 CHRONICON
2083 360 2805 429 WlRZIBURGENSE.
3454 368 3573 435 474

136 478 386 554 lissima,
423 485 803 548 Hierusalem
834 491 1090 565 veniens,
1126 495 1349 565 magnis
1382 493 1703 552 virtutibus
1750 497 1811 550 et
1841 506 1897 568 Α
1995 499 2045 552 δ.
2081 496 2248 554 Gothi
2282 498 2509 555 Alarico
2548 504 2608 556 et
2637 497 2959 569 Radagaiso
2985 499 3221 570 regibus
3243 500 3465 562 Italiam
3490 503 3574 561 in-

146 571 481 632 humilitate
510 577 753 636 claruit.
1923 584 2290 652 grediuntur.

224 666 310 719 11.
368 665 824 726 Valentinianus
870 671 1139 743 apoplexi
1190 673 1436 728 moritur
1488 672 1702 730 bellum
1754 674 1810 729 in
1994 677 2046 728 7.
2103 674 2356 748 Corpora
2412 677 2828 751 prophetarum
2883 677 3153 735 Abbacuc
3184 681 3241 733 et
3275 679 3507 737 Michete
3539 695 3570 736 a

145 752 452 811 Sarmatas
489 770 727 826 parans.

219 840 438 899 Valens
470 848 607 915 post
640 850 884 905 mortem
918 848 1119 906 fratris
1153 864 1281 906 cum
1310 850 1586 909 Gratiano
1618 856 1674 907 et
1711 853 1812 909 Va-

137 908 416 988 lentiano
448 908 580 989 ann.
619 937 669 990 4.

220 1066 275 1119 1.
320 1065 569 1123 Basilius
604 1069 848 1128 Caesaraz
884 1073 1225 1144 Capadocia}
1256 1076 1589 1147 episcopus,
1615 1076 1704 1133 vir
1723 1091 1811 1133 sa-

135 1149 566 1221 pientissimus
594 1161 650 1212 et
685 1160 1248 1234 continentissimus,
1274 1164 1397 1233 sed,
1422 1170 1484 1220 ut
1509 1164 1692 1234 aiunt,
1718 1180 1810 1221 su-

138 1240 380 1310 perbus
412 1242 516 1312 (Cf.
553 1245 764 1316 NIHIL),
801 1246 997 1305 clarus
1040 1249 1307 1307 habetur.
1361 1253 1460 1321 (H.
1494 1252 1589 1322 δ’.)
1637 1252 1812 1307 Theo-

134 1328 383 1398 dosius,
408 1332 710 1390 Theodosii
736 1341 939 1406 postea
965 1337 1334 1410 imperatoris
1353 1345 1538 1411 pater,
1564 1344 1620 1395 et
1644 1339 1808 1397 multi

132 1416 382 1473 nobiles
406 1433 436 1473 a
470 1420 710 1477 Valente
733 1424 908 1480 occisi
944 1432 1099 1482 sunt.

214 1510 272 1560 2.
350 1508 661 1566 Gratianus
717 1516 785 1568 30
829 1514 1008 1570 millia
1059 1515 1508 1574 Alamannorum
1570 1517 1806 1575 delevit.

132 1591 371 1649 Valens
402 1594 583 1665 legem
617 1599 798 1669 dedit,
836 1606 896 1657 ut
930 1604 1196 1659 monachi
1227 1605 1546 1662 militarent
1575 1625 1589 1675 ;
1614 1606 1809 1664 nolen-

129 1685 239 1735 tes
280 1682 538 1739 fustibus
566 1686 815 1744 interfici
843 1690 1039 1759 jussit.

214 1774 273 1825 3.
317 1772 487 1827 Gothi
520 1775 748 1845 expulsi
779 1778 850 1833 ab
891 1781 1031 1835 Unis
1081 1781 1487 1839 diffunduntur
1535 1783 1589 1839 in
1635 1784 1805 1840 Thra-

131 1858 233 1912 cia
262 1876 279 1923 ;
320 1860 490 1915 Gothi
524 1863 671 1919 fame
702 1867 988 1938 compulsi
1020 1870 1328 1927 rebellant.

215 1949 271 2002 4.
317 1948 548 2017 Valens,
584 1966 613 2005 a
647 1953 848 2010 Gothis
879 1958 1075 2012 occiso
1116 1960 1400 2030 exercitu,
1451 1962 1695 2031 fugiens,
1750 1960 1803 2015 in

135 2034 327 2091 domo
359 2039 606 2107 quadam
640 2042 804 2099 vivus
841 2050 1157 2103 crematur.

217 2126 348 2181 Huc
382 2143 563 2197 usque
588 2132 858 2188 chronica
891 2135 1124 2191 Eusebii
1160 2139 1480 2195 leronimus
1510 2140 1803 2211 perduxit.

214 2214 538 2273 Gratianus
569 2232 699 2273 cum
732 2219 1138 2279 Valentiniano
1173 2227 1351 2282 fratre
1387 2234 1517 2300 post
1564 2234 1806 2284 mortem

140 2303 347 2371 patrui
380 2319 509 2359 ann.
537 2311 588 2360 6.

218 2439 272 2489 1.
329 2435 523 2493 Romae
569 2442 702 2508 post
761 2440 1064 2498 Damasum
1130 2445 1376 2502 Ursinus
1441 2463 1585 2520 papa
1653 2451 1802 2506 sedit

140 2536 281 2576 ann.
320 2526 405 2578 14.

215 2615 273 2665 2.
318 2613 406 2668 Ab
434 2612 545 2670 hoc
597 2629 745 2671 anno
794 2617 1160 2691 Theophylus
1203 2623 1506 2693 paschales
1552 2626 1805 2683 circulos

141 2697 403 2755 inchoat.

222 2791 276 2843 3.
334 2789 587 2847 Sinodus
638 2796 739 2848 150
787 2794 1194 2867 episcoporum
1243 2801 1803 2874 Constantinopolim

145 2876 441 2933 adversus
491 2880 887 2939 Macedonium
937 2891 1326 2957 congregatur
1380 2891 1488 2946 sub
1565 2893 1804 2948 Damaso

183 2980 315 3020 303.

183 2980 214 3020 a
262 2981 315 3020 a.

325 3055 657 3113 Archadius
698 3057 1027 3131 imperator
1090 3064 1357 3135 eﬁicitur,
1407 3069 1709 3126 Theodosii
1747 3070 1805 3126 tl-

171 3159 288 3197 IUS.
1020 3178 1037 3185 κ

171 3159 288 3199 IUS.
1020 3178 1037 3185 “

215 3236 269 3286 6.
321 3232 602 3290 Maximus
652 3230 893 3306 regnum
947 3240 1058 3294 sibi
1110 3256 1415 3314 usurpans,
1468 3247 1803 3305 Gratianum
1838 3217 1886 3279 Ο

150 3318 435 3388 Lugdune
463 3320 508 3353 “
536 3322 773 3379 occidit.
810 3325 1274 3386 Valentinianum
1324 3332 1484 3388 ltalia
1548 3336 1796 3407 depulit.

221 3408 612 3476 Theodosius,
646 3411 742 3481 qui
778 3414 1051 3471 Gratiano
1077 3417 1310 3474 vivente
1342 3425 1373 3473 6
1406 3437 1534 3476 ann.
1563 3426 1803 3493 regebat

151 3495 466 3566 orientem,
500 3502 634 3568 post
672 3506 914 3556 mortem
949 3504 1078 3585 ejus
1106 3508 1370 3575 regnavit
1403 3523 1534 3565 ann.
1576 3518 1655 3581 .I,
1691 3514 1807 3583 pri-

151 3598 245 3637 mo
277 3599 407 3639 cum
444 3586 869 3659 Valentiniano,
907 3605 1074 3660 quem
1129 3593 1251 3665 ipse
1295 3597 1672 3671 Theodosius,
1719 3601 1807 3657 vir

150 3671 423 3729 omnibus
446 3673 770 3732 virtutibus
794 3677 1017 3749 plenus,
1050 3681 1212 3739 [talia
1236 3684 1538 3755 expulsum
1558 3688 1804 3758 benigne

152 3765 523 3831 susceperat.

223 3851 278 3902 3.
313 3849 661 3908 Ambrosius
694 3853 1140 3913 Mediolanensis
1173 3858 1488 3932 episcopus
1528 3865 1808 3923 Martinus

148 3936 508 3992 Turonensis
537 3945 597 3993 et
628 3940 990 3999 Hieronimus
1013 3946 1321 4018 presbyter
1354 3949 1810 4012 Behtlehemites

152 4021 297 4079 clari
333 4024 717 4084 habebantur.

223 4118 277 4169 7.
313 4113 756 4174 Valentinianus
788 4117 921 4175 dolo
955 4122 1301 4195 Arbogastis
1332 4129 1647 4199 suspendio
1683 4145 1809 4201 per-

157 4200 243 4256 iit.

228 4292 298 4346 10
319 4288 685 4351 Hieronimus
713 4291 927 4352 librum
965 4312 1135 4369 quem
1183 4301 1254 4358 de
1304 4301 1637 4363 illustribus
1667 4306 1809 4365 viris

156 4377 445 4435 zecclesiae
476 4381 719 4452 scripsit
750 4383 1047 4455 hucusque
1070 4388 1363 4459 perduxit.

232 4470 315 4521 11.
351 4467 452 4536 (Η.
489 4468 571 4538 8.)
602 4470 965 4529 Theodosius
997 4476 1315 4546 Eugenium
1369 4482 1673 4551 tyrannum
1715 4500 1808 4541 su-

1923 760 2161 820 Domino
2198 765 2549 823 revelantur.

1992 855 2041 907 8.
2079 854 2271 911 Romae
2294 855 2667 911 Innocentius
2702 870 2846 927 papa
2881 854 3031 911 sedit
3067 870 3158 912 an.
3207 859 3288 911 13.

1998 945 2081 997 13.
2110 942 2435 1001 Archadius
2458 944 2706 1002 orientis
2729 946 3047 1016 imperator
3064 945 3567 1019 Constantinopoli

1922 1031 2187 1088 moritur.
3086 1100 3101 1111 Ι

1992 1121 2278 1178 Honorius
2307 1137 2435 1179 cum
2459 1123 2797 1194 Theodosio,
2832 1123 3031 1179 fratris
3057 1122 3145 1179 sui
3171 1122 3308 1193 filio,
3336 1128 3562 1179 ann.15.

1993 1213 2041 1263 1.
2076 1211 2336 1266 Wandali
2368 1213 2674 1283 Hispanias
2703 1218 3010 1285 occupant.

1993 1301 2041 1352 3.
2080 1298 2312 1356 Attalus
2343 1301 2538 1356 Roma:
2580 1302 2897 1372 imperator
2948 1302 3156 1371 factus,
3210 1315 3341 1355 mox
3385 1314 3566 1370 regno

1924 1385 2206 1457 privatus,
2241 1388 2443 1445 Gothis
2473 1390 2720 1445 cohesit.

1994 1479 2043 1532 4.
2080 1478 2257 1531 Roma
2292 1477 2515 1549 irrupta
2547 1484 2635 1534 est
2667 1495 2696 1535 a
2731 1479 2947 1549 Gothis,
2984 1478 3214 1535 Alarico
3260 1492 3417 1546 rege,
3470 1490 3567 1532 an-

1922 1578 1994 1618 no
2026 1565 2380 1621 conditionis
2409 1566 2536 1636 ejus
2576 1571 2745 1633 1164;
2781 1570 2882 1623 sed
2920 1584 3049 1639 quia
3078 1566 3436 1623 christianus
3465 1579 3566 1620 rex

1919 1658 2064 1722 erat,
2102 1652 2421 1711 clementer
2450 1655 2693 1712 victoria
2730 1671 2866 1712 usus
2896 1660 3005 1713 est.

1992 1746 2041 1795 7.
2076 1744 2328 1812 Corpora
2361 1748 2697 1799 sanctorum
2740 1744 3045 1815 Stephanis
3093 1740 3561 1816 protomartyris,

1835 1863 1888 1923 Β
1923 1828 2274 1901 Camalielis,
2310 1832 2554 1901 Abibon,
2587 1832 2920 1889 Nichodemi
2948 1833 3194 1889 Luciauo
3220 1832 3567 1905 presbytero

1922 1918 2276 1974 revelantur.

1991 2012 2045 2063 8.
2079 2009 2342 2065 Zosimus
2374 2024 2516 2083 papa
2546 2012 2699 2068 sedit
2723 2026 2852 2067 ann.
2890 2016 2939 2066 3.

1927 2101 2005 2152 10.
2041 2099 2306 2171 Eclypsis
2338 2100 2479 2156 solis
2512 2101 2662 2157 facta
2696 2106 2805 2157 est.
2852 2099 3222 2157 Hieronimus
3254 2100 3568 2171 presbyter

1922 2185 2257 2243 Behtlehem
2290 2189 2432 2244 obiit
2465 2205 2612 2246 anno
2646 2191 2777 2247 vita)
2808 2195 2894 2246 91.

1993 2280 2076 2331 12.
2116 2278 2310 2334 Romae
2345 2278 2672 2335 Bonifacius
2699 2280 2771 2334 60
2800 2294 2943 2351 papa
2978 2279 3304 2334 ordinatur.

1992 2369 2076 2421 13.
2117 2368 2404 2423 Honorius
2436 2368 2588 2437 apud
2622 2369 2951 2424 Ravennam
2992 2367 3395 2423 Constantium
3437 2380 3571 2422 con-

1926 2458 2146 2509 sortem
2180 2456 2341 2525 regni
2379 2457 2513 2511 fecit
2546 2456 2771 2512 decimo
2806 2456 3031 2527 imperii
3068 2455 3156 2511 sui
3183 2470 3351 2511 anno.
3398 2456 3571 2510 Cons-

1921 2542 2142 2598 tantius
2183 2544 2503 2615 imperator
2526 2547 2794 2601 Ravenne
2828 2544 3076 2601 moritur
3107 2543 3293 2600 tercio
3341 2542 3567 2615 imperii

1919 2631 2006 2687 sui
2048 2646 2214 2687 anno.
2251 2633 2542 2690 Honorius
2571 2635 2819 2689 moritur
2850 2634 3031 2689 frater
3060 2632 3352 2689 Placidiae.

1987 2718 2344 2774 Theodosius
2373 2719 2558 2775 minor
2590 2719 2859 2776 Arehadii
2894 2719 3067 2789 illius,
3102 2734 3232 2773 ann.
3268 2723 3354 2775 26.

1990 2813 2039 2864 1.
2089 2807 2449 2863 Theodosius
2495 2808 2981 2879 Valentinianum,
3040 2806 3294 2863 Placidie
3366 2804 3566 2875 filium,

1918 2897 2325 2953 consobrinum
2359 2912 2524 2953 suum
2556 2911 2834 2953 czesarem
2867 2897 3000 2953 fecit
3030 2902 3087 2953 et
3118 2912 3247 2953 eum
3280 2898 3464 2951 matre
3493 2893 3567 2952 ad

1917 2985 2240 3041 occidentis
2274 2985 2575 3058 imperium
2610 2986 2783 3042 misit.

1989 3078 2039 3131 6.
2078 3075 2300 3145 Aetius,
2339 3075 2538 3131 multis
2562 3075 2798 3131 Francis
2828 3075 3062 3146 occisis,
3096 3081 3322 3147 partem
3368 3073 3567 3131 Gallize
3628 3134 3637 3143 ,

1919 3179 2087 3235 quam
2121 3164 2503 3235 possederant
2536 3163 2778 3235 recepit.

1987 3256 2039 3308 8.
2075 3253 2298 3322 (ΒευΑ.)
2326 3252 2683 3323 Augustinus
2712 3253 3116 3324 Hypponensis
3148 3252 3459 3325 episcopus
3506 3256 3568 3308 et

1917 3340 2169 3397 omnium
2203 3341 2410 3396 doctor
2439 3340 2689 3397 eximius
2717 3341 3137 3411 accelesiarum,
3190 3356 3260 3396 ne
3307 3341 3569 3398 civntatis

1917 3446 2036 3487 suae
2069 3430 2291 3487 ruinam
2325 3429 2575 3501 videret,
2611 3431 2797 3487 tercio
2831 3431 3157 3488 obsidionis
3193 3431 3320 3501 ejus
3369 3445 3567 3487 mense

1920 3518 2190 3589 migravit
2221 3519 2292 3575 ad
2316 3519 2615 3575 Dominum
2643 3534 2792 3576 anno
2824 3520 3002 3577 etatis
3049 3524 3138 3591 76,
3189 3520 3570 3592 episcopatus

1919 3622 2057 3663 vero
2090 3608 2179 3664 sui
2210 3609 2294 3663 40.

1990 3700 2040 3751 9.
2067 3697 2145 3751 Η.
2177 3697 2272 3767 ις’.)
2308 3696 2497 3752 Romae
2530 3696 2729 3752 Sixtus
2759 3711 2903 3768 papa
2938 3697 3264 3754 ordinatur.

1992 3788 2050 3837 11
2106 3783 2368 3855 Synodus
2424 3784 2605 3840 tercia
2658 3784 3006 3841 universalis
3050 3785 3105 3839 in
3154 3785 3383 3856 Epheso
3431 3799 3571 3841 con-

1919 3874 2200 3940 gregatur
2227 3876 2334 3927 200
2362 3872 2772 3943 episcOporum
2805 3876 3008 3929 contra
3040 3872 3393 3929 Nestorium.

1991 3963 2075 4014 13.
2116 3946 2318 4016 Aetius
2347 3960 2798 4017 Gundicharium
2850 3960 3319 4029 Burgondonium
3370 3974 3569 4030 regem

1920 4047 2101 4113 vicit;
2137 4062 2305 4117 quem
2338 4048 2482 4104 lluni
2518 4052 2719 4120 postea
2753 4049 3134 4121 perimerunt.

1993 4138 2076 4192 14.
2114 4135 2554 4193 Valentinianus
2595 4136 2770 4193 ﬁliam
2817 4136 3124 4194 Theodosii
3173 4137 3229 4193 in
3274 4137 3570 4195 matrimo-

1921 4224 2074 4282 nium
2109 4224 2357 4297 accepit.
2426 4220 2431 4225 ’

1994 4318 2078 4370 15.
2111 4312 2377 4371 Julianus
2408 4311 2791 4384 pelagianista
2820 4313 3117 4373 hereticus
3149 4330 3179 4373 a
3213 4314 3374 4373 Sixto
3422 4331 3570 4389 papa

1921 4402 2245 4459 damnatur.

1994 4494 2078 4546 16.
2116 4490 2337 4548 Bellum
2368 4491 2654 4549 adversus
2674 4493 2893 4550 Gothos
2916 4493 3098 4550 Hunis
3121 4492 3572 4554 auxiliatoribus

162 4555 479 4649 peravit‘et
510 4556 636 4649 ipse
657 4558 960 4649 Mediolani
985 4562 1041 4618 in
1065 4578 1207 4635 pace
1229 4566 1390 4623 obiit.
1421 4572 1803 4644 Augustinus,
1839 4567 1889 4625 D
1920 4578 2167 4649 geritur.

161 4643 370 4699 doctor
393 4642 868 4734 facundissimus,
895 4651 1171 4724 Hyppone
1194 4656 1355 4725 regio
1385 4656 1430 4690 ’7
1451 4642 1810 4734 Aﬂ‘riczecpié

163 4745 377 4821 scopus
404 4732 733 4790 ordinatur.
776 4737 1087 4810 Hucusque
1114 4743 1584 4804 {ecclesiasticam
1617 4732 1810 4821 hyste-

163 4820 303 4876 riam
335 4821 624 4878 Eusebius
655 4823 898 4882 Ruﬁnus
929 4828 1221 4898 perduxit.

231 4910 576 4982 Archadius,
609 4912 917 4970 Theodosii
953 4916 1127 4989 ﬁlius,
1158 4936 1286 4978 cum
1337 4923 1516 4982 fratre
1556 4929 1809 4987 Honorio

161 5012 288 5054 ann.
328 5003 409 5055 13.

234 5092 282 5143 1.
303 5089 555 5146 Joannes
589 5088 877 5147 heremita
909 5093 1075 5151 obiit.

232 5182 281 5234 2.
313 5179 562 5237 Sanctus
591 5179 877 5235 Martinus
904 5182 1068 5239 obiit.

232 5266 577 5324 Ambrosius
609 5266 927 5339 episcopus
956 5271 1225 5342 migravit
1257 5277 1328 5334 ad
1358 5278 1680 5340 Dominum.

236 5358 281 5412 4.
308 5356 506 5415 Romae
538 5355 895 5415 Anastasius
926 5374 1071 5433 papa
1103 5367 1171 5422 37
1200 5365 1523 5426 ordinatur.

1994 4672 2080 4723 17.
2111 4668 2304 4725 Romae
2336 4670 2448 4725 Leo
2481 4683 2627 4740 papa
2659 4669 3062 4727 constituitur.

1993 4760 2075 4812 18.
2110 4756 2466 4813 Theodosius
2498 4758 2714 4815 bellum
2745 4763 2951 4815 contra
2985 4759 3206 4817 Gothos
3261 4759 3571 4818 inefﬁcaci-

1923 4849 2015 4901 ter
2036 4847 2234 4903 movit.

1992 4938 2077 4989 20.
2114 4933 2373 4990 Briccius
2403 4934 2755 4991 Turonensis
2785 4934 3100 5008 episcopus
3133 4937 3299 4994 obiit.

1990 5026 2079 5079 21.
2113 5021 2464 5079 Eustochius
2492 5022 2801 5080 successit.

1993 5115 2079 5168 26.
2111 5109 2464 5168 Theodosius
2495 5110 2815 5184 imperator
2845 5112 3091 5170 orientis
3123 5114 3286 5171 obiit.

1995 5199 2308 5256 Martianus
2339 5214 2468 5269 cum
2503 5199 2906 5257 Valentiniano
2930 5214 3059 5256 ann.
3098 5208 3147 5259 7.

1997 5292 2045 5342 1.
2082 5288 2286 5345 Aetius
2331 5302 2462 5345 cum
2510 5287 2785 5345 Romanis
2834 5289 3286 5350 auxiliatoribus
3327 5294 3569 5351 Attilam

1921 5376 2240 5448 superavit.

1535 5538 1771 5597 VARIIE
1811 5541 2208 5599 LECTIONES.

224 5646 265 5682 ²⁶
292 5647 560 5724 lugdudo
594 5661 642 5708 ο.
678 5646 725 5683 ³⁷
758 5646 1118 5722 hypponerio
1147 5668 1194 5713 c.
