3950 6304
397 316 516 380 475

473 454 526 509 2.
561 451 750 511 Attila
781 451 1106 526 Aquileiam
1137 454 1192 511 vi
1221 469 1425 526 magna
1458 454 1636 528 cepit.

405 539 486 596 Eo
517 545 779 612 tempore
810 543 1180 600 Ermenricus
1231 558 1408 615 super
1456 557 1656 600 onmes
1704 541 1921 599 Gothos
1971 556 2058 598 re-

407 630 630 700 gnavit,
665 631 922 688 astutior
951 632 1220 689 omnibus
1255 633 1310 687 in
1345 631 1478 688 dolo
1512 631 1728 702 largior
1761 632 1817 687 in
1867 631 2060 698 dono;

409 717 506 786 qui
541 723 670 790 post
697 725 942 776 mortem
979 718 1256 776 Friderici
1291 719 1392 775 ﬁlii
1427 719 1514 776 sui
1545 718 1720 789 unici,
1747 734 1848 777 sua
1869 732 2064 791 perpe-

411 810 631 863 tratam
683 807 1007 879 voluntate,
1055 807 1354 881 patrueles
1413 823 1552 866 suos
1615 807 1938 864 Embricam
2005 809 2061 864 et

413 894 691 952 Frithlam
717 895 980 968 patibulo
1004 897 1331 970 suspendit,
1355 897 1774 955 Theodericum
1797 893 2064 953 similiter

417 983 744 1055 patruelem
769 1000 960 1057 suum,
977 985 1378 1044 instimulante
1397 987 1665 1042 Odoacro
1679 983 1944 1058 patruele
1958 995 2066 1040 suo

419 1071 488 1128 de
524 1073 748 1131 Verona
783 1073 1035 1147 pulsum,
1073 1075 1227 1148 apud
1256 1075 1497 1132 Attilam
1519 1073 1758 1132 exulare
1781 1071 1992 1144 coegit.

491 1160 594 1231 (Η.
623 1162 717 1231 S.)
745 1162 926 1220 Attila
956 1165 1255 1222 Hunorum
1288 1179 1391 1220 rex
1419 1163 1686 1220 moritur.

491 1253 542 1305 3.
581 1251 846 1322 Synodus
870 1256 1080 1324 quarta
1108 1255 1218 1309 630
1235 1253 1643 1326 episcoporum
1668 1251 1724 1307 in
1750 1248 2070 1307 Calcedone

418 1344 813 1410 congregatur
845 1343 954 1398 sub
987 1342 1174 1399 Leone
1205 1356 1352 1414 papa
1382 1347 1584 1400 contra
1617 1338 1917 1396 Euthiccn.

485 1425 538 1482 5.
579 1428 1026 1488 Valentinianus
1059 1431 1288 1488 Aetium
1324 1431 1630 1502 patricium
1688 1427 1770 1484 rei
1822 1424 2071 1500 publica

422 1515 626 1573 utilem
661 1533 763 1575 sua
796 1534 964 1577 manu
997 1520 1233 1577 occidit.
1265 1517 1706 1576 Valentinianus
1753 1517 1824 1572 ab
1874 1513 2074 1572 amicis

421 1605 571 1662 Aetii
611 1607 667 1664 in
691 1623 896 1680 campo
927 1610 1139 1666 Marcio
1167 1608 1474 1666 occiditur.
1511 1607 1723 1664 Eodem
1754 1620 1900 1662 anno
1951 1603 2074 1660 Gei-

421 1695 646 1752 sericus
665 1697 895 1753 cunctis
916 1696 1128 1769 Opibus
1149 1697 1384 1753 Romam
1409 1695 1717 1768 exspoliat.
1743 1695 1865 1750 Huc
1889 1705 2074 1764 usque

422 1780 754 1840 chronicam
789 1799 947 1842 suam
983 1787 1239 1858 Prosper
1271 1784 1567 1857 perduxit.

492 1874 546 1925 7.
595 1872 911 1930 Martianus
950 1874 1194 1930 orientis
1236 1873 1554 1944 imperator
1593 1869 1864 1928 moritur.

493 1958 604 2016 Leo
633 1975 766 2017 ann.
798 1967 862 2018 17
893 1963 1106 2020 orienti
1133 1963 1398 2034 imperat.
1517 2007 1523 2014 .

493 2051 545 2102 2.
585 2049 995 2108 Mauronianus
1026 2052 1344 2124 imperator
1377 2049 1701 2108 occidentis
1730 2047 1787 2103 in
1810 2044 2077 2103 Aﬁ'ricam

425 2137 793 2207 procinctum
826 2139 1026 2196 movit.

498 2229 584 2285 11.
622 2225 968 2286 Anthemius
991 2226 1312 2300 imperator
1343 2225 1669 2283 occidentis
1691 2239 1722 2281 a
1746 2224 1930 2282 Leone
1953 2222 2082 2280 mit-

425 2313 594 2371 titur.

501 2406 567 2458 16
602 2402 868 2460 Olibrius
901 2403 1222 2476 imperator
1244 2409 1278 2461 7
1320 2416 1516 2460 mense
1546 2400 1815 2458 moritur.

506 2495 572 2548 17
605 2491 716 2547 Leo
750 2492 946 2550 senior
976 2491 1146 2550 obiit.
1182 2495 1294 2550 Pro
1327 2507 1440 2564 quo
1462 2491 1660 2564 junior
1692 2486 1893 2563 paucis
1933 2497 2086 2541 men-

435 2580 600 2636 sibus
624 2582 911 2651 regnavit.

507 2670 695 2726 Zenon
730 2685 863 2727 ann.
903 2676 964 2728 17
993 2671 1278 2728 orientem
1311 2671 1484 2727 rexit.

507 2761 559 2813 3.
595 2758 808 2817 Orescs
841 2760 1118 2833 Nepotem
1153 2760 1470 2816 Romanum
1503 2755 1824 2831 principem
1871 2748 2089 2822 fugavit

438 2852 496 2904 et
533 2847 650 2904 ﬁlio
680 2863 784 2904 suo
809 2848 1134 2919 Augustulo
1161 2848 1467 2921 imperium
1492 2846 1676 2902 dedit.
1704 2843 1967 2900 Odoacer
1989 2853 2092 2894 rex

439 2934 897 3006 Torcilingorum
921 2940 979 2992 et
1010 2937 1308 3008 Rugorum
1331 2951 1461 2993 cum
1485 2933 1686 2992 multis
1711 2931 2091 2988 barbarorum

440 3031 676 3089 auxiliis
706 3031 928 3090 Italiam
963 3033 1220 3105 veniens,
1247 3033 1509 3090 Orestem
1531 3037 1588 3087 et
1613 3028 1854 3086 Paulum
1878 3025 2094 3080 fratres

435 3121 675 3178 occidit.
708 3119 1102 3193 Augustulum
1127 3119 1305 3178 exilio
1329 3117 1620 3177 damnavit
1645 3122 1704 3174 et
1727 3117 1962 3172 Romam
1993 3111 2094 3168 oh-

444 3208 640 3280 tinuit,
673 3224 825 3267 anno
853 3209 1209 3266 conditionis
1238 3207 1364 3279 ejus
1396 3211 1549 3264 1229.

516 3299 888 3356 Ermenrieus
918 3314 1022 3355 rex
1044 3297 1358 3354 Gothorum
1382 3311 1409 3352 a
1441 3295 1724 3352 fratribus
1755 3291 1994 3349 Ramido
2034 3293 2094 3346 et

448 3387 634 3444 Sarilo
667 3391 727 3443 et
759 3387 1040 3458 Odoacro,
1068 3401 1308 3458 quorum
1335 3386 1559 3458 patrem
1585 3382 2096 3450 interfecerat,am.

449 3477 671 3548 putatis
715 3476 996 3544 .manibus
1041 3480 1101 3533 et
1141 3475 1406 3548 pedibus,
1457 3471 1712 3545 turpiter
1754 3469 1836 3528 uti
1885 3467 2094 3539 dignus

447 3569 595 3635 erat,
627 3565 860 3622 occisus
888 3568 996 3622 est.

524 3653 624 3723 (Η.
657 3654 754 3726 S.)
787 3651 1052 3710 Odoacer
1096 3653 1293 3710 Roma:
1346 3650 1530 3708 invito
1584 3649 1813 3704 Zenone
1866 3646 2092 3714 regnat.

515 3747 567 3800 4.
603 3744 826 3815 Corpus
856 3742 1118 3800 Barnabe
1141 3739 1391 3814 apostoli
1413 3745 1473 3796 et
1499 3735 1863 3806 evangelium
1886 3732 2095 3789 Mathei

451 3831 588 3888 stilo
623 3831 750 3903 ejus
782 3832 1067 3904 scriptum
1101 3830 1341 3888 Domino
1391 3827 1725 3900 repperitur
1775 3821 2093 3880 revelante.

523 3925 574 3975 9.
607 3919 996 3978 Theodericus
1021 3917 1349 3976 Theotmari
1380 3915 1557 3986 ﬁlius,
1589 3929 1694 3970 rex
1716 3909 2100 3980 Ostrogotho-

452 4024 578 4066 rum
611 4009 828 4066 Zenoni
859 4013 1106 4079 augusto
1135 4005 1436 4064 familiaris
1461 4002 1730 4062 efﬁcitur.

526 4102 594 4154 10
645 4099 836 4156 Zenon
863 4097 1279 4154 Theodericum
1317 4093 1624 4152 consulum
1651 4094 1713 4148 et
1755 4087 2099 4159 magistrum

456 4184 707 4241 militum
739 4185 898 4242 fecit.

531 4277 618 4330 11.
652 4273 977 4331 Honoricus
1007 4287 1112 4331 rex
1138 4271 1546 4330 Wandalorum
1591 4267 1726 4340 plus
1778 4279 1948 4337 quam
1997 4264 2102 4320 334

454 4377 754 4450 episcopis
771 4375 1047 4446 exulatis,
1071 4376 1388 4434 catholicos
1401 4374 1642 4433 Arriana
1658 4371 1732 4428 im
1743 4371 1960 4444 pietate
1974 4381 2102 4440 per-

454 4467 742 4536 sequitur.

528 4503 896 4612 gdoacer
910 4559 1080 4611 nocte
1094 4567 1386 4624 egressus,
1403 4554 1613 4623 quarto
1636 4544 1838 4620 prasiio
1851 4541 2105 4602 vincitur
2131 4503 2184 4564 D

457 4660 488 4702 a
501 4642 1124 4702 Theoderico.Vandali
1144 4656 1342 4715 pacem
1359 4641 1622 4696 fecerunt
1637 4653 1652 4702 ;
1665 4635 1924 4692 etZenon
1937 4629 2103 4689 obiit.

531 4732 877 4791 Anastasius
905 4735 973 4788 27
1003 4746 1136 4787 ann.
1173 4729 1310 4786 alibi
1338 4731 1428 4784 28.

531 4824 585 4878 4.
616 4820 1012 4878 Theodericus
1044 4819 1370 4876 Odoacrum
1399 4812 1511 4870 sibi
1535 4808 1741 4868 isidias
1773 4807 2108 4865 molientem

459 4910 782 4981 interemit,
807 4915 867 4966 et
889 4909 1019 4980 ipse
1041 4903 1369 4964 occidentis
1389 4914 1631 4972 regnum
1651 4901 1724 4956 20
1739 4909 1862 4954 ann.
1895 4893 2107 4952 tenuit.

534 5005 586 5055 7.
621 4995 1049 5056 Trasemundus
1078 5008 1180 5050 rex
1209 4987 1599 5049 Vandalorum
1646 4983 1966 5043 catholicas
2003 4997 2112 5040 tec-

465 5087 678 5144 clesias
706 5085 946 5156 clausit,
979 5087 1038 5140 et
1066 5087 1173 5141 220
1209 5080 1523 5153 episcopos
1566 5074 1744 5133 exilio
1789 5069 2111 5129 Sardiniam

466 5174 624 5231 misit
655 5187 824 5244 ;quos
849 5170 1224 5244 Symmachus
1251 5182 1394 5241 papa
1412 5163 1820 5224 sanctissimus
1843 5159 1924 5215 ibi
1942 5157 2110 5214 aluit.

536 5265 622 5317 12.
663 5259 910 5318 Boetius
936 5257 1140 5317 consul
1159 5259 1356 5314 Roma
1383 5253 1634 5328 plurima
1656 5247 1871 5322 ingenii
1893 5245 2115 5304 suimo-

467 5349 724 5407 nimenta
747 5344 1029 5420 praetera
1059 5343 1317 5418 scripsit.

1567 318 2052 384 EKKEHARDI
2094 318 2648 384 URAUGIENSIS

3675 323 3780 387 476

2083 453 2140 514 A
2243 455 2327 510 14.
2361 451 2749 512 Theodericus
2788 455 3023 512 Romam
3073 455 3249 525 venit,
3299 459 3358 510 et
3405 452 3586 513 multa
3631 455 3684 512 in
3719 472 3777 514 ea

2169 541 2430 598 miranda
2461 541 2690 600 ediﬁcia
2721 543 3068 600 construxit.

2243 633 2330 688 15.
2363 630 2775 703 Theodericus,
2805 645 3012 704 aquam
3044 633 3376 688 Ravennam
3409 630 3691 704 perduxit.

2244 724 2311 776 17
2331 719 2743 792 Theodericus,
2769 721 2942 778 victis
2965 720 3218 790 Francis,
3245 719 3463 778 Gallias
3481 721 3776 792 acquisivit.

2242 811 2329 866 20.
2357 808 2696 880 Fulgentius
2721 808 2920 868 clarus
2941 809 3212 866 habetur.
3239 809 3355 866 Sub
3375 809 3487 866 hoc
3507 809 3778 867 Anastasio

2175 895 2426 954 diversis
2458 898 2673 969 ubique
2708 897 2880 954 bellis
2915 912 3009 954 res
3039 896 3273 969 publica
3309 896 3610 966 fatigatur.

2245 985 2334 1042 23.
2371 985 2696 1043 Vitalianus
2727 987 3011 1044 adversus
3041 984 3410 1042 Anastasium
3439 999 3570 1043 eum
3587 985 3782 1058 Scythis

2177 1087 2381 1133 servus
2408 1073 2674 1133 rebellat.

2247 1167 2336 1220 25.
2372 1163 2766 1222 Theodericus
2813 1163 2989 1220 ﬁliam
3035 1177 3197 1220 suam
3237 1159 3661 1218 Amalsuindam
3699 1160 3786 1218 Eu-

2182 1250 2412 1309 tharico
2445 1251 2626 1309 dedit.

2255 1343 2342 1397 28.
2380 1339 2706 1398 Vitalianus
2732 1355 2872 1414 sepe
2900 1340 3117 1397 milites
3148 1337 3439 1396 Anastasii
3465 1335 3704 1407 vincens,
3721 1334 3787 1408 ip-

2185 1443 2311 1485 sum
2345 1428 2598 1486 irridens
2631 1430 2872 1503 sprevit.
2910 1428 3254 1486 Anastasius
3285 1425 3477 1484 heresi
3501 1427 3685 1482 favens
3701 1425 3789 1481 Eu-

2181 1517 2386 1575 ticetis
2408 1522 2464 1574 et
2487 1517 2806 1576 catholicos
2831 1531 3206 1592 persequens,
3230 1515 3430 1572 divino
3453 1512 3676 1572 fulmine
3687 1526 3788 1586 per-

2183 1605 2270 1677 iit,
2305 1607 2490 1678 major
2519 1607 2916 1678 octogenario.

2260 1767 2436 1839 (Βεω
2468 1768 2556 1825 De
2585 1769 2782 1842 temp.)
2810 1767 3076 1826 Justinus
3109 1767 3293 1839 major
3323 1778 3458 1823 ann.
3492 1766 3542 1821 8.
3573 1761 3791 1836 Acepha-

2165 1854 2374 1927 lorum
2405 1857 2634 1914 heresis
2665 1859 2992 1915 abdicatur.

2261 1970 2308 2018 1.
2345 1963 2446 2034 (Η.
2477 1965 2573 2035 S.)
2603 1964 2866 2021 Justinus
2893 1962 3179 2036 plurimos
3200 1974 3384 2032 regno
3412 1973 3520 2016 suo
3541 1957 3790 2014 inhiantes

2195 2051 2430 2123 occidit,
2465 2057 2524 2108 et
2552 2067 2683 2109 cum
2705 2051 2992 2109 Vitaliano
3012 2051 3178 2109 fedus
3197 2047 3498 2123 percussit
3520 2064 3536 2114 ;
3555 2059 3710 2118 quem
3728 2049 3793 2100 ta-

2193 2155 2318 2196 men
2353 2146 2556 2213 postea
2587 2141 2823 2200 occidit.

2261 2233 2313 2285 2.
2347 2231 2638 2287 Johannes
2673 2244 2816 2302 papa
2874 2223 3440 2299 Constantinopolim
3469 2221 3708 2287 veniens,
3735 2217 3793 2275 ad

2195 2325 2420 2390 portam
2467 2333 2594 2390 quae
2645 2319 2860 2375 dicitur
2905 2318 3094 2374 Aurea
3143 2331 3284 2373 ceco
3318 2314 3511 2371 lumen
3555 2307 3789 2368 reddidit.

2265 2412 2317 2463 3.
2349 2407 2738 2465 Theodericus
2763 2407 3080 2462 Johannem
3109 2419 3317 2477 papam
3349 2403 3615 2458 Ravenne
3634 2412 3794 2456 rever-

2195 2511 2320 2552 sum
2349 2496 2608 2553 carceris
2659 2495 2971 2552 afﬂictione
3019 2493 3288 2566 peremit,
3337 2495 3396 2548 et
3438 2485 3793 2562 Symmachum

2198 2583 2506 2657 patricium
2536 2585 2774 2642 occidit.

2267 2678 2318 2729 5.
2353 2672 2740 2732 Theodericus
2771 2673 3072 2732 subitanea
3107 2674 3292 2728 morte
3325 2669 3594 2725 Ravenne
3634 2663 3793 2737 periit.

2198 2761 2310 2816 Pro
2345 2775 2458 2832 quo
2490 2761 2848 2832 Athalricus,
2881 2776 3063 2833 nepos
3090 2759 3218 2832 ejus
3241 2755 3506 2829 regnavit
3537 2768 3660 2812 ann.
3687 2755 3734 2808 8.

2271 2851 2304 2903 6
2357 2848 2702 2907 lleldericus
2733 2865 2837 2906 rex
2856 2848 3248 2905 Vandalorum
3279 2845 3594 2918 episcOpos
3621 2839 3685 2897 ab
3709 2837 3799 2895 exi-

2200 2933 2278 2992 lio
2310 2937 2526 2992 reverti
2543 2937 2730 3007 jubet.

2273 3028 2325 3080 7.
2361 3021 2610 3082 Sanctus
2640 3023 2992 3082 Benedictus
3010 3023 3190 3080 abbas
3211 3021 3501 3077 virtutum
3519 3015 3691 3089 gloria
3709 3011 3800 3070 cla-

2204 3115 2342 3169 ruit.

2124 3165 2174 3228 C
2275 3205 2326 3258 8.
2359 3201 2628 3259 Justinus
2655 3200 3046 3260 Justinianum
3075 3197 3239 3269 regni
3269 3198 3601 3254 consortem
3623 3195 3678 3249 et
3701 3201 3803 3246 suc-

2203 3303 2497 3346 cessorem
2539 3289 2779 3360 faciens,
2813 3288 2982 3345 obiit.

2273 3379 2655 3450 Justinianus,
2687 3377 2900 3436 Justini
2924 3392 2996 3433 ex
3023 3389 3230 3432 sorore
3259 3387 3468 3446 nepos,
3499 3384 3622 3428 ann.
3653 3370 3730 3425 38.

2281 3473 2333 3525 2.
2370 3468 2593 3540 (Βευλ.)
2623 3448 2985 3524 Justinianus
3018 3463 3268 3520 Parthos
3298 3461 3454 3519 bella
3489 3448 3808 3540 moventes"

2204 3564 2382 3620 misso
2411 3557 2676 3616 exercitu
2701 3557 2941 3626 superat
2973 3551 3263 3620 Carthago
3300 3563 3456 3605 anno
3491 3539 3807 3604 exeessionis

2206 3665 2325 3710 suae
2355 3651 2460 3706 960
2485 3644 2792 3718 recipitur,
2821 3641 2995 3698 victis
3015 3637 3319 3712 pulsisque
3348 3633 3678 3694 Vandaliset
3697 3639 3807 3699 rege

2205 3752 2405 3797 eorum
2437 3733 2744 3792 Gelismiro
2775 3733 2950 3802 capto
2982 3723 3546 3798 ConstantinOpolim
3576 3719 3747 3778 misso.

2278 3830 2328 3883 4.
2364 3826 2465 3896 (Η.
2526 3824 2623 3895 S.)
2654 3819 2855 3878 Parthi
2885 3819 3204 3875 Romanum
3251 3813 3572 3871 exercitum
3599 3806 3804 3867 sabbato

2206 3917 2448 3974 vincunt
2483 3909 2733 3985 pascha.

2279 4011 2330 4062 δ.
2375 3983 2728 4058 Amalsuilda
2771 3997 3016 4068 jubente
3061 3991 3473 4051 Theodohaldo
3516 3986 3695 4046 occisa
3715 3983 3804 4048 est,

2212 4106 2381 4166 quem
2408 4090 2743 4148 consortem
2775 4083 2942 4156 regni
2972 4082 3128 4140 fecit.

2279 4185 2313 4237 8
2366 4175 2660 4236 Dionisius
2689 4155 2871 4230 abbas
2901 4172 3194 4228 Romanus
3221 4167 3294 4225 ah
3314 4167 3427 4225 hoc
3447 4179 3590 4222 anno
3610 4155 3806 4234 pascha-

2213 4269 2325 4326 lem
2357 4277 2624 4335 magnum
2655 4259 2942 4318 circulum
2966 4257 3224 4327 inchoat,
3267 4254 3550 4327 incipiens
3587 4249 3804 4335 abranno

2213 4329 2637 4413 incarnationis
2681 4347 2904 4406 Domini
2955 4350 3078 4406 532.
3127 4344 3224 4416 qui
3274 4349 3364 4402 est
3405 4354 3585 4400 annus
3623 4329 3804 4392 Diocle-

2211 4443 2358 4501 tiani
2382 4444 2508 4499 249.

2286 4534 2373 4587 18.
2406 4531 2630 4601 Corpus
2669 4523 2906 4583 Antonii
2951 4521 3218 4580 monachi
3267 4521 3563 4592 repertum
3605 4512 3804 4572 Alexan-

2216 4620 2359 4678 dria
2388 4614 2692 4689 sepelitur.

2291 4708 2378 4765 20.
2416 4687 2610 4778 (PAUL.
2644 4703 2731 4773 D.,
2763 4715 2800 4772 ι,
2833 4700 2949 4771 25.)
2981 4700 3190 4755 Arator
3221 4695 3607 4754 subdiaconus
3631 4687 3800 4744 librum

2219 4810 2386 4856 suum
2416 4791 2645 4866 publice
2672 4803 2868 4848 coram
2897 4785 3107 4858 Vigilio
3137 4799 3286 4859 papa
3316 4783 3480 4855 legit.
3511 4781 3604 4837 His
3629 4781 3803 4867 tempe-

2222 4886 2386 4943 ribus
2416 4861 2798 4940 Cassiodorus
2822 4875 2977 4948 apud
2999 4875 3202 4934 urbem
3231 4875 3468 4932 Romam
3485 4865 3682 4929 claruit
3701 4861 3800 4929 ;hic

2222 4971 2495 5048 primitus
2526 4965 2751 5036 consul,
2771 4963 2980 5023 deinde
3002 4966 3261 5032 senator,
3286 4961 3356 5018 ad
3383 4962 3714 5048 postremum
3729 4959 3802 5048 Vf-

2221 5038 2287 5120 ro
2317 5057 2634 5117 monachus
2660 5054 2882 5112 extitit.
2912 5053 3069 5110 Tunc
3097 5065 3329 5122 quoque
3357 5045 3507 5121 apud
3527 5038 3801 5134 Constanti-

2223 5147 2480 5222 nopolim
2508 5142 2842 5202 Priscianus
2875 5119 3486 5199 CesariensisJuliano
3520 5123 3725 5192 consuli
3755 5119 3803 5176 li-

2225 5241 2394 5296 brum
2424 5249 2594 5293 suum
2621 5233 2694 5290 de
2723 5229 3105 5302 grammatica
3133 5231 3261 5284 arte
3291 5223 3522 5284 obtulit.

2296 5332 2357 5382 21
2375 5368 2388 5382 .
2403 5325 2504 5397 (Η.
2523 5324 2620 5396 S’.)
2643 5321 2854 5390 Quinta
2867 5317 3126 5390 synodus
3140 5311 3484 5373 universalis
3501 5309 3554 5366 in
3575 5304 3804 5363 Constan-

1819 5508 2066 5569 VARUE
2107 5503 2506 5566 LECTIONES.

535 5621 582 5662 ³⁸
610 5633 852 5682 movens
878 5632 928 5677 ο.
