3950 6316
132 328 275 391 477
970 330 1413 396 CHRONICA.
1446 366 1525 378 -
1544 329 2036 397 'CHRONICON
2076 331 2798 397 WIRZIBURGENSE.
3452 331 3575 396 478

141 463 406 537 tinopoli
437 469 838 537 congregatur
863 466 911 503 ³⁸
940 466 1516 525 contraTbeodorum
1538 470 1595 523 et
1619 481 1818 525 omnes
1847 472 1901 534 Α
1932 469 2035 540 put
2066 483 2196 526 esse
2230 469 2409 526 Focas
2439 466 2783 532 constituit;
2817 479 2946 522 nam
2966 469 3024 523 et
3053 464 3578 538 Constantinopoli-

145 552 458 610 hereticos
486 555 599 611 sub
628 554 840 626 Vigilio
872 571 1037 629 papa.
1932 560 2067 614 tana
2101 557 2342 630 primam
2375 572 2439 615 se
2479 556 2736 628 scripsit.
2792 556 2972 612 Focas
3022 554 3331 625 pantheon,
3384 553 3441 609 id
3487 562 3576 611 est

228 646 323 698 23.
368 642 553 700 Totila
598 644 919 702 Gothorum
971 659 1073 702 rex
1130 646 1186 702 in
1244 645 1413 703 Italia
1470 644 1818 704 tirannidem
1931 644 2161 702 domum
2196 645 2448 703 omnium
2473 644 2779 715 idolorum,
2811 641 3091 701 mcelesiaa
3114 641 3296 713 dedit,
3331 647 3575 713 rogante

148 736 423 789 exercet.
1930 733 2242 791 Bonifacio.

232 823 325 875 25.
357 819 559 877 Victor
593 823 898 895 Capuanus
928 823 999 880 de
1030 822 1205 894 hujus
1236 822 1368 879 anni
1417 821 1631 895 pascha
1682 821 1819 879 seri-
1999 824 2049 878 7.
2087 823 2264 879 Focas
2295 822 2560 879 moritur.
2597 822 2694 879 His
2724 820 3089 894 temporibus
3134 821 3314 876 Perse
3356 817 3574 876 multas

152 909 335 979 bens,
367 909 616 967 Victorii
649 912 846 983 arguit
877 927 1129 970 errores.
1928 908 2260 981 provincias
2288 912 2563 968 Romanis
2592 912 2885 981 auferunt,
2913 906 3315 965 Hierosolimis
3344 920 3578 978 quoque

230 1003 326 1055 28.
354 1001 667 1073 Hucusque
687 1002 957 1059 Iordanis
979 1002 1630 1075 episcopuschronicam
1654 1015 1815 1058 suam
1927 1013 2160 1057 erucem
2192 1001 2413 1057 Domini
2446 1000 2836 1058 abstulerunt.

148 1087 231 1143 de
264 1089 454 1158 gestis
484 1091 875 1148 Romanorum
910 1092 1209 1163 perduxit.
1996 1089 2302 1147 Heraclius
2332 1105 2463 1147 ann.
2499 1089 2544 1124 ³ο
2574 1094 2661 1160 26,
2696 1089 2833 1145 alibi
2864 1092 2950 1145 27.

227 1180 322 1233 38.
356 1179 719 1236 Justinianus
749 1180 1066 1252 imperator
1097 1180 1263 1237 obiit.
1996 1179 2045 1234 4.
2085 1179 2282 1243 (BBDA.
2323 1210 2386 1220 —
2415 1181 2494 1236 Η,
2527 1180 2622 1252 S.)
2658 1179 3000 1235 Anastasius
3040 1179 3215 1233 Persa
3257 1174 3574 1232 monachus

228 1266 505 1324 Justinus
544 1268 733 1325 minor
757 1284 848 1325 an.
884 1273 967 1325 ll.
1006 1269 1236 1325 Armeni
1270 1269 1439 1325 ﬁdem
1463 1269 1806 1341 suscipiunt.
1924 1267 2176 1337 magicas
2206 1274 2365 1325 artes
2400 1283 2543 1341 puer
2575 1284 2603 1324 a
2638 1273 2802 1340 patre
2833 1267 3057 1323 didicit.
3103 1269 3292 1343 Posta
3326 1262 3577 1335 captivis

231 1358 289 1410 3.
327 1356 503 1427 (Bena
530 1359 618 1413 De
647 1358 818 1429 temp.
852 1390 921 1399 —
948 1360 1025 1414 Η.
1055 1361 1121 1415 S.
1155 1389 1224 1398 —
1255 1360 1431 1429 BEDA)
1461 1361 1674 1414 Narses
1714 1372 1811 1428 pa-
1922 1354 2262 1413 christianis
2295 1357 2465 1413 ﬁdem
2495 1355 2538 1389 3‘
2571 1358 2885 1428 accipiens,
2921 1356 3130 1412 relicta
3162 1352 3403 1411 Perside
3447 1348 3576 1405 Hie-

153 1440 377 1497 trieius
397 1442 639 1499 Totilam
664 1459 860 1514 regem
885 1445 1201 1501 Gothorum
1226 1445 1443 1501 occidit
1477 1444 1809 1514 Gothosque
1920 1443 2219 1501 rosolimis
2253 1446 2309 1501 in
2363 1446 2720 1502 monasterio
2754 1444 2988 1501 abbatis
3038 1442 3327 1499 Anastasii
3358 1445 3390 1494 7
3441 1454 3572 1495 ann.

151 1528 332 1585 Italia
350 1531 596 1603 expulit.
615 1534 993 1589 Narscsidem
1008 1534 1400 1605 perinvidiam
1415 1536 1804 1589 Romanorum
1916 1532 2082 1587 vixit.
2126 1534 2233 1590 Sed
2267 1550 2395 1591 cum
2424 1537 2749 1591 Czesaream
2773 1534 2961 1603 gratia
2984 1532 3269 1588 orationis
3290 1528 3574 1585 venisset:

153 1621 484 1674 accusatus
500 1619 651 1689 apud
670 1622 958 1677 Iustinum
978 1621 1355 1691 eteonjugem
1378 1621 1505 1691 ejus
1524 1621 1806 1692 Sepbyam
1918 1625 2127 1691 captus
2156 1628 2215 1678 et
2249 1625 2598 1682 verberatus
2629 1638 2659 1679 a
2692 1623 2890 1680 Persis
2927 1620 3247 1678 remittitur
3277 1619 3348 1675 ad
3380 1630 3573 1688 regem

154 1705 329 1775 quod
362 1706 596 1763 servitio
627 1708 847 1765 Italiam
877 1715 1184 1781 premeret,
1217 1710 1460 1766 secessit
1513 1707 1804 1780 Neapolim
1890 1722 2116 1766 eorum
2143 1712 2396 1769 Cosdroe
2418 1731 2433 1779 ;
2459 1729 2488 1769 a
2517 1728 2629 1784 quo
2658 1714 2842 1768 tercio
2865 1713 3235 1779 verberatus,
3263 1722 3431 1764 manu
3454 1710 3578 1761 tan-

157 1792 498 1891 Camhagim
527 1801 587 1891 et
616 1797 1028 1866 Longobardos
1060 1798 1114 1853 in
1147 1797 1370 1854 Italiam
1404 1797 1601 1854 venire
1650 1797 1803 1853 fecit.
1837 1830 1891 1891 Β
1921 1798 2049 1855 dem
2067 1816 2175 1856 una
2195 1816 2296 1872 per
2314 1806 2433 1857 tres
2448 1799 3205 1873 horassuspensus,sicque
3222 1794 3571 1853 decollatus,

233 1888 288 1937 7.
322 1883 342 1955 (
370 1884 450 1938 Η.
481 1883 576 1954 S.)
610 1887 859 1941 Sanctus
889 1886 1180 1943 Vedastus
1208 1887 1370 1943 obiit.
1837 1883 1887 1891 ’⁷
1923 1889 2118 1945 nobile
2152 1891 2493 1961 martyrium
2529 1906 2657 1946 cum
2689 1890 2823 1946 aliis
2852 1893 2922 1945 70
2951 1888 3197 1960 peregit.

234 1975 327 2027 10.
360 1973 615 2028 Joannes
647 1988 793 2045 papa
822 1974 1146 2031 :ecclesiam
1194 1975 1460 2047 Phylippi
1486 1980 1564 2043 ,et
1614 1975 1811 2032 Jacobi
2004 1981 2057 2034 6.
2093 1978 2352 2036 Eduinus
2384 1993 2489 2034 rex
2521 1978 2838 2049 Anglorum
2867 1976 3138 2046 eﬂleitur,

158 2060 349 2132 cepit,
386 2075 558 2132 quam
592 2062 990 2134 prmdecessor
1020 2063 1147 2134 ejus
1175 2063 1447 2133 Palagius
1480 2065 1726 2135 perfecit
1755 2069 1815 2120 et
1996 2070 2080 2123 16.
2109 2067 2411 2124 Heraclius
2431 2067 2691 2124 Cosdroe
2712 2081 2909 2136 regem
2932 2067 3262 2133 Persarum,
3295 2060 3391 2132 qui
3424 2074 3487 2118 se
3512 2063 3573 2116 nt

160 2146 487 2206 dedicavit.
1926 2154 2096 2211 deum
2128 2155 2240 2212 coli
2267 2156 2468 2227 jussit,
2521 2153 2844 2228 superavit,
2894 2158 2951 2211 et
3004 2153 3220 2223 lignum
3270 2147 3573 2207 dominica;

237 2238 605 2296 “Justinus
644 2240 963 2311 imperator
993 2241 1259 2298 moritur.
1927 2244 2124 2301 erucis
2153 2244 2591 2301 Hierosolimam
2626 2244 2878 2300 reduxit.

234 2326 521 2395 Tyherius
555 2329 973 2386 Constantinus
1001 2344 1131 2385 ann.
1167 2335 1219 2385 7.
2000 2338 2084 2389 19.
2121 2332 2381 2390 Eduinus
2410 2333 2836 2403 rexAnglorum
2867 2332 2922 2387 in
2975 2327 3299 2387 Brittannia
3350 2341 3380 2382 a
3430 2326 3577 2382 Pau-

236 2419 290 2470 7.
339 2415 657 2485 Gregorius
692 2422 829 2474 tune
861 2417 1274 2489 apocrisiarius
1305 2418 1358 2473 in
1414 2418 1819 2474 Constantino-
1929 2418 2048 2477 lino
2074 2421 2353 2493 episcopo
2384 2421 2455 2478 ad
2485 2422 2655 2478 ﬁdem
2685 2419 3074 2489 convertitur,
3108 2422 3192 2474 15.
3220 2415 3386 2472 indit.

165 2503 289 2576 poli
323 2503 565 2559 moralia
594 2505 703 2560 Job
731 2505 969 2576 scripsit
1003 2512 1059 2561 et
1085 2505 1411 2562 Eutbicium
1435 2506 1694 2575 ejusdem
1729 2522 1822 2563 ur-
1998 2514 2085 2565 26.
2122 2510 2226 2579 (Cf.
2264 2512 2433 2566 Fnsn.
2464 2526 2515 2567 c.
2547 2511 2660 2582 65.)
2690 2509 3014 2578 Heraclius,
3069 2506 3406 2576 astrologus
3445 2503 3577 2560 eﬁ‘e-

166 2592 260 2648 bis
289 2592 656 2664 episcopum,
694 2598 980 2664 praesente
1012 2594 1276 2665 Tyberio,
1309 2594 1364 2650 in
1405 2595 1515 2651 ﬁde
1564 2610 1820 2652 resurre-
1928 2601 2082 2670 etus,
2113 2599 2258 2654 vidit
2292 2599 2596 2670 imperium
2628 2613 2798 2656 suum
2829 2614 2860 2655 a
2890 2596 3254 2655 circumcisis
3300 2594 3577 2665 gentibus

164 2681 388 2737 ctionis
418 2695 649 2738 errasse
670 2682 907 2739 devicit.
936 2684 1158 2754 (ΒεοΑ.)
1181 2685 1432 2739 Docebat
1455 2684 1606 2738 enim
1625 2683 1821 2739 Euthi-
1930 2702 2060 2744 esse
2091 2688 2459 2758 vastandum,
2494 2687 2845 2757 mittensque
2867 2687 2937 2743 ad
2962 2686 3351 2755 Dagobertnm
3379 2696 3575 2751 regem

164 2770 298 2826 cius
330 2785 550 2841 corpus
596 2775 859 2827 nostrum
904 2772 956 2826 in
991 2771 1087 2826 illa
1148 2772 1604 2827 resurrectionis
1634 2771 1820 2843 gloria
1932 2778 2526 2847 Francorum,omnes
2547 2775 3080 2847 regniejusJudeos
3099 2773 3384 2846 baptizari
3407 2771 3578 2844 petiit

165 2857 530 2930 inpalpabile
558 2859 753 2916 ventis
784 2859 1001 2929 aerique
1034 2860 1309 2916 subtilius
1355 2875 1486 2916 esse
1539 2860 1818 2930 futurum,
1933 2870 1991 2921 et
2022 2864 2399 2935 impetravit;
2432 2864 2675 2936 ipseque
2707 2879 2812 2935 per
2835 2878 3036 2920 omnes
3066 2862 3157 2918 sui
3190 2860 3416 2932 imperii
3450 2875 3581 2931 pro-

160 2952 377 3003 contra
401 2948 556 3017 quod
589 2947 862 3004 Dominus
890 2947 1031 3004 dicit
1058 2965 1073 3012 ;
1105 2949 1362 3019 Palpate
1385 2948 1645 3005 etvidete
1674 2950 1824 3019 quia
1934 2953 2155 3009 vincias
2187 2953 2337 3009 idem
2361 2952 2483 3009 ﬁeri
2505 2952 2786 3009 decrevit.
2816 2951 3082 3022 Agareni,
3109 2951 3205 3021 qui
3230 2954 3287 3005 et
3312 2950 3580 3006 Sarrace-

160 3036 425 3107 spiritus
456 3050 697 3093 carnem
727 3041 781 3091 θι
808 3049 943 3094 ossa
962 3051 1080 3093 non
1103 3036 1285 3093 habet
1300 3045 1357 3093 et
1373 3038 1597 3107 eet.(H.
1615 3038 1825 3109 S.)Ty-
1935 3040 2014 3112 ni,
2046 3056 2191 3111 gens
2217 3041 2585 3111 circumcisa,
2641 3040 2970 3114 provincias
3018 3036 3267 3095 Heraclii
3319 3039 3572 3093 vastant.

167 3123 376 3179 berius
409 3124 729 3195 imperator
769 3123 936 3179 obiit.
1859 3181 1902 3200 η
1936 3131 2144 3186 Contra
2182 3145 2328 3200 quos
2360 3130 2495 3186 dum
2525 3129 2827 3187 Heraclius
2859 3128 3115 3198 dimicat,
3150 3131 3254 3183 150
3279 3124 3436 3182 milia
3475 3124 3578 3181 mi-

239 3213 556 3270 Mauricius
584 3217 810 3269 ann.2l.
1856 3181 1906 3251 Ο
1935 3216 2101 3274 litum
2134 3219 2261 3288 ejus
2290 3219 2595 3276 Sarraceni
2630 3218 3012 3287 interﬁciunt,
3038 3220 3095 3272 et
3144 3214 3326 3287 spolia
3375 3227 3576 3271 eorum

221 3301 852 3374 4.(Bnoa.)chi-gildus
870 3316 971 3357 rex
996 3302 1827 3360 GothorumArrianusilirmi-
1937 3307 2199 3365 Heraclio
2233 3308 2560 3364 remittunt.
2597 3308 2736 3374 Quae
2762 3306 2860 3363 ille
2889 3306 3153 3378 recipere
3184 3302 3405 3373 nolens,
3439 3301 3575 3359 dum

164 3390 668 3460 nigaldumﬁlium
694 3390 1529 3461 obﬁdemcatolicam,quama
1566 3393 1824 3448 Leandre
1933 3394 2247 3452 vindictam
2280 3397 2352 3451 ab
2380 3396 2467 3453 eis
2500 3395 2699 3452 maluit
2749 3394 2815 3460 ⁸³,
2864 3399 3066 3467 portas
3116 3391 3373 3463 Caspias,
3429 3404 3575 3462 quas

164 3480 560 3551 Hyspolitano
584 3480 861 3551 episcopo
884 3479 1170 3550 percepit,
1205 3481 1392 3536 securi
1416 3481 1599 3536 occidi
1624 3481 1818 3550 jussit.
1933 3482 2261 3540 Alexander
2291 3486 2529 3555 Magnus
2559 3483 2792 3540 Macedo
2827 3497 3005 3555 super
3025 3495 3181 3539 mare
3205 3479 3471 3551 Caspium
3501 3478 3580 3534 fe-

233 3574 287 3625 9.
326 3568 653 3625 Riehardus
685 3583 808 3637 rex,
846 3566 1247 3637 ilirminigaldi
1281 3568 1483 3639 frater,
1536 3584 1637 3641 per
1685 3585 1824 3627 eun-
1932 3572 2015 3627 cit
2044 3576 2100 3628 et
2136 3576 2375 3644 prepter
2408 3573 2841 3630 inundationem
2862 3571 3293 3628 sevissimarum
3317 3566 3577 3638 gentium

161 3659 299 3713 dem
340 3656 683 3729 episcopum
719 3660 985 3712 eumtota
1008 3663 1182 3727 gente
1208 3657 1523 3713 Gothorum
1548 3658 1619 3713 ad
1652 3658 1821 3715 ﬁdem
1935 3661 2153 3717 servari
2179 3661 2377 3732 jussit,
2410 3663 2661 3732 aperuit,
2695 3660 2943 3731 indeque
2977 3665 3080 3716 150
3109 3657 3266 3714 milia
3298 3670 3439 3713 auro
3487 3670 3577 3712 ar-

162 3746 387 3802 Christi
419 3745 805 3801 convertitur.
1931 3755 2083 3805 mata
2106 3765 2236 3806 eum
2261 3750 2550 3806 universis
2572 3749 2976 3806 universarum
3002 3745 3431 3818 provinciarum
3448 3742 3576 3812 ejus

238 3839 324 3889 12.
363 3835 465 3905 (H.
498 3834 591 3903 S.)
625 3835 873 3889 Sanetus
920 3833 1243 3902 Gregorius
1293 3834 1364 3890 ad
1415 3834 1819 3905 pontiﬁcatum
1931 3837 2214 3894 militibus
2267 3843 2472 3893 contra
2534 3838 2888 3893 Sarracenos
2947 3832 3326 3907 praeliandum
3396 3830 3572 3887 misit.

164 3923 447 3979 Romanae
481 3922 764 3978 aecclesize
793 3921 1049 3991 eligitur.
1932 3928 2188 3995 Cumque
2211 3927 2264 3981 in
2290 3926 2609 3982 crastinum
2634 3929 2849 3993 essent,
2880 3920 3222 3996 praeliaturi,
3246 3920 3372 3992 ipsa
3406 3921 3578 3975 nocte

240 4016 328 4067 16.
367 4010 682 4080 Gregorius
716 4025 861 4081 papa
896 4009 1179 4079 synodum
1212 4012 1281 4065 24
1297 4010 1702 4083 episcoporum
1727 4010 1823 4069 ad-
1930 4018 1998 4070 52
2030 4014 2186 4070 milia
2210 4014 2280 4070 de
2303 4014 2567 4070 exercitu
2592 4012 2840 4069 Heraelii
2867 4011 2922 4066 in
2948 4009 3170 4066 Castris
3194 4007 3451 4081 percutit
3481 4020 3580 4063 an-

160 4114 386 4172 corpus
420 4100 576 4156 beati
612 4099 769 4154 Petri
800 4102 1118 4168 congregat
1152 4098 1472 4155 indictione
1510 4103 1588 4154 13.
1929 4102 2098 4172 gelus
2131 4102 2249 4158 Dei.
2283 4101 2705 4173 Regredientes
2729 4098 2937 4171 reliqui
2961 4097 3224 4167 cumjam
3268 4091 3583 4152 Hierosoli-

235 4194 329 4246 21.
363 4188 700 4258 Gregorius,
734 4186 930 4244 missis
958 4187 1302 4244 doctoribus
1325 4188 1671 4260 Augustino,
1693 4188 1824 4246 Mel-
1931 4205 2078 4246 mam
2104 4190 2622 4262 propinquassent,
2649 4188 2854 4247 videns
2875 4185 3178 4244 Heraclius
3206 4183 3573 4240 inimicorum

161 4278 293 4349 lito,
319 4276 577 4334 Jobanne
601 4276 852 4347 aliisque
877 4274 1164 4348 pluribus,
1190 4275 1409 4346 Anglos
1433 4276 1501 4333 ad
1529 4277 1821 4335 Christum
1932 4278 2223 4336 violentiae
2248 4292 2310 4335 se
2332 4292 2694 4349 nequaquam
2717 4276 2997 4333 resistere
3022 4288 3217 4348 posse,
3239 4285 3467 4329 merere
3491 4284 3581 4327 ar-

161 4364 1175 4436 convertit.TunicaDomini,super
1189 4378 1359 4435 quam
1373 4363 1587 4421 milites
1601 4370 1820 4423 sortem
1933 4374 2157 4439 reptus,
2195 4367 2533 4426 Euthieiana
2564 4366 2756 4424 heresi
2778 4365 2823 4400 ³⁸
2844 4365 3067 4423 cultum
3090 4364 3189 4421 Dei
3223 4360 3534 4419 maculavit
3563 4379 3578 4429 ;

161 4454 479 4525 miserunt,
514 4453 567 4509 in
596 4453 816 4525 Zaphat
852 4452 1055 4524 procul
1086 4454 1159 4509 ab
1191 4452 1549 4510 Hierusalem
1583 4453 1638 4510 in
1687 4468 1820 4512 arca
1932 4456 2267 4527 habensque
2300 4471 2539 4513 uxorem
2568 4455 2791 4512 sororis
2819 4469 2939 4510 suze
2970 4452 3165 4521 ﬁliam,
3218 4455 3463 4508 vexatus
3500 4448 3584 4505 fe-

163 4555 494 4600 marmorea
516 4542 811 4614 reperitur
835 4558 849 4607 ;
870 4555 1039 4612 quam
1066 4541 1380 4612 Gregorius
1402 4542 1817 4613 Antiochenus,
1849 4532 1903 4593 D
1933 4544 2156 4615 bribus,
2192 4545 2368 4601 vitam
2395 4544 2716 4602 crudeliter
2747 4541 2952 4598 ﬁnivit.

160 4633 415 4688 Thomas
432 4628 999 4700 Hierosolimitanus,
1031 4630 1324 4686 Iohannes
1344 4630 1822 4703 Constantinopo-
2002 4634 2202 4690 Annus
2230 4632 2454 4690 Domini
2483 4635 2607 4689 639.
2642 4629 2995 4688 Heraclonas
3024 4642 3153 4685 eum
3202 4629 3388 4682 matre
3435 4625 3580 4681 Mar-

165 4720 391 4776 litanus
421 4734 550 4775 cum
581 4719 713 4775 aliis
743 4716 946 4774 multis
965 4718 1262 4789 episcopis
1283 4718 1557 4775 triduano
1599 4718 1821 4790 jejunio
1929 4720 2050 4777 tina
2082 4734 2212 4777 ann.
2246 4726 2297 4778 2.

165 4807 379 4863 ordine
404 4806 667 4878 pedestri
699 4807 754 4862 in
790 4805 915 4876 ipsa
948 4820 1083 4861 area
1113 4804 1566 4876 Hierosolymam
1612 4807 1823 4877 perdu-
1998 4813 2049 4864 2.
2088 4810 2187 4879 (Η.
2219 4810 2314 4880 S.)
2346 4811 2529 4881 Cyrus
2559 4807 2989 4865 Alexandrinus
3019 4808 3078 4862 et
3106 4802 3202 4861 alii
3225 4800 3392 4860 multi
3414 4800 3579 4859 here-

166 4899 395 4963 centes,
433 4894 486 4949 in
519 4893 810 4963 tecclesia,
848 4893 943 4949 ubi
975 4908 1121 4949 crux
1151 4892 1372 4948 Domini
1395 4893 1695 4964 adoratur,
1726 4911 1823 4967 po-
1929 4898 2035 4953 sim
2062 4897 2408 4955 instaurant.
2434 4896 2788 4952 Heraclonas
2806 4895 3116 4953 occiditur.
3144 4891 3288 4948 Anni
3313 4891 3385 4947 ab
3409 4889 3577 4948 initio

167 4987 437 5041 suerunt.
465 4983 565 5055 (Η.
590 4983 689 5055 S.)
714 4981 1023 5038 Mauricius
1047 4994 1228 5053 penas
1251 4981 1539 5038 scelerum
1559 4996 1818 5053 suorum,
1928 4985 2122 5041 mundi
2158 4987 2311 5041 4600.

169 5078 229 5131 ut
264 5072 391 5144 ipse
419 5072 629 5142 oravit,
655 5070 989 5141 exsolvens,
1014 5085 1043 5126 a
1062 5070 1209 5127 Foca
1233 5068 1491 5142 turpiter
1508 5069 1816 5130 occiditur.
2000 5072 2439 5142 Constantinus,
2473 5070 2722 5127 Heraelii
2752 5070 2927 5140 ﬁlius,
2964 5082 3194 5126 menses
3227 5070 3259 5125 4
3284 5064 3347 5124 ⁸⁸.

240 5164 422 5219 Focas
451 5176 582 5218 ann.
618 5164 672 5215 7.
2000 5163 2282 5218 Constans
2309 5159 2373 5229 ⁸⁵,
2408 5159 2770 5216 Constantini
2803 5158 2977 5228 ﬁlius,
3018 5172 3148 5214 ann.
3180 5160 3268 5213 28.

244 5255 295 5307 3.
321 5249 645 5320 Gregorius
664 5260 819 5319 papa
839 5247 1107 5317 migravit
1132 5249 1203 5305 ad
1221 5248 1522 5307 Dominum
1559 5247 1742 5305 indiet
1763 5250 1816 5306 8.
1999 5253 2047 5303 1.
2081 5253 2133 5305 2.
2169 5252 2218 5303 3.
2255 5250 2304 5304 4.
2340 5253 2390 5304 5.
2425 5251 2476 5304 6.
2508 5250 2560 5303 7.
2592 5247 2694 5303 Hic
2725 5247 3010 5318 deceptus
3040 5261 3071 5303 a
3102 5246 3282 5304 Paulo
3313 5243 3574 5302 heretico

239 5344 290 5395 6.
324 5340 641 5397 Romanam
677 5335 1003 5393 aecclesiam
1027 5338 1279 5394 omnium
1305 5336 1705 5395 mcclesiarum
1728 5351 1821 5395 ca-
1927 5336 2301 5410 persequitur
2329 5336 2700 5394 christianos.

1527 5461 1764 5519 VARIIE
1818 5461 2217 5519 LECTIONES.

237 5555 741 5630 "constantinoli
782 5562 1170 5630 congregatus
1216 5572 1263 5617 ο.
1374 5557 1420 5593 ³ο
1465 5557 1631 5619 deest
1674 5573 1722 5619 ο.
1829 5559 1875 5595 ³³
1906 5559 2092 5618 ﬁdens
2119 5571 2166 5617 c.
2269 5556 2313 5591 ³³
2340 5557 2563 5616 malens
2591 5570 2742 5617 corr.
2783 5555 2986 5616 maluit
3034 5570 3081 5615 ο.
3175 5553 3222 5590 ³³
3265 5550 3485 5612 heracli
3516 5564 3565 5609 ο.

171 5631 210 5668 ³⁸
235 5648 264 5694 ο
285 5647 435 5695 corr.
470 5645 520 5692 ο.
607 5627 658 5663 ⁸⁸
689 5627 1095 5689 constantinus
1127 5642 1276 5689 corr.
1311 5632 1591 5690 constans
1616 5644 1664 5690 σ.
