3950 6298
393 349 513 416 4'79
1553 353 1953 416 EKKEHAR

2196 350 2327 415 ΑΗ(
2342 346 2635 414 ΗΕΝΞῘΞ
3659 353 3756 419 480

471 489 555 542 12.
610 484 889 544 Martinus
936 501 1081 560 papa
1127 484 1408 557 synodum
1470 489 1570 544 105
1631 487 2037 560 epiSCOporum
2071 487 2124 549 Α
2227 489 2278 542 3.
2315 485 2426 540 Leo
2459 497 2702 554 regnum
2738 480 2979 539 dimisit.

395 589 784 646 congregans,
821 578 1028 647 Cyrum
1062 577 1345 646 Sergium,
1401 578 1642 647 Pyrrum
1692 581 1750 632 et
1798 575 2039 633 Paulum
2223 576 2322 646 (Η.
2348 573 2438 645 S.)
2477 577 2676 631 Annus
2707 572 2931 629 Domini
2963 577 3085 630 699.
3117 573 3394 644 Tyberius
3424 588 3552 631 ann.
3585 577 3634 630 7.

397 664 765 736 condemnat,
807 665 1009 722 indict.
1043 671 1130 722 11.
2223 668 2273 721 4.
2308 664 2571 736 Synodus
2599 663 2863 736 Aquileie
2892 663 2938 697 ‘°
2986 667 3380 735 congregatur
3427 665 3534 721 sub
3582 664 3756 737 Sergio

471 756 558 808 16.
591 753 870 810 Martinus
903 769 1047 826 papa
1080 769 1110 810 a
1145 754 1524 811 Constantino
1559 757 1872 812 Cersonam
1919 754 2041 810 exi-
2154 769 2320 826 papa.
2357 754 2479 810 Ind.
2518 759 2566 823 1,
2604 753 2676 810 ol.
2705 756 2826 808 370.
3371 793 3376 796 -

400 839 478 898 lio
511 841 742 912 missus,
780 842 1050 912 migravit
1083 842 1153 900 ad
1185 843 1509 900 Dominum.
1609 840 1612 842 ⁷
2223 848 2274 898 6.
2310 843 2461 899 Beda
2496 841 2848 899 venerabilis
2881 841 3198 912 presbyter
3233 841 3542 912 Anglorum
3563 841 3756 899 chroni-

471 932 558 986 24.
595 931 877 987 Constans
906 930 976 963 ³⁶’
1026 932 1264 988 Romam
1314 932 1492 1002 venit,
1527 936 1587 988 et
1632 932 1804 987 beato
1856 933 2034 988 Petro
2153 946 2278 988 eam
2312 929 2552 987 minoris
2581 929 2713 986 libri
2746 944 2933 1000 usque
2958 929 3071 985 huc
3101 929 3399 1000 perduxit.

402 1017 640 1089 pallium
655 1017 1018 1078 aurotextile
1033 1019 1405 1091 obtulit,toto
1419 1020 1829 1077 exercitueam
1843 1019 2040 1076 cereis
2223 1023 2274 1075 7.
2307 1019 2600 1076 Iohannes
2623 1032 2769 1091 papa
2793 1018 2996 1088 Sergio
3021 1017 3326 1075 successit.
3355 1016 3457 1074 Cui
3481 1015 3608 1073 item
3635 1019 3758 1075 alius

403 1105 682 1166 intrante.
2151 1109 2439 1166 Iohannes
2471 1107 2778 1166 suCCcssit.
2823 1107 3186 1164 Iustinianus
3234 1107 3474 1162 Leonem
3519 1110 3572 1162 et
3612 1107 3758 1177 Tybe-

473 1199 560 1252 27.
594 1197 858 1270 Eclypsis
887 1197 1030 1255 solis
1064 1197 1212 1256 facta
1242 1202 1336 1256 est
1376 1198 1515 1256 hora
1552 1203 1636 1268 10,
1667 1203 1698 1253 5
1732 1199 1876 1253 Non.
1913 1197 2040 1268 Mai,
2155 1199 2302 1255 rium
2326 1213 2454 1256 cum
2478 1197 2608 1254 aliis
2633 1197 2729 1268 qui
2749 1212 2878 1254 eum
2899 1193 3502 1268 expulerantoccidit;
3526 1209 3678 1264 quem
3699 1196 3759 1250 vi-

402 1285 604 1342 indict.
642 1291 698 1342 11
735 1285 798 1341 3°.
2155 1287 2371 1343 delicet
2397 1286 2785 1344 Iustinianum
2819 1286 2930 1342 Leo
2964 1285 3019 1341 in
3051 1284 3450 1356 expulsionem
3472 1282 3620 1340 illius
3636 1283 3760 1339 nari-

473 1377 560 1428 28.
596 1377 886 1432 Constans
915 1373 986 1407 ³⁵²
1009 1381 1139 1446 post
1170 1374 1383 1433 multas
1415 1375 1883 1447 deprzedationes
1912 1388 2046 1446 pro-
2157 1377 2264 1431 bus
2295 1375 2692 1432 detruncarat.
2730 1375 2813 1445 (P.
2846 1375 2909 1428 D.
2944 1389 3019 1444 v1,
3044 1375 3158 1444 32.)
3182 1372 3289 1438 Qui
3312 1375 3450 1444 post
3471 1371 3664 1426 iterum
3691 1385 3761 1428 as-

407 1462 727 1546 vinciarum
753 1464 983 1522 occisus
1013 1464 1068 1520 in
1100 1465 1305 1521 balneo
1333 1465 1529 1536 periit,
1563 1465 1765 1521 indict.
1805 1468 1887 1520 12.
2155 1467 2386 1534 sumpto
2421 1463 2664 1535 imperio
2698 1461 2968 1533 quotiens
3001 1461 3352 1517 defluentem
3402 1463 3614 1530 guttam
3660 1473 3762 1515 reu-

481 1551 921 1623 Constantinus,
948 1552 1101 1610 ﬁlius
1133 1553 1472 1609 Constantis
1502 1551 1587 1622 ³⁸·,
1621 1567 1749 1608 ann.
1787 1556 1874 1608 17.
2138 1552 2330 1608 .niatis
2362 1566 2531 1608 manu
2566 1551 2833 1621 detersit,
2867 1549 3087 1606 totiens
3117 1563 3260 1621 pene
3295 1547 3542 1620 aliquem
3570 1547 3633 1604 de
3661 1547 3762 1605 suis
3875 1567 3877 1574 ·

477 1643 529 1694 2.
567 1639 857 1696 Vitaliano
887 1655 1032 1713 papa
1067 1641 1404 1698 Adeodatus
1435 1645 1504 1696 78
1533 1639 1577 1674 ³⁷
1605 1641 1911 1698 successit.
1944 1640 2046 1699 Cui
2157 1639 2468 1696 contrariis
2489 1640 2759 1712 jugulare
2783 1639 3082 1710 praecepit.

409 1728 666 1784 Domnus
694 1728 828 1785 79³⁷
860 1743 1025 1801 papa.
2231 1728 2332 1798 (H.
2365 1728 2460 1798 δ’.)
2493 1729 2693 1784 Annus
2718 1727 2940 1782 Domini
2969 1729 3090 1783 706.
3135 1723 3502 1782 Iustinianus
3547 1721 3762 1781 secundo

479 1821 530 1870 b’.
570 1817 872 1874 Sarraceni
907 1817 1159 1876 Siciliain
1191 1817 1618 1890 deprzedantcs,
1667 1831 1799 1874 cum
1844 1831 2044 1888 magna
2078 1843 2130 1902 Β
2161 1831 2292 1872 cum
2325 1815 2444 1874 ﬁlio
2473 1816 2715 1887 Tyberio
2738 1829 2866 1871 ann.
2897 1818 2949 1870 6.

415 1904 610 1974 praeda
644 1905 1052 1962 Alexandriam
1087 1906 1350 1964 redeunt.
2078 1901 2113 1902 ί
2232 1909 2283 1960 5.
2308 1905 2676 1962 Iustinianus
2695 1905 2766 1960 de
2789 1901 3049 1976 peccatis
3070 1901 3194 1960 suis
3211 1901 3762 1974 penitentiamagens,

481 1997 562 2047 16.
603 1994 826 2062 (ΒεηΑ.)
859 1995 1029 2050 Sexta
1057 1995 1312 2066 synodus
1338 1993 1684 2052 universalis
1723 1994 2052 2050 Constanti-
2165 1994 2606 2050 Constantinum
2638 2006 2844 2064 papam
2879 2005 3101 2046 summo
3132 1990 3354 2047 honore
3386 1989 3599 2060 habuit,
3629 1989 3697 2044 ita
3717 1994 3763 2044 ut

411 2081 606 2152 nopoli
639 2088 1035 2152 congregatur
1067 2085 1174 2140 sub
1209 2084 1510 2153 Agathone
1548 2087 1618 2139 80
1661 2083 1705 2117 ³⁷
1756 2098 1923 2155 papa,
1955 2082 2051 2154 qui
2165 2081 2258 2137 die
2282 2080 2567 2138 dominica
2588 2081 2795 2137 missas
2813 2079 2940 2150 ejus
2961 2078 3204 2136 audiens
3227 2078 3671 2134 communionem
3691 2075 3768 2132 de-

412 2171 570 2225 Dono
604 2171 916 2240 successit,
951 2185 1144 2228 coram
1181 2171 1440 2243 piissimo
1477 2170 1738 2242 principe
1780 2173 2056 2227 Constan-
2169 2185 2336 2227 manu
2371 2185 2473 2228 sua
2507 2170 2820 2242 acciperet.

415 2256 537 2312 tino
567 2260 625 2312 et
659 2257 868 2326 legatis
899 2259 1236 2329 apostolica:
1262 2259 1416 2315 sedis
1437 2259 1806 2330 etepiscopis
1834 2263 1934 2314 160
1972 2273 2058 2314 re-
2237 2265 2287 2316 6.
2325 2259 2546 2331 (830.1.)
2574 2260 2938 2317 Iustinianus
2969 2258 3320 2331 prohibente
3355 2269 3498 2329 papa
3527 2269 3646 2312 cum
3666 2252 3770 2308 mit-

416 2344 768 2400 sidentibus.
791 2347 873 2416 (P.
897 2347 960 2402 D.
985 2362 1059 2415 γι,
1086 2348 1162 2417 4.)
1188 2349 1261 2402 Ea
1285 2362 1425 2402 vero
1447 2347 1586 2403 hora
1612 2351 1790 2404 tantae
1826 2361 2060 2402 aranea-
2170 2355 2322 2406 teret
2355 2351 2408 2405 in
2434 2355 2667 2421 ponti-iii
2689 2348 2958 2405 Mulvium
2979 2346 3044 2418 “,
3069 2344 3558 2418 comprehendere
3577 2340 3770 2414 Phylip-

417 2447 542 2488 rum
577 2431 708 2489 tela:
742 2433 798 2488 in
828 2433 1018 2490 medio
1050 2433 1246 2506 populi
1276 2435 1635 2505 ceciderunt,
1671 2439 1809 2508 quot
1853 2435 2058 2504 sordes
2172 2439 2360 2510 picum
2383 2439 2448 2509 ",
2474 2452 2644 2508 quem
2669 2437 2744 2492 ibi
2770 2435 3152 2505 relegaverat,
3174 2448 3497 2490 conversus
3516 2430 3770 2488 exercitus

415 2521 709 2577 hcresium
743 2521 1022 2592 expulsas
1050 2537 1251 2579 omnes
1291 2523 1666 2580 mirarentur.
1999 2531 2013 2548 ‘
2170 2528 2242 2584 ad
2275 2527 2661 2600 Philippicum
2694 2525 2758 2596 ⁴³,
2795 2525 2933 2582 l‘ecit
2962 2539 3092 2581 eum
3127 2524 3342 2579 ibidem
3369 2522 3770 2593 imperatorem;

495 2612 575 2663 17.
613 2609 716 2679 (H.
749 2611 817 2666 ις’.
852 2639 924 2650 -
948 2611 1008 2665 Ρ.
1042 2612 1104 2666 D.
1141 2626 1214 2680 v1,
1258 2614 1374 2680 23.)
1422 2611 1835 2668 Constantinus
1883 2611 2060 2682 impe-
2169 2615 2521 2686 veniensque
2552 2630 2682 2672 cum
2713 2629 2782 2670 eo
2805 2610 3393 2683 Constantinopolim,
3441 2609 3588 2665 victo
3628 2611 3772 2676 atque

426 2701 588 2753 rator
609 2697 1081 2768 obiit.Agatlioni
1105 2715 1250 2771 papa
1275 2699 1892 2770 succcssitLeojunior
1912 2703 1972 2755 81
1991 2699 2055 2758 ³⁷.
2169 2703 2366 2760 occiso
2387 2702 2733 2771 Iustiniano,
2765 2714 3004 2770 regnum
3037 2698 3303 2770 suscepit
3345 2695 3685 2768 Philippicus
3719 2691 3770 2744 “.

423 2787 588 2856 Apud
623 2786 836 2843 Callias
867 2787 924 2842 in
956 2789 1306 2845 Francorum
1356 2803 1597 2858 regnum
1648 2789 1930 2858 Ansgirus
1990 2786 2055 2858 ⁸⁸,
2171 2793 2270 2862 (Η.
2303 2792 2398 2863 S.)
2431 2789 2792 2847 Hildibertus
2822 2803 2925 2846 rex
2950 2787 3149 2858 justus
3193 2785 3383 2854 obiit;
3434 2781 3770 2855 regnavitque

421 2874 576 2931 illius
609 2876 845 2946 Arnolﬁ,
876 2877 972 2947 qui
1003 2875 1074 2932 de
1095 2877 1324 2932 nomine
1355 2877 1638 2947 Ancliysae
1665 2877 1892 2945 Trojani
1935 2890 2056 2933 cre-
2167 2881 2556 2950 Dagobertus,
2590 2878 2744 2935 filius
2772 2878 2916 2947 ejus,
2951 2891 3059 2948 pro
3087 2891 3175 2931 eo.
3200 2872 3446 2930 Iohanni
3471 2886 3608 2945 papa
3629 2867 3772 2925 Sisin-

417 2963 578 3020 ditur
593 2963 943 3034 appellatus,
962 2967 1068 3022 sub
1083 2966 1312 3021 nomine
1327 2965 1565 3034 majoris
1588 2965 1794 3020 domus
1816 2966 2060 3034 gerebat
2170 2969 2300 3026 nius
2329 2967 2636 3026 successit.
2674 2966 2774 3023 Cui
2808 2964 3240 3022 Constantinus.

420 3050 826 3123 principatum.
865 3053 1039 3110 Leoni
1073 3069 1218 3125 papa
1258 3054 1545 3110 successit
1595 3053 1945 3109 Benedictus
1991 3055 2060 3108 82
2241 3061 2439 3115 Annus
2471 3057 2694 3113 Domini
2722 3059 2844 3112 712.
2875 3053 3252 3125 Phylippicus
3299 3066 3432 3108 ann.
3486 3055 3533 3119 1,
3579 3057 3774 3103 menses

415 3139 500 3205 ³⁷;
533 3140 626 3196 cui
655 3141 944 3199 Iohannes
973 3144 1040 3196 83
1067 3140 1150 3208 ³⁷;
1185 3141 1280 3198 cui
1311 3143 1505 3198 Conon
1535 3145 1606 3197 84
1632 3141 1676 3175 ³⁷
1709 3156 1938 3198 menses
1971 3145 2055 3211 11,
2092 3196 2135 3218 η
2169 3151 2219 3203 6.
2252 3146 2630 3218 Phylippicus
2657 3141 2969 3201 catholicis
3007 3141 3256 3197 infestus
3301 3139 3428 3197 fuit.
3476 3133 3776 3194 Anastasius

417 3196 527 3298 CI‘.)
561 3229 638 3284 Η.
671 3229 767 3299 S.)
800 3196 968 3300 aquo
989 3196 1522 3302 sanctus-Kylianus
1547 3196 1934 3302 pontiﬁcalem
1961 3196 2061 3302 po1
2090 3196 2138 3258 C
2169 3196 3053 3305 privavit
3078 3225 3622 3300 regnoqueexpulit.
3644 3219 3777 3278 Beri-

419 3319 690 3372 trstatem
723 3318 978 3389 accepit;
1011 3318 1104 3372 cui
1139 3317 1374 3388 Sergius
1404 3333 1554 3390 papa
1587 3318 1896 3374 successit.
2173 3324 2378 3380 bertus
2409 3337 2514 3379 sex
2543 3319 3050 3389 Langobardorum
3079 3318 3245 3374 obiit.

490 3406 686 3460 Annus
711 3405 932 3460 Domini
967 3405 1475 3464 686.1ustinianus
1497 3406 1702 3478 minor,
1729 3406 1886 3463 ﬁlius
1919 3407 2060 3463 Con-
2243 3417 2440 3469 Annus
2471 3410 2692 3467 Domini
2719 3412 2844 3464 713.
2877 3407 3222 3464 Anastasius
3251 3420 3384 3462 ann.
3420 3409 3471 3460 3.

417 3491 678 3550 stantini.
713 3508 844 3550 ann.
880 3498 967 3551 10.
2237 3503 2288 3556 2.
2323 3499 2605 3572 Pippinus
2635 3497 2828 3555 senior
2859 3496 3038 3566 major
3070 3496 3278 3552 domus
3327 3492 3494 3549 obiit.
3539 3491 3642 3547 Pro
3683 3499 3777 3559 quo

487 3586 540 3636 2.
573 3582 818 3639 Sanctus
849 3583 1124 3655 Kylianus
1151 3598 1281 3640 cum
1325 3583 1500 3641 sociis
1546 3583 1668 3640 suis
1719 3598 1926 3656 passus
1968 3586 2057 3640 est
2169 3587 2414 3645 Karolus
2442 3601 2572 3642 ann.
2603 3591 2691 3642 26.
2724 3585 3092 3655 Dagobertus
3124 3595 3225 3638 rex
3255 3581 3424 3638 obiit.

417 3684 568 3726 anno
598 3670 871 3728 videlicet
902 3672 1128 3728 Domini
1159 3675 1264 3728 688
1293 3672 1358 3728 ³³.
2239 3681 2289 3732 3.
2314 3674 2704 3746 Ecpertusvir
2725 3679 2968 3730 sanctus
2983 3671 3054 3726 de
3071 3673 3246 3740 gente
3279 3667 3591 3739 Anglorum
3605 3661 3778 3718 Scbot-

499 3763 549 3820 4.
581 3762 682 3834 (Η.
712 3764 808 3834 S.)
842 3761 943 3818 Hic
975 3762 1161 3818 heresi
1198 3760 1461 3833 pollutus
1490 3761 1814 3819 catholicos
1863 3775 2060 3832 perse-
2167 3771 2262 3822 tos
2295 3763 2552 3834 legitime
2581 3763 2789 3835 pascha
2825 3759 3126 3818 celebrare
3167 3757 3392 3814 docuit.
3441 3749 3777 3812 Constantino

418 3855 637 3927 quitur,
677 3858 734 3909 et
767 3867 897 3910 cum
931 3851 1269 3908 Sarracenis
1304 3865 1502 3924 pacem
1538 3852 1688 3908 fecit.
2170 3867 2334 3926 papae
2363 3851 2656 3908 successit
2689 3848 3005 3920 Gregorius
3035 3844 3351 3902 secundus.

488 3947 539 4000 9.
572 3940 991 3998 Willibrordus
1033 3939 1130 4010 qui
1161 3945 1222 3996 et
1254 3939 1536 4010 Clemens,
1581 3954 1611 3996 a
1661 3938 1862 4009 Sergio
1911 3953 2056 4011 papa
2240 3939 2464 4012 (BEDA.)
2507 3942 2707 3996 Annus
2747 3936 2969 3994 Domini
3008 3937 3132 3990 716.
3175 3931 3532 3990 Theodosius
3567 3941 3682 3985 ann.
3735 3927 3774 3978 1.

417 4031 728 4104 episcOpus
752 4029 1082 4099 ordinatus,
1099 4030 1409 4085 Fresonum
1427 4029 1743 4099 gentemad
1768 4027 2058 4086 Christum
2169 4029 2272 4086 Hic
2305 4027 2676 4084 Anastasium
2709 4025 2909 4098 prtelio
2947 4023 3109 4093 vicit,
3161 4021 3420 4092 datoque
3467 4017 3570 4075 sibi
3613 4023 3778 4108 sacra.-

415 4103 734 4176 converﬁt.

2211 4121 2384 4188 lento,
2409 4115 2685 4173 clericum
2710 4113 2834 4170 ﬁeri
2859 4128 2926 4169 ac
2949 4112 3363 4184 presbyterum
3389 4103 3771 4166 fecitordinari.

495 4213 583 4264 10.
613 4205 981 4263 Iustinianus
1011 4205 1085 4260 ob
1114 4203 1342 4276 culpam
1377 4204 1618 4277 perﬁdic
1645 4218 1826 4274 regno
1874 4204 2060 4276 priva-
2171 4207 2272 4276 (Η.
2294 4206 2362 4263 5'.
2389 4207 2446 4260 et
2472 4204 2668 4268 Bsm.)
2690 4201 2931 4273 Tybcris
2953 4199 3163 4256 ﬂuvius
3185 4197 3412 4254 alveum
3435 4200 3778 4284 suumegrfs-

422 4303 539 4366 tus,
574 4294 708 4352 exul
742 4293 798 4349 in
829 4295 1076 4349 Pontum
1104 4276 1390 4350 secessit.
2173 4309 2276 4351 sus
2305 4291 2482 4349 multa
2517 4292 2711 4347 Romae
2762 4288 3056 4346 subvertit
3098 4285 3452 4357 aadiﬁcia,ita
3501 4287 3558 4340 ut
3601 4281 3652 4336 in
3693 4276 3775 4330 Via

493 4386 693 4440 Annus
727 4381 949 4437 Domini
979 4385 1100 4438 696.
1136 4382 1246 4438 Leo
1275 4395 1407 4437 ann.
1437 4385 1488 4436 3.
2173 4383 2312 4437 Lata
2343 4379 2414 4436 ad
2447 4393 2616 4436 unam
2648 4382 2709 4434 et
2731 4377 2919 4434 semis
2946 4381 3234 4432 staturam
3265 4374 3648 4431 excresceret.

494 4477 544 4528 1.
591 4471 816 4541 (Βεω.)
855 4469 1091 4539 Sergius
1139 4483 1286 4541 papa
1335 4482 1569 4540 capsam
1619 4482 1748 4524 cum
1796 4467 2060 4540 portione
2247 4470 2444 4525 Annus
2474 4466 2701 4523 Domini
2727 4469 2851 4521 717.
2887 4466 2998 4520 Leo
3025 4478 3155 4521 ann.
3186 4465 3238 4518 8.

429 4559 732 4617 dominicae
751 4558 948 4616 crucis
971 4558 1190 4613 invenit
1216 4574 1230 4621 ;
1257 4572 1385 4626 quae
1409 4557 1680 4613 omnibus
1701 4557 1868 4612 annis
1891 4556 1946 4612 in
1968 4557 2063 4614 ba-
2091 4554 2143 4614 D
2247 4562 2294 4613 1.
2334 4554 2573 4612 Karolus
2600 4554 2904 4610 Saxoniam
2937 4565 3140 4622 magna
3174 4549 3341 4624 plaga
3372 4545 3611 4636 vastavit
3634 4541 3774 4636 (18f)-

424 4649 588 4706 silica
631 4647 953 4704 Salvatoris
1002 4661 1130 4716 qua;
1180 4644 1396 4701 dicitur
1445 4644 1919 4700 Constantiniana
1970 4645 2064 4702 die
2250 4645 2412 4714 4.(Η.
2450 4645 2543 4714 S.)
2587 4640 2889 4699 Sarraeeni
2948 4639 3200 4696 triennio
3257 4627 3776 4702 Constantinopolim

419 4736 800 4794 cxaltationis
832 4735 960 4804 ejus
991 4735 1064 4789 ab
1085 4732 1236 4788 omni
1287 4731 1502 4802 populo
1539 4733 1844 4789 osculatur
1890 4738 2066 4804 atque
2176 4731 2519 4790 obsidentes
2549 4736 2608 4786 et
2631 4729 2846 4786 multas
2864 4727 3198 4800 provincias
3222 4727 3606 4790 devastantes,
3637 4719 3773 4778 fame,

425 4827 726 4884 adoratur.
773 4824 1021 4880 Sanctus
1053 4819 1387 4890 Cudpertus
1433 4819 1600 4889 obiit,
1640 4821 1954 4892 episcopus
1995 4835 2067 4878 ex
2176 4823 2362 4892 peste,
2397 4820 2551 4876 ferro
2578 4816 2995 4887 naufragioque
3028 4814 3347 4887 pelluntur.

422 4914 780 4972 anachorita.
2247 4911 2298 4964 6.
2346 4907 2545 4978 (BEDA)
2587 4903 2993 4962 Luidbrandus
3029 4901 3074 4936 “
3126 4917 3230 4958 rex
3288 4894 3775 4971 Langobardorum.

1779 5056 2016 5114 νΑιὶΙΑε
2059 5055 2457 5114 LECTIONES.

497 5183 564 5218 ³⁸’
597 5183 1008 5241 constantinus
1034 5196 1181 5242 corr.
1217 5185 1492 5238 constans
1518 5194 1565 5239 c.
1597 5179 1642 5213 ³⁸
1673 5194 1702 5238 e
1729 5194 1880 5239 corr.
1914 5195 1960 5237 θ.
1993 5179 2038 5214 ³⁸
2067 5179 2420 5237 constantini
2453 5191 2600 5237 corr.
2636 5177 2966 5235 constantis
2994 5190 3043 5234 ο.
3076 5174 3122 5209 ⁸⁷
3153 5174 3254 5232 hos
3289 5170 3778 5242 amazement"!!!

429 5239 1261 5336 βοηθὸιονὶεετιρρνὲὸτίρςέιο
1303 5251 1589 5336 ³ῗ.³ιὶ⁸βίεξ
1620 5265 1790 5336 CW.
1815 5251 2085 5336 θηεεὲειιε
2122 5265 2169 5336 0;
2212 5249 2276 5336 '3.
2294 5335 2297 5336 ,
2317 5250 2706 5336 ηειΧΧΧνιιο
2761 5247 3394 5336 φαρμιὲςιικξὲξῖεῐὲ·
3411 5330 3440 5336 -_
3450 5239 3779 5336 9:31:33)?”

433 5312 582 5394 legie
609 5339 757 5404 corr.
795 5312 1048 5394 aquileie
1081 5312 1136 5381 οἵ
1164 5322 1408 5406 ιῖυαζάο
1437 5312 1538 5380 hic
1565 5323 1726 5406 locus
1767 5312 2042 5380 twrbd’ma
2071 5323 2176 5402 est.
2199 5323 2439 5402 .Herim.
2463 5335 2616 5378 :cuin
2759 5320 2813 5402 in
2843 5321 3110 5388 Pontum,
3142 5312 3565 5398 iiiultiiniproh.
3593 5318 3718 5432 palm
3735 5315 3774 5355 ο·

430 5395 474 5428 ⁶²
508 5393 846 5466 phylippum
877 5407 1030 5452 corr.
1066 5392 1325 5466 phylippi
1354 5407 1404 5452 c.
1436 5392 1482 5428 ⁴³
1511 5393 1836 5467 philippum
1868 5406 2017 5452 corr.
2071 5391 2316 5465 philippi
2349 5406 2396 5449 c.
2450 5391 2492 5424 “
2558 5391 2912 5462 pliilippicus
2959 5403 3110 5446 corr.
3159 5385 3402 5459 philippi
3449 5399 3495 5442 c.
3544 5379 3585 5413 “
3619 5395 3639 5436 ι
3665 5388 3700 5431 α
3737 5383 3775 5426 σο

2016 5541 2241 5598 NOTAE.

517 5638 665 5710 (185)
705 5641 785 5696 Cf.
821 5643 967 5698 Ann.
1004 5637 1280 5694 Lauresli.
1315 5639 1575 5698 Alaman.
1601 5682 1617 5711 ,
1647 5642 1760 5698 etc.
