3950 6312
137 276 260 338 481

950 274 1391 342 CHRONICA.
1428 314 1496 322 ——
1533 273 2014 341 CHRONICON
2055 272 2774 343 WIRZIBURGENSE.

3445 280 3567 347 482
3603 271 3613 279 ’

136 413 493 471 Sarracenis
526 412 879 485 depOpulata
913 412 1175 469 Sardinia
1207 412 1381 468 etiam
1415 410 1510 468 illa
1543 411 1668 468 loca
1720 412 1797 467 fe-
1829 411 1879 470 Α
1911 410 2081 467 chum
2112 412 2283 478 fecit;
2315 417 2376 468 et
2406 418 2537 478 post
2572 413 2931 485 aliquantum
2957 417 3238 488 temporis
3272 417 3343 474 ad
3374 433 3566 475 mona-

136 504 453 561 dantibus.
493 505 592 561 ubi
625 518 757 560 ossa
791 504 979 560 sancti
1011 502 1317 572 Augustini
1342 501 1605 573 episcopi
1630 516 1801 573 prop-

139 600 239 649 ter
272 593 743 649 devastationem
795 592 1174 648 barbarorum
1224 590 1358 647 olim
1414 590 1695 647 translata
1744 597 1803 645 et

137 682 387 738 condita
425 682 677 752 fuerant,
739 680 892 736 misit
926 686 979 736 et
1033 680 1172 736 dato
1224 679 1420 752 precio
1467 680 1695 750 accepit
1745 683 1800 733 et

142 770 461 827 transtulit
491 785 559 826 ea
593 770 649 825 in
680 770 958 825 Ticinum.

216 863 273 916 8.
312 860 415 928 (H.
448 860 545 931 δ’.)
578 860 829 916 Sanctus
859 858 1169 915 Pirminius
1220 858 1274 914 in
1322 859 1602 930 Auguiam
1651 859 1807 914 insu-

141 948 285 1017 lam,
321 963 570 1018 eamque
603 949 796 1017 (185‘)
831 963 859 1003 a
915 948 1292 1018 serpentibus
1339 948 1628 1003 liberavit.
1685 948 1807 1004 lluc

143 1052 342 1107 usque
377 1037 529 1093 Beda
552 1035 909 1093 venerabilis
931 1037 1240 1107 presbyter
1269 1036 1602 1092 chronieam
1643 1051 1804 1092 suam

145 1126 202 1180 in
241 1125 454 1195 majori
488 1126 559 1181 de
587 1125 954 1196 temporibus
986 1123 1137 1181 libro
1186 1124 1462 1197 perduxit
1509 1125 1808 1181 continen-

143 1220 270 1269 tem
304 1214 380 1270 ab
413 1214 581 1269 initio
614 1213 811 1271 mundi
844 1213 1160 1270 secundum
1208 1214 1548 1270 ilebraicam
1597 1214 1809 1269 verita-

146 1307 269 1359 tem
302 1316 436 1359 ann.
463 1304 622 1358 4680.

221 1413 429 1466 Annus
462 1408 683 1465 Domini
715 1410 838 1464 725.
877 1409 1315 1466 Constantinus:

222 1517 353 1571 Huc
385 1529 571 1585 usque
616 1528 857 1583 regnum
908 1514 1317 1571 Romanorum.
1367 1515 1587 1573 Exhinc
1638 1517 1810 1572 Fran-

144 1618 381 1660 eorum.

228 1713 435 1766 Annus
465 1709 685 1765 Domini
716 1707 839 1765 726.
876 1708 1144 1779 Karolus,
1177 1710 1403 1782 Pippini
1449 1710 1626 1781 ﬁlius,
1675 1725 1804 1766 cum

228 1761 433 1766 ___-___-
725 1761 837 1765 __-_
877 1761 1144 1779 πωνή,
1177 1761 1197 1764 _
1224 1761 1403 1782 Tr---
1449 1761 1626 1781 ______,
1680 1761 1804 1766 η---

141 1798 268 1867 jam
338 1797 728 1869 principatum
797 1798 1079 1868 majorum
1139 1798 1346 1854 domus
1394 1814 1523 1855 ann.
1577 1761 1889 1855 teneretB

144 1887 212 1957 ⁸⁸,
253 1886 543 1958 posthaec
572 1886 838 1943 eumdem
872 1887 1261 1958 principatum
1308 1892 1470 1943 tenet
1504 1894 1570 1943 15
1618 1889 1802 1957 annis,

149 1976 396 2045 regibus
428 1980 620 2031 tamen
652 1976 707 2031 in
739 1976 999 2046 Francia,
1034 1975 1137 2031 sed
1168 1990 1347 2047 parva
1379 1976 1684 2047 dignitate,
1720 1993 1809 2033 rc-

149 2065 495 2136 gnantibus.

222 2175 312 2227 15.
350 2171 668 2228 Pirminius
698 2184 770 2226 ex
803 2171 983 2241 Augia
1014 2171 1239 2243 pulsus,
1275 2172 1332 2229 in
1382 2171 1661 2230 Alsatiam
1712 2187 1808 2229 ve-

151 2259 259 2315 nit.

224 2352 313 2403 16.
348 2346 508 2403 Beda
536 2346 891 2403 venerabilis
924 2347 1239 2418 Anglorum
1274 2350 1584 2422 presbyter
1634 2350 1800 2420 obiit,

150 2436 360 2492 indict.
396 2438 481 2491 14.

221 2548 310 2599 17.
338 2542 589 2598 Karolus
610 2546 815 2599 contra
839 2545 1190 2600 Sarracenos
1205 2548 1425 2615 pugnat
1440 2543 1532 2599 die
1553 2544 1800 2601 sabbati.

224 2653 310 2705 18.
345 2648 598 2704 Karolus
629 2650 810 2719 major
841 2649 1046 2705 domus
1076 2648 1331 2705 Fresiam
1362 2654 1576 2705 vastat.

222 2760 309 2810 19.
342 2754 707 2811 Wasconiam
746 2754 978 2811 invasit.

220 2864 310 2915 22.
343 2860 542 2930 (Fred.
570 2861 767 2933 Cant.)
792 2860 1103 2931 Gregorius
1124 2862 1199 2917 III
1221 2875 1368 2933 papa
1391 2860 1585 2918 claves
1609 2862 1803 2934 sepul-

150 2948 275 3005 chri
311 2946 500 3005 sancti
532 2950 688 3005 Petri
722 2956 781 3005 et
818 2949 1046 3005 vincula
1099 2950 1357 3020 ejusdem
1407 2965 1535 3005 cum
1579 2951 1802 3019 magnis

153 3038 498 3094 muneribus
530 3038 598 3093 ad
632 3037 903 3094 Karolum
935 3037 1109 3108 misit,
1144 3052 1213 3093 eo
1246 3041 1417 3109 parto
1449 3042 1509 3094 ut
1552 3054 1581 3095 a
1626 3039 1804 3109 parti-

155 3126 263 3182 bus
294 3126 672 3197 imperatoris
705 3126 1090 3195 Constantini,
1126 3125 1223 3196 qui
1274 3125 1441 3181 Leoni
1487 3127 1797 3195 successit,
1835 3112 1884 3174 Ο

153 3213 478 3270 recederet.
512 3214 760 3270 Karolus
793 3212 1017 3282 legatos
1044 3218 1103 3269 et
1136 3213 1483 3283 legationem
1524 3229 1653 3271 cum
1706 3215 1806 3270 ho-

154 3318 298 3359 nore
351 3302 594 3373 recepit,
650 3317 882 3358 munera
938 3301 1207 3372 contulit,
1261 3308 1437 3372 atque
1486 3318 1615 3359 cum
1679 3303 1802 3358 suis

152 3390 378 3447 nuntiis
408 3391 642 3446 Romam
676 3391 917 3447 remisit.

220 3499 311 3551 23.
348 3495 450 3565 (Η.
478 3495 575 3567 S.)
607 3495 857 3552 Karolus
889 3499 1092 3552 contra
1126 3496 1479 3552 Sarracenos
1512 3496 1567 3552 in
1600 3497 1804 3554 Gothia

155 3589 394 3655 pugnat.
433 3584 679 3641 Karolus
711 3584 1014 3641 Saxoniam
1050 3585 1248 3640 intrat.

222 3694 312 3747 27.
349 3690 595 3747 Karolus
626 3691 811 3761 major
840 3692 1048 3747 domus
1066 3689 1335 3761 moritur,
1362 3689 1563 3747 indict.
1590 3696 1641 3748 8.
1669 3692 1805 3747 Gre-

151 3778 318 3849 gorio
347 3779 535 3836 tercio
567 3780 859 3836 successit
889 3779 1199 3836 Zacharias
1228 3793 1394 3851 papa.

224 3887 423 3958 (Fred.
460 3887 651 3958 Cant.)
686 3890 884 3944 Annus
914 3887 1135 3943 Domini
1175 3891 1272 3944 741
1308 3887 1607 3959 Pippinus,
1650 3887 1803 3945 ﬁlius

155 3974 374 4047 Karoli,
409 3990 541 4032 cum
572 3977 755 4032 fratre
786 3975 1169 4032 Karlomanno
1199 3975 1380 4045 major
1420 3977 1625 4033 domus
1670 3991 1799 4032 ann.

158 4070 241 4120 11.
313 4064 738 4121 Karlomannus
800 4064 1116 4135 Austriam,
1186 4063 1579 4121 Alamanniam
1631 4069 1806 4136 atque

155 4153 523 4223 Thoringiam
556 4152 844 4218 sortitur;
875 4151 1156 4224 Pippinus
1181 4153 1592 4224 Burgundiam,
1626 4153 1808 4211 Neau-

158 4242 361 4299 striam
394 4244 569 4312 atque
599 4240 987 4297 Provinciam.

228 4353 277 4403 1.
315 4348 418 4418 (H.
446 4348 513 4405 S.
550 4346 970 4404 Karlomannus
1015 4346 1377 4404 Wasconiam
1428 4353 1488 4404 et
1536 4348 1804 4405 Alaman-

158 4436 309 4493 niam
354 4437 520 4507 petit.

226 4546 277 4599 3.
311 4541 544 4598 Initium
577 4541 885 4598 Fuldensis
913 4542 1254 4599 monasterii

226 4645 275 4696 5.
311 4637 735 4696 Karlomannus
770 4639 1165 4696 Alamanniam
1208 4647 1419 4697 vastat.
1476 4639 1809 4697 Karloman-

158 4743 265 4786 nus
295 4742 494 4799 pacem
537 4742 668 4784 cum
715 4727 1043 4785 Saxonibus
1091 4728 1225 4785 facit
1284 4727 1681 4787 Alamanniam
1733 4729 1810 4785 in-

156 4815 439 4887 greditur.

225 4928 276 4981 9.
310 4923 500 4995 (Eum.
531 4923 712 4995 Ann.)
740 4922 1162 4980 Karlomannus
1194 4922 1390 4978 divino
1438 4938 1634 4980 amore
1680 4940 1808 4982 suc-

155 5026 385 5082 census,
419 5012 660 5069 Romam
694 5026 965 5084 pergens,
1003 5026 1136 5068 sese
1165 5012 1458 5070 Zachariae
1504 5028 1666 5085 papae
1706 5015 1808 5071 ob-

157 5101 310 5173 tulit,
344 5105 403 5158 et
434 5102 510 5159 ab
540 5115 610 5157 eo
638 5099 894 5157 clericus
926 5101 1130 5171 factus,
1167 5101 1581 5158 monasterium
1613 5104 1804 5160 sancti

159 5189 421 5249 Silvestri
466 5189 523 5246 in
556 5192 753 5247 monte
802 5188 1039 5246 Soracte
1080 5193 1452 5261 construens,
1505 5205 1567 5248 se
1612 5206 1806 5249 mona-

1914 500 2157 556 sterium
2189 502 2375 556 sancti
2413 502 2706 558 Benedicti
2739 505 3040 573 profectus
3058 510 3169 561 est.

1986 593 2071 645 10.
2108 589 2357 645 Sanctus
2392 590 2763 647 Burchardus
2785 593 3012 663 accepit
3044 593 3445 664 pontiﬁcatum
3469 610 3567 652 an-

1916 691 1990 732 no
2020 678 2242 733 Domini
2270 682 2365 733 751
2400 696 2413 745 ;
2440 679 2591 734 sedit
2622 682 2691 735 40
2720 694 2847 735 ann.
2883 681 2987 749 (Cf.
3026 681 3329 753 G.pontt.)
3352 682 3563 739 Iisdem

1918 766 2282 836 temporibus
2309 766 2598 837 Radgisus
2631 769 3138 839 Langobardorum
3163 783 3264 826 rex
3290 768 3567 828 similiter

1918 854 2051 910 fecit

1990 947 2074 998 11.
2101 944 2427 1000 Translatio
2459 944 2643 1000 sancti
2684 945 2925 1016 Kyliani.
2982 947 3365 1005 Beatissimus
3415 961 3561 1020 papa

1915 1031 2221 1086 Zacharias
2254 1032 2308 1087 in
2348 1033 2667 1088 venerabili
2715 1034 3075 1104 patriarchio
3127 1036 3278 1092 beati
3331 1037 3563 1107 Georgii

1918 1120 2192 1189 martyris
2223 1125 2399 1190 caput
2432 1120 2487 1176 in
2519 1135 2690 1192 capsa
2722 1122 3085 1180 reconditum
3108 1125 3365 1196 repperit
3390 1125 3446 1182 in
3472 1141 3567 1197 pe-

1920 1207 2112 1263 thacio
2134 1208 2321 1264 literis
2344 1209 2544 1265 Grecis
2565 1216 2827 1281 exarato,
2851 1216 2907 1266 et
2934 1212 2989 1266 in
3019 1213 3330 1269 Romanam
3362 1214 3565 1271 urbem

1921 1294 2244 1351 transtulit.
2264 1297 2579 1368 (G.pontt.)
2596 1299 2697 1354 Hic
2717 1297 2900 1355 libros
2914 1299 3275 1369 dialogorum
3292 1306 3563 1372 quatuor,

1922 1398 2067 1453 quos
2102 1385 2307 1440 beatus
2337 1385 2652 1454 Gregorius
2684 1387 2837 1455 fecit,
2874 1387 2946 1442 de
2978 1388 3178 1444 Latino
3211 1389 3266 1444 in
3320 1390 3564 1447 Grecum

1920 1472 2228 1527 transtulit
2256 1471 2662 1542 eloquium.Ad
2680 1489 2845 1544 quem
2864 1477 3567 1535 BurchardusWircibur—

1919 1560 2118 1629 gensis
2149 1560 2457 1632 episcopus
2487 1565 2544 1616 et
2578 1561 2858 1619 Folradus
2889 1565 3071 1621 abbas
3101 1565 3265 1621 missi
3290 1571 3429 1623 sunt
3460 1568 3567 1623 Ro«

1922 1662 2090 1719 mam,
2128 1653 2190 1703 ut
2220 1649 2596 1704 consulerent
2628 1651 2947 1707 Romanum
2981 1654 3315 1723 pontiﬁcem
3347 1654 3565 1712 decau-

1921 1749 1984 1792 sa
2016 1751 2236 1806 regum,
2270 1738 2368 1807 qui
2399 1736 2498 1793 illo
2527 1743 2787 1810 tempore
2821 1740 3055 1797 fuerunt
3089 1742 3144 1796 in
3176 1743 3436 1814 Francia,
3472 1759 3569 1800 no-

1922 1840 2049 1880 men
2078 1830 2304 1881 tantum
2338 1826 2513 1896 regis,
2550 1827 2647 1883 sed
2682 1827 2897 1883 nullam
2950 1830 3164 1898 regiam
3215 1834 3566 1902 potestatem

1922 1913 2221 1969 habentes.
2251 1912 2435 1982 (Eme.
2463 1916 2639 1985 Ann.)
2664 1917 2770 1970 Per
2792 1930 2936 1986 quos
2958 1917 3274 1987 prtedictus
3305 1918 3566 1989 pontifex

1918 2001 2226 2058 Zacharias
2259 2002 2553 2059 mandavit
2577 2004 2783 2060 melius
2804 2018 2939 2059 esse
2962 2004 3123 2061 illum
3146 2007 3344 2062 vocari
3369 2020 3564 2076 regem

1918 2091 2072 2161 apud
2103 2106 2269 2161 quem
2302 2106 2523 2147 summa
2558 2092 2871 2162 potestatis
2888 2093 3241 2149 consisteret
3271 2111 3286 2160 ;
3311 2093 3565 2164 dataque

1919 2178 2273 2236 auctoritate
2304 2192 2427 2250 sua,
2463 2180 2768 2250 Pippinum
2798 2195 2989 2250 regem
3032 2182 3311 2238 constitui
3361 2182 3559 2251 jussit.

1990 2267 2089 2336 (H.
2122 2269 2189 2325 S.
2226 2268 2524 2324 EINHARDI.
2562 2270 2735 2341 Ann.)
2766 2272 2963 2326 Annus
2994 2269 3215 2325 Domini
3261 2274 3385 2326 753.
3437 2271 3567 2343 Pip-

1917 2356 2088 2427 pinus
2118 2371 2221 2427 per
2251 2357 2659 2412 auctoritatem
2691 2357 2966 2429 Stephani
2997 2373 3181 2430 papae,
3214 2359 3311 2429 qui
3356 2358 3568 2415 Zacha-

1916 2445 2018 2500 riae
2048 2445 2358 2515 successit,
2392 2459 2494 2501 rex
2517 2447 2862 2502 Francorum
2885 2452 2977 2502 est
3001 2446 3350 2518 appellatus,
3382 2452 3441 2503 et
3465 2462 3565 2503 un-

1915 2537 2046 2589 ctus
2075 2546 2246 2589 manu
2280 2534 2556 2589 Bonifacii
2590 2534 3017 2606 archiepiscopi
3052 2534 3558 2606 Magontiocensis,

1915 2634 2191 2691 moreque
2224 2622 2572 2678 Francorum
2615 2622 2670 2677 in
2722 2622 2933 2678 solium
2983 2623 3248 2679 elevatus
3294 2624 3457 2695 regni
3504 2624 3564 2679 in

1914 2708 2153 2764 civitate
2185 2709 2493 2778 Suessona,
2528 2711 2791 2778 regnavit
2826 2724 2957 2765 ann.
2995 2715 3060 2769 15
3088 2710 3152 2765 ‘7.

1986 2802 2036 2852 1.
2075 2796 2401 2852 Hildericus
2429 2811 2587 2866 vero,
2624 2797 2719 2867 qui
2752 2796 2899 2852 falso
2930 2798 3083 2867 regis
3111 2799 3341 2854 nomine
3365 2800 3563 2869 funge-

1916 2884 2107 2955 batur,
2140 2889 2312 2940 tonso
2344 2886 2536 2956 capite
2571 2885 2623 2939 in
2659 2886 3077 2941 monasterium
3111 2887 3325 2942 missus
3352 2893 3460 2943 est.

1983 2977 2035 3028 2.
2091 2974 2190 3042 (Η.
2242 2973 2337 3043 S.)
2388 2973 2633 3029 Sanctus
2682 2973 3010 3029 Bonifacius
3069 2974 3563 3047 archyepiscopus

1916 3061 2349 3131 martyrizatur.

1985 3154 2034 3204 3.
2071 3150 2367 3221 Pyppinus
2398 3150 2855 3219 Langobardiam
2888 3150 3181 3207 hostiliter
3212 3151 3379 3222 petit.

1985 3240 2035 3293 4.
2071 3238 2396 3294 llaistulfus
2422 3254 2525 3293 rex
2560 3239 3069 3308 Langobardorum
3102 3240 3367 3296 moritur.

1983 3330 2035 3382 6.
2068 3326 2365 3398 Pyppinus
2416 3327 2717 3383 Saxoniam
2768 3327 2922 3384 bello
2972 3328 3144 3399 petit,
3197 3328 3561 3385 Wasconiam

1914 3414 2159 3471 invadit.

1987 3507 2058 3559 1O
2088 3505 2334 3560 Sanctus
2366 3503 2679 3560 Othmarus
2712 3503 2767 3558 in
2802 3503 3047 3561 insulam
3078 3505 3219 3560 Reni
3269 3506 3428 3561 Stein
3473 3521 3565 3562 re-

1917 3590 2148 3660 legatus
2180 3591 2346 3646 obiit.
2374 3590 2640 3662 Eclypsis
2664 3592 2807 3647 solis
2834 3593 2983 3648 facta
3007 3597 3094 3648 est
3116 3597 3182 3650 18
3202 3592 3440 3650 Kalend.
3469 3594 3564 3650 Se-

1915 3680 2200 3751 ptembris
2232 3680 2372 3735 hora
2406 3680 2568 3749 quasi
2600 3682 2652 3733 6.

1984 3775 2071 3824 11.
2106 3768 2364 3824 lnventio
2396 3768 2606 3840 capitis
2631 3769 2909 3824 Johannis
2944 3769 3236 3841 baptistaa.
3265 3769 3563 3841 Pyppinus

1913 3855 2139 3927 aliquot
2168 3857 2484 3912 comitatus
2516 3856 2649 3912 ﬁliis
2680 3856 2859 3912 dedit.

1985 3948 2077 4001 12.
2112 3945 2346 4016 Hiemps
2374 3944 2565 4001 valida
2597 3945 2747 4001 facta
2780 3949 2875 4001 est
2904 3945 3012 4001 hoc
3042 3960 3212 4002 anno.

1990 4039 2073 4090 13.
2108 4033 2372 4104 Eclypsis
2403 4033 2545 4089 solis
2576 4037 2609 4088 2
2637 4035 2779 4089 Non.
2811 4036 2940 4091 Jun.
2976 4035 3118 4090 hora
3150 4033 3314 4105 quasi
3345 4038 3397 4089 6.

1992 4128 2073 4178 15.
2110 4123 2334 4192 Corpus
2365 4122 2551 4178 sancti
2580 4122 2806 4178 Nazarii
2839 4123 2909 4179 ad
2945 4123 3270 4181 Laurissam
3319 4122 3560 4180 allatum

1918 4210 2098 4268 est“.
2130 4210 2425 4282 Pyppinus
2454 4225 2559 4268 rex
2590 4212 2856 4283 moritur,
2892 4212 3091 4268 indict.
3126 4215 3179 4267 6.

1990 4303 2189 4357 Annus
2222 4300 2443 4355 Domini
2474 4305 2580 4356 769
2606 4300 2668 4356 ⁸⁸.
2712 4301 2962 4359 Karolus
3008 4303 3266 4373 Magnus,
3317 4300 3565 4374 Pyppini

1921 4388 2095 4460 ﬁlius,
2130 4403 2259 4445 cum
2288 4389 2469 4445 fratre
2495 4389 2882 4448 Karlomanno
2912 4406 3043 4447 ann.
3102 4394 3154 4463 3,
3206 4396 3417 4462 postea
3467 4404 3564 4447 so-

1836 4464 1890 4525 D
1921 4478 2014 4536 lus
2042 4480 2127 4535 42.

1990 4570 2041 4623 4.
2075 4567 2175 4639 (Η.
2207 4568 2304 4639 S.)
2333 4568 2555 4640 Corpus
2580 4567 2767 4625 sancti
2798 4567 3057 4624 Othmari
3089 4571 3159 4623 10
3196 4580 3324 4622 ann.
3380 4565 3436 4621 in
3479 4566 3559 4637 in,

1921 4656 2066 4727 suta,
2105 4672 2218 4729 quo
2248 4661 2516 4714 mortuus
2547 4661 2660 4727 est,
2695 4657 3095 4727 incorruptum
3155 4654 3452 4726 reperitur
3501 4658 3566 4710 et

1919 4745 1977 4802 in
2011 4746 2251 4803 basilica
2282 4746 2467 4802 sancti
2501 4745 2647 4800 Galli
2677 4744 2979 4815 sepelitur.
3018 4742 3436 4800 Karlomannus
3457 4756 3565 4798 rex

1920 4834 2190 4905 moritur,
2217 4834 2397 4890 frater
2421 4832 2636 4890 Karoli.

1990 4926 2040 4978 5.
2077 4921 2287 4980 Karlus
2318 4921 2621 4978 Saxoniam
2654 4919 2844 4992 petiit.

1989 5016 2041 5069 6.
2076 5012 2319 5068 Italiam.

1989 5106 2040 5157 7.
2075 5102 2333 5175 Corpora
2364 5103 2694 5161 sanctorum
2729 5096 3000 5158 Gordiani
3045 5105 3103 5157 et
3144 5094 3441 5173 Epimachi
3491 5097 3567 5157 de

1919 5191 2098 5251 Roma
2130 5191 2187 5248 in
2219 5190 2614 5251 Alamanniam
2641 5190 2930 5248 translata
2964 5194 3121 5247 sunt.
3156 5186 3404 5246 Karolus
3423 5187 3568 5245 Lon-

222 5376 268 5414 “
294 5377 415 5439 Xll°
440 5378 511 5438 in
531 5390 727 5451 marg.
763 5373 903 5437 add.
934 5390 983 5437 ο.
1021 5375 1068 5411 ⁸⁷
1112 5376 1249 5438 XVI.
1305 5389 1452 5439 corr.
1505 5288 1805 5441 ιε

2274 5392 2322 5439 ο.
2378 5378 2427 5415 ⁸⁸
2454 5377 2870 5438 DCCLXXVIII.
2929 5390 3078 5438 om.
3112 5375 3511 5434 DCCLXVIIII.
3538 5387 3571 5434 ο

225 5578 397 5657 (185’)
443 5576 725 5653 Eamque
752 5605 822 5622 -
867 5572 1153 5637 liberavit
1191 5574 1249 5634 in
1277 5575 1627 5637 Herimanno
1676 5477 2253 5655 Sagégfleguntur.
