3950 6304
439 299 556 362 483
1599 295 1996 360 EKKEHAR

2224 296 2685 361 {AUGIENSIS
3693 307 3784 371 484

439 433 735 505 gobardos
765 446 894 488 cum
930 431 1096 486 Italia
1124 427 1393 501 subjecit,
1417 430 1624 486 etcum
1653 430 1950 502 triumpho
1982 431 2089 485 Ro-
2119 433 2170 489 Α
2273 431 2606 488 Gotefridus
2653 430 3150 490 Nordmannorum
3200 448 3303 488 rex
3359 437 3594 507 superbe
3648 441 3789 498 Karlu

445 537 591 579 mam
624 522 803 578 venit.
1041 541 1046 544 ε
2201 518 2472 576 minatur.

511 615 562 667 8.
598 608 845 666 Karolus
876 607 1174 664 Saxoniam
1209 606 1398 678 petiit.
1606 681 1612 688 ο
2269 609 2337 661 42
2369 607 2575 664 Karlus
2607 609 2889 678 synodum
2925 623 3188 680 magnam
3213 609 3259 644 ’⁵
3288 619 3610 682 congregat.

511 701 566 756 9.
597 699 660 754 ΙΙ]
689 696 852 754 Italia
885 695 1223 766 Routgisum
1253 694 1487 750 occidit.
2270 699 2355 752 43.
2407 696 2672 768 Eclypsis
2723 697 2865 754 solis
2914 699 3064 754 facta
3115 703 3206 755 est
3257 705 3290 755 7
3338 699 3469 756 Idus
3511 704 3629 760 Jun.
3677 704 3784 762 hora

512 791 582 843 10
607 787 824 843 Iterum
855 784 900 820 ³ο
930 784 987 839 in
1021 783 1326 840 Saxoniam
1359 783 1569 855 pergit.
2199 785 2363 854 quasi
2396 786 2670 842 secunda.
2711 785 2859 842 ltem
2899 788 3102 843 eodem
3151 803 3300 845 anno
3347 788 3578 861 eclipsis
3619 796 3650 848 2
3689 793 3782 849 Kal.

509 881 568 932 11
609 873 936 946 Hispaniam
968 871 1142 944 cepit.
2195 873 2328 929 Dec.
2402 873 2542 931 hora
2612 875 2774 946 quasi
2843 880 2895 932 3.
2949 877 3232 948 Pippinus
3279 893 3400 949 rex,
3453 877 3597 936 ﬁlius
3641 881 3783 948 Karli,

510 969 580 1021 12
606 965 820 1020 Iterum
851 960 1155 1017 Saxoniam
1185 959 1384 1032 sepius
1416 958 1797 1016 rebellantem
1841 959 2080 1016 invadit.
2196 960 2364 1017 obiit.
3023 981 3031 988 -

440 1055 640 1110 Fames
668 1056 728 1108 et
755 1049 1084 1108 mortalitas
1113 1049 1410 1104 Franciam
1441 1052 1653 1105 vastat.
2266 1051 2350 1105 44.
2387 1050 2636 1107 Karolus
2667 1051 2978 1108 thesauros
3008 1053 3065 1108 in
3091 1053 3388 1126 episc0pia
3428 1059 3486 1112 et
3533 1055 3786 1114 aecclesias

510 1147 596 1200 13.
629 1139 877 1197 Karolus
907 1138 1140 1195 tandem
1165 1136 1506 1193 Saxonieum
1522 1135 1838 1206 bellum,ut
1863 1135 2085 1208 l“puta-
2194 1137 2422 1195 dividit.
2455 1139 2702 1198 Karolus
2733 1140 2886 1198 filius
2915 1141 3129 1211 Karoli,
3163 1142 3328 1198 obiit.

438 1234 630 1301 batur,
665 1227 948 1298 subjectis
980 1225 1325 1295 Saxonibus,
1359 1226 1742 1282 consummat.
2260 1225 2330 1283 45
2360 1227 2728 1284 Bernhardus
2759 1243 2863 1285 rex
2885 1245 2916 1285 a
2947 1230 3156 1287 Karolo
3187 1231 3436 1288 efficitur
3461 1231 3504 1266 ⁸³
3525 1275 3538 1288 .
3586 1231 3788 1290 Karolus

508 1324 594 1377 14.
629 1317 888 1390 ζΚειοοιιιε
928 1315 1138 1372 iterum
1179 1315 1414 1370 Romam
1457 1313 1636 1383 venit,
1683 1317 1742 1368 et
1774 1311 1926 1369 illius
1955 1312 2082 1382 ejus
2194 1314 2354 1372 febre
2383 1321 2444 1372 et
2467 1315 2718 1388 pleuresi
2745 1317 3010 1389 pulsatus
3030 1319 3198 1391 obiit,
3224 1319 3427 1377 indict.
3452 1327 3484 1377 7
3505 1325 3534 1376 5
3555 1319 3662 1377 Kal.
3681 1321 3784 1378 Feb.

437 1407 734 1482 Pyppinus
766 1404 1102 1476 baptizatur
1134 1403 1206 1458 ab
1237 1401 1491 1457 Adriano
1525 1415 1692 1472 papa.
2193 1418 2341 1461 anno
2371 1405 2564 1462 astatis
2591 1409 2678 1463 71.

506 1502 594 1554 16.
627 1497 690 1552 In
722 1493 968 1552 Saxonis
1001 1495 1348 1549 conventum
1389 1489 1610 1546 habuit.

504 1591 591 1643 17.
627 1583 905 1653 Hiltigert
927 1579 1144 1651 regina,
1171 1592 1319 1636 uxor
1339 1576 1550 1647 Karoli,
1577 1575 1768 1633 obiit2
1786 1575 1908 1632 Kal.
1931 1576 2064 1647 Maii

2237 1554 2464 1653 “Annus
2513 1555 2736 1653 Domini
2785 1559 2908 1614 815.
2959 1557 3330 1629 Ludewicus,
3380 1557 3568 1614 Karoli
3633 1559 3785 1630 magni

433 1681 492 1732 et
511 1640 736 1731 Ilerhta
767 1640 934 1728 obiit.
992 1640 1024 1651 ν
1130 1640 1142 1651 ’
1536 1640 1546 1647 ’
2063 1640 2076 1648 ’
2194 1640 2370 1702 ﬁlius.
2400 1655 2532 1698 ann.
2565 1647 2635 1698 26
2663 1643 2726 1699 ⁵⁸.

507 1769 572 1820 17
603 1759 846 1818 Karolus
879 1759 1135 1815 Saxones
1161 1753 1417 1812 rebelles
1446 1753 1617 1826 plaga
1637 1766 1840 1824 magna
1863 1753 2079 1811 occidit
2111 1783 2164 1843 Β
2199 1836 2210 1843 _
2266 1751 2314 1803 3.
2353 1748 2461 1843 Leo
2493 1763 2638 1843 papa
2667 1750 2834 1806 obiit.
2869 1751 3212 1810 Ludewicus
3267 1767 3297 1808 a
3352 1753 3628 1825 Stephano
3670 1766 3785 1825 papa

435 1857 492 1910 et
523 1849 878 1909 christianos
909 1846 1063 1902 fecit.
2111 1836 2158 1843 ’⁷
2196 1836 2513 1908 imperator
2546 1839 2735 1896 factus
2765 1844 2878 1897 est.

505 1945 573 1996 19
621 1935 884 2007 Eclypsis
930 1932 1075 1990 solis
1124 1932 1274 1988 facta
1321 1937 1409 1988 est
1460 1933 1528 1987 16
1579 1928 1702 1986 Kal.
1757 1930 1884 1987 Oct.
1937 1929 2080 1986 hora
2267 1929 2316 1983 4.
2352 1927 2648 1984 Pascualis
2681 1942 2826 2000 papa
2855 1929 3123 1986 efﬁcitur.

435 2025 598 2100 quasi
625 2029 678 2080 2.
712 2022 960 2080 Karolus
991 2021 1203 2077 iterum
1235 2020 1471 2075 Romam
1505 2019 1718 2091 pergit,
1767 2022 1826 2075 et
1876 2031 2081 2076 cruces
2267 2020 2315 2071 6.
2349 2017 2721 2074 Bernhardus
2753 2033 2858 2074 rex
2888 2017 3196 2074 Ludewico
3229 2016 3494 2074 rebellat.

434 2113 492 2170 in
519 2107 788 2170 vestibus
819 2109 1236 2180 apparuerunt.
2265 2110 2298 2162 6
2352 2105 2720 2164 Bernhardus
2760 2121 2865 2163 rex
2911 2107 3155 2163 interiit.
3218 2107 3539 2163 Luitwidus
3559 2103 3781 2162 rebellat.

503 2205 592 2257 20.
628 2198 834 2255 Karlus
863 2211 968 2268 per
999 2193 1393 2269 Alamanniam
1425 2192 1495 2248 ad
1531 2193 1672 2249 lines
1695 2191 1973 2262 Bajoarize
1994 2207 2082 2248 rc-
2263 2199 2316 2250 7.
2350 2195 2660 2251 Exercitus
2693 2200 2895 2252 contra
2927 2195 3281 2252 Luitwidum
3313 2199 3694 2264 congregatur.

433 2286 710 2347 bellantis
740 2301 871 2343 cum
898 2283 1164 2340 exerCitu
1191 2281 1370 2338 venit.
2264 2288 2348 2341 10.
2386 2285 2492 2340 Nix
2523 2297 2726 2354 magna
2767 2299 2798 2339 a
2849 2283 2969 2339 Kal.
3025 2284 3153 2354 Oct,
3208 2297 3394 2354 usque
3435 2287 3468 2338 2
3511 2283 3636 2339 Idus
3677 2285 3784 2352 Apr.

505 2381 568 2434 21
625 2373 848 2432 Tassilo
897 2372 1015 2429 dux
1064 2370 1360 2440 Bajoariae,
1409 2370 1650 2439 juhente
1719 2367 1949 2439 Karolo,
2025 2368 2080 2424 in
2192 2373 2532 2446 permansit.

435 2465 737 2522 Franciam
767 2461 946 2532 venit,
981 2463 1040 2514 et
1075 2457 1338 2528 Bajoaria
1367 2457 1582 2513 Karolo
1614 2457 1942 2528 subjicitur.
2262 2466 2346 2518 14.
2385 2462 2601 2518 Wetthi
2631 2460 2940 2532 Augiensis
2978 2461 3298 2518 monachus
3347 2460 3400 2516 in
3447 2458 3646 2531 spiritu
3691 2471 3789 2528 ωερε

500 2557 590 2610 22.
653 2549 920 2634 Karolus
954 2547 1190 2605 Sclavos
1239 2547 1335 2617 qui
1384 2545 1551 2602 Wilci
1602 2546 1878 2603 dicuntur
1929 2544 2079 2602 bello
2191 2555 2287 2607 tus
2317 2548 2717 2606 admirabilem
2751 2549 2895 2604 vidit
2925 2547 3227 2605 visionem.

432 2640 603 2714 petit.
2261 2644 2344 2696 16.
2381 2637 2682 2695 Pascualis
2713 2653 2858 2710 papa
2889 2637 3058 2694 obiit.

497 2733 584 2785 23.
615 2731 667 2784 4.
701 2727 843 2784 Non.
878 2725 1046 2781 Febr.
1081 2731 1322 2780 sanctus
1349 2721 1718 2778 Burchardus
1750 2720 1896 2777 obiit
1927 2737 2076 2780 anno
2262 2734 2348 2784 17.
2395 2730 2650 2799 Corpora
2695 2732 3029 2783 sanctorum
3075 2724 3340 2783 Valentis
3386 2729 3444 2783 et
3493 2723 3692 2782 Senesii
3739 2723 3782 2778 in

427 2817 670 2875 Domini.
704 2819 830 2873 791.
866 2815 1028 2872 Hunc
1059 2826 1269 2869 annum
1301 2811 1428 2867 sine
1461 2809 1613 2868 bello
1640 2809 1888 2868 Karolus
1918 2813 2076 2868 Wor—
2103 2841 2112 2848 -
2190 2817 2430 2886 Augiam
2462 2814 2710 2871 insulam
2752 2814 3115 2872 deferuntur.

426 2905 608 2963 macie
639 2903 811 2962 sedit.
2261 2909 2344 2960 18.
2381 2910 2416 2961 2
2436 2904 2572 2961 ldus
2600 2905 2738 2960 Nov.
2775 2904 3102 2973 Wolfgerus
3129 2903 3448 2977 episcopus
3477 2901 3612 2960 obiit
3634 2899 3786 2969 ;sedit

490 2996 578 3050 24.
634 2990 844 3050 Karlus
889 2988 1264 3058 Pannoniam,
1316 3001 1558 3058 regnum
1611 2988 1928 3057 Hunorum,
1982 3002 2079 3045 va-
2189 3008 2318 3050 ann.
2352 2997 2440 3062 22,
2476 3006 2702 3050 menses
2731 2994 2782 3059 6,
2815 2992 2943 3048 dies
2976 2997 3058 3048 11.

426 3085 564 3140 stat.
2110 3133 2154 3152 η
2259 3085 2344 3140 19.
2381 3081 2728 3139 Ludewicus
2757 3095 3024 3152 magnum
3056 3086 3408 3139 conventum
3437 3081 3492 3137 in
3530 3079 3789 3138 Novioma-

616 3173 650 3228 6
688 3167 812 3226 Kal.
867 3167 1070 3224 Octob.
1126 3164 1538 3236 Megingaudus
1577 3165 1890 3237 episc0pus
1929 3165 2077 3222 obiit
2108 3133 2156 3194 Ο
2186 3133 2572 3242 ςοῖἶὴξῦῐιῖῐ.

429 3273 578 3316 anno
610 3255 834 3315 Domini
865 3259 1008 3323 794;
1049 3253 1199 3311 sedit
1245 3267 1372 3309 ann.
1423 3259 1476 3324 2,
1529 3266 1757 3309 menses
1808 3257 1892 3325 10,
1947 3253 2075 3311 dies
2257 3261 2344 3315 24.
2379 3260 2552 3315 Hatto
2583 3257 2924 3315 Basiliensis
2956 3258 3278 3330 episcopus
3311 3257 3472 3314 obiit.

423 3350 513 3404 25.
2255 3352 2343 3405 26.
2379 3346 2605 3404 Poutho
2637 3346 2917 3404 diaconus
2946 3345 3147 3418 palatii
3177 3347 3235 3402 in
3257 3346 3600 3417 judaismum
3621 3341 3788 3414 lapsus

491 3433 581 3490 26.
616 3435 872 3490 Saxones
902 3429 1072 3488 fidem
1123 3428 1336 3487 Christi
1387 3429 1812 3499 relinquentes,
1863 3434 2074 3488 iterum
2185 3439 2278 3493 est
2305 3435 2372 3492 ⁸⁸.
2414 3435 2678 3508 Eclypsis
2726 3435 2869 3492 solis
2921 3435 3070 3492 facta
3122 3440 3213 3492 est
3255 3439 3288 3491 3
3337 3435 3474 3491 Non.
3525 3432 3623 3488 Mai
3671 3429 3788 3484 hora
3886 3489 3887 3496 η

424 3520 736 3580 rebellant.
2083 3573 2091 3580 .
2185 3531 2322 3580 ante
2369 3537 2598 3580 nonam.
2652 3522 2723 3580 Et
2780 3522 3128 3580 Ludewicus
3196 3523 3514 3596 imperator
3555 3519 3686 3577 obiit
3735 3517 3789 3572 12

497 3613 568 3668 27
600 3608 882 3666 Fastrada
913 3607 1114 3678 regina
1143 3607 1311 3664 obiit.
1350 3604 1598 3663 Karolus
1627 3605 1910 3678 synodum
1961 3621 2078 3664 ma-
2185 3612 2308 3671 Kal.
2339 3611 2451 3670 Jul.

427 3713 600 3770 gnam
633 3701 972 3768 congregat.

495 3789 583 3843 28.
634 3757 886 3843 Karolus
929 3786 1184 3843 Saxones
1228 3783 1396 3857 petit,
1449 3788 1507 3841 et
1557 3783 1798 3842 terciam
1849 3788 2074 3856 partem
2259 3769 2458 3857 Αηξιιιε
2485 3760 3594 3857 901mm3_‘“-_Ll1§9“'i9118;Elideﬁvici
3637 3757 3784 3857 ﬁlii}?

426 3875 687 3934 virorum
717 3873 954 3932 obsides
984 3847 1244 3946 accepit:
1381 3847 1393 3856 ’
1850 3847 1865 3856 ’
2186 3869 2318 3913 cum
2351 3854 2631 3911 fratribus
2661 3853 2954 3922 Lothario,
2990 3851 3201 3910 Karolo
3227 3855 3290 3908 et
3307 3851 3550 3925 Pippino
3576 3861 3691 3907 ann.
3714 3847 3784 3902 36.

495 3969 582 4022 30.
616 3963 768 4022 Huni
799 3977 1038 4021 munera
1067 3961 1404 4032 offerentes,
1437 3961 1610 4018 Karlo
1653 3960 2070 4032 subjiciuntur.
2257 3967 2307 4019 1.
2340 3967 2374 4018 7
2403 3961 2480 4018 id.
2516 3963 2653 4018 Mar.
2689 3961 3046 4018 Humbertus
3073 3958 3396 4032 episcOpus
3441 3957 3617 4023 obiit;
3658 3949 3788 4009 sedit

494 4055 580 4108 31.
615 4049 922 4123 Geroldus,
949 4049 1250 4122 piissimus
1275 4049 1517 4120 signifer
1545 4047 1760 4121 Karoli,
1799 4049 1856 4106 in
1881 4063 2071 4123 pugna
2185 4066 2277 4109 an.
2311 4054 2398 4107 10.
2429 4064 2662 4108 menses
2692 4053 2745 4120 3,
2780 4049 2907 4106 dies
2935 4052 2986 4106 8.
3022 4047 3245 4106 Bellum
3295 4049 3450 4107 inter
3499 4047 3690 4103 fratres
3730 4039 3787 4096 de

423 4138 736 4198 occiditur.
2187 4139 2500 4212 partitione
2531 4138 2696 4210 regni
2723 4137 3058 4195 excanduit.

491 4231 582 4283 32.
611 4231 644 4284 6
673 4226 778 4284 Kal
810 4226 936 4285 Oct.
969 4225 1331 4284 Bernwelfus
1362 4227 1678 4300 episcopus
1699 4225 1884 4294 obiit;
1917 4227 2070 4284 sedit
2251 4231 2304 4285 8.
2339 4227 2688 4284 Ludewicus
2722 4225 3105 4286 Germaniam.
3136 4223 3448 4282 Lotharius
3474 4237 3598 4282 cum
3642 4219 3787 4290 impe-

419 4329 553 4374 ann.
587 4319 638 4372 6.
673 4317 914 4373 Romani
941 4330 1149 4389 papam
1181 4316 1238 4372 in
1266 4315 1483 4374 letania
1515 4314 1732 4386 majore
1785 4320 2068 4374 excecant
2183 4315 2396 4376 ratoris
2433 4315 2670 4374 nomine
2716 4314 2963 4386 Italiam,
3016 4314 3264 4370 Karolus
3313 4312 3545 4382 Gallias,
3583 4318 3784 4379 regnum

417 4409 479 4463 et
508 4403 764 4476 linguam
795 4405 922 4478 ejus
950 4410 1273 4478 amputant.
2181 4404 2530 4476 dividentes,
2566 4403 2880 4476 accipiunt.
2912 4401 3113 4460 Iudith
3149 4401 3512 4475 imperatrix,
3543 4411 3677 4457 uxor
3704 4394 3785 4449 Lu-

488 4497 556 4551 33
577 4493 890 4564 Luitgarda
922 4494 1122 4564 regina
1152 4494 1298 4552 obiit
1328 4497 1363 4550 2
1391 4495 1530 4550 Non.
1563 4495 1694 4552 Jun.
2095 4494 2149 4556 D
2179 4493 2388 4553 dewici
2421 4491 2653 4566 prioris,
2678 4491 2844 4550 obiit.

484 4587 572 4642 34.
619 4582 868 4642 Karolus
918 4583 1204 4657 imperiali
1258 4582 1668 4640 benedictione
1713 4581 2065 4640 sublimatus
2251 4585 2336 4640 14.
2375 4584 2444 4640 12
2471 4580 2594 4639 Kal.
2626 4579 3108 4639 Oct.Gozbaldus
3127 4579 3442 4654 episcOpus
3462 4569 3785 4645 obiit;sedit

415 4676 706 4746 angustus
733 4676 795 4731 et
823 4686 1010 4732 caesar
1038 4672 1296 4730 Romano
1323 4685 1486 4729 more
1517 4669 1865 4744 appellatur.
2180 4686 2311 4731 ann.
2351 4674 2437 4743 13,
2472 4685 2545 4728 m.
2579 4673 2666 4742 10,
2701 4669 2756 4727 d.
2789 4674 2840 4729 8.

485 4766 570 4820 36.
604 4765 636 4819 3
661 4759 786 4820 Kal.
817 4761 956 4819 Mar.
991 4759 1313 4818 Ludericus
1341 4759 1656 4833 episcopus
1688 4759 1833 4817 obiit
1867 4776 1883 4828 ;
1912 4757 2063 4818 sedit
2251 4765 2336 4818 16.
2372 4757 2655 4816 Ecclesia
2686 4757 2871 4816 sancti
2901 4756 3124 4830 Kyliani
3153 4757 3212 4814 in
3261 4757 3589 4826 Wirciburg
3617 4747 3777 4810 fulmi-

415 4864 548 4910 ann.
584 4855 637 4923 3,
671 4865 904 4910 menses
935 4854 986 4907 6.
1021 4849 1189 4907 Greci
1220 4862 1420 4922 pacem
1449 4863 1582 4907 cum
1612 4847 1787 4906 Karlo
1809 4849 2061 4906 ﬁrmant.
2178 4850 2350 4910 nibus
2376 4852 2586 4906 exusta
2635 4851 2764 4916 est;
2795 4852 2857 4904 et
2897 4847 3207 4906 Lotharius
3259 4862 3368 4904 rex
3416 4852 3694 4904 tonsuram
3734 4839 3784 4923 et

485 4943 574 4998 36.
599 4920 978 4998 Terremotus
1005 4942 1096 4996 est
1125 4941 1187 4996 et
1214 4920 1546 4996 mortalitas
1575 4938 1910 4996 subsecuta.
2177 4933 2576 4994 monachicum
2606 4932 2868 4991 habitum
2892 4933 3154 5006 suscepit
3185 4934 3525 4998 moriturus;
3567 4929 3659 5002 (H.
3707 4920 3784 4992 ις’.)

486 5031 574 5102 39.
599 5027 848 5086 Karolus
879 5028 1168 5086 Saxonum
1199 5024 1610 5084 rebellantium
1629 5023 2062 5084 multitudinem
2179 5027 2405 5098 Corpus
2433 5021 2624 5080 sancti
2654 5021 2882 5079 Martini
2913 5021 2983 5079 de
3009 5021 3238 5080 tumulo
3265 5021 3513 5081 levatur.

413 5115 471 5174 in
501 5115 800 5174 Franciam
831 5115 1140 5176 transfert.
2247 5117 2316 5171 17
2343 5111 2456 5170 Leo
2487 5124 2656 5184 papa,
2691 5113 2936 5182 Trougo,
2966 5111 3259 5183 Rabanus,
3292 5109 3635 5169 Benedictus
3659 5112 3777 5178 papa

481 5203 573 5260 40.
626 5200 894 5278 Eclypsis
940 5203 1084 5264 solis
1135 5206 1288 5264 facta
1338 5207 1430 5262 est
1464 5209 1498 5262 3
1543 5201 1680 5262 Idus
1727 5203 1860 5260 Feb.
1922 5203 2062 5262 hora
2177 5205 2238 5262 et
2265 5199 2558 5272 Hiltegart
2583 5199 2785 5272 regina
2810 5199 3101 5258 obierunt.

415 5290 586 5364 ειυιιειί
615 5294 667 5348 6ο
741 5276 786 5278 Ἴ
2247 5292 2337 5360 20.
2371 5289 2680 5348 Lotharius
2707 5289 3027 5363 imperator
3055 5289 3217 5347 obiit.
3251 5289 3366 5349 Pro
3398 5302 3512 5362 quo
3562 5276 3786 5342 Ludewi-

1759 5417 2001 5475 VARIE
2059 5414 2466 5476 LECTIONES'

404 5596 456 5641 μ
481 5525 530 5564 ιο
563 5525 645 5585 ite
671 5541 720 5588 ο.
749 5527 812 5586 at
833 5530 1218 5662 “ﬁmum
1242 5533 1442 5598 anna.
1496 5532 1660 5605 quod
1700 5531 1851 5594 certe
1893 5545 1950 5591 α.
2001 5535 2072 5590 26
2098 5530 2241 5591 item
2276 5531 2396 5605 logi
2423 5529 2658 5606 nequit.
2695 5529 2874 5590 “inc.
2903 5528 2964 5603 ,⁸³
2980 5542 3184 5604 magna
3197 5542 3244 5590 ο.
3264 5527 3506 5591 "XLVI.
3518 5530 3785 5587 armc-

480 5595 699 5661 XXVII.
735 5611 854 5661 car.
983 5600 1074 5662 VI.
1107 5615 1157 5662 ο.
1191 5600 1236 5638 ⁸⁸
1266 5601 1439 5662 novlo
1469 5615 1680 5662 magno
1705 5617 1755 5662 ο.
1789 5601 1840 5640 ⁸⁸
1860 5600 2074 5662 XXVII.
2108 5611 2349 5662 cram
2375 5615 2424 5662 σ.

480 5595 699 5661 XXVII.
735 5611 854 5661 car.
887 5595 1074 5662 XXVI.
1107 5615 1157 5664 ο.
1191 5600 1236 5638 ⁸⁸
1266 5595 1440 5665 novlo
1469 5595 1680 5677 magno
1705 5617 1755 5664 ο.
1789 5601 1840 5640 ⁸⁸
1860 5600 2040 5666 XXVI]

887 5595 1074 5662 XXVI.
1107 5615 1157 5664 ο.
1191 5600 1236 5638 ⁵⁸
1266 5595 1440 5665 novlo
1469 5595 1680 5677 magno
1705 5617 1755 5664 ο.
1789 5601 1840 5640 ⁸⁸
1860 5600 2074 5666 XXVII.
2108 5595 2350 5666 arm
2375 5615 2423 5663 σ.
