3950 6368
154 332 257 403 485
925 324 1362 395 CHRONIGA.
1400 366 1469 374 —
1504 322 1982 390 CHRONICON
2023 320 2773 387 WIRZIBURGENSIS.
3432 320 3550 384 486

157 488 270 545 eus,
316 471 473 529 illius
524 486 675 544 ejus,
729 468 1035 542 imperavit
1087 480 1218 525 cum
1281 465 1460 521 fratre
1513 460 1788 519 Lothario
1819 458 1873 517 A
1975 481 2025 534 9_
2066 475 2344 534 Αινηοιῑυε
2375 489 2476 532 rex
2510 475 2748 532 Romam
2780 473 3036 544 veniens,
3073 474 3392 546 imperator
3437 476 3553 531 om-

159 577 302 634 rege.
1906 567 2078 625 citur.

219 655 294 709 22.
332 649 702 720 Meginradus
754 647 1036 705 heremita
1090 644 1511 702 martirizatur.

1994 662 2060 712 l1.
2094 657 2292 726 Magna
2329 656 2509 711 fames
2542 652 2804 710 homines
2838 666 2896 708 se
2948 650 3193 707 invicem
3247 650 3554 708 comedere

223 744 303 798 24.
337 740 484 796 Huni
518 737 974 795 Christianitatis
997 749 1203 792 nomen
1226 734 1446 804 agressi
1482 739 1617 792 sunt
1911 745 2222 819 persuasu,
2652 808 2660 823 .

225 833 305 885 27.
335 827 590 899 Nycolao
621 840 770 899 pape
799 826 1089 882 Adrianus
1130 824 1472 882 SUSCCGSSiL
1982 839 2065 890 12.
2101 832 2370 890 Arnolqu
2402 832 2722 903 imperator
2758 830 2924 887 obiit.
2954 829 3165 887 Gentes
3188 828 3555 899 Pannonium,

227 920 308 973 28.
338 918 714 973 Terremotus
743 915 891 970 facta
920 918 1029 983 est,
1065 918 1122 969 et
1156 917 1380 970 cometa
1413 912 1538 969 visa
1571 916 1682 969 est.

1914 938 2058 995 quas
2090 922 2372 992 Ungarios
2405 920 2674 989 dicimus,
2713 918 2936 975 Italiam
2968 917 3420 990 depopulantur.

226 1010 309 1063 29.
341 1004 653 1062 Lotharius
684 1017 808 1071 rex,
842 1003 1023 1059 frater
1062 1002 1355 1059 Ludewici
1402 1001 1804 1073 imperatoris,
1986 1015 2186 1069 Annus
2214 1009 2438 1066 Domini
2465 1012 2587 1065 900.
2621 1006 2979 1077 Ludewicus,
3018 1006 3234 1065 Arnolfl
3258 1005 3435 1077 illius,
3466 1006 3565 1063 ad-

166 1094 298 1153 obiit
352 1097 409 1149 et
439 1092 688 1151 Karolus
720 1091 1033 1149 Galliarum
1068 1106 1171 1147 rex
1204 1106 1445 1162 regnum
1477 1090 1711 1147 invasit.
1916 1102 2145 1159 modum
2176 1114 2319 1172 puer
2348 1114 2477 1155 ann.
2520 1101 2598 1154 12.

229 1188 310 1240 30.
345 1182 689 1240 Ludewicus
716 1182 1037 1254 imperator
1069 1180 1138 1237 de
1176 1181 1390 1238 solario
1420 1180 1655 1237 cecidit.
1987 1195 2035 1249 ι,
2070 1188 2304 1260 Ungarii
2340 1187 2660 1258 Bajoariam
2694 1184 3124 1255 ingrediuntur,
3159 1187 3217 1242 et
3239 1184 3375 1257 plus
3405 1184 3567 1243 mille

230 1276 310 1328 31.
345 1270 690 1328 Ludewicus
716 1274 774 1327 et
822 1268 1070 1327 Karolus
1121 1283 1250 1325 cum
1302 1273 1469 1342 patre
1491 1269 1804 1341 pacifican-
1915 1296 1989 1336 ex
2015 1280 2099 1336 eis
2129 1277 2495 1334 occiduntur.
2854 1286 2857 1287 '

164 1365 276 1419 tur.
430 1378 435 1383 δ
1985 1372 2037 1425 2.
2070 1365 2305 1437 Ungarii
2340 1362 2783 1421 Carenthaniam
2812 1362 3115 1434 invadunt,
3149 1362 3288 1419 etin
3320 1362 3568 1420 sabbato

232 1453 314 1505 32.
374 1447 664 1506 Adrianus
711 1462 855 1520 papa
903 1446 1069 1504 obiit.
1117 1448 1494 1505 Wormatium
1548 1448 1805 1505 fulminis
1915 1456 2222 1515 commissa
2255 1467 2466 1526 pugna,
2501 1451 2868 1509 occiduntur.

168 1538 281 1594 ictu
309 1541 620 1594 crematur.
1989 1548 2040 1601 6.
2080 1542 2313 1613 Ungarii
2357 1540 2610 1597 amarius
2655 1541 3022 1598 occiduntur.
3060 1541 3369 1610 Berenger,
3403 1540 3572 1610 Regi-

232 1629 317 1682 35.
349 1624 694 1682 Ludewicus
720 1624 1038 1698 imperator
1077 1626 1243 1697 obiit,
1292 1630 1349 1683 et
1402 1626 1648 1685 Karolus
1699 1640 1803 1683 rex
1921 1632 2043 1692 uolt
2076 1636 2133 1689 et
2164 1630 2409 1687 Gerhart
2444 1629 2703 1699 germani
2742 1630 2955 1686 fratres
2982 1629 3350 1687 occiduntur.

166 1714 480 1772 Galliarum
510 1716 745 1771 Romam
778 1714 1063 1788 pervenit.
1991 1728 2042 1780 7.
2088 1722 2284 1790 Pugna
2332 1718 2484 1774 inter
2546 1716 2949 1789 Adalbertum,
3000 1719 3208 1775 fratem
3256 1732 3478 1787 eorum,
3514 1721 3574 1773 et

236 1807 323 1860 36.
360 1803 699 1861 Ludewicus
727 1819 831 1861 rex
862 1805 1179 1863 Germanize
1211 1806 1380 1878 obiit,
1417 1811 1448 1862 ὕ
1480 1806 1602 1865 Kal.
1648 1808 1805 1880 Sept.
1840 1808 1895 1869 B
1926 1808 2311 1878 Cuonradum,
2338 1807 2573 1862 fratrem
2597 1805 2887 1863 Ludewici
2912 1805 3577 1878 imperatoris,eommit-

169 1893 385 1949 Bellum
418 1892 475 1948 in
504 1892 781 1950 Ribuaria
812 1892 963 1949 inter
1004 1894 1374 1952 Ludewicum
1425 1900 1486 1953 et
1537 1895 1810 1956 Karolum
1925 1899 2101 1965 titur;
2136 1897 2192 1953 in
2226 1910 2337 1967 qua
2360 1894 2658 1952 Conradus
2689 1894 2998 1951 occiditur.

167 1980 573 2039 committitur.
1996 1992 2046 2045 8.
2084 1990 2114 2042 3
2146 1987 2287 2042 Non.
2322 1986 2464 2054 Aug.
2515 1982 2843 2040 Ruodolfus
2895 1983 3211 2055 episcopus
3260 1981 3579 2039 Wircibur-

236 2072 436 2125 Annus
467 2069 685 2125 Domini
716 2072 839 2127 877.
870 2071 1139 2144 Karolus,
1187 2072 1382 2144 junior
1432 2074 1587 2131 illius
1639 2073 1821 2132 Lude-
1925 2076 2123 2147 gensis
2154 2073 2331 2140 obiit;
2362 2071 2535 2129 sedit.
2575 2086 2705 2128 ann.
2746 2074 2832 2141 ΓΙ,
2867 2086 2940 2128 m.
2979 2074 3063 2142 12,
3100 2070 3152 2127 d.
3196 2074 3247 2127 2.
3303 2069 3583 2127 Adalber-

170 2157 323 2228 wici,
341 2171 474 2214 cum
495 2157 776 2214 fratribus
799 2158 1146 2217 Karlmanno
1169 2164 1227 2217 et
1248 2162 1702 2220 Ludewicoann.
1724 2165 1816 2219 11-
1929 2167 2026 2221 tus
2048 2161 2287 2235 perfidia
2315 2160 2580 2217 Hattonis
2598 2159 3023 2230 archiepiscopi
3040 2157 3414 2229 etcujusdam
3429 2156 3586 2214 Luit-

237 2249 290 2301 2.
321 2243 572 2302 Karolns
600 2259 703 2302 rex
734 2246 1047 2304 Galliarum
1079 2247 1245 2305 obiit.
1932 2251 2086 2325 paldi
2122 2250 2422 2322 deceptus,
2456 2249 2771 2305 Ludewico
2799 2247 3064 2317 jubente,
3101 2244 3451 2304 decollatur.
3482 2247 3586 2301 Ba-

239 2338 291 2390 3.
326 2332 673 2390 Ludewicus
707 2333 939 2405 Balbus,
977 2335 1133 2393 illius
1167 2337 1381 2409 Karoli,
1418 2338 1586 2395 obiit.
1926 2340 2101 2413 joarii
2136 2340 2205 2396 ab
2235 2336 2505 2408 Ungariis
2533 2336 2982 2393 interficiuntur.

242 2426 293 2479 4.
321 2421 670 2479 Ludewicus
692 2422 924 2480 vivente
946 2424 1126 2482 fratre
1140 2440 1246 2483 suo
1260 2426 1608 2485 Karlmanno
1623 2426 1820 2498 Bajoa-
2005 2433 2056 2486 9.
2091 2427 2320 2498 Ungarii
2345 2426 2652 2483 Saxoniam
2675 2428 2731 2482 et
2780 2423 3113 2495 Turingiam
3141 2426 3395 2482 vastant.
3430 2422 3588 2480 Luit-

173 2512 319 2568 riam
347 2510 696 2581 ingreditur.
732 2512 1119 2570 Karlmannus
1152 2515 1318 2570 obiit.
1937 2517 2144 2592 paldus
2172 2514 2482 2573 occiditur.

248 2604 300 2657 5.
332 2598 582 2656 Karolus
604 2599 805 2670 junior
831 2616 958 2657 cum
993 2617 1174 2659 uxore
1206 2618 1310 2661 sua
1339 2603 1693 2676 Ribcgartha
1726 2605 1828 2661 im-
2009 2611 2096 2663 10.
2130 2604 2366 2675 Ungarii
2400 2602 2797 2659 Alamanniam
2831 2606 3058 2674 petunt.

181 2687 387 2761 periali
420 2688 828 2745 benedictione
859 2690 1228 2747 sublimatur.
2012 2700 2098 2751 11.
2132 2691 2354 2749 Bellum
2386 2693 2737 2747 Francorum
2771 2704 2901 2746 cum
2935 2689 3221 2759 Ungariis.

249 2777 303 2833 6.
327 2776 674 2834 Ludewicus
696 2790 802 2834 rex
830 2778 1202 2851 Francorum,
1232 2781 1412 2838 frater
1434 2780 1628 2839 Karoli
1654 2782 1831 2855 impe-
2013 2785 2097 2838 12.
2132 2778 2477 2838 Ludewicus
2508 2793 2611 2835 rex
2640 2777 2906 2835 moritur.
2942 2774 3313 2835 Burchardus
3344 2775 3464 2834 dux
3494 2792 3590 2833 oc-

180 2865 420 2935 ratoris,
455 2865 621 2921 obiit.
1941 2870 2180 2929 ciditur.

251 2960 341 3011 11.
374 2953 623 3011 Karolus
654 2955 972 3028 imperator
999 2955 1169 3014 vivus
1198 2955 1418 3015 dimisit
1447 2972 1708 3030 regnum.
2005 2961 2205 3015 Annus
2252 2955 2477 3012 Domini
2529 2957 2653 3011 912.
2709 2952 3067 3023 Counradus,
3126 2951 3283 3010 filius
3303 2951 3592 3009 Counradi

252 3047 459 3100 Annus
488 3043 709 3100 Domini
750 3046 871 3100 888.
926 3034 1218 3119 Arnolfus,
1271 3045 1428 3104 illius
1475 3046 1831 3118 Karlmanni,
1946 3047 2105 3104 illius
2132 3059 2302 3117 quem
2333 3042 2687 3100 Adalbertus
2727 3040 3230 3111 Babenbergensis
3270 3038 3591 3109 interfecit,

180 3147 318 3188 ann.
353 3134 440 3188 12.
638 3130 644 3139 ’
1867 3161 1917 3224 C
1947 3136 2004 3192 in
2032 3148 2271 3205 regnum
2303 3130 2571 3188 elevatus
2604 3129 2869 3200 regnavit
2902 3143 3030 3185 ann.

253 3226 305 3276 1.
342 3219 590 3277 Karolus
617 3221 814 3291 junior
842 3222 1159 3294 imperator
1187 3223 1353 3280 obiit.
1385 3222 1693 3297 Luitperto
1746 3240 1835 3282 ar-
1874 3214 1917 3224 “”
2020 3230 2069 3280 1.
2105 3221 2338 3292 Ungarii
2369 3220 2440 3276 ab
2491 3218 2825 3275 Alamannis
2880 3222 2939 3273 et
2994 3216 3272 3288 Bajoariis
3293 3216 3465 3287 juxta
3493 3214 3598 3272 ﬂu-
3680 3290 3691 3302 .

180 3309 565 3381 cbiepiscopo
596 3309 903 3367 Sunderolt
935 3311 1243 3369 successit.
1278 3316 1308 3367 3
1357 3312 1493 3371 ldus
1530 3312 1642 3369 Jul.
1698 3316 1832 3371 Arn.
1947 3312 2103 3370 vium
2131 3314 2230 3367 Ine
2260 3309 2631 3367 occiduntur.

184 3397 684 3466 Wirciburgensis
715 3398 1026 3471 episcopus
1067 3399 1122 3455 in
1167 3399 1415 3457 Saxonia
1466 3401 1697 3459 occisus
1748 3407 1840 3459 est
2018 3404 2071 3456 2.
2105 3400 2357 3455 Cometaa
2380 3393 3006 3453 videntur.Roudolfus
3034 3408 3139 3449 rex
3163 3393 3331 3449 obiit.
3360 3390 3597 3463 Ungarii

184 3486 348 3541 inter
397 3484 700 3542 missarum
750 3486 1082 3554 sollemnia;
1131 3487 1287 3544 sedit
1338 3502 1467 3545 ann.
1523 3492 1608 3545 36.
1658 3505 1730 3546 m.
1785 3496 1839 3562 7,
1951 3487 2343 3545 Alamanniam
2391 3482 2843 3557 depopulantur.
2898 3484 3071 3539 Hatto
3119 3480 3601 3554 archiepiscopus

186 3573 246 3629 d.
288 3577 374 3629 12.
1951 3576 2216 3633 moritur.
2255 3575 2354 3631 Cui
2389 3572 2632 3643 Heriger
2665 3570 2974 3629 successit.

266 3667 319 3718 3.
357 3662 633 3719 Arnolqu
662 3676 767 3719 rex
788 3665 1106 3722 exercitum
1142 3666 1643 3723 Nordmannorum
1684 3682 1846 3739 pror-
2023 3670 2074 3721 8.
2110 3663 2378 3720 Salomon
2405 3661 2719 3733 episcopus
2748 3662 2959 3731 captus
2989 3664 3099 3714 est.
3134 3657 3373 3728 Ungarii
3416 3660 3600 3713 totam

190 3766 299 3809 sus
328 3749 569 3807 delevit.
1955 3752 2345 3810 Alamanniam
2375 3750 2507 3820 igne
2537 3752 2595 3806 et
2618 3747 2814 3817 gladio
2846 3750 3103 3803 vastant.

268 3842 322 3895 ι.
355 3839 676 3911 Ratispona
709 3839 979 3898 incendio
1011 3842 1238 3913 ﬂagrat.
2023 3845 2074 3896 6.
2106 3841 2439 3909 Erchenger
2469 3838 2586 3893 dux
2617 3840 2674 3892 et
2709 3834 3049 3891 Berhtolfus
3079 3832 3341 3903 germani
3388 3832 3605 3889 fratres

266 3929 323 3984 6.
360 3927 682 3985 Snnderolf
706 3943 736 3985 a
769 3929 1157 3989 Nordmannis
1207 3931 1518 3989 occiditur.
1572 3933 1685 3988 Pro
1733 3946 1847 4004 quo
1957 3929 2326 3989 decollantur
2356 3930 2423 3983 12
2449 3924 2571 3982 Kal.
2609 3924 2773 3981 Febr.
2809 3922 3035 3981 Basilea
3067 3922 3139 3978 ab
3194 3920 3467 3992 Ungariis
3510 3918 3612 3976 de-

193 4038 403 4093 Batto.
1958 4018 2228 4076 struitur.

269 4130 328 4183 8.
375 4124 653 4182 Arnolqu
700 4124 924 4183 Italiam
975 4126 1483 4201 Burgundiamque
1522 4143 1629 4187 suo
1671 4143 1851 4199 regno
1960 4198 1983 4204 _
2112 4102 2347 4204 Ungarii
2379 4115 2481 4204 per
2519 4100 2951 4204 ‘Ala‘manniam,
3007 4098 3609 4204 Alsatiam,

195 4213 485 4285 subjecit.
1090 4189 1121 4200 ⁷
1388 4189 1404 4201 ’
1736 4189 1767 4199 ”
1960 4193 2221 4285 Lotharii
2262 4190 2575 4285 invadunt.
2613 4189 2986 4249 Burcbardus
3040 4189 3158 4246 dux
3214 4189 3605 4246 constituitur

1963 4281 2311 4361 Counradus‘
2332 4295 2438 4338 rex
2458 4279 2624 4337 obiit.

852 4375 1140 4434 Liutolfus
1170 4375 1289 4434 dux
1320 4377 1601 4435 Saxoniae.

199 4467 366 4524 Brun
399 4463 519 4523 dux
546 4479 577 4521 a
608 4463 783 4522 Danis
814 4465 1068 4522 occisus.
1291 4464 1469 4523 Ottho
1501 4465 1637 4524 dux.

928 4552 1383 4611 Heinricusrex.
2059 4621 2121 4628 Α
2166 4620 2203 4628 __
2303 4625 2310 4628 _
2569 4519 2744 4628 Bima}
2839 4616 2850 4628 .
3010 4613 3025 4628 .
3263 4612 3274 4623 .

201 4643 474 4701 einricus
505 4641 624 4699 dux
658 4641 953 4712 Bajoariaa.
1173 4642 1351 4698 Ottho
1384 4642 1724 4715 imperator.

2041 4620 2392 4680 Adalbertus
2417 4633 2587 4693 quem
2616 4616 2961 4676 Ludewicus
2993 4611 3322 4672 decollavit.

202 4731 525 4789 Heinricus
556 4730 676 4788 dux
706 4729 1005 4801 Bajoariaa.
1184 4730 1362 4787 Ottho
1394 4731 1733 4802 imperator.

202 4819 524 4878 Heinricus
552 4817 1054 4888 Babenbergensis
1181 4818 1358 4875 Ottho
1406 4818 1726 4891 imperator
1759 4820 1982 4893 absque
2015 4816 2170 4874 ﬁliis.

202 4908 334 4966 dux
383 4905 665 4978 Bajoarim
713 4909 923 4979 postea
965 4906 1068 4963 im-
1896 4909 1950 4969 D

202 5001 476 5070 perator.
531 4994 712 5067 Cujus
762 5008 908 5051 uxor
963 4995 1070 5052 Cu-

200 5085 422 5156 nigunt
451 5083 676 5158 absque
707 5080 847 5140 filiis
874 5082 1041 5140 obiit.

280 5288 486 5344 Annus
519 5279 750 5341 Domini
782 5282 905 5338 919.
941 5278 1169 5353 (H.-S.)
1195 5278 1504 5340 Heinricus
1533 5294 1732 5341 eomes
1765 5294 1870 5340 rex
2043 5298 2098 5352 7,
2131 5292 2233 5365 (Η,
2255 5293 2324 5351 δ’,
2354 5292 2376 5363 )
2402 5290 2650 5361 Sanguis
2693 5287 2915 5348 Domini
2963 5286 3020 5344 in
3075 5285 3317 5358 Augiam
3373 5286 3625 5346 insulam

199 5374 458 5434 eﬂ'ectus
490 5369 770 5445 regnavit
800 5383 939 5427 anu.
974 5374 1070 5429 17.
1975 5381 2154 5442 venit,

280 5491 333 5543 1.
368 5482 650 5541 Salomon
677 5476 997 5550 episcopus
1025 5475 1193 5534 obiit.
2045 5475 2099 5531 8.
2151 5467 2392 5541 Ungarii
2438 5470 2625 5524 totam
2676 5464 2996 5538 Franciam,
3047 5463 3288 5522 Galliam
3345 5463 3626 5524 Alsatiam

277 5579 330 5637 4.
364 5569 627 5632 Karolus
662 5578 771 5625 rex
802 5563 999 5623 Galliae
1020 5564 1077 5622 in
1108 5566 1408 5624 Franciam
1437 5566 1619 5627 venit.
1976 5566 2155 5637 atque
2181 5556 2578 5627 Alamanniam
2604 5553 2804 5630 gladio
2832 5558 2892 5615 et
2941 5556 3073 5628 igne
3122 5555 3452 5616 devastaut.
3489 5556 3632 5618 Bur-
