3950 6302
423 264 538 330 487

1587 254 2069 322 EKKEHARDI
2114 253 2669 322 URAUGIENSIS
3698 264 3798 328 488

422 400 675 458 chardus
742 401 858 456 dux
923 397 1232 454 occiditur.
1315 398 1660 453 I'Ierimanno
1730 395 2067 450 Alamannia
2099 397 2152 455 A
2254 397 2340 449 26.
2374 394 2552 451 Ottho
2585 409 2684 450 rex
2716 395 2953 450 Romam
2986 394 3243 464 veniens,
3297 394 3614 466 imperator
3652 399 3798 454 efllci-

421 489 826 546 committitur.

496 583 580 633 11.
614 578 854 646 Heriger
881 575 1361 646 archiepiscopus
1389 573 1556 629 obiit.
1595 575 1707 628 Pro
1751 588 1864 643 quo
1907 571 2073 626 Hilti-

427 667 649 722 bertus.

497 759 583 811 12.
619 753 925 809 Heinricus
959 766 1059 808 rex
1092 751 1377 808 Boemiam
1406 751 1572 822 petit.

496 847 581 899 13.
618 847 686 898 17
716 841 839 897 Kal.
873 842 1005 897 Dec.
1035 841 1236 896 Thieto
1257 837 2072 910 Wirciburgensisepiscopus

431 931 618 996 obiit;
649 929 806 986 sedit
837 942 965 984 ann.
996 932 1085 999 24,
1121 943 1194 984 m.
1229 933 1282 996 2,
1315 927 1369 984 d.
1405 931 1488 983 14.
1526 927 1831 983 IIcinricus
1879 940 2070 995 regem

427 1018 842 1074 Abodritarum
872 1023 932 1072 et
959 1018 1460 1073 Nordmannorum
1491 1015 1870 1071 christianum
1913 1013 2069 1068 fecit.

499 1110 584 1164 15.
621 1107 930 1163 Heinricus
948 1106 1233 1176 Ungarios
1267 1106 1323 1160 in
1355 1104 1584 1160 Suirbia
1615 1103 1926 1160 interfecit.

497 1199 581 1251 16.
619 1195 904 1266 Notingus
936 1193 1399 1251 Constantiensis
1427 1192 1738 1264 episcopus
1769 1191 1934 1247 obiit.
1962 1191 2072 1246 Pro

427 1299 543 1356 quo
573 1283 936 1340 Counradus.

496 1377 582 1429 17.
614 1371 658 1405 ⁸⁷
688 1371 996 1428 Ileinricus
1027 1385 1128 1426 rex
1161 1369 1324 1426 obiit.

498 1464 696 1517 Annus
727 1460 952 1516 Domini
987 1463 1109 1516 937.
1145 1459 1284 1516 Otto
1315 1459 1570 1529 Magnus,
1603 1456 1851 1512 Heinrici
1893 1454 2069 1526 illius,

426 1564 678 1605 ann.38.

502 1564 557 1605 η.
665 1590 678 1603 .

498 1643 548 1693 1.
591 1549 837 1707 3Uangarii
887 1637 1207 1706 Franciam,
1259 1635 1674 1705 Alamanniam,
1702 1633 1940 1690 Galliam
1983 1649 2073 1690 us-

2186 485 2299 538 tur.
2334 483 2567 551 Signum
2600 483 2655 537 in
2688 482 2831 539 sole.

2253 573 2340 626 27.
2386 570 2565 626 Ottho
2616 571 2933 642 imperator
2977 571 3172 627 natale
3213 571 3438 628 Domini
3488 572 3672 645 Papia:
3709 589 3800 630 mo-

2185 665 2367 716 ratur.

2251 751 2338 804 28.
2372 750 2510 803 Item
2546 747 2724 804 Ottho
2753 747 2945 804 natale
2977 748 3204 804 Domini
3236 750 3429 806 Romae
3480 754 3741 808 moratur.

2254 839 2340 892 31.
2377 835 2554 892 Ottho
2588 837 2905 908 imperator
2937 837 3008 893 de
3037 837 3203 893 Italia
3238 837 3409 893 redit.

2254 929 2340 980 32.
2377 926 2445 980 Et
2476 923 2844 981 Burchardus
2874 925 2992 981 dux
3023 925 3082 980 in
3117 925 3283 982 Italia
3320 925 3576 982 rebelles
3625 929 3798 985 caesari

2184 1011 2341 1067 vicit.
2378 1013 2640 1084 Eclypsis
2673 1011 2815 1068 solis
2848 1013 2997 1068 facta
3028 1018 3138 1069 est.
3171 1017 3228 1070 11
3268 1013 3392 1069 Kal.
3419 1015 3553 1070 Dec.

2254 1105 2340 1156 35.
2375 1101 2608 1170 Signum
2643 1100 2930 1172 quoddam
2963 1100 3115 1171 ignei
3151 1102 3371 1159 coloris
3401 1102 3458 1158 in
3489 1101 3634 1159 caelo
3654 1118 3800 1176 appa-

2185 1189 2322 1246 ruit.

2257 1281 2340 1333 38.
2379 1277 2556 1334 Ottho
2587 1277 2907 1350 imperator
2936 1281 3079 1335 Non.
3117 1280 3221 1336 Mai
3253 1280 3405 1336 obiit
3427 1280 3662 1337 Sanctus
3708 1280 3798 1337 Ou-

2185 1365 2444 1422 dalricus
2476 1366 2618 1423 obiit
2653 1380 2804 1423 anno
2831 1367 3211 1438 episcopatus
3239 1368 3329 1424 sui
3359 1372 3446 1424 50.

2257 1457 2453 1512 Annus
2493 1455 2716 1512 Domini
2767 1461 2888 1512 975.
2943 1455 3121 1512 Ottho
3170 1456 3488 1528 secundus,
3557 1457 3798 1513 Otthonis

2183 1543 2368 1614 Magni
2403 1542 2578 1614 illius,
2614 1559 2744 1600 ann.
2781 1549 2832 1600 9.

2254 1635 2305 1687 8.
2339 1631 2518 1688 Ottho
2563 1631 2902 1703 imperator,
2956 1632 3109 1704 apud
3165 1633 3497 1689 Galabriam
3553 1633 3731 1690 occiso
3772 1649 3797 1689 a

426 1741 539 1798 quc
572 1725 864 1782 Oceanum
891 1730 951 1781 et
979 1723 1367 1794 Burgundiam
1396 1724 1792 1792 devastantes,
1827 1737 1929 1794 per
1960 1723 2070 1777 Ita-
2101 1727 2152 1786 B
2183 1721 2384 1776 Grecis
2414 1721 2699 1792 exercitu,
2753 1723 2824 1778 de
2873 1722 3002 1778 navi
3051 1721 3322 1788 exiliens,
3375 1722 3617 1792 aufugit.
3649 1721 3798 1778 Ottho

427 1814 560 1870 liam
596 1814 918 1870 redierunt.
952 1812 1296 1869 Monasteria
1350 1812 1537 1868 sancti
1583 1811 1726 1868 Galli
1777 1816 1835 1866 et
1881 1811 2068 1866 sancti

425 1901 704 1958 Bonifacii
734 1907 1088 1958 cremantur.
1132 1899 1405 1957 Arnolfus
1453 1900 1797 1957 Noricorum
1846 1899 1964 1956 dux
2011 1903 2068 1955 et

422 1989 748 2046 Roudolfus
782 2003 885 2045 rex
916 1989 1209 2046 obierunt.

491 2081 544 2133 2.
570 2077 877 2134 Heinricus
909 2079 1090 2134 frater
1123 2077 1374 2148 Ottonis,
1411 2077 1483 2132 ab
1534 2075 1868 2134 Eberhardo
1917 2090 2082 2151 com;

423 2165 751 2238 prehensus
782 2170 891 2222 est.

495 2257 546 2310 3.
581 2253 936 2310 Gisilbertus
963 2259 1024 2310 et
1059 2252 1409 2310 Adalbertus
1438 2253 1620 2310 occisi
1653 2257 1811 2321 sunt,
1837 2258 1896 2308 et
1919 2253 2073 2324 cpis-

424 2341 554 2413 copi
589 2342 645 2396 in
675 2343 867 2410 fugam
897 2347 1032 2398 sunt
1065 2341 1230 2412 lapsi.

497 2431 548 2486 4.
583 2433 615 2485 8
647 2429 769 2486 Kal.
805 2432 940 2502 Apr.
969 2430 1165 2500 junior
1215 2429 1589 2486 Burchardus
1638 2429 2073 2499 Wirciburgen-

425 2517 508 2573 sis
548 2517 863 2589 episcopus
913 2518 1099 2584 obiit;
1154 2518 1306 2574 sedit
1355 2534 1486 2573 ann.
1537 2523 1588 2588 9,
1643 2533 1717 2572 m.
1771 2523 1822 2587 3,
1873 2518 1926 2573 d.
1980 2521 2067 2572 23.

424 2605 660 2677 Hiemps
690 2605 878 2661 valida
911 2611 968 2662 et
999 2606 1327 2662 mortalitas
1359 2606 1688 2662 animalium
1722 2606 1890 2662 facta.

493 2699 542 2749 5.
581 2694 758 2750 Ottho
788 2694 1001 2751 Gallias
1031 2695 1199 2766 petit.

490 2784 541 2836 6.
581 2781 758 2838 Ottho
790 2797 893 2839 rex
927 2787 986 2838 et
1019 2783 1362 2840 Ludewicus
1391 2783 1790 2854 paciﬁcautnr.

490 2872 542 2925 8.
576 2871 810 2939 Ungarii
835 2887 966 2928 cum
991 2871 1274 2941 Bajoariis
1296 2878 1556 2942 pugnant
1580 2876 1636 2926 et
1661 2871 1974 2927 vincuntur
2003 2869 2068 2927 ⁸³.

499 2962 584 3014 10.
622 2958 801 3016 Ottho
832 2975 934 3016 rex
965 2960 1207 3016 Galliam
1239 2960 1586 3030 ingreditur.

493 3051 578 3139 11.
609 3047 965 3139 -Berhtolfus
1009 3048 1405 3139 Dajoariorum
1463 3046 1578 3139 dux
1637 3047 1902 3103 moritur.
1967 3045 2068 3103 Cui
2101 3077 2149 3139 Ο

423 3135 750 3207 Heinricus,
784 3135 969 3192 frater
1001 3137 1274 3192 Otthonis
1307 3135 1613 3192 successit.

491 3227 578 3278 13.
631 3224 1020 3280 Herimannus
1063 3224 1182 3281 dux
1231 3223 1678 3280 Alamannorum
1728 3223 1895 3280 obiit.
1956 3225 2068 3279 Pro

419 3326 532 3382 quo
561 3310 881 3382 Luidolfus,
918 3311 1074 3368 filius
1107 3311 1378 3368 Otthonis
1410 3313 1587 3382 regis.

491 3401 577 3454 14.
607 3397 788 3455 Ottho
821 3414 922 3456 rex
953 3399 1176 3456 Italiam
1210 3401 1357 3472 petit
1382 3415 1625 3472 eamque
1646 3400 1758 3457 sibi
1784 3400 2066 3472 subjecit;

420 3487 812 3556 Berengerum
845 3501 1038 3558 regem
1071 3489 1317 3560 expulit.

490 3579 576 3630 15.
612 3575 891 3646 Beringer
918 3577 1070 3649 apud
1092 3580 1409 3647 Augustam
1426 3576 1481 3632 in
1503 3581 1793 3634 conventu
1813 3576 2054 3633 Otthoni

417 3663 490 3720 ad
523 3661 879 3721 deditionem
902 3665 948 3699 ⁵ο
975 3666 1152 3722 venit.
1203 3665 1341 3722 Inde
1388 3681 1518 3724 cum
1571 3666 1769 3736 regina
1817 3667 2066 3737 conjuge

417 3751 542 3821 ejus
571 3751 742 3809 Willa
774 3755 1004 3811 nomine
1031 3755 1103 3812 ad
1127 3755 1435 3813 castellum
1460 3755 1836 3833 Babgnberch
1853 3753 2067 3810 deduc-

413 3843 528 3912 tus,
564 3846 912 3914 praesentem
942 3843 1119 3902 vitam
1149 3845 1384 3902 clausit.
1412 3844 1514 3914 (Η.
1547 3844 1642 3915 ις’.)
1669 3844 1892 3914 Ignitus
1913 3843 2064 3914 lapis

412 3930 578 4000 quasi
607 3945 794 3988 massa
821 3933 1130 3990 candentis
1161 3933 1298 3990 ferri
1336 3934 1407 3990 ab
1455 3932 1762 3990 occidente
1815 3930 2065 3989 volitans

411 4018 571 4075 venit
600 4037 616 4087 ;
646 4024 708 4076 et
734 4020 913 4077 draco
943 4021 1102 4079 visus
1132 4026 1244 4078 est.

483 4111 572 4164 16.
605 4106 786 4166 Ottho
819 4123 922 4165 rex
951 4124 1062 4166 una
1105 4125 1234 4167 cum
1289 4110 1408 4166 filio
1456 4109 1681 4166 Italiam
1732 4109 1932 4180 intrat,
1999 4121 2064 4164 ac

413 4195 632 4266 nuptiae
663 4196 891 4267 regales
921 4198 1114 4271 Papiae
1148 4199 1315 4256 factae
1347 4203 1505 4255 sunt.

483 4285 569 4340 17.
607 4283 891 4344 Luitolfus
921 4287 1040 4344 dux
1070 4287 1310 4344 Otthoni
1337 4286 1460 4358 regi
1485 4285 1638 4358 patri
1663 4299 1769 4343 suo
1793 4283 2061 4341 rebellat.

413 4368 774 4430 Adalbertus
801 4389 995 4433 comes
1021 4376 1332 4434 occiditur.

488 4463 575 4518 18.
611 4461 847 4534 Ungarii
887 4464 1177 4537 Noricam,
1237 4463 1537 4521 Franciam
1577 4460 1920 4534 Italiamque
1970 4475 2068 4534 pe-

416 4552 570 4607 tunt.

484 4644 570 4696 19.
609 4640 848 4713 Ungarii
877 4646 1062 4701 totam
1083 4639 1414 4713 Bajoariam
1437 4636 1885 4714 depopulantes,
1900 4637 2072 4712 juxta

413 4728 735 4800 Augustam
769 4731 1126 4790 Alamanniae
1158 4732 1361 4789 urbem
1393 4732 1466 4790 ab
1498 4729 1752 4788 Otthone
1785 4741 1922 4801 rege
1971 4740 2072 4801 pu-

413 4828 526 4887 gna
557 4817 721 4893 victi,
755 4820 1018 4878 inmensa
1049 4819 1210 4879 caede
1238 4824 1543 4878 necantur.

491 4910 581 4969 20.
618 4909 912 4968 Luitolfus
945 4908 1066 4968 dux
1093 4908 1394 4968 hostiliter
1424 4907 1649 4964 Italiam
1681 4907 1914 4965 invasit.

487 5007 576 5060 21.
609 4999 898 5058 Luitolfus
929 4998 1312 5056 Adalbertum
1344 4997 1500 5056 bello
1530 4997 1694 5070 vicit,
1727 5000 1786 5054 et
1820 4996 1948 5070 ipso
1980 5009 2076 5053 eo-

414 5089 544 5148 dem
586 5103 736 5148 anno
765 5087 1034 5146 moritur.

492 5181 581 5233 23.
621 5177 840 5234 Cruces
873 5176 930 5233 in
960 5177 1228 5234 vestibus
1259 5177 1683 5248 apparuerunt.

495 5263 586 5322 24.
625 5269 692 5321 15
717 5264 843 5321 Kal.
876 5264 1012 5320 Mar.
1058 5265 1260 5322 Pobbo
1306 5261 1798 5332 Wirciburgensis
1845 5261 2078 5334 episco-

433 5367 546 5426 pus
573 5352 762 5419 obiit;
789 5351 945 5408 sedit
975 5366 1108 5411 ann.
1137 5357 1226 5426 20,
1260 5367 1334 5409 m.
1368 5357 1454 5424 10,
1487 5350 1542 5406 d.
1574 5353 1660 5406 14.

2183 1809 2300 1865 dux
2331 1809 2498 1865 obiit.

2253 1902 2304 1954 9.
2354 1901 2415 1954 11
2469 1897 2590 1954 Kal.
2643 1899 2786 1967 Aug.
2840 1898 3036 1969 junior
3079 1899 3282 1956 Pobbo
3333 1900 3792 1970 Wirciburgensis

2181 1985 2494 2058 episcopus
2523 1986 2704 2052 obiit;
2740 1987 2897 2042 sedit
2929 2002 3060 2044 ann.
3091 1992 3180 2058 22,
3217 2003 3290 2044 m.
3346 1991 3398 2058 4,
3452 1989 3506 2046 d.
3555 1993 3637 2045 21.
3683 1989 3793 2044 Otto

2184 2078 2504 2150 imperator
2534 2079 2729 2135 Romae
2773 2083 2806 2134 6
2857 2079 2992 2136 Idus
3035 2081 3168 2135 Dec.
3224 2080 3475 2136 moritur
3519 2085 3577 2136 et
3621 2079 3794 2152 sepeli-

2183 2171 2299 2224 tur.

2255 2257 2456 2312 Annus
2481 2257 2702 2313 Domini
2733 2259 2856 2314 984.
2884 2257 3022 2313 Otto
3045 2256 3290 2328 tercius,
3309 2256 3793 2314 Otthonissccundi

2184 2343 2356 2413 illius,
2390 2343 2697 2400 admodum
2730 2359 2895 2416 puer,
2927 2360 3058 2401 ann.
3094 2349 3179 2401 18.

2257 2437 2306 2485 5.
2345 2433 2544 2488 Fames
2575 2447 2798 2502 magna.

2253 2521 2304 2573 6.
2341 2520 2374 2572 4
2409 2519 2530 2574 Kal.
2585 2521 2742 2591 Sept.
2805 2523 2926 2577 lIuc
2973 2521 3478 2591 Wirciburgensis
3520 2522 3793 2593 episcopus

2183 2605 2352 2670 obiit;
2385 2607 2534 2663 sedit
2569 2623 2738 2664 annn.
2765 2611 2818 2678 6,
2854 2623 2927 2664 m.
2957 2614 3011 2680 7,
3045 2608 3101 2664 d.
3134 2612 3222 2666 28.

2260 2699 2343 2750 11.
2381 2696 2628 2751 Sanctus
2659 2695 3032 2766 Adalbertus,
3067 2697 3385 2768 episcopus
3409 2697 3480 2754 de
3499 2697 3794 2768 Pragacivi-

2185 2788 2328 2853 tate,
2363 2800 2390 2839 a
2426 2785 2633 2840 Prucis
2665 2785 2944 2855 martyrio
2971 2791 3309 2842 coronatur.
3339 2791 3410 2843 12
3431 2786 3550 2843 Kal.
3575 2787 3690 2843 Oct.
3714 2786 3796 2840 Be-

2183 2872 2531 2928 renwardus
2563 2873 3058 2942 Wirciburgensis
3083 2874 3407 2946 episcopus
3453 2875 3626 2941 obiit;
3669 2873 3790 2930 sedit

2180 2974 2312 3016 ann.
2351 2965 2400 3029 5,
2435 2975 2505 3016 m.
2541 2965 2594 3031 8,
2630 2961 2685 3016 d.
2721 2967 2806 3017 19.

2254 3052 2340 3104 14.
2377 3049 2477 3119 (Η.
2511 3051 2606 3120 S.)
2639 3051 2980 3107 Counradus
3011 3051 3126 3108 dux
3155 3051 3320 3108 obiit.

2253 3140 2336 3193 18.
2373 3136 2552 3193 Ottho
2583 3137 2905 3208 imperator
2929 3139 2985 3195 in
3016 3139 3181 3195 Italia
3212 3139 3382 3196 obiit.
3419 3145 3451 3195 5
3482 3138 3597 3196 Kal.
3630 3138 3788 3201 Febr,

2177 3222 2346 3292 cujus
2379 3223 2655 3280 intestina
2688 3226 2988 3297 Augustae,
3021 3225 3311 3296 reliquum
3361 3239 3575 3298 corpus
3619 3223 3792 3295 Aquis.

2176 3312 2342 3382 grani
2374 3311 2686 3383 sepelitur.

2248 3400 2556 3457 Heinricus
2587 3400 2704 3457 dux
2739 3401 3022 3473 Bajoariae
3058 3417 3162 3459 rex
3193 3403 3442 3462 effectus
3473 3417 3597 3460 ann.
3627 3404 3707 3470 23,
3736 3413 3793 3454 ιιι.

2174 3493 2209 3546 2
2235 3488 2298 3542 ⁸ο.

2243 3582 2294 3634 2.
2331 3579 2642 3636 Heinricus
2679 3593 2781 3636 rex
2819 3581 3154 3639 Heinricum
3180 3583 3568 3640 marchionem
3590 3585 3642 3637 et
3677 3578 3796 3636 alios

2173 3666 2285 3723 sibi
2316 3667 2662 3725 resistentes
2687 3683 2816 3725 cum
2848 3668 3118 3726 exercitu
3153 3670 3324 3742 petit.

2246 3758 2296 3810 3.
2341 3753 2650 3812 Heinricus
2678 3770 2784 3812 rex
2806 3755 3054 3827 Italiam,
3089 3758 3383 3814 Boemiam
3434 3761 3490 3815 et
3540 3755 3794 3812 Bolizaum

2173 3843 2389 3900 ducem
2420 3859 2552 3901 cum
2585 3844 2738 3900 omni
2769 3849 2944 3914 gente
2974 3844 3314 3903 Sclavorum
3350 3843 3688 3917 subjugavit.

2251 3936 2301 3988 4.
2336 3933 2535 4003 Magna
2566 3933 2748 3989 fames
2783 3933 2932 3990 facta
2967 3938 3081 3990 est.

2248 4025 2300 4077 6.
2337 4020 2711 4093 Episc0pium
2746 4021 3088 4092 Babenberg
3106 4037 3135 4080 a
3161 4035 3300 4094 rege
3319 4023 3589 4080 Heinrico
3616 4020 3794 4076 consti-

2176 4109 2383 4180 tuitur,
2419 4113 2477 4166 et
2510 4108 2886 4166 Eberhardus
2918 4110 2996 4166 ibi
3026 4111 3343 4183 episcopus
3372 4111 3682 4168 ordinatur.

2247 4201 2299 4253 8.
2337 4199 2488 4254 Brun
2517 4197 2833 4269 episcopus
2862 4203 2922 4254 et
2956 4199 3272 4256 monachus
3304 4215 3337 4256 a
3379 4199 3578 4257 Prucis
3622 4193 3788 4253 multis

2177 4286 2485 4360 suppliciis
2517 4287 2786 4358 amictus,
2813 4292 2872 4344 et
2897 4288 3164 4346 manibus
3181 4288 3545 4362 pedibusque
3557 4284 3787 4350 abscisis,

2180 4379 2479 4448 postremo
2505 4375 2698 4448 capite
2730 4375 2964 4448 pluxus,
2996 4376 3174 4434 caelos
3210 4378 3404 4450 petiit.

2253 4467 2335 4519 13.
2372 4463 2480 4535 (H.
2516 4463 2611 4535 δ’.)
2639 4463 2946 4522 Heinricus
2984 4466 3178 4522 Romae
3233 4463 3517 4538 imperiali
3563 4457 3789 4518 benedic-

2179 4551 2336 4610 tione
2367 4555 2684 4608 coronatur
2711 4567 2741 4608 a
2773 4552 3093 4610 Benedicto
3127 4569 3297 4628 papa.

2250 4641 2336 4696 14.
2373 4638 2586 4694 Ernest
2615 4637 2733 4695 dux
2764 4639 2822 4695 in
2856 4643 3074 4697 venatu
3106 4639 3420 4698 occiditur.

2255 4729 2341 4782 16.
2378 4728 2444 4782 18
2476 4725 2598 4783 Kal.
2638 4727 2773 4784 Dec.
2826 4727 3135 4786 Heinricus
3179 4725 3656 4800 Wirciburgensis
3692 4717 3789 4792 epi-

2183 4829 2403 4890 scopus
2431 4815 2574 4874 obiit
2603 4835 2618 4887 ;
2651 4815 2804 4875 sedit
2835 4832 2966 4876 ann.
2999 4821 3090 4892 23,
3131 4834 3205 4876 m.
3236 4823 3287 4891 5,
3323 4819 3379 4877 d.
3413 4821 3500 4876 22.

2253 4905 2672 4978 Megingaudus
2715 4908 3096 4966 Treverorum
3143 4908 3461 4981 episcopus
3505 4904 3656 4964 obiit.
3698 4899 3787 4955 Pro

2184 5009 2298 5067 quo
2328 4995 2550 5067 Poppo.

2255 5089 2323 5140 17
2355 5083 2706 5156 Lantpertus
2734 5084 3052 5157 episcopus
3079 5084 3250 5142 obiit-

2220 5171 2667 5231 19.Benedictus
2690 5173 3205 5246 papa,Babenberg
3225 5163 3783 5243 veniens,wcclesiam

2185 5260 2373 5317 sancti
2390 5260 2665 5333 Stephani
2687 5261 3000 5319 dedicavit.
3021 5261 3231 5318 Eodem
3247 5275 3396 5318 anno
3419 5250 3786 5316 Werenharius

2186 5349 2503 5421 Argentine
2515 5350 2831 5424 episcopus
2842 5365 2973 5408 cum
2987 5349 3320 5408 Alamannis
3332 5351 3538 5408 contra
3570 5345 3787 5410 Burgun-

1773 5463 2012 5522 VARIE
2068 5463 2476 5524 LECTIONES.

523 5555 571 5596 τ’
601 5559 792 5623 XVIII.
815 5571 1054 5623 σνααιυι
1077 5575 1129 5625 ο.
1173 5561 1222 5602 ⁸⁸
1263 5561 1539 5623 vicuntur
1592 5553 1654 5622 c'.‘
1686 5559 1733 5600 ⁸⁸
1779 5561 2002 5624 deditio
2040 5576 2090 5626 ο.
2163 5563 2214 5602 ⁸ο
2238 5563 2306 5625 in
2333 5563 2456 5626 loco
2475 5573 2616 5626 raro
2634 5576 2683 5626 ο.
