3950 6338
108 300 225 359 489

908 292 1347 359 CHRONICA.
1384 334 1461 345 —
1492 296 1968 361 CHRONICON
2014 297 2731 363 VVIRZIBUBGENSE.

3410 307 3531 366 490

179 435 271 489 20.
305 429 411 502 (Η.
445 431 517 489 S.
552 431 948 488 Terraemotus
979 445 1223 502 magnus
1248 432 1440 489 factus
1461 435 1551 489 est
1574 432 1763 489 “dus
1792 434 1849 494 A
1952 434 2034 486 14.
2059 431 2351 501 Cunigunt
2383 432 2579 501 regina
2611 432 2775 487 obiit.
2812 433 3195 490 llcrimannus
3218 435 3337 491 dux
3357 438 3525 493 obiit.

110 521 242 577 Maii
272 520 416 576 feria
449 523 501 575 6.
529 519 877 577 Heribertus
900 520 1259 577 Coloniensis
1285 521 1764 593 archiepiscopus

108 608 277 665 obiit.
312 609 427 665 Pro
458 623 574 679 quo
608 607 944 677 Piligrinus.

179 701 271 754 21.
306 697 621 754 Heinricus
639 696 960 768 imperator
981 699 1199 754 Novam
1220 697 1445 769 Trojam
1470 697 1766 755 deditione

107 786 294 859 cepit,
326 789 385 842 et
418 785 753 841 mortalitas
783 784 828 819 ⁶¹
857 800 1058 856 magna
1092 787 1147 843 in
1180 786 1452 844 exercitu
1475 787 1626 843 facta
1651 790 1763 843 est.

176 878 269 931 22.
306 872 687 931 Gebehardus
732 873 1191 945 Radisponensis
1241 876 1551 947 episcopus
1597 875 1763 932 obiit.

109 965 229 1021 Pro
261 978 378 1036 quo
408 963 623 1019 iterum
650 962 696 995 "
726 962 1122 1020 Gebehardus.

1880 519 2204 591 Stephanus
2234 520 2590 577 christianus
2644 522 3024 590 Ungarlorum
3079 538 3182 577 rex
3228 524 3395 595 obiit,
3433 527 3529 595 qui

1879 622 2009 664 cum
2042 609 2195 664 omni
2229 613 2403 677 gente
2435 624 2538 664 sua
2570 608 2641 663 ad
2674 608 2843 664 fidem
2886 608 3105 665 Christi
3135 612 3526 669 convertitur.

1952 701 2035 752 15.
2079 696 2419 754 Counradus
2470 697 2790 768 imperator
2838 702 2870 753 2
2921 699 3061 754 Non.
3107 700 3237 754 Jun.
3293 700 3440 755 obiit
3471 708 3527 756 et

1879 784 2043 856 Spire
2075 784 2674 856 sepelitur.iEclypsis
2697 785 2841 840 solis
2878 790 2934 840 11
2969 785 3091 842 Kal.
3128 787 3285 857 Sept.
3323 787 3530 857 Regin-

1882 871 2088 929 baldus
2118 872 2407 943 Spirensis
2440 872 2754 943 cpiscopus
2787 872 2931 928 obiit
2965 878 2994 928 3
3045 873 3176 931 ldus
3213 875 3417 930 Octob.

1953 962 2260 1017 Heinricus
2308 978 2410 1016 rex
2452 961 2603 1032 pius,
2640 961 2795 1017 filius
2848 963 3155 1033 Counradi,
3193 964 3396 1035 incipit
3442 979 3529 1019 re-

179 1056 273 1108 23.
311 1051 620 1109 Heinricus
651 1051 970 1123 imperator
1001 1055 1032 1105 3
1061 1051 1196 1107 ldus
1240 1051 1352 1108 Jul.
1408 1052 1555 1107 obiit
1602 1057 1661 1107 et
1713 1052 1768 1108 in
1880 1064 2079 1119 gnare.

110 1139 780 1210 Babcnbergepiscopio
802 1154 832 1196 a
855 1152 915 1195 se
939 1139 1094 1196 facto
1116 1139 1169 1194 in
1199 1140 1558 1197 monasterio
1583 1140 1768 1197 sancti

112 1228 281 1287 Petri
314 1227 573 1301 apostoli
606 1228 913 1299 sepelitur.

188 1317 539 1374 Counradus
569 1331 702 1372 ann.
738 1317 860 1373 fere
892 1320 958 1372 13
990 1318 1272 1388 regnavit.

190 1410 245 1461 1.
280 1405 482 1476 Magna
512 1404 799 1463 dissensio
832 1404 889 1460 in
923 1419 1102 1476 regno
1150 1411 1354 1463 contra
1404 1406 1771 1463 Counradum

113 1508 321 1565 regem
354 1493 627 1551 efficitur.

186 1588 246 1640 2.
282 1581 628 1640 Counradus
660 1597 760 1639 rex
793 1582 972 1640 filium
1013 1598 1179 1640 suum
1212 1584 1547 1641 Heinricum
1579 1597 1772 1653 regem

113 1673 293 1743 fecit,
326 1677 389 1729 et
416 1672 539 1744 ipse
568 1672 803 1728 Romam
833 1685 1087 1743 pergens
1136 1673 1453 1743 imperator
1501 1671 1769 1728 eﬂicitur.

1952 1143 2003 1194 2.
2031 1139 2336 1196 Heinricus
2367 1154 2468 1195 rex
2500 1140 2706 1196 ducem
2732 1139 2979 1196 Bocmim
3004 1141 3346 1198 Fratislaum
3374 1143 3528 1199 bello

1883 1228 2031 1299 petit
2051 1228 2180 1294 ;sed
2196 1228 2761 1300 multis-proceribus
2783 1231 2840 1283 et
2866 1228 3151 1285 militibus
3177 1229 3230 1284 in
3257 1236 3531 1301 praestru-

1885 1316 2079 1372 ctione
2114 1315 2279 1372 silvae
2309 1316 2455 1373 citra
2485 1323 2541 1372 et
2578 1316 2730 1372 ultra
2760 1317 2972 1372 occisis
2996 1316 3086 1373 vel
3109 1319 3321 1389 captis,
3346 1319 3425 1374 nil
3449 1320 3532 1374 di-

1884 1419 2061 1475 gnum
2101 1404 2328 1460 efﬁcere
2362 1405 2573 1476 potuit.
2609 1407 2823 1461 Petrus
2869 1419 3099 1476 quoque
3148 1408 3530 1476 Ungariorum

1886 1508 1990 1549 rex
2021 1494 2208 1549 eidem
2241 1493 2374 1551 duci
2414 1492 2458 1526 ⁸⁷
2489 1498 2695 1550 contra
2724 1494 3055 1551 Heinricum
3089 1509 3283 1565 regem
3315 1497 3529 1554 auxilia

1887 1582 2060 1637 misit.

1959 1674 2009 1724 3.
2030 1669 2264 1739 Ungarii
2290 1670 2575 1740 quendam
2591 1671 2845 1725 Ovoncm
2871 1685 3063 1739 regem
3088 1672 3200 1728 sibi
3223 1673 3528 1744 eligentes,

190 1766 251 1816 3.
290 1763 447 1817 Brun
494 1760 878 1831 Augustensis
924 1761 1234 1831 episcopus
1280 1765 1338 1817 et
1390 1760 1542 1816 Welf
1580 1774 1775 1817 comes
1805 1783 1860 1844 Β
1892 1758 2128 1815 Petrum
2164 1772 2358 1826 regem
2392 1772 2559 1814 suum
2602 1758 2982 1829 expellentcs.
3018 1760 3123 1826 Qui
3158 1763 3441 1832 profugus
3474 1769 3530 1819 et

110 1848 361 1922 praedas
387 1852 447 1905 et
478 1847 741 1904 incendia
773 1848 927 1903 inter
960 1862 1019 1905 se
1054 1849 1291 1905 faciunt.

190 1958 249 2009 4.
279 1954 494 2010 Ernost
523 1953 640 2010 dux
665 1957 727 2009 et
754 1952 911 2009 Welf
931 1967 1130 2010 comes
1175 1954 1480 2011 Counrado
1534 1955 1780 2027 impera-

113 2043 239 2099 tori
277 2042 351 2099 ad
382 2042 739 2098 deditionem
770 2041 1028 2099 veniunt.

191 2154 248 2206 5.
286 2152 484 2207 Bruno
529 2148 922 2219 Augustensis
968 2149 1282 2222 episcopus
1321 2150 1488 2208 obiit.
1523 2151 1636 2207 Pro
1665 2164 1779 2221 quo

114 2238 569 2296 Heberbardus.

196 2349 257 2402 6.
283 2343 631 2403 Counradus
654 2345 972 2417 imperator
988 2344 1341 2418 Stephanum
1363 2346 1673 2404 Pannoniae
1694 2361 1779 2403 re-

113 2452 259 2510 gem
289 2449 426 2493 cum
457 2434 727 2491 exercitu
761 2433 928 2506 petit.
960 2435 1190 2491 Interea
1224 2435 1279 2490 in
1316 2433 1650 2491 Alamannia
1682 2435 1781 2491 Er-

118 2529 264 2582 nost
294 2524 417 2580 dux
445 2527 503 2578 et
539 2522 937 2579 Werinharius
983 2538 1176 2580 comes
1218 2536 1350 2579 cum
1398 2520 1531 2578 aliis
1579 2520 1780 2578 multis

118 2611 487 2672 occiduntur
508 2607 553 2643 ⁸³
583 2613 650 2667 16
679 2610 801 2667 Kal.
837 2610 996 2682 Sept.

189 2726 253 2777 7.
289 2718 621 2790 Stephanus
652 2733 755 2773 rex
787 2716 980 2774 missis
1011 2716 1222 2787 legatis
1261 2731 1394 2774 cum
1427 2716 1780 2789 imperatore

117 2805 444 2867 Counrado
493 2806 855 2879 paciﬁcatur.

188 2921 251 2974 8.
286 2913 613 2972 Roudolfus
664 2928 767 2969 rex
815 2913 1164 2984 Burgundiai
1212 2913 1470 2970 moriens
1517 2912 1781 2970 diadema

112 3018 299 3063 suum
332 3002 643 3061 Connrado
670 3002 1011 3074 imperatori
1043 3002 1219 3060 misit.

1890 1845 2027 1902 exul
2061 1846 2318 1902 Heinrici
2352 1846 2528 1915 regis,
2561 1846 2655 1902 cui
2688 1847 2869 1916 priori
2920 1862 3069 1903 anno
3118 1849 3528 1921 rebellaverat,

1888 1935 2136 2005 gratiam
2170 1934 2364 2004 querit
2394 1938 2452 1989 et
2496 1933 3078 1992 invenitullcinricus
3110 1952 3211 1993 rex
3244 1939 3530 1995 Boemiam

1891 2022 2214 2092 ingressus,
2241 2023 2372 2091 igne
2398 2022 2708 2093 praedaque
2726 2028 2937 2079 cuncta
2960 2024 3247 2097 devastat,
3264 2032 3320 2081 et
3346 2028 3534 2083 rebel-

1890 2112 2001 2168 lem
2034 2111 2239 2167 ducem
2270 2112 2505 2168 obsides
2533 2112 2672 2167 dare
2703 2117 2760 2167 et
2791 2112 2976 2184 ipsum
3010 2118 3140 2184 post
3174 2130 3234 2170 se
3256 2114 3536 2187 Radispo-

1890 2214 2018 2257 nam
2050 2199 2123 2257 ad
2152 2199 2507 2255 deditionem
2532 2201 2827 2257 humiliter
2850 2202 3045 2258 venire
3071 2203 3536 2276 sibiquejureju-

1891 2289 2073 2345 rando
2106 2288 2448 2345 fidelitatem
2473 2289 2893 2360 servitiumque
2914 2292 3260 2348 confirmare
3283 2299 3529 2351 coartat.

1892 2377 2012 2434 Ovo
2031 2391 2133 2433 rex
2151 2378 2555 2448 Ungariorum,
2581 2379 2654 2434 ob
2676 2385 3014 2451 susceptum
3045 2394 3073 2434 a
3102 2381 3373 2438 Heinrieo
3398 2398 3534 2454 rege

1890 2467 2127 2522 Petrum
2158 2481 2187 2523 a
2220 2481 2283 2523 se
2314 2467 2639 2538 expulsum,
2667 2468 2811 2524 fines
2844 2469 3121 2538 Bajoariaa
3147 2471 3536 2541 prmdisctin-

1892 2553 2117 2610 cendiis
2141 2554 2681 2626 depopulatur;sed
2705 2571 2906 2626 magna
2931 2570 3068 2628 pars
3087 2560 3385 2635 exercitus
3407 2561 3535 2632 ejus

1893 2642 1967 2697 ab
1997 2641 2362 2698 Adelberone
2405 2643 2737 2698 marchione
2770 2643 2959 2699 deleta
2992 2650 3102 2701 est.

1964 2732 2022 2785 4.
2060 2730 2364 2786 Heinricus
2396 2745 2499 2786 rex
2530 2732 2879 2787 Pannoniam
2929 2733 3227 2802 ingressus
3259 2735 3404 2793 duas
3435 2752 3521 2808 po

1893 2818 2295 2892 pulosissimas
2314 2819 2588 2875 civitates
2610 2821 2844 2892 evertit,
2865 2821 3060 2892 plures
3083 2822 3379 2879 deditione
3399 2826 3535 2882 sub-

1888 2908 2049 2980 jecit.
2069 2908 2178 2964 Sed
2196 2923 2326 2965 cum
2348 2910 2585 2964 Petrum
2604 2922 2820 2978 regem,
2839 2924 3006 2979 quem
3023 2923 3240 2981 secum,
3258 2910 3529 2984 ducebat,

1892 2996 2284 3069 provinciales
2325 2996 2590 3068 recipere
2632 2996 2871 3063 nollent,
2906 2997 3082 3054 alium
3114 3013 3224 3069 que
3258 3001 3535 3070 petebant

186 3116 250 3168 9.
289 3115 352 3167 11
390 3108 514 3166 Kal.
540 3113 676 3181 Apr.
704 3108 1114 3179 Meginhardus
1143 3108 1636 3179 Wirciburgensis
1664 3108 1776 3181 epi-

1936 3102 2099 3144 ncem
2121 3087 2208 3142 eis
2228 3086 2569 3152 constituit;
2588 3100 2755 3156 quem
2771 3086 2893 3142 Obo
2908 3092 3042 3158 post
3064 3087 3386 3145 discessum
3411 3089 3536 3159 ejus

1933 3191 1948 3200 ι
1984 3176 2270 3200 ι’)ΑΑΜΞΑ.ν.
2309 3174 2518 3200 ..η-...124
2573 3175 2760 3200 ρει-ΑΙ..
2790 3174 3129 3200 ζικκλκλιηε..
3172 3182 3356 3200 ...ραι-ι-.
3378 3179 3516 3200 πιλε..

113 3215 347 3273 scopus
377 3197 519 3255 obiit
547 3216 561 3264 ;
591 3198 745 3254 sedit
777 3212 905 3254 ann.
944 3203 1028 3268 15,
1062 3214 1133 3254 m.
1169 3201 1221 3267 2,
1248 3198 1303 3253 d.
1327 3202 1414 3254 21.
1440 3197 1781 3255 Counradus

111 3291 317 3347 hieme
349 3285 741 3373 Burgundiam
776 3286 941 3359 petit.
982 3286 1243 3358 Eclypsis
1275 3285 1416 3343 solis
1448 3287 1595 3344 facta
1627 3291 1719 3343 est
1750 3291 1780 3342 3

110 3377 245 3436 Kal.
283 3375 400 3434 Jul.
430 3376 572 3433 hora
600 3377 652 3431 6.

185 3489 285 3541 10.
321 3481 668 3540 Counradus
698 3481 1044 3540 orientalem
1096 3482 1395 3540 Franciam
1436 3487 1639 3539 contra
1671 3483 1782 3541 Ou-

108 3574 368 3631 thonem
415 3571 582 3645 petit.
641 3570 986 3629 Counradus
1036 3572 1248 3630 iterum
1294 3570 1339 3605 “
1389 3571 1779 3649 Burgundiam

107 3664 343 3720 vastat.

183 3772 283 3825 11.
318 3765 641 3824 Wirbinam
669 3749 977 3824 castellum
1010 3766 1066 3822 in
1111 3766 1360 3824 confinio
1386 3767 1650 3824 Saxoniaa
1684 3782 1780 3839 pa'

106 3857 259 3929 gani
282 3854 384 3927 qui
408 3854 645 3912 Luittici
668 3855 964 3926 dicuntur,
982 3855 1183 3912 multis
1206 3856 1543 3913 christianis
1567 3856 1780 3913 occisis

104 3950 167 4002 et
203 3942 426 4017 captis,
458 3943 766 4011 obtinent;
798 3958 946 4015 quos
979 3944 1320 4002 Counradus
1350 3959 1481 4001 cum
1510 3944 1777 4001 exercitu

106 4034 291 4107 petit.
1000 4084 1003 4089 .

178 4144 279 4197 12.
311 4138 476 4196 Italia
497 4137 656 4196 civili
680 4138 971 4197 discordia
1000 4138 1247 4196 laborat.
1269 4140 1648 4199 Gebehardus
1673 4143 1778 4199 Ra-

100 4231 369 4302 dispona
399 4229 713 4301 episcopus
759 4229 927 4285 obiit.
961 4230 1073 4285 Pro
1118 4244 1232 4299 quo
1281 4229 1496 4286 iterum
1524 4229 1569 4263 “
1598 4231 1778 4289 Gebe-

99 4318 360 4376 hardus.
393 4317 621 4390 Nuptiae
666 4317 919 4373 Heinrici
972 4317 1145 4388 regis.
1182 4319 1395 4389 Pagani
1447 4317 1774 4391 supradicti

101 4404 429 4465 Counrado
460 4406 804 4479 imperatori
826 4405 1191 4463 tributarii“
1215 4407 1351 4464 facti
1372 4410 1528 4479 sunt,
1547 4407 1775 4478 Piligri-

1895 3176 1951 3232 in
1983 3176 2273 3231 Boemiam
2308 3174 2543 3246 repulit.
2573 3175 2764 3231 Gisela
2790 3174 3151 3248 imperatrix,
3171 3182 3357 3234 mater
3378 3179 3520 3233 llcin

1894 3265 1998 3322 rici
2029 3264 2202 3335 regis,
2240 3269 2304 3322 16
2332 3264 2454 3321 Kal.
2491 3266 2625 3320 Mar.
2662 3264 2809 3320 obiit
2846 3268 2904 3320 et
2938 3265 3093 3337 apud
3124 3265 3345 3338 Spiram
3376 3281 3536 3339 sepe-

1893 3353 2053 3412 litur.

1963 3449 2014 3500 5.
2048 3443 2355 3500 Heinricus
2386 3458 2491 3500 rex
2520 3444 2731 3500 iterum
2765 3443 3089 3501 Pannonias
3123 3444 3422 3513 invadens,
3448 3458 3539 3503 sa-

1890 3532 2309 3604 tisfactionem,
2345 3533 2601 3604 obsides,
2638 3547 2896 3604 munera,
2926 3533 3085 3604 pacis
3114 3548 3221 3605 per
3244 3533 3539 3605 jusjuran-

1893 3621 2029 3677 dum
2058 3621 2559 3678 confirmationem
2607 3621 2920 3693 accipiens,
2954 3621 3244 3677 discessit.
3282 3622 3419 3678 Inde
3452 3639 3539 3679 re-

1893 3724 2123 3780 versus,
2147 3710 2579 3767 Constanticnsi
2606 3711 2828 3779 synodo
2849 3709 3011 3765 affuit
3038 3726 3052 3775 ;
3078 3710 3175 3765 ubi
3199 3711 3427 3766 cunctis
3449 3712 3540 3768 de-

1893 3798 2011 3855 bita
2033 3798 2286 3864 dimisit;
2317 3798 2756 3868 destructisque
2777 3798 3046 3853 omnibus
3072 3797 3416 3867 inimiciciis,
3445 3815 3539 3870 pa-

1891 3902 2015 3943 cem
2047 3886 2331 3943 hactenus
2364 3886 2681 3943 inauditam
2707 3891 2820 3941 tam
2842 3884 2889 3918 ⁶θ
2909 3886 2963 3940 in
2991 3890 3111 3941 tota
3139 3886 3344 3942 Suevia
3364 3901 3536 3956 quam

1893 3976 1949 4031 in
1979 3975 2108 4031 aliis
2139 3974 2227 4031 sui
2262 3975 2423 4045 regni
2456 3974 2771 4046 provinciis
2814 3975 2970 4043 regia
3004 3988 3250 4030 censura
3287 3991 3389 4047 per
3417 3975 3539 4030 edi-

1891 4066 2048 4121 ctuin
2082 4064 2464 4120 confirmavit.
2509 4063 2648 4119 Dein
2684 4065 2945 4133 Agncten
2975 4061 3040 4134 ⁸ο,
3071 4063 3421 4120 Willchalmi
3448 4065 3538 4119 Pi-

1891 4153 2211 4211 ctaviensis
2237 4153 2515 4225 principis
2535 4152 2731 4222 filiam,
2749 4152 3006 4221 reginam
3021 4152 3173 4223 apud
3190 4154 3537 4223 Magontiam

1893 4243 2068 4313 ungui
2104 4243 2340 4311 faciens,
2376 4241 2673 4312 regalibus
2721 4242 2831 4299 sibi
2879 4244 3102 4314 nuptiis
3148 4244 3537 4314 Ingelenbeim

1890 4330 2221 4403 copulavit;
2252 4330 2402 4387 unde
2453 4331 2735 4386 infinitam
2783 4332 3131 4388 histrionum
3165 4337 3221 4388 et
3249 4331 3541 4402 joculato-

1892 4435 2019 4476 rum
2050 4419 2479 4475 multitudinem
2515 4418 2639 4475 sine
2672 4421 2802 4476 cibo
2837 4426 2893 4476 ct
2930 4422 3269 4477 muneribus
3299 4436 3539 4477 vacuam

99 4509 224 4554 ηαδ
259 4494 628 4552 commensi”
657 4495 970 4567 episcopus
1001 4494 1172 4551 Obiit.
1194 4496 1309 4553 Ρνο
1335 4510 1449 4567 ί]υο
1480 4497 1777 4552 Ηθνίωθη-
1805 4495 1859 4555 D
1891 4515 1953 4565 et
1983 4515 2302 4564 merentem
2331 4509 2493 4564 abire
2545 4510 2827 4580 permisit.
2866 4510 3207 4581 Luitpaldus
3256 4511 3536 4580 marchio,

101 4599 249 4643 nus.

184 4698 210 4749 1
224 4697 283 4763 5,
302 4690 652 4749 Counradus
668 4691 991 4764 imperator
1006 4691 1228 4749 Italiam
1244 4708 1373 4750 cum
1392 4693 1657 4751 exercitu
1682 4708 1778 4765 pe-

102 4783 210 4855 tit,
239 4786 302 4839 et
326 4780 816 4838 Mediolanensem
848 4781 1189 4854 episcopum
1218 4782 1275 4839 in
1298 4782 1625 4839 custodiam
1649 4782 1779 4837 mit-

101 4872 228 4939 tit;
256 4870 358 4941 qui
379 4870 511 4940 fuga
537 4869 739 4942 lapsus
763 4869 1100 4943 imperatori
1124 4870 1390 4927 rebellat.
1409 4871 1601 4927 Outbo
1626 4870 1781 4942 prin-

99 4973 265 5032 ceps
285 4957 695 5030 Karlingorum
711 4957 805 5015 “a
832 4959 1156 5018 Gozzelone
1185 4960 1334 5020 duce
1366 4975 1558 5035 pugna
1588 4961 1781 5017 victus

98 5047 481 5120 fugiensque
514 5062 546 5107 a
579 5046 830 5120 quodam
861 5048 1045 5106 milite
1083 5050 1390 5110 occiditur.

1892 4596 2192 4653 Adelberti
2242 4596 2417 4669 filius,
2453 4598 2699 4654 maxima
2746 4598 3133 4666 Ungariorum
3180 4597 3399 4665 clades,
3437 4598 3541 4651 im-

1891 4691 2116 4742 mature
2171 4686 2337 4742 obiit.
2392 4687 2583 4743 Pestis
2643 4687 2926 4759 pecudum
2988 4686 3252 4741 maxima.
3305 4685 3541 4756 lliemps

1893 4775 2034 4833 dura
2081 4780 2138 4831 et
2174 4776 2395 4833 nivosa.

1964 4869 2016 4921 6.
2048 4869 2082 4921 6
2112 4864 2232 4919 Kal.
2263 4867 2392 4921 Jun.
2428 4866 2599 4921 Brun.
2653 4863 2998 4919 Wirciburc.
3032 4862 3341 4933 episcopus
3391 4862 3537 4920 obiit

1896 4973 2046 5015 anno
2081 4954 2300 5011 Domini
2334 4957 2506 5022 1055;
2543 4953 2694 5009 sedit
2727 4967 2855 5007 ann.
2893 4957 2978 5021 11,
3014 4967 3085 5006 m.
3124 4956 3175 5018 1,
3210 4951 3266 5007 d.
3302 4953 3384 5007 14.
3426 4951 3539 5020 (Cf.

1900 5047 2087 5103 Hann.
2144 5059 2194 5100 a.
2249 5044 2597 5116 10444045.)
2644 5041 2949 5098 Heinricus
3010 5040 3158 5113 (186)
3202 5055 3308 5097 rex
3354 5042 3542 5101 tercio

1507 5172 1746 5233 νΑΒΙιΕ
1789 5170 2188 5232 LECTIONES.

183 5289 238 5364 ξι
273 5289 602 5364 _mortalita
654 5305 703 5349 ο.
761 5290 808 5364 ξ’
848 5291 944 5364 ite
1000 5305 1046 5350 c.
1107 5292 1274 5364 quod,
1311 5292 1413 5351 hic
1458 5293 1642 5364 etiam
1679 5293 1831 5364 item
1882 5292 2000 5364 legi

2031 5289 2249 5363 potest.
2304 5284 2350 5321 ⁸³
2404 5284 2682 5346 occidunt
2713 5302 2761 5346 ο.
2794 5283 2838 5321 ⁶⁴
2869 5284 2948 5345 ite
2978 5302 3025 5347 ο.
3060 5280 3103 5321 ⁸⁵
3130 5280 3430 5346 trubutari
3486 5298 3539 5346 σι

96 5363 150 5397 ⁸⁸
187 5360 549 5419 kalinlorum
570 5374 730 5420 corr.
772 5360 1135 5419 kalinlorum‘
1150 5378 1197 5421 ο.
1232 5363 1276 5398 ⁸⁷
1308 5364 1458 5421 duce
1491 5377 1538 5422 ο.
1572 5363 1619 5398 ⁸⁸
1648 5363 1813 5422 deest
1832 5377 1880 5421 ο.
1913 5360 1959 5396 θδ
1989 5360 2252 5431 agnetaen
2283 5372 2330 5417 c.

1708 5485 1912 5544 ΝΟΤΔΕ
1925 5530 1940 5546 .

198 5583 358 5657 (186)
391 5585 453 5641 In
486 5584 879 5656 sequentibus
907 5597 1043 5640 raro
1074 5584 1257 5639 verba
1287 5586 1621 5644 Ilerimanni
1650 5585 1917 5659 retinnit,
1947 5599 2042 5643 res
2063 5599 2203 5644 vero
2234 5588 2457 5641 tantum
2491 5597 2601 5640 non
2630 5595 2830 5639 omnes
2863 5579 2936 5639 ab
2967 5580 3097 5654 ipso
3128 5560 3429 5639 mutuatus
3451 5586 3542 5640 est

407 5684 503 5747 PA
512 5701 683 5746 TROL.
730 5681 940 5745 CLIV.

3228 5680 3302 5741 16
