3950 6356
475 305 589 366 491
1638 299 2088 363 EKKEHARD

2205 300 2724 364 lRAUGIENSIS
3719 313 3806 376 492

477 439 808 499 Pannonias
839 439 1023 495 iratus
1056 437 1413 508 ingrediens,
1441 437 1537 494 Dei
1567 437 1795 494 favente
1825 435 2130 494 clementia
2165 434 2220 494 A
2251 433 2388 491 inibi
2428 435 2656 507 occisis,
2691 435 2948 508 paciﬁce,
2985 433 3248 508 quamvis
3300 436 3499 510 inacte,
3531 439 3596 496 ad
3624 447 3808 516 prepria

477 539 538 588 et
560 533 733 588 beato
755 527 1072 585 Oudalrico
1095 527 1371 598 episcopo
1397 529 1721 599 imperante
1741 525 1808 596 το,
1843 526 2031 582 victor
2057 525 2139 580 fa-
2248 539 2378 580 cum
2411 525 2763 596 imperatore
2797 527 3117 582 redierunt.

479 619 908 691 ctus,Obonem
931 631 1060 674 cum
1077 631 1258 673 uxore
1276 615 2137 686 etﬁliiscognatisque,quibus
2320 618 2403 668 13.
2438 613 2549 682 (Ib.
2583 631 2632 670 a.
2673 617 3020 687 1052-1053.)
3069 615 3368 672 Heinricus
3414 617 3700 688 imperator
3739 625 3813 682 ite-

481 709 647 766 locus
673 707 956 764 evadendi
991 710 1139 776 erat,
1174 705 1486 774 eﬁ‘ugabat.
1523 707 1758 760 Petrum
1791 705 1846 760 in
1896 718 2134 774 regnum
2247 716 2372 757 rum
2398 703 2748 758 Pannoniam
2773 704 2944 774 petit,
2959 709 3018 759 et
3041 704 3230 760 inacte
3253 703 3420 775 redit,
3443 706 3645 766 habens
3663 726 3810 769 secum

483 797 791 860 restituit;
822 793 1182 865 subditoque
1213 793 1325 850 sibi
1359 794 1740 863 Ungariorum
1761 807 1960 864 regno,
1983 807 2138 848 sum-
2245 789 2300 844 in
2335 792 2613 848 comitatu
2649 795 2973 848 Brunonem
3007 791 3344 864 apostolicae
3375 795 3520 852 sedis
3565 801 3808 868 praesulem

483 901 576 941 mo
607 898 737 940 cum
771 883 992 939 honore
1045 881 1382 937 revertitur.
1418 880 1792 937 Gothefridus
1825 883 1941 938 dux
1975 883 2137 936 Lota-
2243 882 2300 933 et
2337 881 2660 950 proximum
2693 881 2886 938 natale
2916 882 3136 938 Domini
3165 882 3386 953 pariter
3423 883 3679 942 ducentes
3696 889 3812 945 Wor-

482 973 702 1074 νέοι*οω
753 971 1046 1074 Πειίῐιι-ἱεο¹
1075 971 1198 1039 regi
1229 969 1274 1003 τί
1305 969 1621 1039 rebellans,
1655 969 1725 1024 ad
1775 969 2130 1074 deditionem
2242 969 2454 1037 metire,
2480 969 2840 1040 apostolicus
2873 973 3106 1026 Romam
3141 969 3291 1025 redit
3323 975 3454 1026 1053
3480 987 3633 1044 anno,
3656 977 3808 1032 multis

479 1057 742 1130 c'baetus,
777 1061 833 1115 in
866 1057 1112 1116 castello
1145 1059 1585 1115 Gibichenstein
1637 1059 1786 1130 (187)
1828 1073 2012 1128 usque
2057 1057 2127 1113 ad
2239 1069 2366 1111 eum
2401 1057 2759 1114 diversarum
2794 1059 3224 1130 provinciarum
3257 1059 3534 1117 militibus
3578 1062 3808 1133 imperiali

479 1151 710 1221 dignam
741 1147 1204 1206 satisfactionem
1267 1147 1376 1204 sub
1422 1147 1692 1204 custodia
1739 1147 2122 1216 mancipatur.
2230 1144 2629 1214 'prazceptione
2663 1152 2723 1202 et
2761 1147 3077 1202 amicorum
3117 1147 3501 1204 subventione
3538 1151 3809 1207 comitanti-

548 1243 599 1294 7.
636 1237 741 1306 (Cf.
775 1237 956 1293 Hann.
993 1251 1042 1291 a.
1080 1237 1263 1307 1046.)
1297 1236 1604 1292 IIeinricus
1653 1249 1755 1290 rex
1785 1234 2010 1290 Italiam
2044 1234 2124 1288 in-
2237 1231 2446 1298 bus;et
2481 1237 2611 1302 post
2645 1235 2854 1303 pascha
2877 1235 3198 1292 exercitum
3223 1236 3442 1292 ducens
3469 1250 3566 1308 per
3595 1237 3810 1308 Apuliam

476 1341 738 1398 gressus,
775 1325 1016 1398 paciﬁce
1045 1339 1076 1380 a
1103 1324 1374 1380 Romanis
1399 1325 1742 1395 suscipitur,
1777 1337 1960 1394 papas
2002 1328 2122 1377 tres
2232 1325 2433 1376 contra
2460 1320 2882 1393 Nordmannos,
2915 1322 3070 1380 illius
3100 1327 3275 1380 terras
3309 1323 3584 1394 quondam
3606 1325 3810 1382 advenas

477 1431 589 1472 non
615 1415 787 1486 digne
817 1413 1170 1471 constitutos
1202 1412 1562 1482 synodaliter
1593 1412 1884 1483 deposuit,
1919 1415 1976 1465 et
2001 1410 2122 1466 Sui-
2233 1408 2331 1462 sed
2364 1413 2501 1465 tunc
2525 1411 2762 1466 Romani
2786 1410 3011 1482 imperii
3037 1412 3324 1482 inimicos,
3351 1411 3669 1484 inﬁnitaque
3688 1418 3813 1470 utro-

477 1503 752 1574 degerum
771 1501 1306 1571 Babenbergensem
1321 1500 1659 1572 episcopum
1675 1513 1881 1571 papam
1905 1497 2120 1554 consti-
2233 1495 2405 1566 hique
2429 1497 2570 1552 cede
2590 1503 2848 1567 peracta,
2872 1513 3016 1570 papa
3040 1514 3168 1555 cum
3194 1499 3392 1571 paucis
3413 1500 3624 1570 fugiens
3636 1501 3814 1572 absque

475 1593 590 1647 tuit
617 1610 632 1659 ;
665 1592 905 1664 ipseque
934 1595 993 1646 et
1019 1589 1272 1659 conjunx
1303 1589 1430 1659 ejus
1465 1591 1654 1658 Agnes
1689 1588 1885 1657 regina
1917 1585 2116 1643 eadem
2229 1583 2479 1640 victoria
2513 1586 2869 1657 regreditur,
2901 1586 3124 1644 relictis
3169 1586 3290 1644 illic
3325 1589 3627 1644 Suevorum
3657 1602 3710 1645 ac
3736 1591 3816 1645 No-

476 1681 572 1736 die
605 1679 890 1752 imperiali
913 1677 1315 1735 benedictione
1340 1676 1750 1733 sublimantur.
1776 1675 2118 1747 lmperatrix
2231 1672 2486 1728 ricorum
2520 1673 2805 1732 militibus
2829 1675 3094 1744 obtimis;
3117 1681 3177 1732 et
3208 1675 3263 1731 in
3295 1677 3440 1733 urbe
3470 1677 3814 1734 Beneventana

473 1783 615 1824 vero
644 1772 835 1838 Agnes
864 1767 1038 1822 ﬁliam
1069 1766 1222 1837 apud
1255 1768 1581 1822 Ravennam
1608 1764 1830 1835 genuit.
1867 1765 1996 1836 Ipse
2027 1778 2120 1819 au-
2147 1797 2202 1858 Β
2230 1761 2521 1858 consedit.

473 1861 592 1913 tem
629 1856 944 1928 imperator
977 1870 1080 1926 per
1113 1853 1376 1925 Apuliam
1425 1853 1756 1922 multasque
1787 1853 2119 1924 provincias
2147 1849 2198 1858 “’
2303 1853 2387 1906 14.
2423 1849 2535 1917 (Ib.
2572 1866 2622 1906 a.
2678 1852 2862 1923 1054.)
2911 1852 3050 1908 Dein
3101 1851 3416 1923 religiosus
3459 1867 3596 1925 papa
3641 1853 3810 1921 Bruno,

475 1944 630 2000 felici
664 1943 911 2001 victoria
941 1943 1266 2000 exercitum
1297 1942 1536 2012 ducens,
1561 1942 1782 1998 honore
1804 1955 2012 2012 magno
2030 1956 2116 1997 re-
2232 1937 2328 2006 qui
2359 1942 2417 1993 et
2451 1939 2579 2009 Leo,
2615 1955 2764 1995 anno
2796 1941 3216 1997 incarnationis
3248 1940 3471 1997 Domini
3513 1943 3656 2011 1054,
3685 1941 3810 2010 regni

472 2032 746 2090 vertitur.
2227 2039 2368 2081 vero
2399 2026 2649 2083 Heinrici
2681 2027 3048 2100 imperatoris
3071 2033 3156 2098 15,
3180 2027 3441 2100 gloriose
3459 2029 3626 2086 vitam
3647 2027 3808 2096 ﬁnivit,

541 2140 591 2194 8.
625 2137 731 2210 (Cf.
769 2139 952 2194 Hann.
973 2153 1024 2194 a.
1054 2139 1402 2208 1046-1047.)
1433 2139 1662 2191 Interea
1693 2137 1902 2191 Petrus
1933 2137 2088 2204 Unga

2227 2115 2498 2184 sepultus
2525 2117 2719 2172 Romae
2752 2116 2805 2172 in
2837 2117 3100 2174 aacclesia
3130 2117 3285 2173 beati
3323 2117 3498 2173 Petri.
3525 2115 3810 2174 Counradus

473 2201 688 2284 riorum
715 2241 816 2282 rex
838 2242 868 2282 a
893 2226 1141 2298 quodam
1177 2201 1422 2298 tyranno
1449 2225 1784 2280 Pannonico
1815 2201 2114 2296 captus'ct
2367 2203 2730 2298 “ﬂeor”?!
2751 2203 3032 2298 ξθάρτειίε
3059 2203 3168 2298 δίΡί
3186 2205 3483 2298 Δυξῖεξτίίδν
3502 2204 3731 2275 ετανίῐθν
3747 2217 3817 2259 τε·

471 2321 730 2386 cecatus,
757 2315 852 2370 ille
876 2288 972 2386 qui
1003 2329 1135 2371 eum
1165 2288 1472 2386 expulerat
1493 2328 1734 2383 regnare
1757 2288 1953 2385 ccepit.
1982 2315 2116 2370 Cor-
2225 2288 2436 2386 δθέιξιῆ
2460 2291 2602 2386 ne"?
2635 2291 3060 2386 Βθιιιινξηιξερι
3091 2293 3448 2386 ςοίθῖτίᾴυδ·

470 2421 580 2477 pus
611 2379 797 2461 sancti
832 2379 1090 2460 W—idonis
1121 2403 1192 2458 de
1226 2379 1388 2458 Italia
1420 2379 1658 2458 allatum
1681 2407 1771 2458 est
1795 2379 2016 2473 spiram
2040 2403 2112 2458 ab
2295 2379 3224 2477 15f‘PeOD‘iAPA?P?_G§bchardusi
3259 2382 3362 2477 {Illi
3403 2381 3689 2477 (ῗίγίξίονν
3717 2394 3820 2436 ευθ-

471 2468 825 2566 imperatore
849 2492 1116 2548 Heinrico
1143 2495 1174 2546 8
1208 2505 1355 2546 anno
1387 2491 1714 2561 regniejus,
1737 2468 1962 2562 imperii
1983 2491 2108 2562 ejus
2225 2468 3820 2566 0935i}(90:30?»-Adalbel‘tusmaﬁih‘iPObiit-Fames??-

470 2557 620 2639 anno
655 2585 704 2651 1,
738 2581 810 2637 ab
860 2580 1261 2637 incarnatione
1311 2557 1533 2635 Domini
1581 2557 1729 2636 anno
1774 2557 1932 2651 1047,
1967 2557 2110 2634 indi-
2228 2571 2340 2651 3"?
2375 2557 2503 2613 Ῡυίι·
2531 2557 2838 2651 Πθξῐινίουε
2872 2559 3189 2651 ίῐηβξδῗθῐοι·
3209 2558 3440 2651 {lanam
3463 2573 3586 2615 cum
3605 2557 3818 2613 θιθΐοίῑυ

473 2669 628 2725 tione
661 2645 745 2724 1⁷5.
773 2667 1126 2737 Suidegerus
1161 2681 1304 2738 papa
1337 2667 1480 2721 obiit
1514 2666 1717 2722 eodem
1751 2680 1865 2736 quo
1895 2645 2108 2723 consti-
2226 2646 2811 2738 Pete"5:0“["ia01lm
2828 2645 3822 2738 PacediSPQS“i_tifeVEPtenSquenep‘

467 2758 660 2814 tum“.
687 2771 836 2814 anno
865 2755 928 2810 1:.
959 2735 1077 2812 'pro
1116 2735 1246 2826 εἶπ’
1266 2757 1460 2826 Βορρο
1491 2735 1818 2811 ordinatam
2227 2740 2343 2789 tam
2367 2749 2529 2791 suam
2558 2735 2874 2791 Beatricem
2898 2749 3094 2792 secum
3117 2735 3557 2806 duxit,indigne
3573 2738 3823 2791 eamtrac-

535 2867 589 2920 9-
639 2862 846 2934 (Ηειικ-
909 2875 957 2916 a-
1022 2823 1558 2932 104540483000
1613 2859 1731 2915 dux
1789 2861 2105 2917 Suevorum
2224 2823 3820 2934 ἕῗῗῗ-9¹ἷ9,¹ἶῖῗ¹’ζ¹ἶ¹ἓ¹.¹ῗῖ¹,³ἷῖἶῗῖυῗεῗῗ¹ῗ2¹ῗ¹ἶῖἷ²ἶ¹ξ³3ΕΡΫΪἮΞ

465 2908 778 3007 obiit.\Pro
808 2965 924 3022 quo
955 2949 1095 3005 Otto
1141 2948 1212 3003 de
1257 2908 1555 3004 Suinvurti
1602 2948 1874 3004 surrexit.
1913 2950 2106 3022 Boppo
2219 2908 3821 3022 ξῗῗδξξῗῖξῗξθιί,ῘῙῘῨΨἮξ’ξνξ),ξιξιξῖΒξξὛίξί-ῨῘῘἾῘ-Ἶίξῗὲῗξί

507 2997 782 3107 εἶέζέὀῶΞῇ
805 2997 2103 3107 3.130;};testiﬁcaris};.1336:
2220 3001 2791 3107 (θυῗίὲθξῖῗῗῧθίβῗῗνῖἾ
2817 2997 3818 3107 ‘1’_’_‘l‘:.99‘_‘".'i“‘9.“_s_ibi???1395i:

463 3053 612 3111 papa
637 3052 782 3095 Obiit
805 3053 954 3094 anno
979 3052 1092 3108 quo
1113 3052 1516 3092 consumitur.
1537 3052 1749 3107 uruno,
1777 3052 1870 3107 qui
1892 3052 1950 3094 et
1970 3052 2102 3109 Leo,
2229 3052 2335 3056 "““
2704 3052 2791 3057 *νη
3011 3052 3344 3099 ""7""
3374 3052 3702 3100 *νγ-’π’

463 3126 862 3160 “habndum
899 3125 1146 3160 ηηηαηκ,
1203 3138 1348 3160 MM
1387 3123 1694 3160 “mna,”
2145 3152 2183 3160 Α
2217 3104 2322 3145 cus
2344 3089 2416 3144 ab
2444 3093 2797 3160 imperatore
2827 3091 3130 3160 expulsus,
3156 3105 3211 3144 in
3244 3092 3538 3146 Pannonia
3560 3087 3682 3145 exul
3702 3082 3818 3140 male

2138 3152 2186 3213 Ο
2215 3177 2486 3233 moritur.
2507 3152 2746 3233 Arnolfo
2771 3152 3026 3249 Spirensi
3049 3152 3330 3250 episcopo
3362 3176 3692 3236 Counradus
3721 3188 3822 3231 suc-

2213 3265 2412 3322 cessit.

460 3126 865 3184 Tolanensium
897 3125 1166 3189 antistes,
1203 3138 1349 3196 papa
1387 3123 1712 3180 ordinatur.

535 3239 620 3290 10.
657 3235 762 3306 (Cf.
796 3232 876 3290 ib.
919 3247 968 3288 a.
1006 3233 1188 3304 1040.)
1231 3231 1541 3286 IIeinricus
1589 3231 1906 3303 imperator
1953 3246 2103 3288 anno

462 3323 692 3394 imperii
724 3321 814 3378 sui
862 3321 1038 3376 tertio
1083 3318 1363 3390 quasdam
1399 3325 1594 3390 partes
1640 3319 1838 3376 Gallia:
1889 3321 2149 3376 invasit‘

461 3413 666 3466 contra
701 3405 1061 3462 Gotefridum
1085 3411 1144 3460 et
1168 3405 1562 3461 Baldewinum
1581 3423 1595 3472 ;
1615 3405 1828 3476 quibus
1852 3405 1922 3462 ad
1945 3405 2104 3460 dedi-

457 3498 676 3554 tionem
704 3494 950 3564 coactis,
983 3498 1041 3549 et
1092 3508 1271 3564 regno
1321 3492 1410 3548 his
1461 3493 1728 3564 partibus
1770 3493 2096 3566 paciﬁcate,

457 3585 649 3642 victor
688 3598 818 3640 cum
868 3577 1468 3638 honore'revertitur.
1503 3581 1763 3652 Synodus
1795 3581 2098 3652 Magontiaa

457 3675 726 3730 habetur.
758 3671 860 3728 Cui
891 3669 1058 3728 affuit
1090 3671 1282 3726 Bruno
1309 3669 1673 3740 apostolicus
1703 3673 1760 3726 et
1792 3671 2098 3728 IIeinricus

454 3763 790 3836 imperator.

2285 3359 2370 3410 16.
2407 3355 2792 3409 Herimannus
2840 3369 3036 3410 eomes
3083 3353 3462 3411 orientalium
3508 3354 3815 3409 Francorum

2211 3443 2357 3498 obiit
2387 3447 2420 3498 6
2451 3442 2572 3498 Kal.
2599 3443 2732 3498 Feb.
2760 3441 2966 3514 (1056.)
2991 3443 3373 3500 Gebebardus
3404 3437 3816 3513 Radisponensis

2209 3531 2545 3602 episcopus,
2565 3531 2752 3600 magni
2772 3531 3145 3602 imperatoris
3165 3532 3420 3589 Heinrici
3447 3528 3818 3604 patruus,hos-

2209 3621 2288 3676 tis
2313 3618 2543 3676 occulte
2563 3620 2854 3690 pessimus
2877 3619 3300 3692 deprehensus,
3319 3621 3515 3678 victus
3530 3623 3694 3688 atque
3711 3628 3818 3671 cus-

2207 3708 2384 3765 todiae
2409 3707 2796 3778 mancipatus,
2813 3707 2916 3764 sed
2932 3708 3712 3773 misericorditertractatus,
3725 3699 3820 3759 exi-

2207 3797 2284 3854 lio
2317 3796 2641 3852 remittitur
2673 3802 2733 3852 et
2765 3795 2888 3852 sedi
2922 3797 3185 3868 pristinae
3216 3798 3578 3856 restituitur.
3609 3790 3820 3850 Gotefri-

525 3873 610 3925 11.
644 3867 755 3940 (Ib.
818 3881 870 3922 a.
934 3863 1116 3936 1050.)
1175 3864 1410 3936 Ungarii
1470 3867 1679 3923 iterum
1706 3865 1752 3900 ⁷³
1781 3867 2088 3924 rebellant.

451 3958 608 4026 Quos
649 3955 1026 4014 Gebebardus
1078 3957 1393 4028 episcopus
1449 3955 1929 4027 Radisponensis,
1969 3957 2093 4013 vice

449 4044 706 4102 Heinrici
721 4043 1092 4114 imperatoris
1107 4044 1335 4100 obviam
1351 4043 1560 4114 factus,
1578 4043 1632 4098 in
1649 4044 1840 4112 fugam
1854 4058 2092 4100 conver-

448 4148 549 4191 sos
563 4147 676 4188 non
689 4131 919 4187 minima
935 4132 1077 4188 cede
1091 4132 1326 4199 afflixit;
1351 4131 1589 4202 insuper
1603 4130 1804 4187 urbem
1819 4131 2089 4190 marchiae

445 4219 509 4275 7‘.
535 4219 923 4275 Heimenburc
945 4217 1210 4275 aediﬁciis
1240 4223 1631 4275 restauratam
1665 4219 1902 4275 militari
1934 4220 2090 4276 obsi-

447 4308 619 4366 dione
634 4306 841 4363 muniri
860 4306 1025 4375 fecit;
1045 4307 1172 4378 ipse
1196 4321 1416 4364 summa
1431 4322 1559 4364 cum
1575 4323 1715 4378 pace
1727 4308 2084 4378 regreditur.

517 4418 604 4470 12.
639 4411 750 4484 (Ib.
795 4427 844 4468 a.
899 4416 1082 4486 1051.)
1128 4413 1341 4470 Bartho
1390 4413 1870 4484 archiepiscopus
1918 4414 2082 4470 obiit.

2205 3885 2314 3942 dus
2347 3885 2465 3940 dux
2497 3884 2566 3940 ad
2608 3883 2965 3940 deditionem
3008 3885 3186 3942 venit.
3243 3885 3354 3956 (Cf.
3390 3885 3623 3956 BER’I‘R.)
3653 3882 3819 3949 Magna

2201 3973 2378 4030 cedes
2407 3989 2436 4029 a
2469 3973 2737 4030 barbaris
2786 3973 2883 4044 qui
2932 3973 3140 4030 Luitiei
3187 3973 3473 4032 dicuntur
3502 3974 3558 4030 in
3588 3967 3820 4028 christia-

2201 4076 2310 4118 nos
2341 4062 2492 4118 faeta
2524 4067 2652 4128 est;
2685 4077 2930 4132 quorum
2980 4061 3213 4133 quidam
3253 4061 3478 4133 gladio,
3513 4059 3728 4132 quidam
3753 4054 3819 4110 fu-

2199 4151 2428 4220 gientes
2477 4149 2522 4183 ⁷⁸
2563 4150 2618 4206 in
2669 4165 2816 4222 aqua
2866 4151 3210 4222 perierunt;
3259 4151 3420 4208 inter
3467 4165 3614 4222 quos
3659 4143 3822 4202 Wille-

2201 4239 2354 4295 halm
2388 4239 2646 4296 marchio
2677 4239 2990 4296 occiditur.
3017 4240 3255 4296 Hisdem
3279 4239 3648 4312 temporibus
3676 4227 3818 4290 multi

2198 4327 2560 4385 diversarum
2593 4327 3021 4398 provinciarum
3059 4328 3356 4401 principes
3391 4329 3704 4402 perierunt.
3741 4321 3822 4376 Fa-

2199 4430 2320 4472 mes
2351 4415 2569 4473 multas
2599 4416 2934 4487 provincias
2981 4417 3199 4473 afﬂixit.
3237 4419 3492 4488 Egestas
3521 4420 3580 4472 et
3611 4407 3815 4486 penuria

443 4504 557 4560 Pro
573 4517 685 4574 quo
699 4501 1928 4574 Luitpoldus.Heinricusimperatoriterum
1944 4504 2086 4559 Pan-
2115 4505 2168 4565 D
2199 4503 2455 4576 undique
2489 4505 2819 4576 praevaluit.
2846 4505 3022 4562 Multa
3053 4505 3200 4562 mala
3227 4510 3371 4562 tunc
3402 4503 3674 4578 temporis
3696 4499 3818 4556 facta

441 4592 672 4650 neniam
695 4591 1017 4662 ingressus,
1035 4590 1218 4646 divisa
1241 4591 1298 4645 in
1323 4589 1468 4645 duas
1491 4595 1690 4660 partes
1707 4589 2082 4648 multitudine

439 4681 711 4750 militum,
728 4681 1023 4750 utrimque
1046 4679 1338 4748 regionem
1357 4677 1542 4748 ipsam
1566 4678 1729 4734 silvis
1753 4683 1812 4734 et
1835 4680 2080 4736 maxime

438 4783 719 4842 aquarum
755 4767 1206 4825 collectionibus
1254 4767 1710 4838 circumseptam
1759 4782 2076 4839 occupans,

435 4858 677 4916 intravit
706 4874 720 4922 ;
753 4857 852 4914 sed
887 4855 983 4912 illa
1014 4869 1158 4926 gens
1187 4854 1390 4911 durior
1415 4856 1632 4912 ceteris
1665 4872 1794 4912 cum
1817 4870 1952 4928 rege
1973 4873 2079 4914 suo

435 4947 640 5005 dolose
669 4949 726 5002 et
759 4945 1048 5015 ignaviter
1080 4958 1279 5014 agens,
1307 4958 1410 5000 sua
1446 4944 1666 5014 pariter
1687 4960 1817 5000 cum
1841 4943 1972 5001 aliis
1996 4945 2079 5001 di-

434 5037 656 5108 ripiens
687 5035 835 5091 fame
865 5035 923 5090 et
965 5033 1060 5089 siti
1110 5031 1424 5102 multisque
1470 5031 1740 5089 cladibus
1790 5032 2074 5090 lassatum

429 5130 695 5182 nostrum
728 5123 956 5194 fugiens
985 5121 1033 5155 ⁷⁵
1059 5123 1265 5178 evasit.
1293 5120 1502 5178 Milites
1535 5126 1728 5179 autem
1766 5122 2078 5194 imperato-

2197 4597 2352 4649 sunt.
2380 4593 2686 4650 Heinricus
2718 4593 3036 4665 imperator
3059 4594 3148 4650 his
3171 4593 3486 4650 doloribus
3503 4589 3822 4650 cordetenus

2196 4686 2586 4753 conpunctus,
2609 4681 2892 4738 inﬁrmari
2917 4683 3114 4756 coepit,
3141 4689 3202 4738 et
3225 4682 3558 4754 perductus
3580 4689 3744 4750 usque
3763 4670 3820 4728 ad

2196 4775 2443 4826 mortem
2477 4788 2492 4837 ;
2519 4771 2770 4842 sapienti
2805 4775 2998 4827 tamen
3035 4787 3174 4828 usus
3195 4771 3474 4843 consilio,
3497 4771 3568 4826 ab
3589 4763 3822 4824 omnibus

2196 4859 2410 4928 quibus
2443 4859 2634 4930 potuit
2667 4859 2891 4916 veniam
2940 4865 3170 4932 petens,
3225 4859 3585 4930 quibusdam
3635 4848 3820 4929 praedia

2195 4962 2324 5017 qua;
2360 4947 2605 5004 abstulit
2649 4947 2993 5020 restituens,
3027 4949 3262 5006 cunctis
3312 4950 3414 5020 qui
3469 4951 3669 5004 contra
3715 4952 3820 4997 eum

2194 5035 2398 5107 culpas
2429 5035 2792 5093 damnabiles
2826 5019 3088 5094 fecerunt
3129 5019 3434 5109 relaxans,
3467 5037 3646 5093 ﬁlium
3676 5039 3817 5088 suum

2195 5124 2524 5181 Heinricum
2556 5123 2792 5181 Romani
2828 5126 3128 5197 pontiﬁcis
3169 5130 3628 5196 ceterorumque
3659 5114 3822 5194 ponti.

430 5213 534 5286 ris,
557 5215 785 5268 vastata
817 5225 1020 5282 magna
1053 5213 1221 5283 parte
1252 5209 1570 5283 provinciae
1601 5210 1799 5268 multis
1829 5210 2068 5284 insuper
2178 5213 2346 5270 ﬁcum
2374 5217 2434 5269 et
2466 5212 2792 5286 principum
2823 5213 3113 5272 electione
3146 5227 3349 5284 regem
3381 5209 3709 5272 constituit.
3730 5202 3811 5262 His

1782 5364 2018 5422 VARUE
2057 5365 2458 5423 LECTIONES.

493 5475 542 5512 7°
561 5474 690 5556 (ego
742 5475 1112 5553 impetraute.
1173 5477 1220 5514 ⁷⁸
1254 5492 1398 5552 rege
1453 5491 1504 5539 ο.
1585 5477 1750 5541 deest
1823 5495 1870 5540 ο.
1954 5480 2000 5518 ⁷³
2058 5481 2140 5539 ite
2223 5496 2270 5542 ο.
2353 5481 2398 5520 ⁷⁸
2429 5481 2819 5541 marchionem
2894 5497 2944 5545 ο.
3031 5480 3078 5518 ⁷⁵
3109 5480 3348 5556 fugiens
3399 5497 3455 5544 ο.
3533 5481 3578 5518 ⁷⁸
3640 5475 3829 5553 ﬁgien-

421 5547 516 5610 tes
541 5547 630 5612 αι’
822 5547 840 5553 “
1324 5547 1347 5552 ⁷

509 5687 514 5688 ,
886 5687 891 5688 ,
2001 5621 2236 5688 NOTIE.

494 5687 643 5772 (187)
675 5690 761 5753 Ita
788 5687 919 5754 cod.
949 5689 1240 5754 Murensis
1285 5691 1644 5758 Herimanni.
