3950 6310
113 365 228 429 497

994 364 1434 430 CHRONICA.
1474 403 1538 413 -
1579 366 2055 432 CHRONICON
2100 366 2646 432 UNIVERSALE.

3410 364 3532 430 498

119 501 3530 533 w

359 649 1251 761 EKKEHARDI
1345 650 2206 763 CHRONICON
2316 651 3283 762 UNIVERSALE.

732 817 790 876 id
813 822 906 875 est
938 818 1341 889 abbreviatio._

578 921 1191 1011 EPYTHOME
1287 923 1732 1013 EUSEBlI
1819 926 1961 1013 DE
2046 923 2590 1029 SEQUENTI
2674 925 3079 1015 OPERE.

189 1233 403 1306 (Ηιειι.)
436 1233 698 1307 Moysen,
726 1236 967 1308 188-89),
988 1237 1182 1307 gentis
1226 1237 1525 1295 Hebraicae
1564 1237 1769 1294 ducto-
1798 1238 1851 1297 A
1882 1242 2228 1309 computans
2261 1250 2539 1295 annorum
2561 1251 2886 1306 numerum,
2912 1236 3161 1297 alterum
3200 1236 3531 1309 Dariiregis

125 1336 261 1395 rem,
294 1322 651 1397 quiprimus
674 1326 929 1383 omnium
946 1327 1361 1400 prophetarum
1386 1331 1520 1383 ante
1559 1326 1771 1384 adven-
1822 1328 1832 1335 '

127 1418 240 1470 tum
265 1413 492 1470 Domini
513 1412 842 1472 Salvatoris
882 1414 1110 1472 divinas
1140 1415 1302 1486 leges
1342 1416 1527 1473 sacris
1556 1414 1775 1472 litteris

127 1500 459 1574 explicavit,
507 1502 705 1562 Inachi
740 1504 921 1562 fuisse
960 1506 1343 1578 temporibus,
1385 1503 1772 1562 eruditissimi

128 1588 728 1661 viritradiderunt,ex
743 1593 964 1649 nostris
981 1594 1246 1650 Clemens
1265 1598 1324 1650 et
1344 1594 1672 1663 Africanus,
1704 1606 1775 1649 ex

126 1677 327 1735 Judeis
352 1680 647 1752 Iosephus
670 1685 729 1736 et
759 1682 984 1752 Justus,
1018 1683 1237 1739 veteris
1258 1682 1536 1755 hystoriae
1579 1696 1776 1739 monu-

131 1769 322 1823 menta
337 1766 721 1840 replicantes.
747 1770 929 1827 Porro
952 1771 1198 1828 Inachus
1222 1771 1557 1844 quingentis
1612 1770 1776 1828 annis

130 1854 431 1926 Trojanum
451 1856 673 1914 bellum
698 1856 1009 1915 antecedit.
1030 1860 1110 1915 Ex
1132 1860 1382 1917 ethnicis
1397 1876 1535 1917 vero
1567 1861 1779 1931 impius

133 1941 226 1999 ille
245 1943 596 2015 Porphirius
630 1946 685 2001 in
710 1952 918 2017 quarto
942 1948 1031 2004 sui
1064 1950 1260 2020 Operis
1291 1949 1463 2019 libro,
1497 1950 1650 2021 quod
1682 1949 1779 2004 ad-

134 2044 352 2087 versum
385 2046 497 2089 nos
520 2034 922 2092 cassolabore
976 2038 1299 2108 contexuit,
1362 2042 1488 2111 post
1546 2039 1775 2108 Moysen

135 2118 565 2177 Semiramidem
584 2122 763 2180 fuisse
780 2125 1045 2197 affirmat,
1070 2142 1197 2197 qum
1210 2126 1362 2198 apud
1381 2126 1650 2197 Assyrios
1683 2141 1781 2182 an-

135 2211 187 2263 te
199 2208 467 2265 Inachum
493 2212 767 2279 regnavit
791 2228 970 2271 annos
989 2219 1109 2271 150.
1127 2217 1330 2285 Itaque
1348 2215 1510 2287 juxta
1527 2229 1656 2271 eum
1675 2219 1780 2271 800

137 2308 270 2365 pene
292 2301 349 2353 et
372 2301 445 2352 50
470 2298 646 2355 annis
665 2300 907 2371 Trojano
933 2302 1085 2359 bello
1116 2303 1337 2373 Moyses
1380 2303 1574 2359 senior
1625 2303 1780 2360 inve-

1883 1327 2188 1383 Persarum
2212 1331 2419 1399 querat
2443 1341 2674 1399 annum,
2692 1328 2799 1385 sub
2830 1343 2946 1400 quo
2969 1326 3249 1400 templum
3263 1325 3533 1384 Hieroso-

1883 1412 2172 1486 limorum,
2233 1416 2385 1487 quod
2426 1430 2455 1472 a
2503 1415 2836 1488 Babyloniis
2882 1416 3250 1474 destructum
3317 1416 3527 1486 fuerat,

1884 1503 2274 1561 instauratum
2294 1508 2403 1576 est,
2463 1506 2771 1577 reperieta
2821 1505 3049 1577 Tyberii
3099 1510 3164 1561 15
3215 1518 3399 1576 usque
3460 1502 3531 1560 ad

1886 1593 2118 1650 Darium
2149 1608 2330 1652 annos
2380 1596 2500 1651 540.
2546 1595 2695 1667 (190)
2742 1594 2896 1650 Darii
2960 1594 3176 1667 quippe
3237 1589 3532 1650 secundus

1888 1696 2073 1739 annus
2106 1684 2487 1753 sexagesimus
2518 1683 2734 1753 quinta)
2760 1682 3093 1755 olimpiadis
3144 1697 3293 1739 anno
3344 1682 3532 1756 primo

1889 1770 2016 1843 fuit,
2070 1773 2376 1842 etTyherii
2436 1776 2608 1828 15mm!
2664 1772 2719 1826 in
2785 1776 2881 1827 201
2935 1771 3266 1843 olimpiadis
3320 1784 3530 1827 annum

1889 1866 2161 1930 quartum
2222 1861 2487 1917 incurrit.
2548 1861 2713 1916 Fiunt
2766 1875 2905 1931 ergo
2979 1860 3131 1916 inter
3194 1859 3425 1916 Darium
3472 1862 3530 1915 et

1888 1950 2207 2021 Tyberiiw
2251 1959 2375 1988 ιιιιιω
2406 1964 2614 2006 annum
2662 1948 3009 2021 olimpiades
3058 1952 3174 2017 136,
3228 1947 3358 2004 anni
3406 1950 3528 2017 556,

1890 2039 2272 2109 quadriennio
2314 2038 2369 2093 in
2399 2052 2511 2093 una
2556 2036 2868 2108 olimpiade
2917 2037 3257 2108 subputato.
3315 2034 3534 2091 Deinde

1888 2127 2147 2182 secundo
2197 2126 2346 2181 Darii
2397 2141 2543 2181 anno
2595 2125 3067 2197 septuagesimus
3151 2121 3535 2180 desolationis

1888 2215 2088 2287 templi
2119 2228 2303 2271 annus
2332 2212 2619 2286 expletur,
2655 2228 2683 2269 a
2744 2228 2858 2284 quo
2914 2226 3100 2283 usque
3143 2210 3216 2267 ad
3264 2211 3529 2283 primam,

1887 2303 2255 2376 olimpiadem
2286 2307 2606 2359 retrorsum
2631 2308 3010 2359 numerantur
3050 2300 3396 2373 olimpiades
3442 2302 3533 2367 64,

140 2383 302 2439 nitur.
330 2386 470 2442 Cum
494 2386 628 2443 hare
663 2389 742 2445 ita
776 2403 837 2446 se
883 2390 1154 2461 habeant,
1206 2391 1597 2447 necessarium
1639 2391 1776 2448 duxi
1890 2393 2169 2463 anni256,
2205 2392 2305 2463 qui
2337 2391 2608 2447 similiter
2641 2391 3040 2461 subputantur
3070 2402 3102 2445 a
3150 2402 3329 2460 supra
3378 2387 3537 2445 dicto

138 2470 429 2529 veritatem
444 2474 797 2545 diligentius
818 2479 1173 2550 persequi,et
1191 2483 1451 2552 tempora
1469 2495 1776 2549 regnorum

1892 2479 2492 2551 desolationistempli
2526 2493 2675 2535 anno
2710 2492 2893 2549 usque
2946 2477 3015 2534 ad
3050 2481 3117 2534 49
3147 2491 3357 2537 annum
3382 2476 3537 2534 Ozize

139 2564 325 2616 contra
349 2575 410 2653 se
442 2562 699 2620 invicem
724 2580 957 2637 ponere,
1011 2582 1077 2623 ac
1116 2568 1472 2637 singularum
1513 2568 1773 2638 gentium
1808 2595 1861 2653 B
1892 2569 2048 2638 regis
2070 2570 2422 2637 Judzeornm,
2459 2569 2565 2623 sub
2601 2581 2715 2637 quo
2736 2566 2937 2623 Ysaias
2959 2570 3015 2621 et
3048 2565 3221 2622 ‘Osee
3281 2564 3537 2621 fuerunt.

140 2660 307 2705 annos
335 2649 810 2723 dinumerare,ut
832 2655 967 2726 quid
985 2656 1195 2727 cuique
1217 2662 1575 2713 coaetaneum
1602 2657 1777 2713 fuerit

143 2737 358 2795 curioso
392 2742 698 2811 possimus
725 2743 926 2799 ordine
958 2749 1180 2800 notare.
1200 2747 1395 2816 Neque
1420 2760 1507 2800 me
1533 2745 1700 2815 fugit,
1724 2744 1779 2799 in

145 2824 367 2884 Hebreis
397 2828 712 2887 codicibus
741 2830 1013 2889 dissonos
1034 2838 1272 2890 aetatum
1295 2848 1477 2890 annos
1509 2831 1778 2902 inveniri,

150 2911 377 2987 plusque
399 2917 491 2973 vel
526 2918 740 2990 minus,
774 2925 946 2992 prout
982 2922 1406 2993 interpretibus
1455 2923 1640 2979 visum
1666 2926 1781 2993 est,

146 3000 382 3100 lectitari
405 3007 893 3100 sequendumque
918 3010 1061 3067 illud
1087 3011 1285 3082 potius
1300 3011 1454 3082 quod
1489 3012 1784 3084 exempla-

149 3095 346 3150 riorum
375 3095 699 3154 multitudo
730 3098 785 3154 in
816 3097 983 3154 fidem
1016 3100 1217 3157 traxit.

207 3270 407 3331 Verum
439 3278 765 3348 utcumque
789 3277 920 3349 quis
942 3278 1100 3336 volet
1122 3284 1442 3352 computet,
1505 3279 1781 3353 reperiet,

149 3361 321 3419 Inachi
355 3364 745 3437 temporibus,
792 3381 960 3438 quem
992 3368 1237 3439 primum
1280 3369 1447 3439 Argis
1512 3383 1785 3440 regnasse

150 3449 314 3523 aiunt,
336 3454 733 3524 patriarcham
790 3457 1146 3512 Hebreorum
1187 3457 1367 3513 fuisse
1412 3458 1722 3514 Israhelem
1755 3474 1785 3515 a

152 3553 254 3609 quo
281 3543 346 3597 12
385 3543 585 3600 tribus
619 3544 895 3600 Israhelis
938 3544 1288 3601 vocabulum
1364 3547 1590 3603 sortitae
1626 3552 1783 3603 sunt.

155 3626 574 3688 Semiramidcm
617 3637 809 3689 autem
869 3638 926 3689 et
981 3634 1267 3690 Abraham
1321 3635 1790 3707 contemporales

157 3715 317 3774 fuisse
347 3721 723 3778 manifestum
766 3726 873 3780 est.
923 3724 1062 3779 Nam
1117 3724 1358 3795 Moyses,
1412 3723 1551 3781 licet
1591 3724 1789 3795 junior

157 3796 617 3879 supradictissit,
658 3811 1475 3883 omnibustamenquosGreci
1516 3813 1791 3883 antiquis-

159 3892 320 3951 simos
344 3900 555 3969 putant
569 3899 771 3956 senior
784 3899 1262 3973 deprehenditur,
1290 3902 1537 3957 Homero
1560 3900 1785 3958 scilicet

158 3984 209 4035 et
261 3983 504 4043 Hesiodo
552 3988 917 4061 Troianoque
958 3988 1132 4061 bello,
1187 4004 1251 4046 ac
1280 3994 1459 4046 multo
1519 3989 1788 4062 superius

160 4068 405 4144 Hercule,
430 4075 649 4147 Museo,
682 4077 840 4148 Lino,
876 4078 1145 4148 Chirone,
1171 4078 1422 4149 Orpheo,
1451 4079 1691 4134 Castore
1723 4093 1787 4135 ac

159 4156 394 4231 Polluce,
430 4164 763 4237 Appolline,
791 4165 1118 4239 Esculapio,
1144 4168 1371 4237 Libero,
1416 4166 1700 4223 Mercurio
1728 4172 1788 4223 et

160 4250 357 4307 ceteris
388 4251 501 4309 diis
532 4254 795 4324 gentium
844 4255 1147 4327 sacrisque
1179 4256 1270 4312 vel
1292 4256 1549 4326 vatibus,
1598 4255 1787 4328 ipsius

161 4346 370 4407 quoque
390 4342 555 4397 Iovis
570 4342 775 4415 gestis,
804 4358 971 4415 quem
988 4344 1189 4400 Grecia
1213 4344 1266 4400 in
1294 4359 1426 4401 arce
1460 4343 1785 4400 divinitatis

162 4422 469 4485 collocavit.
495 4432 628 4501 Hos,
656 4432 909 4503 inquam,
932 4448 1131 4490 omnes
1162 4449 1305 4505 quos
1318 4433 1788 4489 enumeravimus

162 4510 316 4569 etiam
337 4522 469 4587 post
483 4519 800 4592 Cecropem
825 4520 1002 4577 Dillen
1014 4520 1079 4592 οι,
1106 4537 1350 4594 primum
1368 4521 1574 4578 Atticae
1589 4535 1783 4591 regem

165 4599 325 4659 fuisse
351 4607 772 4679 convincimus,
808 4610 1117 4684 CccrOpem
1146 4615 1333 4668 autem
1364 4611 1538 4682 Moysi
1577 4615 1789 4667 comta-

171 4702 321 4747 neum
352 4692 628 4764 hystoriaa
651 4696 966 4753 ostendunt
1000 4702 1209 4755 etante
1230 4699 1536 4769 Trojanum
1572 4698 1784 4755 bellum

170 4775 332 4834 fuisse
363 4783 530 4838 annis
561 4788 683 4840 350.
714 4784 875 4851 Quod
900 4802 969 4842 ne
1000 4787 1091 4843 cui
1118 4787 1356 4845 dubium
1389 4788 1677 4859 videatur,
1704 4804 1792 4844 se-

169 4877 331 4933 quens
360 4871 510 4926 ratio
557 4872 639 4929 sic
677 4876 969 4944 probabit.
1028 4877 1480 4947 Quadragesimo
1536 4876 1792 4933 secundo

1820 3948 1868 4006 Ο

1893 2658 2090 2728 Itaque
2113 2657 2297 2727 prima
2328 2655 2598 2725 olimpias
2642 2655 2696 2708 in
2730 2654 2916 2709 Ysaize
2939 2659 2999 2708 et
3042 2653 3399 2724 reliquorum
3438 2650 3537 2723 qui

1893 2760 2023 2803 cum
2048 2759 2117 2799 eo
2142 2743 2638 2816 prophetaverunt
2675 2740 2922 2797 incurrit
2946 2744 3197 2796 aetatem.
3224 2741 3469 2796 Rursum
3489 2739 3536 2795 si

1896 2849 1925 2890 a
1957 2834 2142 2907 prima
2171 2831 2485 2903 olimpiade
2508 2829 2576 2886 ad
2601 2828 2903 2901 superiora
2932 2832 3195 2899 tempora
3252 2832 3313 2884 et
3360 2841 3541 2898 usque

1894 2922 1963 2978 ad
1999 2920 2401 2992 captivitatem
2432 2917 2614 2987 Trojae
2645 2914 3003 2988 provebaris,
3048 2913 3308 2970 invenies
3360 2928 3543 2971 annos

1893 3007 2068 3065 405"
2091 3022 2239 3079 quos
2269 3004 2664 3063 curiusissima
2726 3005 3039 3060 Grecorum
3097 3000 3353 3073 hysteria
3408 3015 3542 3057 con-

1894 3097 2123 3154 scribit.
2151 3098 2291 3152 Item
2322 3094 2477 3167 apud
2490 3092 2749 3149 Hebreos
2775 3107 2804 3148 a
2830 3106 3009 3163 supra
3032 3090 3190 3147 dicto
3204 3089 3359 3147 Ozim
3390 3103 3541 3145 anno

1895 3191 1954 3241 et
1983 3184 2345 3256 temporibus
2373 3182 2557 3239 Ysaim
2579 3182 2882 3254 prophetas
2942 3193 3128 3251 usque
3180 3178 3251 3235 ad
3302 3178 3541 3234 Samson

1895 3277 1953 3330 et
1988 3274 2234 3331 tercium
2269 3286 2479 3329 annum
2506 3270 2737 3342 Lapdon
2765 3267 2983 3340 judicis
3012 3267 3544 3340 subputatisannos

1897 3366 1998 3420 405
2023 3362 2086 3417 δ’.
2118 3365 2356 3419 Samson
2388 3365 2581 3416 autem
2625 3362 2713 3416 est
2739 3372 2907 3429 quem
2940 3357 2995 3413 in
3025 3356 3291 3427 corporis
3331 3356 3544 3412 robore

1899 3452 2126 3509 Ilerculi
2158 3451 2404 3507 similem
2439 3451 2632 3505 ferunt
2653 3446 2875 3519 posteri
2906 3446 3259 3503 Iudaeorum.
3286 3444 3542 3501 Etmichi

1895 3541 2171 3597 videntur
2214 3553 2326 3594 non
2360 3538 2601 3594 multum
2659 3536 2878 3592 distare
2940 3538 3205 3606 tempore
3254 3533 3543 3606 siquidem

1897 3631 2066 3687 ambo
2098 3629 2252 3685 circa
2281 3627 2465 3696 Troiae
2506 3624 2908 3697 captivitatem
2951 3623 3206 3679 fuerunt.
3241 3623 3385 3679 Post
3421 3622 3547 3679 haec

1899 3719 2109 3775 iterum
2142 3718 2211 3773 ad
2239 3716 2432 3788 priora
2451 3718 2815 3781 convertere,
2837 3714 2897 3766 et
2915 3726 3047 3767 cum
3071 3714 3174 3768 329
3222 3724 3403 3767 annos
3444 3724 3546 3767 nu-

1899 3822 2094 3863 merus
2170 3810 2329 3861 retro
2416 3806 2584 3858 actus
2633 3800 2739 3855 tibi
2828 3797 3171 3870 expleverit,
3228 3798 3544 3869 Cecropem

1896 3895 2090 3952 Deﬂen
2120 3893 2165 3927 ⁸³
2193 3894 2507 3949 Grecorum
2539 3893 2595 3945 et
2620 3889 2851 3960 Moysen
2895 3886 3155 3943 invenies
3185 3885 3544 3941 Hebreoruin

1898 3985 2037 4040 Nam
2088 3998 2117 4038 a
2152 3986 2217 4039 45
2270 3978 2545 4050 Cecropis
2596 3991 2742 4032 anno
2792 3988 2977 4047 usque
3026 3973 3095 4029 ad
3141 3973 3545 4047 captivitatem

1897 4072 2081 4141 Trojze
2120 4076 2179 4127 et
2203 4071 2463 4125 ab80m°
2483 4064 2678 4123 artatis
2739 4063 2938 4136 Moysi,
2993 4062 3047 4118 in
3102 4077 3219 4134 quo
3270 4060 3545 4133 populum

1900 4159 2322 4220 Israheliticum
2347 4158 2417 4213 de
2442 4158 2683 4226 :Egypto
2704 4151 2928 4221 eduxit,
2964 4165 3149 4221 usque
3195 4149 3263 4205 ad
3295 4149 3545 4206 tercium

1898 4263 2108 4307 annum
2141 4244 2609 4319 Lapdonjudicis
2650 4244 3063 4313 computantur
3093 4239 3223 4295 anni
3257 4241 3379 4295 329.
3438 4239 3551 4294 Ita-

1898 4353 2011 4411 que
2034 4338 2158 4393 sine
2183 4335 2298 4392 ulla
2341 4332 2723 4403 ambiguitate
2754 4330 2977 4402 Moyses
3009 4333 3068 4385 et
3119 4331 3390 4399 Cecrops,
3448 4327 3547 4399 qui

1898 4427 2122 4499 primus
2155 4421 2589 4480 Atheniensium
2616 4433 2717 4475 rex
2739 4418 2866 4488 fuit,
2891 4417 3116 4474 hisdem
3139 4417 3299 4474 fuere
3327 4420 3551 4487 tempo-

1899 4516 2082 4572 ribus.
2110 4516 2288 4569 I’orro
2322 4512 2431 4568 iste
2461 4514 2549 4566 est
2584 4508 2838 4579 Cecrops
2862 4505 3036 4561 Dilles
3054 4503 3097 4538 ⁸⁸
3122 4504 3411 4574 indigena,
3437 4504 3549 4559 sub

1899 4620 2012 4677 quo
2043 4602 2290 4675 primum
2320 4599 2376 4655 in
2402 4612 2534 4655 arce
2554 4596 2706 4654 oliva
2737 4600 2866 4651 orta
2900 4598 3011 4663 est,
3071 4597 3129 4648 et
3186 4592 3325 4647 urbs
3380 4590 3553 4647 Athe-

1898 4692 2184 4750 niensium
2218 4704 2287 4745 ex
2322 4688 2588 4743 Minervae
2642 4681 3037 4755 appellatione
3068 4693 3272 4735 nomen
3333 4677 3548 4735 sortita

1900 4788 2008 4839 est.
2036 4781 2138 4837 Hic
2170 4779 2393 4851 primus
2422 4774 2675 4832 omnium
2698 4774 2893 4828 Jovem
2931 4766 3271 4840 appellavit,
3306 4780 3465 4822 aram
3494 4768 3546 4822 ei

1901 4869 2108 4930 statuit
2146 4869 2465 4935 bovemque
2515 4860 2855 4927 immolavit,
2909 4855 3258 4913 simulachra
3304 4853 3545 4926 reperit,

173 4964 305 5011 anno
325 4956 552 5030 imperii
582 4942 826 5032 Augusti
852 4942 1428 5036 Christusnatusest,
1484 4966 1789 5036 15Tyberii
1903 4965 1959 5015 et
1991 4957 2261 5015 victimas
2288 4952 2525 5022 obtulit,
2551 4960 2913 5021 nequaquam
2960 4944 3135 5001 istius
3195 4942 3347 5001 modi
3374 4943 3553 5036 rebus

178 5053 312 5098 anno
343 5047 648 5117 predicare
679 5064 849 5108 orsus
872 5058 980 5108 est.
1009 5054 1061 5110 Si
1087 5054 1218 5125 quis
1268 5032 1444 5123 igitur
1477 5032 1794 5110 retrorsum
1907 5051 1962 5105 in
1989 5045 2190 5103 Grecia
2210 5055 2460 5113 unquam
2493 5037 2635 5096 visis
2665 5055 2679 5103 ;
2711 5039 2907 5094 cetera
2959 5048 3190 5105 quoque
3212 5047 3342 5103 quae
3396 5032 3549 5103 apud

1506 5177 1741 5233 VARH".
1782 5169 2180 5230 LECTIONES.

240 5259 282 5295 ⁸¹
310 5264 375 5322 in
410 5266 529 5326 loco
554 5283 690 5329 raso
722 5276 770 5327 1.
802 5270 846 5305 ⁸³
876 5273 919 5328 V
948 5287 1151 5333 acerra
1188 5279 1236 5332 1.
1275 5274 1531 5332 VIHier.
1567 5272 1588 5306 ³
1613 5274 1704 5331 ita
1733 5287 1763 5330 ε
1788 5286 1938 5330 corr.
1978 5275 2025 5325 1.
2057 5267 2100 5302 ⁸⁴
2132 5279 2314 5324 ecorr
2344 5268 2393 5318 1.

1737 5395 1958 5452 NOTAE.

186 5549 645 5640 amen-xum;
665 5549 978 5628 magna
991 5549 1330 5640 “aggessi;
1345 5549 1477 5623 est.

258 5622 396 5697 (190)
428 5622 992 5701 suaiér'os'éi'ibihhi
1019 5622 1308 5697 annorum
1328 5622 1799 5710 supputationem

250 5482 482 5574 “aq-‘89)
504 5499 639 5554 Tota
665 5498 925 5574 prmratio
948 5497 1150 5574 paucis
1175 5497 1415 5574 mutatis
1441 5511 1516 5574 ex
1548 5496 1798 5553 Eusebio
1910 5490 2286 5574 Ekkeha-rdus
2320 5491 2377 5547 id
2408 5493 2792 5574 sequentibus
2832 5485 3003 5562 paulo
3044 5484 3309 5554 mutavit,
3361 5480 3554 5538 verbis

1908 5564 2462 5633 tamenHieronymi
2490 5564 2763 5621 servatis.
