3950 6302
418 348 538 416 499
1565 353 2046 420 EKKEHABDI
2087 356 2644 428 URAUGIENSIS
3698 364 3802 434 500

423 483 640 544 Grecos
669 481 814 543 mira
840 481 1144 557 iactantur
1201 487 1528 562 posteriora
1579 489 1855 563 Cecropis
1904 489 2071 548 annis
2098 491 2155 554 A
2184 497 2788 572 mordioincipientes,
2812 496 3222 569 generationes
3242 500 3473 570 patrum
3527 495 3600 556 ab
3647 497 3800 557 Adam

425 573 964 646 deprehenduntur.
999 575 1083 633 Sit
1110 591 1251 648 ergo
1275 577 1551 650 Cecropis
1581 580 2068 650 consequentiaet
2185 602 2369 660 usque
2400 589 2468 646 ad
2499 590 2640 660 Noe,
2691 592 2746 646 et
2769 603 2798 644 a
2841 590 2958 646 Noe
2999 591 3130 660 post
3191 587 3479 646 diluvium
3533 602 3710 660 usque
3742 590 3797 646 ad

425 661 779 750 MoysiiPost
803 663 955 720 hunc
987 664 1344 722 describitur
1382 665 1664 724 diluvium
1701 669 1808 724 sub
1857 669 2072 726 Deuca-
2182 677 2466 734 Abraham
2497 678 2922 747 describamus,
2949 677 3159 734 deinde
3180 692 3310 734 cum
3333 676 3554 734 ceteris
3581 677 3799 750 scripto-

425 749 599 820 lione,
615 749 941 808 incendium
957 751 1068 808 sub
1089 751 1392 823 Phetonte,
1410 754 1798 826 Ericthonius,
1830 755 2069 812 Vulcani
2182 764 2348 820 ribus
2369 767 2441 821 ab
2471 765 2758 822 Abraham
2777 771 2835 822 et
2865 780 2896 822 a
2919 764 3062 821 Nino
3087 779 3272 835 usque
3301 765 3372 820 ad
3405 769 3662 821 nostram
3689 749 3800 823 aita-

425 841 484 925 et
511 837 703 925 Terrae
733 835 908 894 ﬁlius.
938 837 1359 911 Dardaniusque
1388 840 1846 912 quiDardaniam
1875 841 2072 900 condi-
2181 859 2296 908 tem
2328 854 2602 910 inferiora
2633 859 2896 925 tempora
2941 867 3382 925 prosequamur,
3419 855 3478 909 et
3537 852 3725 910 statim
3753 854 3797 910 in

425 923 535 995 dit,
571 924 746 1013 Libim
777 939 1010 997 quoque
1038 930 1244 999 raptus
1273 931 1330 985 et
1354 931 1622 1002 Europae,
1639 930 2069 988 sacrisCereris
2181 941 2470 1013 principio
2491 941 2602 1011 sui,
2624 923 3080 998 commemorato
3122 940 3279 1008 Belo,
3334 923 3466 996 Nini
3520 943 3698 1011 patre,
3752 944 3800 996 et

425 1016 604 1100 atque
633 1011 941 1072 delubrum
963 1015 1177 1087 Ysidis,
1214 1016 1268 1073 in
1283 1017 1879 1090 Eleusinal‘rumenta,
1911 1021 1984 1076 Tr

2235 1011 2774 1097 gialoVSicioniorum
2796 1045 2952 1100 rege,
3012 1029 3367 1086 Hebreorum
3423 1029 3700 1086 Abraham
3750 1034 3795 1084 et

423 1099 650 1172 tolemi,
674 1115 914 1172 regnum
931 1103 1111 1175 Trois,
1894 1142 1899 1147 ι
2180 1117 2551 1187 Assyriorum
2574 1118 2777 1175 Ninum
2805 1125 2866 1176 et
2911 1117 3352 1174 Semiramidem
3413 1131 3794 1189 preponamus,

499 1189 691 1264 Cujus
711 1192 805 1250 dii
822 1193 1032 1250 uatum
1049 1192 1435 1254 Ganimedem
1453 1195 1538 1253 ad
1569 1197 1776 1254 sidera
1827 1197 2070 1270 raptu/In
2182 1206 2316 1276 quia
2333 1222 2520 1278 neque
2543 1209 2895 1264 Athenarum
2911 1207 3098 1263 adhuc
3113 1207 3256 1263 urbs
3271 1221 3462 1276 neque
3479 1206 3797 1276 Argivorum

509 1278 662 1338 Vina
688 1279 828 1338 ,[ουὶ
854 1282 1096 1355 magnis
1119 1283 1709 1357 volwuntfundere
1734 1287 1976 1345 mensis.
2182 1309 2423 1364 regnum
2446 1311 2650 1353 nomen
2674 1300 3003 1369 acceperat,
3029 1295 3173 1352 solis
3214 1293 3490 1352 Sicioniis
3535 1294 3592 1350 in
3623 1294 3799 1380 Grecis

428 1375 551 1442 Quo
574 1378 837 1450 tempore
866 1377 1140 1436 Tantalus
1165 1384 1222 1436 et
1253 1381 1456 1452 Tycius
1487 1383 1722 1439 inerunt
1753 1385 1811 1438 et
1861 1381 2068 1454 Apollo
2185 1383 2546 1456 ﬂorentibus,
2580 1384 2734 1458 apud
2756 1400 2906 1456 quos
2937 1384 3302 1456 temporibus
3335 1383 3585 1441 Abrahm
3614 1375 3800 1440 et'Nini

428 1468 601 1522 natus
620 1469 710 1522 est
743 1481 911 1532 ;nam
945 1467 1180 1538 Latona,
1213 1470 1376 1526 Jovis
1416 1471 1686 1542 conjunx,
1751 1485 1852 1543 per
1900 1471 2068 1543 Tycia
2183 1474 2472 1546 EnrOpem
2521 1473 2837 1530 secundum
2897 1487 3172 1543 regnasse
3224 1473 3440 1529 ferunt.
3517 1471 3672 1538 Quod
3718 1486 3803 1528 cur

430 1549 574 1622 fugit
606 1565 824 1623 regna;
859 1554 1090 1612 Latona)
1111 1561 1303 1614 autem
1324 1561 1382 1614 et
1421 1558 1581 1615 Jovis
1625 1557 1782 1616 filius
1839 1557 2066 1631 Apollo.
2185 1562 2358 1618 etiam
2383 1567 2560 1619 etnos
2581 1567 2876 1634 putemus,
2911 1561 3418 1618 demonstrabitur
3443 1559 3501 1617 in
3549 1559 3806 1632 sequenti-

428 1639 566 1695 Post
597 1654 744 1712 quos
775 1642 1052 1700 Cathmus
1071 1643 1293 1702 Thebas
1323 1646 1500 1702 venit.
2191 1651 2298 1706 bus
2320 1649 2383 1705 ⁸⁷.

503 1727 619 1793 Qui
645 1728 919 1788 Semelen
931 1731 1160 1802 genuit,
1193 1733 1263 1790 de
1281 1747 1407 1807 qua
1423 1733 1842 1806 pulcherrima
1873 1735 2074 1808 proles
2260 1738 2314 1793 Si
2339 1738 2488 1794 enim
2513 1738 2824 1810 diligenter
2854 1753 3161 1796 enumeres
3189 1753 3219 1795 a
3253 1735 3690 1808 quadragesimo
3710 1738 3802 1791 ter-

499 1813 1249 1909 Libar‘condignampartu
1268 1822 1419 1880 tulit
1441 1823 1884 1897 editaﬂugem.
2108 1842 2160 1900 Β
2191 1827 2282 1884 cio
2306 1842 2454 1884 anno
2479 1827 2604 1884 Nini
2637 1842 2819 1899 usque
2837 1827 2910 1884 ad
2929 1827 2975 1862 ⁸⁸
3003 1827 3188 1909 Troiae
3215 1825 3638 1899 captivitatem,
3675 1823 3804 1879 inve-

430 1902 616 1959 Porro
649 1901 800 1960 liber
827 1908 887 1961 et
917 1921 1208 1976 quosmox
1229 1909 1531 1969 inferimus
1581 1917 1713 1984 post
1746 1910 2080 1970 ducentesi-
2194 1915 2318 1971 nies
2339 1930 2522 1973 annos
2541 1918 2664 1988 834,
2697 1916 2832 1973 item
2857 1917 2912 1972 in
2947 1901 3171 1973 Sicione
3201 1929 3232 1971 a
3261 1919 3332 1971 22
3365 1928 3516 1970 anno
3551 1912 3694 1984 regis
3719 1913 3804 1968 Eu-

427 2003 582 2078 mum
630 2005 841 2049 annum
872 1993 1148 2067 Cecropis
1181 1997 1435 2070 fuerunt,
1495 2001 1672 2057 Linus
1745 2000 1977 2058 scilicet
2023 2004 2084 2056 et
2198 2005 2356 2076 ropis
2386 2019 2574 2076 usque
2600 2005 2670 2062 ad
2704 2005 3106 2078 supradictum
3139 2009 3374 2077 tempus
3395 2002 3626 2060 eosdem
3653 2015 3802 2059 annos

429 2075 2088 2166 {etusetAmphyomMuseumOrpheus,Minos,Perseus
2200 2075 2640 2164 invenie37835,
2699 2075 2852 2166 apud
2906 2095 3168 2152 Hebreos
3241 2075 3480 2164 quoque
3535 2090 3802 2148 nativitate

429 2164 798 2238 Esculapius,
824 2171 1032 2227 Castor
1053 2177 1111 2228 et
1137 2173 1594 2247 Polluxgemini,
1627 2176 1930 2248 Hercules,
1957 2191 2086 2234 cum
2205 2180 2487 2236 Abraham
2521 2195 2703 2250 usque
2727 2164 2797 2237 ad
2831 2181 3077 2238 tercium
3116 2195 3328 2236 annum
3385 2179 3613 2250 Lapdon
3663 2175 3702 2211 ⁸³
3729 2177 3802 2247 ju-

431 2267 544 2323 quo
577 2254 784 2326 Apollo
840 2257 1082 2315 servivit
1114 2260 1380 2318 Admeto.
1432 2264 1574 2320 Post
1606 2279 1752 2336 quos
1807 2267 1963 2322 facta
1993 2271 2088 2323 est
2203 2268 2352 2324 dicis
2405 2269 2784 2339 Hebreorum,
2811 2269 2906 2340 qui
2949 2268 3208 2338 Trojanis
3236 2267 3600 2339 temporibus
3626 2264 3805 2338 populo

437 2341 621 2428 Troiae
653 2343 985 2413 subversio,
1029 2361 1198 2418 quam
1259 2351 1543 2408 Homerus
1606 2353 1778 2424 longo
1826 2355 2092 2425 sequitur
2203 2355 2441 2428 prefuit,
2463 2355 3066 2428 mque”supputabis
3097 2371 3281 2414 annos
3329 2360 3459 2427 834,
3509 2355 3638 2412 item
3679 2352 3804 2425 apud

438 2427 753 2517 intervallo
778 2448 792 2494 ;
827 2433 1109 2492 Homerus
1139 2442 1332 2494 autem
1355 2439 1564 2496 Solone
1587 2441 1854 2499 etTalete
1872 2442 2093 2499 Milesio
2204 2427 2771 2516 Egypliosabmtate
2793 2427 2994 2501 Niniet
3010 2445 3566 2517 Semiramidis,quo
3582 2447 3806 2515 tempore

437 2516 782 2588 ceterisque
817 2520 914 2591 qui
944 2537 1072 2580 cum
1097 2522 1188 2581 his
1233 2531 1456 2598 septem
1489 2528 1786 2600 sapientes
1817 2529 2095 2603 appellati
2207 2536 2272 2588 16
2289 2533 2404 2604 jam
2427 2531 2677 2590 dinastia
2697 2533 2906 2590 Thebei
2935 2532 3219 2606 Egyptiis
3239 2516 3624 2604 imperabant,
3655 2543 3805 2600 usque

441 2606 815 2694 sunt-multo
881 2609 1043 2681 prior
1090 2614 1434 2686 reperitur;
1485 2617 1695 2675 deinde
1734 2619 2095 2692 Pythagoras
2205 2621 3625 2694 adviccsimamdinastiam,idestpotestatem,et
3645 2631 3803 2689 regem

441 2689 671 2782 extitit,
700 2694 796 2764 qui
822 2709 886 2752 sc
919 2711 1032 2754 non
1063 2700 1387 2772 sapientem
1413 2706 1478 2760 ut
1523 2689 1906 2777 priores,vsed
1930 2689 1943 2690 ί
1965 2708 2101 2780 phy-
2203 2709 2432 2782 :Egypti
2453 2709 2730 2781 Theoren,
2764 2709 2862 2781 qui
2894 2689 2965 2766 ab
3009 2689 3256 2767 Homero
3289 2689 3550 2782 Polipus'
3577 2709 3801 2772 vocatur,

447 2776 780 2852 losophum,
809 2783 982 2842 idest
1004 2793 1321 2846 amatorem
1351 2791 1672 2865 sapientiai,
1707 2776 1821 2851 dici
1862 2776 2096 2863 voluit;
2205 2776 2326 2854 sub.
2347 2776 2460 2870 quo
2489 2799 2664 2855 etiam
2687 2776 2852 2871 Troja
2881 2801 3055 2872 capta
3100 2803 3209 2870 est,
3262 2776 3622 2869 colliguntur
3662 2806 3805 2866 supra
3889 2851 3891 2862 ,

437 2880 607 2954 quem
630 2873 874 2929 secutus
911 2873 1206 2948 Socrates,
1225 2877 1640 2949 quiPlatonem
1656 2882 1970 2954 erudivit,a
1987 2897 2098 2953 quo
2207 2884 2346 2941 dicti
2377 2886 2647 2943 anni834.
3889 2875 3891 2954 ἓ

439 2953 693 3044 famosas
728 2957 783 3014 in
808 2966 1008 3032 partes
1039 2964 1422 3039 pbylosopbia
1462 2968 1650 3027 divisa
1705 2976 1818 3028 est.
1880 2973 2096 3028 Horum
2275 2971 2459 3042 Igitur
2479 2977 2910 3044 consequenter
2959 2987 3074 3029 uno
3127 2971 3454 3044 eodemque
3495 2977 3732 3044 tempore
3761 2967 3802 3022 in

439 3041 715 3114 singulos
733 3047 899 3120 juxta
932 3053 1194 3110 ordinem
1238 3055 1500 3116 historiae
1542 3059 1667 3116 suis
1696 3058 1842 3117 locis
1881 3060 2098 3118 insere-
2205 3041 2409 3116 ordine
2437 3041 2853 3134 descriptionis
2887 3075 3168 3132 ponemus
3183 3041 3496 3130 Abraham,
3520 3041 3707 3117 Ninum
3734 3055 3804 3112 vel

444 3146 592 3190 mus.
621 3134 807 3204 igitur
828 3138 1054 3211 Moyses
1078 3148 1323 3201 cunctos
1356 3160 1502 3216 quos
1533 3161 1710 3220 supra
1758 3148 2098 3205 memoravi-
2128 3187 2176 3248 Ο
2207 3149 2664 3221 Semiramidem,
2740 3151 3046 3222 Europem,
3129 3151 3527 3222 Egyptiorum
3567 3148 3802 3205 Thebeos.

453 3225 890 3248 ...ηηηηηλμ
942 3229 1335 3248 ---εημμη
1506 3235 1516 3246 .
1606 3236 1680 3248 ..
1988 3241 1996 3248 .
2074 3241 2098 3248 _
2207 3239 2251 3248 -.
2433 3238 2470 3248 -.
2722 3237 2778 3248 ..
3078 3243 3086 3248 .
3330 3241 3343 3248 .
3791 3246 3801 3248 _

451 3235 579 3278 mus
596 3225 913 3297 antecedit,
935 3229 1260 3298 quiamtate
1274 3233 1554 3306 Cecropis
1601 3236 1782 3293 fuisse
1811 3241 2098 3294 monstra"
2129 3225 2176 3248 υ
2206 3239 2366 3294 Nunc
2393 3238 2567 3294 etiam
2597 3236 2740 3294 illud
2765 3238 2819 3294 in
2852 3243 3116 3310 curaest,
3151 3244 3216 3296 ut
3242 3241 3598 3296 Hebreorum
3619 3246 3807 3308 quoque

441 3312 540 3399 tus
567 3314 679 3366 est.
718 3313 804 3369 Ab
818 3318 1184 3386 octogesimo
1207 3325 1400 3378 autem
1426 3337 1574 3381 anno
1602 3325 1778 3397 Moysi
1811 3331 1870 3382 et
1899 3327 2096 3396 egres‘
2209 3340 2390 3383 annos
2409 3325 2464 3382 in
2497 3330 2748 3398 quatuor
2778 3331 3038 3399 tempora
3074 3327 3429 3399 dividamus,
3472 3329 3542 3385 ab
3561 3323 3805 3382 Abraham

441 3395 606 3454 sione
637 3399 916 3490 lsraelex
938 3405 1162 3478 Egypto
1189 3423 1422 3466 rursum
1439 3411 1511 3467 ad
1529 3395 1835 3484 superiora
1855 3419 2097 3471 conver'
2207 3427 2392 3486 usque
2415 3415 2486 3472 ad
2507 3395 2754 3488 Moysen,
2781 3431 2809 3471 a
2843 3395 3035 3487 Moyse
3067 3431 3248 3488 usque
3280 3416 3352 3474 ad
3408 3395 3635 3490 primam
3665 3408 3809 3469 aediﬁ-

439 3499 540 3578 sus
563 3499 749 3578 usque
767 3488 837 3545 ad
855 3492 1105 3563 primum
1122 3510 1334 3554 annum
1351 3499 1600 3557 Abrahie
1641 3501 2096 3573 reperiesannos
2207 3503 2494 3560 cationem
2524 3503 2749 3575 templi,
2777 3505 2848 3560 ab
2879 3505 3266 3562 aediﬁcatione
3317 3488 3522 3578 templi
3545 3515 3712 3574 usque
3751 3495 3806 3555 ad

437 3572 666 3665 595:",
729 3591 842 3648 quo
896 3579 1171 3640 similiter
1217 3601 1247 3642 a
1274 3589 1342 3643 45
1392 3601 1540 3645 anno
1600 3572 1874 3660 Cecropis
1912 3607 2096 3663 usque
2207 3591 2517 3649 secundam
2551 3572 2663 3664 qua
2694 3572 3078 3650 instauratum
3111 3598 3198 3650 est
3239 3592 3304 3665 ’1,
3340 3572 3806 3651 abinstaurationc

441 3659 510 3753 ad
542 3661 750 3753 Nidum
774 3671 834 3722 et
884 3669 1320 3730 Semiramidem
1377 3676 1753 3748 Assyriorum
1790 3659 2099 3752 principes
2208 3683 2334 3752 ejus
2355 3659 2628 3753 usquead
2656 3681 2968 3739 adventum
2988 3681 3202 3740 Christi
3221 3659 3468 3740 Domini.
3486 3679 3805 3739 Anativitate

439 3751 542 3806 505
609 3749 1057 3844 “_subputatis.
1132 3761 1364 3820 Primus
1439 3765 1656 3837 quippe
1703 3749 1858 3823 omni
1918 3749 2094 3839 Asiae,
2210 3749 2425 3843 quippe
2448 3749 2744 3827 Abraham
2776 3787 2960 3842 usque
3015 3771 3087 3828 ad
3153 3773 3384 3844 Moysen
3436 3776 3492 3828 et
3547 3778 3803 3841 egressum

439 3839 707 3932 exceptis
726 3843 902 3916 Indis,
928 3845 1131 3920 Ninus,
1160 3849 1279 3907 Beli
1314 3851 1470 3910 filius
1507 3853 1835 3926 imperavit.
1885 3857 2092 3927 Itaque
2211 3839 2389 3915 Israel
2445 3872 2518 3914 ex
2576 3859 2820 3930 Egypto
2841 3839 3261 3932 computantur
3297 3861 3432 3917 anni
3471 3839 3603 3927 505,—
3632 3849 3804 3912 exinde

441 3926 810 4020 inanimi”
841 3937 938 3989 θδί
969 3936 1258 3994 Abraham
1311 3940 1436 3996 Nini
1495 3945 1671 4000 εθιειθ
1727 3926 2098 4013 generatum,
2211 3961 2396 4018 usque
2429 3947 2497 4004 ad
2533 3926 2893 4003 Saloni-onem
2911 3926 3226 4020 et'primam
3252 3926 3804 4006 aedificationemtem-
3889 3929 3891 4008 Ι

433 4011 600 4106 insita
648 4033 782 4075 eum
839 4027 1031 4079 tamen
1087 4041 1392 4086 numerum
1429 4045 1598 4102 quem
1637 4011 2095 4089 contractiorem
2209 4036 2289 4106 pli
2322 4035 2452 4092 anni
2485 4034 2656 4105 478”,
2700 4038 3022 4093 secundum
3077 4037 3359 4094 minorem
3415 4041 3600 4092 tamen
3645 4041 3804 4087 nume-
3889 4065 3891 4104 ί

438 4102 700 4195 editione
721 4107 956 4179 vulgata
981 4125 1172 4172 Sermo
1201 4119 1410 4188 prebet
1449 4119 1726 4178 Hebreus.
1795 4122 2004 4178 Verum
2039 4122 2096 4178 in
2208 4102 2355 4195 rum,
2383 4137 2551 4194 quem
2586 4102 2804 4181 tercius
2835 4127 3166 4195 Regnorum
3197 4126 3348 4182 liber
3379 4125 3629 4183 continet
3661 4138 3673 4186 ς
3700 4128 3802 4173 nam
3889 4141 3891 4150 '

440 4190 789 4286 curiositate
814 4213 883 4254 ne
908 4213 1134 4286 cesses,
1161 4207 1222 4260 et
1281 4221 1412 4263 cum
1445 4209 1698 4264 divinam
1731 4210 2092 4282 Scripturam
2201 4190 2368 4283 juxta
2399 4190 2670 4269 volumen
2708 4213 2978 4270 Iudicum
3038 4220 3436 4286 supputantur
3462 4212 3586 4271 anni
3639 4211 3799 4268 θοοςει

443 4277 758 4372 ἀίμιίεθιᾳιθτ
793 4285 1102 4361 evolveris,
1131 4294 1494 4352 anativitate
1557 4277 1879 4354 Abrahani-
1909 4313 2094 4370 usque
2202 4277 2510 4358 Salomone
2541 4315 2679 4356 vero
2738 4315 2923 4372 usque
2977 4300 3049 4357 ad
3098 4277 3571 4358 instaurationem
3615 4289 3798 4362 templi,

445 4367 728 4460 adito-tius
759 4374 922 4432 orbis
951 4377 1232 4438 diluvium
1265 4382 1525 4441 invenies
1555 4390 1881 4442 retrorsum
1912 4367 2094 4444 annos
2209 4403 2336 4459 qua;
2355 4389 2464 4444 sub
2492 4388 2662 4446 Dario
2676 4367 2982 4444 Persarum
3000 4403 3136 4460 rege
3180 4391 3329 4446 facta
3345 4395 3456 4460 est,
3492 4384 3800 4454 colliguntur

444 4456 750 4549 2911091),
787 4461 924 4521 item
963 4482 995 4524 a
1027 4468 1249 4528 diluvio
1280 4471 1350 4528 ad
1398 4473 1578 4529 Adam
1633 4488 1816 4531 annos
1859 4479 2013 4545 1656,
2037 4475 2093 4532 in
2131 4547 2156 4549 μ
2209 4456 2340 4532 anni
2395 4479 2701 4548 512,porro
2749 4491 2778 4532 a
2821 4476 2992 4533 Dario
3042 4456 3230 4548 usque
3263 4478 3332 4534 ad
3391 4456 3796 4549 predicationem

443 4545 660 4636 quibus
689 4549 846 4608 nulla
875 4554 1109 4625 penitus
1132 4573 1239 4616 nec
1271 4561 1474 4631 Greca,
1504 4575 1611 4618 nec
1633 4563 1900 4633 barbara,
1925 4566 1984 4619 et
2031 4568 2092 4621 ut
2129 4547 2175 4606 υ
2212 4563 2428 4619 Domini
2458 4545 2635 4619 Jhesu
2667 4563 2879 4620 Christi
2935 4568 2994 4620 et
3026 4545 3212 4636 usque
3259 4565 3332 4622 ad
3393 4545 3580 4621 irinum
3628 4567 3796 4615 annum

447 4633 502 4726 in
517 4650 818 4726 commune
834 4640 1222 4714 loquar,nulla
1237 4649 1787 4717 gentilisinvenitur
1805 4651 2090 4722 hystoria.
2206 4651 2432 4723 Tyberii
2466 4651 2746 4723 principis
2769 4633 3157 4710 Romanorum
3181 4653 3494 4726 explentur
3519 4639 3794 4708 anni547”.

446 4721 596 4814 Q92)
620 4725 798 4793 Quam
831 4730 906 4786 ob
938 4747 1057 4788 rem
1089 4749 1290 4792 omnes
1311 4721 2094 4812 hystoriarumscriptoresa
2208 4721 2409 4812 Itaque
2433 4721 2602 4798 simul
2638 4721 2779 4798 fiunt
2808 4741 2879 4798 ab
2939 4743 3227 4799 Abraham
3259 4721 3466 4814 iusque
3522 4738 3588 4796 ad
3643 4736 3798 4790 15mm”

443 4811 611 4884 Nino,
645 4815 742 4887 qui
765 4833 872 4875 suo
903 4834 1081 4892 regno
1121 4836 1233 4880 non
1289 4829 1603 4885 contentus
1636 4827 1822 4886 aliena
1855 4811 2096 4885 invasit
2205 4811 2432 4900 Tyberii
2493 4845 2701 4887 annum
2737 4829 2867 4885 anni
2897 4833 3039 4887 2042
3081 4831 3145 4887 ’⁸.
3180 4811 3457 4888 Similiter
3513 4843 3542 4884 a
3596 4827 3656 4882 43
3683 4831 3798 4877 anno

444 4900 649 4991 etideo
673 4905 896 4976 primus
919 4923 1194 4980 regnasse
1213 4912 1786 4988 dicitur,temporum
1809 4915 2097 4988 incipiunt
2206 4917 2334 4972 Nini
2364 4916 2410 4950 ’⁸
2460 4931 2642 4988 usque
2693 4917 2762 4974 ad
2797 4917 2989 4974 άϐιιιιιι
3030 4919 3306 4991 Cecropis
3367 4921 3501 4975 sunt
3553 4909 3670 4968 anni
3719 4905 3799 4960 505

449 4986 828 5060 digestiones.
867 4997 982 5055 Nos
1003 4999 1075 5056 ab
1101 4999 1228 5073 ipso
1284 4986 1595 5062 mundanae
1628 4986 1946 5062 creationis
1983 5005 2102 5078 pri-
2208 5005 2419 5062 exinde
2475 4986 2658 5077 usque
2681 5005 2752 5062 ad
2794 4986 3423 5078 captivitatem-Trojie
3469 5002 3596 5062 anni
3632 4999 3734 5062 329,
3773 5004 3794 5044 ε

1811 5182 2048 5239 VARIIE
2088 5182 2175 5238 LE
2185 5181 2495 5242 CTIONES.

516 5287 741 5379 1X}
794 5309 944 5379 σοῖν.
969 5306 1043 5379 Α.
1067 5300 1122 5379 ff
1161 5316 1192 5360 θ
1227 5318 1376 5379 corr,
1439 5311 1488 5379 1.
1521 5304 1567 5341 ⁸⁷
1613 5307 1668 5364 in
1699 5324 1746 5366 s.
1777 5321 1984 5366 eam.
2020 5313 2069 5379 1.
2104 5306 2149 5340 ⁸⁸
2177 5322 2207 5362 a
2239 5307 2444 5379 quadr.
2479 5337 2548 5348 —
2612 5307 2684 5364 ad
2731 5320 2962 5379 “eam.
3011 5313 3034 5364 1
3078 5326 3094 5375 ;
3145 5307 3205 5364 et
3224 5305 3444 5378 ubique
3474 5288 3798 5379 ﬂigrowfi

452 5367 1027 5462 gumﬁoslgtgtagif.
1067 5371 1114 5405 ⁸⁸
1181 5379 1224 5430 ι.
1283 5391 1334 5433 a.
1361 5377 1404 5462 l._
1433 5378 1666 5462 titulo-eq
1710 5391 1852 5462 rage
1892 5385 1964 5461 .1..
1997 5378 2044 5413 ⁹⁰
2072 5367 2313 5462 itfeque
2370 5393 2401 5436 θ
2429 5377 2926 5462 corr..i.1“tum
2997 5367 3142 5436 esto
3185 5367 3420 5436 οοννῖί.
3472 5374 3514 5408 ⁸³
3561 5373 3621 5428 IX
3655 5367 3793 5424 Hier-

527 5429 650 5488 νηί
701 5435 876 5492 Hier.
911 5439 953 5473 "
981 5441 1096 5498 duo
1124 5458 1155 5502 ο
1362 5429 1964 5508 ἶίῖν⁷ᾗῖσφὶἻιήίῌί
1993 5429 2193 5506 -ῙΝ
2208 5429 2540 5520 ἓὲὖνοῖζὶὶέ
2553 5429 2820 5520 uitietur,
2836 5429 2891 5506 ἶ

2045 5573 2248 5631 NO'UE
2262 5617 2276 5631 .

530 5671 678 5752 (isi)
707 5681 994 5744 Numeros
1032 5687 1359 5764 Hieronymi
1415 5695 1794 5756 Ekkehardus
1840 5697 2107 5757 mutavit.
2295 5697 2446 5770 (192)
2476 5663 2610 5755 Haec
2641 5695 2778 5754 Ekk.
2804 5694 3040 5766 adjecit.
