3950 6330
131 402 265 465 501

1054 400 1493 465 CHRONICA.
1527 434 1605 445 -—
1634 395 2111 461 CHRONICON
2153 398 2681 464 UNIVERSALE

3453 402 3570 465 502

133 537 505 610 captivitate
528 540 716 610 Trojze
735 540 1004 612 usquead
1033 540 1272 614 primam
1288 538 1657 611 olimpiadem
1678 535 1809 593 anni
1840 530 1896 593 A
1998 537 2208 592 Cainan
2241 552 2389 594 anno
2413 539 2544 596 vitm.
2563 555 2681 597 suae
2708 540 3139 612 septuagesimo
3160 540 3359 612 genuit
3395 540 3563 599 Mala-

139 626 335 697 405“,
362 643 394 684 a
429 629 615 701 prima
649 630 960 702 olimpiade
994 645 1179 701 usque
1202 630 1271 687 ad
1294 628 1612 686 secundum
1658 626 1812 683 Darii

139 730 372 774 annum
401 723 461 775 et
516 719 1006 778 instaurationem
1054 721 1258 792 templi
1291 720 1423 776 anni
1454 724 1577 787 256,
1614 720 1685 775 ab
1734 718 1815 773 in-

143 808 529 864 stauratione
560 809 766 881 templi
798 825 991 880 usque
1017 810 1086 866 ad
1123 814 1315 866 15mm
1346 808 1570 880 Tyberii
1603 821 1812 863 annum

142 900 211 950 et
248 897 718 967 predicationem
770 898 985 954 Christi
1018 900 1149 954 anni
1201 897 1377 954 547⁸⁷.
1414 898 1553 953 Sunt
1614 911 1752 961 ergo
1783 910 1812 949 a

142 987 307 1043 Nino
361 992 419 1044 et
480 987 859 1045 Semiramide
889 985 935 1020 ⁸⁸
966 1004 1147 1059 usque
1204 988 1275 1043 ad
1336 992 1529 1043 15mm
1585 984 1812 1056 Tyberii

145 1076 417 1133 Caesaris
441 1091 653 1132 annum
702 1078 843 1133 2042
866 1077 999 1132 anni
1040 1076 1104 1147 ’9,
1155 1091 1301 1148 quos
1332 1082 1391 1132 et
1421 1078 1493 1131 ab
1528 1074 1812 1129 Abraham

146 1180 354 1237 usque
385 1164 455 1220 ad
486 1164 795 1236 Tyberium
827 1169 1178 1236 supputatos
1208 1164 1596 1222 ostendimus.

231 1254 351 1310 Sed
387 1268 456 1309 ne
505 1253 715 1323 longus
766 1254 915 1309 forte
969 1268 1342 1309 numerorum
1393 1251 1536 1307 ordo
1595 1247 1813 1320 aliquid

144 1343 528 1399 turbationis
542 1342 768 1412 aﬂ‘crat,
789 1357 817 1398 a
836 1341 1171 1398 conditione
1198 1342 1362 1413 plei
1383 1340 1631 1396 hominis
1654 1340 1810 1407 Adm,

147 1431 260 1501 qui
297 1436 468 1488 sexto
520 1431 823 1488 mundanze
877 1431 1193 1486 creationis
1230 1430 1322 1485 die
1382 1431 1667 1485 formatus
1698 1432 1812 1499 est,

143 1520 545 1591 genealogias
573 1520 943 1590 antiquorum
971 1524 1198 1591 patrum
1222 1534 1407 1590 usque
1432 1519 1502 1575 ad
1529 1520 1813 1574 Abraham

144 1610 561 1679 conferamus,
614 1614 679 1665 ut
714 1608 901 1665 facilis
956 1609 1291 1680 przebeatur
1335 1608 1612 1671 inventio,
1646 1608 1814 1678 cujus

147 1698 342 1753 Greci
367 1697 458 1752 vel
482 1698 711 1753 barbari
737 1702 910 1754 aetate
933 1698 1235 1769 prophetae
1267 1702 1323 1753 et
1348 1711 1519 1767 reges
1542 1700 1598 1752 et
1624 1711 1815 1753 sacer-

146 1786 344 1842 dotes
368 1786 721 1842 Hebrcorum
756 1786 991 1857 fuerint,
1016 1786 1267 1856 itemque
1301 1786 1661 1842 diversarum
1680 1800 1816 1855 gen-

1924 624 2056 697 leel,
2081 627 2250 695 cujus
2289 644 2493 685 nomen
2533 629 2957 701 interpretatur
2998 630 3301 701 plantatio
3323 631 3454 701 Dei,
3482 631 3564 687 vi-

1924 722 2093 771 vente
2125 716 2233 772 adh
2246 734 2311 774 110
2336 717 2513 773 Adam
2536 724 2594 773 et
2617 719 2867 775 habente
2892 734 3074 776 annos
3093 724 3215 776 395.
3243 720 3455 776 Cainan
3475 734 3573 776 au-

1922 806 2038 859 tem
2065 810 2370 875 postquam
2403 808 2543 862 vixit
2574 813 2891 880 annosQlO,
2911 814 3177 866 mortuus
3208 815 3317 867 est.

2000 892 2183 961 (1811).)
2214 895 2511 950 Malalehcl
2536 911 2685 952 anno
2708 897 2843 954 vitae
2868 913 2986 954 suae
3033 902 3101 953 65
3157 899 3360 969 genuit
3387 901 3566 969 Jaret,

1927 982 2022 1052 qui
2058 982 2483 1053 interpretatur
2512 985 2861 1042 descendens
2893 988 3016 1043 sive
3045 1002 3353 1061 superans,
3388 990 3567 1047 Adam

1925 1069 2114 1127 adhuc
2135 1072 2366 1128 vivente
2389 1078 2446 1129 01
2472 1075 2721 1130 habente
2745 1091 2926 1133 annos
2963 1076 3082 1133 460.
3110 1079 3239 1149 Ipse
3254 1083 3446 1136 autem
3460 1080 3569 1136 Ma-

1928 1158 2133 1215 lalehel
2154 1176 2283 1217 eum
2311 1162 2751 1220 vixissetannos
2774 1169 2898 1235 895,
2920 1171 3185 1223 mortuus
3207 1171 3315 1222 est.

1994 1250 2190 1303 Jareth
2226 1264 2373 1306 anno
2428 1252 2566 1307 vitae
2599 1268 2718 1308 81110
2752 1257 2852 1309 162
2881 1254 3085 1321 genuit
3139 1255 3353 1325 Enoch,
3392 1255 3569 1312 Adam

1925 1336 2112 1392 adhuc
2144 1338 2373 1393 vivente
2404 1344 2462 1394 et
2491 1342 2595 1396 622
2625 1356 2805 1397 annos
2834 1342 3105 1399 habente.
3147 1343 3347 1399 Jareth
3377 1347 3568 1401 autem

1924 1437 2053 1477 cum
2086 1428 2244 1479 esset
2276 1439 2552 1481 annorum
2583 1429 2706 1495 942,
2732 1432 2997 1483 mortuus
3028 1434 3140 1483 est.

1996 1513 2189 1567 Enoeh
2245 1527 2392 1569 anno
2445 1515 2581 1570 vitm
2614 1530 2734 1570 sua)
2785 1518 2854 1570 65
2908 1516 3109 1585 genuit
3166 1517 3568 1589 Mathusalam,

1924 1600 2157 1655 vivente
2188 1602 2377 1658 adhuc
2409 1604 2587 1658 Adam
2622 1609 2681 1659 et
2725 1604 2975 1660 habente
3006 1620 3189 1663 annos
3219 1608 3342 1663 687.
3376 1607 3571 1664 Enoch

1926 1693 2118 1746 autem
2160 1696 2467 1761 postquam
2493 1692 2639 1747 vixit
2661 1707 2838 1748 annos
2862 1696 2985 1762 365,
3021 1700 3224 1764 raptus
3244 1700 3335 1751 est
3368 1711 3398 1751 a
3428 1696 3566 1765 Deo,

1928 1778 2177 1849 ideoque
2195 1780 2322 1835 ﬁnis
2346 1780 2471 1847 ejus
2486 1795 2597 1835 non
2614 1780 2909 1836 invenitur
2932 1783 3326 1853 conscriptus.
3345 1784 3571 1841 Dicitur

148 1875 312 1932 tium
351 1874 498 1931 falso
521 1875 726 1930 crediti
754 1875 853 1943 dii,
882 1875 977 1945 qui
1002 1875 1230 1938 heroes,
1265 1890 1391 1944 quae
1417 1876 1557 1930 urbs
1583 1875 1812 1945 quando
1844 1881 1898 1941 Β
1927 1872 2117 1923 autem
2151 1867 2326 1923 multa
2362 1868 2693 1938 scripsisse,
2732 1870 2832 1924 sed
2867 1871 2939 1923 ab
2980 1871 3332 1939 antiquitate
3365 1886 3568 1944 suspe-

145 1962 427 2031 condita,
466 1962 561 2033 qui
587 1962 658 2018 de
691 1963 1020 2019 illustribus
1038 1963 1180 2018 viris
1205 1962 1571 2034 phylosophi,
1605 1967 1812 2032 poetae,

150 2052 492 2124 principes,
517 2052 612 2122 qui
648 2051 972 2123 scriptores
990 2051 1059 2085 ¹⁰⁰
1083 2052 1373 2107 variorum
1407 2066 1646 2122 operum
1671 2052 1817 2106 exti-

148 2140 375 2209 terint,
412 2144 466 2194 et
504 2139 550 2195 si
586 2154 695 2210 qua
749 2141 859 2195 alia
889 2140 1059 2209 digna
1109 2141 1380 2196 memoria
1417 2140 1640 2210 putavit
1673 2140 1819 2194 anti-

150 2228 387 2298 quitas,
441 2242 568 2297 quas
628 2228 900 2284 universa
932 2229 987 2283 in
1049 2228 1167 2284 suis
1199 2228 1347 2283 locis
1406 2242 1535 2283 cum
1597 2242 1816 2282 summa

150 2315 467 2372 brevitate
500 2330 799 2387 ponemus.

234 2402 428 2475 (1811).)
463 2404 575 2459 Sex
606 2402 672 2436 ¹⁰¹
695 2404 900 2460 diebus
933 2418 1123 2459 rerum
1176 2409 1503 2459 creaturam
1530 2406 1678 2459 Deus
1710 2405 1820 2460 for-

156 2492 370 2561 mavit,
399 2493 586 2563 primo
609 2492 700 2547 dic
719 2493 982 2549 condidit
1006 2491 1211 2553 lucem,
1240 2493 1497 2548 secunde
1518 2493 1609 2547 dic
1633 2493 1820 2547 ﬁrma-

157 2585 456 2649 mentum,
512 2580 696 2637 tercio
728 2581 979 2651 speciem
1040 2580 1215 2636 maris
1247 2584 1303 2635 et
1364 2587 1555 2649 terrm,
1612 2586 1819 2650 quarto

162 2668 391 2733 sidera,
429 2668 635 2738 quinto
669 2669 855 2739 pisces
886 2673 943 2724 et
978 2668 1268 2735 volucres,
1320 2673 1484 2724 sexto
1518 2669 1733 2724 bestias
1761 2674 1817 2722 et

154 2756 459 2827 jumenta,
493 2762 549 2812 et
586 2757 895 2812 novissime
921 2758 989 2812 ad
1021 2756 1458 2813 similitudinem
1494 2772 1651 2811 suam
1688 2757 1822 2811 fecit

167 2845 429 2915 primum
465 2845 751 2901 hominem
786 2845 960 2900 Adam
1005 2845 1172 2916 (193).
1212 2848 1253 2901 A
1286 2845 1450 2912 cujus
1483 2845 1820 2900 conditione

159 2936 223 2987 et
257 2932 461 2989 mundi
522 2932 818 2990 creatione
859 2948 1044 3003 usque
1077 2933 1143 2988 ad
1189 2932 1468 2988 diluvium
1503 2933 1818 2988 secundum

162 3023 461 3092 quosdam
520 3024 705 3091 (Jonn.
740 3024 827 3078 De
858 3024 929 3078 R.
961 3024 1062 3087 S.;
1095 3024 1245 3077 11120.1
1280 3022 1364 3077 De
1402 3023 1487 3079 VI
1509 3024 1625 3093 cet.)
1671 3037 1823 3077 com-

164 3116 463 3182 putantur
522 3111 652 3166 anni
697 3114 854 3177 2242,
915 3111 1231 3167 secundum
1292 3111 1627 3166 llcbraicam
1686 3126 1822 3166 vero

164 3200 487 3255 veritatem
504 3199 660 3256 mille
676 3200 937 3256 sexcenti
954 3199 1371 3269 quinquaginta
1387 3214 1486 3255 sex
1507 3217 1520 3266 ;
1538 3199 1593 3253 in
1610 3199 1822 3269 quibus
1856 3232 1902 3291 (1

160 3289 341 3345 annis
364 3288 553 3345 adhuc
587 3289 716 3344 rudi
756 3294 813 3344 et
855 3289 1101 3359 simplici
1144 3288 1432 3343 hominum
1466 3292 1670 3343 natura
1712 3302 1818 3343 non

163 3392 346 3446 reges
394 3377 497 3433 sed
532 3377 871 3433 familiarum
919 3378 1108 3449 capita
1160 3393 1267 3433 suo
1300 3377 1353 3431 in
1385 3391 1599 3446 genere
1631 3381 1817 3443 erant,

162 3481 427 3537 quorum
459 3466 604 3522 ordo
632 3466 963 3536 hujusmodi
995 3466 1121 3522 fuit.

242 3554 440 3626 (1811).)
476 3553 652 3609 Adam
689 3568 836 3609 anno
865 3554 1000 3610 vita:
1028 3570 1145 3610 sua)
1180 3558 1281 3609 130
1303 3553 1499 3623 genuit
1531 3554 1686 3623 Seth,
1724 3552 1818 3623 qui

163 3656 278 3712 pro
316 3640 458 3696 Abel
507 3645 677 3696 natus
726 3645 835 3712 est,
869 3641 1411 3712 interpretaturque
1441 3641 1817 3709 resurrectio,

160 3729 302 3801 quia
342 3728 399 3784 in
433 3742 502 3785 eo
522 3727 587 3761 ³⁰²
611 3729 1026 3785 resuscitatum
1048 3735 1140 3784 est
1172 3729 1629 3799 semenjustum,
1668 3728 1820 3798 quod

154 3821 253 3893 est
290 3817 502 3888 stirpis
546 3817 795 3873 ﬁliorum
830 3817 950 3886 Dei,
1014 3818 1304 3887 quoniam,
1368 3832 1496 3873 cum
1548 3823 1706 3871 esset
1734 3816 1821 3870 vir

157 3905 817 3977 egregius,imitatores
838 3906 927 3961 sui
957 3905 1104 3961 ﬁlios
1138 3905 1393 3976 reliquit,
1430 3906 1525 3975 qui
1566 3905 1824 3975 discipli-

164 4009 305 4049 nam
343 4008 535 4048 rerum
567 3993 1263 4049 coelestiunietornatum
1312 4007 1507 4049 earum
1557 3993 1823 4063 primitus

164 4083 541 4138 invenerunt.
565 4081 742 4137 Adam
757 4096 896 4137 vero
911 4086 1210 4138 cumesset
1232 4096 1512 4137 annorum
1529 4086 1651 4150 0:10,
1678 4097 1825 4135 mor-

164 4176 314 4227 tuus
346 4176 437 4226 est
462 4177 522 4225 et
555 4186 745 4225 rerum
762 4184 1041 4226 summam
1062 4170 1177 4225 ﬁlio
1202 4186 1308 4225 suo
1329 4170 1462 4224 Seth
1493 4170 1749 4239 reliquit.

245 4260 438 4331 (1811).)
470 4259 605 4314 Seth
669 4273 818 4313 anno
877 4258 1013 4314 vitae
1064 4274 1185 4313 suae
1246 4263 1344 4313 105
1401 4258 1602 4327 genuit
1656 4260 1822 4327 Enos,

169 4348 413 4425 vivente
446 4348 620 4402 Adam
660 4358 718 4403 et
771 4347 1022 4401 habente
1073 4362 1253 4403 annos
1306 4350 1430 4402 235.
1518 4347 1619 4403 llic
1676 4348 1826 4402 Enos

170 4436 381 4508 coepit,
414 4436 536 4492 sive
571 4439 634 4493 ut
657 4440 896 4491 sanctus
918 4434 1461 4505 Augustinusjuxta
1491 4435 1829 4491 translatio-

171 4541 307 4582 nem
344 4525 513 4581 aliam
566 4525 706 4582 dicit
742 4524 851 4591 (De
876 4526 986 4582 σίυ.
1022 4526 1153 4595 Dei,
1188 4541 1277 4594 xv,
1314 4528 1400 4596 18)
1434 4524 1712 4595 speravit,
1747 4525 1827 4578 in-

1927 1955 2123 2012 etas103
2155 1956 2286 2011 ﬁdei
2311 1957 2614 2027 repudiata
2640 1962 2793 2012 sunt.
2826 1958 3006 2014 Iudas
3042 1962 3229 2013 tamen
3266 1959 3571 2030 apostolus

1929 2045 1983 2099 in
2008 2045 2255 2115 epistola
2280 2059 2381 2101 sua
2410 2045 2734 2115 exemplum
2760 2046 2830 2100 de
2860 2045 3018 2102 illius
3049 2046 3224 2103 dictis
3246 2047 3427 2118 ponit.
3454 2048 3572 2105 Hac

1926 2133 2303 2201 generatione
2343 2132 2764 2202 concupierunt
2801 2132 2900 2187 ﬁlii
2933 2133 3032 2187 Dei
3074 2133 3222 2188 ﬁlias
3253 2133 3570 2205 hominum,

1929 2223 2038 2277 hoc
2070 2227 2160 2276 est
2195 2220 2292 2274 ﬁlii
2328 2220 2460 2274 Seth
2499 2220 2646 2275 ﬁlias
2673 2221 2829 2275 Cain.

2001 2309 2374 2365 Mathusalem
2428 2323 2574 2364 anno
2595 2309 2731 2364 vitae
2762 2324 2882 2364 81110
2940 2312 3041 2364 187
3076 2311 3280 2379 genuit
3311 2310 3568 2380 Lamech,

1930 2396 2116 2451 adhuc
2152 2396 2327 2450 Adam
2375 2395 2605 2450 vivente
2634 2402 2693 2451 et
2725 2410 2907 2450 annos
2953 2398 3059 2451 874
3106 2396 3374 2451 habente.
3411 2399 3573 2451 Anno

1931 2491 2121 2539 autem
2158 2484 2490 2539 Mathusalae
2513 2487 2636 2552 213,
2668 2498 2797 2539 011111
2832 2483 2985 2539 ﬁlius
3003 2484 3128 2552 ejus
3150 2484 3392 2539 Lameeh
3414 2489 3571 2539 esset

1931 2587 2210 2627 annorum
2245 2575 2329 2631 56,
2361 2576 2624 2626 mortuus
2652 2576 2743 2626 est
2769 2572 2945 2627 Adam
2977 2587 3126 2628 anno
3150 2572 3281 2628 vitae
3306 2586 3426 2627 sua:
3447 2575 3568 2628 930.

1934 2662 2046 2714 Hac
2078 2660 2456 2729 generatione
2506 2660 2621 2713 nati
2655 2663 2787 2714 sunt
2837 2664 3135 2727 gygantes.
3198 2661 3315 2715 Hac
3345 2672 3575 2729 quoque

1930 2752 2104 2804 {etate
2131 2749 2320 2813 Jubal,
2358 2748 2451 2817 qui
2485 2752 2610 2802 erat
2645 2748 2715 2801 de
2745 2762 2958 2815 genere
2992 2747 3146 2814 Cain,
3182 2750 3366 2801 artem
3400 2746 3577 2801 musi-

1931 2852 2053 2891 cam
2087 2837 2324 2906 reperit,
2352 2835 2520 2903 cujus
2549 2835 2721 2891 etiam
2756 2836 2938 2889 frater
2966 2835 3275 2889 Tubalcain
3307 2833 3575 2889 10118101-

1936 2923 2098 2993 rique
2126 2923 2393 2979 inventor
2418 2923 2542 2978 fuit.
2567 2922 2941 2978 Mathusalem
2968 2922 3322 2991 igiturjuxta
3347 2925 3578 2991 septua-

1931 3011 2089 3080 ginta
2116 3013 2502 3081 lnterprctum
2520 3010 3011 3082 computationem
3036 3009 3328 3081 reperitur
3358 3008 3578 3065 vixisse

1936 3103 2066 3171 post
2093 3099 2371 3155 diluvium
2396 3114 2577 3155 annos
2608 3102 2686 3169 14,
2716 3103 2956 3169 propter
2979 3097 3130 3168 quod
3161 3096 3423 3153 nonnulli
3445 3111 3573 3153 eum

1935 3203 2063 3244 cum
2092 3194 2255 3259 patre
2279 3204 2385 3243 suo
2411 3189 2621 3257 Enoch,
2650 3188 2745 3258 qui
2771 3186 3094 3242 translatus
3115 3191 3223 3254 est,
3250 3185 3578 3256 aliquantu-

1934 3276 2050 3333 lum
2070 3277 2269 3341 fuisse,
2288 3276 2471 3332 donec
2489 3277 2769 3332 diluvium
2792 3276 3126 3346 preteriret,
3146 3273 3284 3330 falsa
3302 3274 3576 3361 opinione

1878 3400 1891 3415 .
1933 3364 2289 3420 existimant.
2319 3366 2552 3420 Certum
2572 3369 2761 3419 tamen
2796 3368 2905 3433 est,
2942 3372 2998 3419 ut
3034 3368 3275 3418 sanctus
3307 3362 3579 3432 Augusti-

1935 3469 2041 3509 nus
2074 3452 2129 3506 in
2165 3451 2313 3508 libro
2345 3452 2415 3508 de
2446 3454 2693 3508 Civitate
2726 3452 2947 3507 Domini
2982 3450 3095 3521 (xv,
3133 3455 3218 3524 11)
3250 3450 3411 3520 dicit,
3447 3464 3578 3506 eum

1934 3546 2065 3614 post
2101 3542 2381 3601 diluvium
2415 3557 2526 3597 non
2587 3542 2824 3609 vixisse,
2881 3541 2981 3595 sed
3014 3539 3069 3595 in
3103 3540 3228 3611 ipso
3261 3554 3410 3595 anno
3464 3552 3580 3609 quo

1934 3634 2214 3690 diluvium
2275 3634 2489 3687 factum
2546 3635 2636 3684 cst
2717 3635 3005 3684 mortuum
3062 3643 3211 3698 esse,
3272 3628 3579 3683 habentem

1934 3738 2115 3777 annos
2148 3725 2471 3790 nongentos
2499 3717 2800 3786 sexaginta
2835 3730 3059 3771 novem.

2008 3810 2249 3866 Lamech
2293 3824 2441 3863 anno
2492 3806 2626 3862 vitae
2659 3821 2776 3860 suzr.
2812 3807 2911 3859 182
2940 3804 3143 3873 genuit
3173 3804 3310 3871 Noe,
3373 3802 3467 3859 cui
3500 3802 3583 3859 di-

1939 3900 2070 3955 vino
2098 3900 2338 3969 jubetur
2379 3894 2617 3949 oraculo
2665 3891 2956 3948 aediﬁcare
2987 3905 3177 3945 arcam
3212 3904 3359 3946 anno
3391 3890 3585 3946 aetatis

1938 4003 2059 4044 sua:
2082 3982 2569 4056 quingentesimo,
2596 3996 2723 4035 cum
2742 3981 2887 4035 Deus
2911 3978 3106 4034 delere
3130 3978 3468 4049 disponeret
3488 3979 3585 4034 ho-

1938 4077 2119 4131 mines
2145 4078 2387 4145 propter
2413 4069 2692 4125 maliciam
2726 4082 2924 4123 eorum
2951 4065 3377 4135 (ls1n.;.loseru
3434 4081 3471 4135 1,
3505 4068 3580 4138 4).

1941 4163 2209 4219 Homines
2242 4166 2450 4216 autem
2482 4158 2640 4213 illius
2686 4156 2987 4227 temporis,
3023 4156 3121 4225 qui
3158 4169 3260 4225 per
3292 4154 3584 4224 ingenium

1939 4253 2219 4310 divinitus
2249 4249 2528 4304 traditum
2577 4262 2681 4318 per
2703 4251 2784 4302 tot
2810 4259 3088 4301 annorum
3115 4244 3249 4300 vitae
3277 4243 3477 4314 spacia
3503 4243 3590 4299 di-

1940 4355 2238 4397 versarum
2256 4338 2467 4394 artium
2493 4341 2550 4390 et
2584 4334 3022 4406 disciplinarum
3040 4336 3373 4404 repertores
3394 4336 3583 4402 erant,

1940 4445 2069 4487 011111
2097 4427 2444 4500 predixisset
2470 4427 2557 4479 eis
2593 4423 2767 4480 Adam
2793 4423 3002 4495 spirltu
3028 4422 3128 4477 Dei
3147 4421 3370 4492 plenus,
3395 4424 3589 4476 exter-

1943 4518 2315 4574 minationem
2347 4514 2599 4570 omnium
2650 4527 2864 4581 rerum,
2903 4526 3071 4566 unam
3132 4510 3284 4579 ignis
3344 4508 3587 4579 virtute,

169 4628 390 4671 vocare
419 4628 625 4669 nomen
657 4611 902 4667 Domini.
941 4591 1197 4682 Cumque
1220 4591 1621 4669 vixisset-Seth
1647 4591 1829 4667 annos
1858 4591 1909 4650 D
1943 4608 2186 4663 alteram
2221 4619 2501 4675 aquarum
2529 4602 2583 4657 vi
2608 4617 2674 4657 ac
2708 4599 3079 4656 multitudine
3105 4599 3228 4653 fore
3257 4600 3585 4665 venturam,

168 4707 299 4771 912,
332 4708 601 4759 mortuus
626 4707 735 4758 est.

247 4793 440 4863 (1811).)
488 4793 639 4847 Ε1108
691 4806 841 4847 anno
874 4792 1009 4847 vita)
1040 4806 1160 4846 suas
1222 4789 1596 4859 nonagesimo
1627 4790 1829 4859 genuit

169 4880 411 4949 Cainan,
430 4879 528 4950 qui
548 4880 974 4950 interpretatur
994 4880 1217 4936 natura
1236 4879 1369 4946 Dei,
1396 4878 1625 4933 vivente
1651 4877 1826 4932 Adam

167 4972 230 5023 et
263 4968 511 5024 habente
545 4982 731 5023 annos
754 4966 876 5021 325.
909 4968 1164 5037 Cumque
1190 4970 1352 5020 esset
1375 4967 1526 5021 Enos
1548 4980 1827 5021 annorum

165 5060 295 5125 905,
329 5062 601 5112 mortuus
628 5061 748 5111 est.

1945 4694 2381 4753 facientesduas
2410 4693 2733 4757 columnas,
2755 4703 2921 4744 unam
2948 4686 3177 4757 quidem
3193 4683 3585 4753 exlateribus,

1941 4786 2182 4842 alteram
2216 4800 2282 4839 ex
2339 4781 2650 4853 lapidibus,
2701 4777 2914 4833 studiis
2965 4774 3089 4829 suis
3145 4774 3377 4829 inventa
3410 4771 3464 4826 in
3498 4772 3591 4828 his

1940 4873 2440 4943 conscripserunt,
2467 4883 2537 4923 ne
2561 4865 2899 4922 delerentur
2918 4860 3190 4915 memoria
3218 4874 3344 4930 quae
3363 4858 3593 4929 sapien-

1941 4970 2030 5017 ter
2062 4962 2424 5016 invenerunt.
2484 4957 2734 5022 Quarum
2796 4949 3021 5021 lapidea
3078 4949 3263 5003 fertur
3295 4946 3578 5003 diluvium

1941 5050 2195 5105 evasisse
2226 5052 2286 5101 et
2318 5047 2600 5101 hactenus
2624 5043 2677 5097 in
2703 5039 2861 5112 Syria
2887 5050 3249 5109 permanere.
3289 5035 3472 5105 (1811).)
3500 5035 3601 5091 La-

1538 5175 1773 5233 1⁷1111ῐῶ
1813 5177 1943 5233 LEC
1959 5176 2211 5231 I‘IONES.

237 5284 282 5319 "
310 5300 340 5342 e
370 5300 521 5344 corr.
558 5292 601 5341 1.
635 5286 706 5341 VI
736 5285 907 5342 Hier.

170 5357 240 5429 τοο
269 5372 320 5428 q.
355 5372 401 5414 s.
435 5370 640 5414 ecarr.
680 5362 727 5429 1ἶ

174 5425 331 5485 100⁷0
359 5442 514 5486 corr.
548 5433 600 5482 1.
712 5425 756 5459 ³ο
786 5431 1077 5498 susceptze
1102 5432 1150 5481 1.
1186 5427 1290 5484 etc.

1012 5284 1057 5316 ³³⁷
1102 5286 1195 5339 VII
1243 5300 1271 5338 ϐ
1297 5298 1447 5340 corr.
1486 5289 1533 5338 1.
1589 5284 1707 5337 VIII
1740 5285 1902 5339 Hier.

2016 5284 2060 5314 νδ
2098 5284 2389 5336 semirade
2424 5284 2470 5331 1.
2512 5347 2521 5353 Δ
2575 5284 2620 5307 ν’
2644 5284 2760 5328 11110
2798 5286 2941 5353 11111111
2975 5284 3003 5326 e
3034 5284 3106 5353 (:31

826 5339 892 5389 ίδί
924 5355 1112 5412 Addit
1137 5360 1187 5410 5.
1220 5339 1469 5411 mbram
1503 5372 1515 5411 :
1554 5354 1757 5426 Incipit
1795 5354 1940 5409 liber
1968 5352 2062 5424 qui
2102 5352 2331 5407 dicetur
2362 5347 2728 5403 cronicoruin
2761 5344 2884 5399 sive
2918 5339 3166 5398 annalis.

2575 5275 2620 5307 ⁰⁹
2644 5273 2760 5328 duo
2808 5271 2941 5327 anni
2975 5283 3003 5326 e
3034 5282 3183 5326 evrr.
3226 5272 3272 5322 1.
3310 5266 3379 5321 IV
3413 5267 3590 5323 Hier.

2575 5360 2728 5401 )l‘lllll
2761 5344 2884 5399 sive
2918 5339 3166 5398 annalis.
3270 5337 3336 5370 ¹⁰²
3370 5336 3505 5409 quia
3539 5337 3596 5393 in

2016 5280 2060 5314 νδ
2098 5276 2389 5336 semirade
2424 5282 2470 5331 1.

1786 5512 2013 5566 NOTAE.

244 5630 389 5703 (193)
452 5629 641 5699 Cujus
695 5627 1119 5703 chronieaniin
1180 5627 1387 5703 Chron.
1446 5624 1881 5703 Wirzhurgcnsi
1934 5624 1999 5678 ad
2054 5622 2293 5677 verbum
2354 5616 2707 5687 exscriptam
2742 5612 2879 5668 dixi.
2942 5612 3074 5667 Ekk.
3137 5625 3275 5666 vero
3332 5606 3424 5661 hic
3474 5607 3603 5675 ejus

188 5697 577 5760 narrationem
611 5714 684 5756 ex
717 5699 846 5755 aliis
880 5699 1144 5757 fontibus
1172 5698 1341 5755 valde
1369 5697 1689 5769 ampliavit.
