  <div class='ocr_page' id='page_1' title='image "/cluster/home/n/w/nwhite01/storage/ocr_20150623/154/uva.x000829797/260.png"; bbox 0 0 3950 6330; ppageno 0'>
   <div class='ocr_carea' id='block_1_1' title="bbox 265 353 3678 428">
    <p class='ocr_par' dir='ltr' id='par_1_1' title="bbox 265 353 3678 428">
     <span class='ocr_line' id='line_1_1' title="bbox 265 353 3678 428; baseline 0.002 -10"><span class='ocrx_word' id='word_1_1' title='bbox 265 353 389 418; x_wconf 84' lang='grc'><strong>505</strong></span> <span class='ocrx_word' id='word_1_2' title='bbox 1168 354 1598 422; x_wconf 81' lang='lat' dir='ltr'><strong>CHRONICA.</strong></span> <span class='ocrx_word' id='word_1_3' title='bbox 1634 395 1711 406; x_wconf 88' lang='lat'>——</span> <span class='ocrx_word' id='word_1_4' title='bbox 1743 357 2220 426; x_wconf 82' lang='lat' dir='ltr'><strong>CHRONICON</strong></span> <span class='ocrx_word' id='word_1_5' title='bbox 2264 360 2811 428; x_wconf 83' lang='lat' dir='ltr'><strong>UNIVERSALE.</strong></span> <span class='ocrx_word' id='word_1_6' title='bbox 3558 357 3678 426; x_wconf 80' lang='grc'><strong>506</strong></span> 
     </span>
    </p>
   </div>
   <div class='ocr_carea' id='block_1_2' title="bbox 267 487 3680 570">
    <p class='ocr_par' dir='ltr' id='par_1_2' title="bbox 267 487 3680 570">
     <span class='ocr_line' id='line_1_2' title="bbox 267 487 3680 570; baseline 0.002 -24"><span class='ocrx_word' id='word_1_7' title='bbox 267 487 445 563; x_wconf 82' lang='lat' dir='ltr'><strong>hujus</strong></span> <span class='ocrx_word' id='word_1_8' title='bbox 495 495 677 563; x_wconf 85' lang='lat' dir='ltr'><strong>caput</strong></span> <span class='ocrx_word' id='word_1_9' title='bbox 726 496 854 548; x_wconf 89' lang='lat' dir='ltr'><strong>erat</strong></span> <span class='ocrx_word' id='word_1_10' title='bbox 902 489 1001 550; x_wconf 90' lang='lat' dir='ltr'><strong>illa</strong></span> <span class='ocrx_word' id='word_1_11' title='bbox 1059 491 1336 568; x_wconf 84' lang='lat' dir='ltr'><strong>Babylon,</strong></span> <span class='ocrx_word' id='word_1_12' title='bbox 1390 509 1559 567; x_wconf 88' lang='lat' dir='ltr'><strong>quam</strong></span> <span class='ocrx_word' id='word_1_13' title='bbox 1610 496 1923 555; x_wconf 68' lang='lat' dir='ltr'><strong>aediﬁcavit</strong></span> <span class='ocrx_word' id='word_1_14' title='bbox 1952 498 2007 557; x_wconf 89' lang='lat' dir='ltr'><strong>A</strong></span> <span class='ocrx_word' id='word_1_15' title='bbox 2037 496 2254 556; x_wconf 78' lang='lat' dir='ltr'><strong>ceteris</strong></span> <span class='ocrx_word' id='word_1_16' title='bbox 2290 497 2586 570; x_wconf 86' lang='lat' dir='ltr'><strong>potentius</strong></span> <span class='ocrx_word' id='word_1_17' title='bbox 2620 498 2871 569; x_wconf 81' lang='lat' dir='ltr'><strong>fecisset,</strong></span> <span class='ocrx_word' id='word_1_18' title='bbox 2907 512 3056 556; x_wconf 89' lang='lat' dir='ltr'><strong>anno</strong></span> <span class='ocrx_word' id='word_1_19' title='bbox 3088 492 3251 569; x_wconf 87' lang='lat' dir='ltr'><strong>regni</strong></span> <span class='ocrx_word' id='word_1_20' title='bbox 3282 494 3372 554; x_wconf 88' lang='lat' dir='ltr'><strong>sui</strong></span> <span class='ocrx_word' id='word_1_21' title='bbox 3395 495 3462 553; x_wconf 70' lang='grc' dir='ltr'><strong>ιδ</strong></span> <span class='ocrx_word' id='word_1_22' title='bbox 3484 495 3680 555; x_wconf 88' lang='lat' dir='ltr'><strong>condi-</strong></span> 
     </span>
    </p>
   </div>
   <div class='ocr_carea' id='block_1_3' title="bbox 264 579 3681 658">
    <p class='ocr_par' dir='ltr' id='par_1_3' title="bbox 264 579 3681 658">
     <span class='ocr_line' id='line_1_3' title="bbox 264 579 3681 658; baseline 0.002 -24"><span class='ocrx_word' id='word_1_23' title='bbox 264 579 547 636; x_wconf 88' lang='lat' dir='ltr'><strong>Nembrot</strong></span> <span class='ocrx_word' id='word_1_24' title='bbox 578 595 780 653; x_wconf 87' lang='lat' dir='ltr'><strong>gygas,</strong></span> <span class='ocrx_word' id='word_1_25' title='bbox 813 586 1182 656; x_wconf 78' lang='lat' dir='ltr'><strong>contemptor</strong></span> <span class='ocrx_word' id='word_1_26' title='bbox 1211 584 1330 655; x_wconf 91' lang='lat' dir='ltr'><strong>Dei,</strong></span> <span class='ocrx_word' id='word_1_27' title='bbox 1367 584 1421 641; x_wconf 90' lang='lat' dir='ltr'><strong>in</strong></span> <span class='ocrx_word' id='word_1_28' title='bbox 1454 586 1803 658; x_wconf 86' lang='lat' dir='ltr'><strong>principium</strong></span> <span class='ocrx_word' id='word_1_29' title='bbox 1835 602 1924 645; x_wconf 90' lang='lat' dir='ltr'><strong>re-</strong></span> <span class='ocrx_word' id='word_1_30' title='bbox 2038 587 2122 643; x_wconf 92' lang='lat' dir='ltr'><strong>dit</strong></span> <span class='ocrx_word' id='word_1_31' title='bbox 2151 586 2448 644; x_wconf 89' lang='lat' dir='ltr'><strong>civitatem</strong></span> <span class='ocrx_word' id='word_1_32' title='bbox 2492 586 2742 644; x_wconf 91' lang='lat' dir='ltr'><strong>nominis</strong></span> <span class='ocrx_word' id='word_1_33' title='bbox 2769 588 2860 645; x_wconf 89' lang='lat' dir='ltr'><strong>sui</strong></span> <span class='ocrx_word' id='word_1_34' title='bbox 2893 587 3100 645; x_wconf 87' lang='lat' dir='ltr'><strong>Ninum</strong></span> <span class='ocrx_word' id='word_1_35' title='bbox 3133 585 3342 657; x_wconf 73' lang='lat' dir='ltr'><strong>(HIER),</strong></span> <span class='ocrx_word' id='word_1_36' title='bbox 3376 599 3545 656; x_wconf 88' lang='lat' dir='ltr'><strong>quam</strong></span> <span class='ocrx_word' id='word_1_37' title='bbox 3574 587 3681 640; x_wconf 84' lang='lat' dir='ltr'><strong>He-</strong></span> 
     </span>
    </p>
   </div>
   <div class='ocr_carea' id='block_1_4' title="bbox 261 668 3679 746">
    <p class='ocr_par' dir='ltr' id='par_1_4' title="bbox 261 668 3679 746">
     <span class='ocr_line' id='line_1_4' title="bbox 261 668 3679 746; baseline 0.002 -24"><span class='ocrx_word' id='word_1_38' title='bbox 261 668 688 738; x_wconf 88' lang='lat' dir='ltr'><strong>gnisui,cujus</strong></span> <span class='ocrx_word' id='word_1_39' title='bbox 714 670 1021 740; x_wconf 64' lang='lat' dir='ltr'><strong>terrigenae</strong></span> <span class='ocrx_word' id='word_1_40' title='bbox 1043 671 1302 729; x_wconf 83' lang='lat' dir='ltr'><strong>civitatis</strong></span> <span class='ocrx_word' id='word_1_41' title='bbox 1324 687 1531 729; x_wconf 91' lang='lat' dir='ltr'><strong>nomen</strong></span> <span class='ocrx_word' id='word_1_42' title='bbox 1556 675 1922 745; x_wconf 84' lang='lat' dir='ltr'><strong>aptissimum</strong></span> <span class='ocrx_word' id='word_1_43' title='bbox 2038 676 2161 731; x_wconf 90' lang='lat' dir='ltr'><strong>brei</strong></span> <span class='ocrx_word' id='word_1_44' title='bbox 2190 676 2389 732; x_wconf 88' lang='lat' dir='ltr'><strong>dicunt</strong></span> <span class='ocrx_word' id='word_1_45' title='bbox 2435 676 2695 745; x_wconf 91' lang='lat' dir='ltr'><strong>Niniven,</strong></span> <span class='ocrx_word' id='word_1_46' title='bbox 2740 676 3123 746; x_wconf 88' lang='lat' dir='ltr'><strong>regnavitque</strong></span> <span class='ocrx_word' id='word_1_47' title='bbox 3163 673 3329 732; x_wconf 90' lang='lat' dir='ltr'><strong>annls</strong></span> <span class='ocrx_word' id='word_1_48' title='bbox 3360 676 3447 745; x_wconf 74' lang='lat'><strong>52,</strong></span> <span class='ocrx_word' id='word_1_49' title='bbox 3482 672 3679 731; x_wconf 86' lang='lat' dir='ltr'><strong>decem</strong></span> 
     </span>
    </p>
   </div>
   <div class='ocr_carea' id='block_1_5' title="bbox 263 756 3002 837">
    <p class='ocr_par' dir='ltr' id='par_1_5' title="bbox 263 756 3002 837">
     <span class='ocr_line' id='line_1_5' title="bbox 263 756 3002 837; baseline 0.003 -25"><span class='ocrx_word' id='word_1_50' title='bbox 263 760 377 825; x_wconf 91' lang='lat' dir='ltr'><strong>est,</strong></span> <span class='ocrx_word' id='word_1_51' title='bbox 406 756 465 813; x_wconf 90' lang='lat' dir='ltr'><strong>id</strong></span> <span class='ocrx_word' id='word_1_52' title='bbox 496 761 588 814; x_wconf 89' lang='lat' dir='ltr'><strong>est</strong></span> <span class='ocrx_word' id='word_1_53' title='bbox 621 759 911 815; x_wconf 81' lang='lat' dir='ltr'><strong>confusio.</strong></span> <span class='ocrx_word' id='word_1_54' title='bbox 949 761 1007 815; x_wconf 87' lang='lat' dir='ltr'><strong>In</strong></span> <span class='ocrx_word' id='word_1_55' title='bbox 1043 775 1152 831; x_wconf 90' lang='lat' dir='ltr'><strong>qua</strong></span> <span class='ocrx_word' id='word_1_56' title='bbox 1186 761 1425 819; x_wconf 84' lang='lat' dir='ltr'><strong>civitate</strong></span> <span class='ocrx_word' id='word_1_57' title='bbox 1450 778 1547 820; x_wconf 85' lang='lat' dir='ltr'><strong>rex</strong></span> <span class='ocrx_word' id='word_1_58' title='bbox 1572 764 1793 837; x_wconf 92' lang='lat' dir='ltr'><strong>primus</strong></span> <span class='ocrx_word' id='word_1_59' title='bbox 1827 781 1925 837; x_wconf 90' lang='lat' dir='ltr'><strong>ap-</strong></span> <span class='ocrx_word' id='word_1_60' title='bbox 2036 767 2339 837; x_wconf 86' lang='lat' dir='ltr'><strong>postquam</strong></span> <span class='ocrx_word' id='word_1_61' title='bbox 2373 768 2544 821; x_wconf 88' lang='lat' dir='ltr'><strong>natus</strong></span> <span class='ocrx_word' id='word_1_62' title='bbox 2572 767 2662 821; x_wconf 87' lang='lat' dir='ltr'><strong>est</strong></span> <span class='ocrx_word' id='word_1_63' title='bbox 2697 764 3002 821; x_wconf 83' lang='lat' dir='ltr'><strong>Abraham.</strong></span> 
     </span>
    </p>
   </div>
   <div class='ocr_carea' id='block_1_6' title="bbox 264 844 1921 927">
    <p class='ocr_par' dir='ltr' id='par_1_6' title="bbox 264 844 1921 927">
     <span class='ocr_line' id='line_1_6' title="bbox 264 844 1921 927; baseline 0.006 -24"><span class='ocrx_word' id='word_1_64' title='bbox 264 844 529 918; x_wconf 89' lang='lat' dir='ltr'><strong>pellatus</strong></span> <span class='ocrx_word' id='word_1_65' title='bbox 570 851 663 903; x_wconf 88' lang='lat' dir='ltr'><strong>est</strong></span> <span class='ocrx_word' id='word_1_66' title='bbox 704 847 897 919; x_wconf 90' lang='lat' dir='ltr'><strong>Belus,</strong></span> <span class='ocrx_word' id='word_1_67' title='bbox 942 854 1108 921; x_wconf 90' lang='lat' dir='ltr'><strong>pater</strong></span> <span class='ocrx_word' id='word_1_68' title='bbox 1142 850 1293 919; x_wconf 89' lang='lat' dir='ltr'><strong>Nini,</strong></span> <span class='ocrx_word' id='word_1_69' title='bbox 1334 853 1717 925; x_wconf 87' lang='lat' dir='ltr'><strong>regnavitque</strong></span> <span class='ocrx_word' id='word_1_70' title='bbox 1769 854 1921 927; x_wconf 89' lang='lat' dir='ltr'><strong>apud</strong></span> 
     </span>
    </p>
   </div>
   <div class='ocr_carea' id='block_1_7' title="bbox 264 935 1917 1014">
    <p class='ocr_par' dir='ltr' id='par_1_7' title="bbox 264 935 1917 1014">
     <span class='ocr_line' id='line_1_7' title="bbox 264 935 1917 1014; baseline 0.006 -23"><span class='ocrx_word' id='word_1_71' title='bbox 264 935 547 1005; x_wconf 82' lang='lat' dir='ltr'><strong>Assyrios</strong></span> <span class='ocrx_word' id='word_1_72' title='bbox 579 951 760 992; x_wconf 90' lang='lat' dir='ltr'><strong>annos</strong></span> <span class='ocrx_word' id='word_1_73' title='bbox 788 942 857 994; x_wconf 80' lang='lat'><strong>75</strong></span> <span class='ocrx_word' id='word_1_74' title='bbox 889 952 1077 1009; x_wconf 87' lang='lat' dir='ltr'><strong>usque</strong></span> <span class='ocrx_word' id='word_1_75' title='bbox 1105 939 1177 996; x_wconf 90' lang='lat' dir='ltr'><strong>ad</strong></span> <span class='ocrx_word' id='word_1_76' title='bbox 1215 943 1414 997; x_wconf 78' lang='grc' dir='ltr'><strong>27ωιιω</strong></span> <span class='ocrx_word' id='word_1_77' title='bbox 1452 956 1661 1000; x_wconf 88' lang='lat' dir='ltr'><strong>annum</strong></span> <span class='ocrx_word' id='word_1_78' title='bbox 1698 944 1917 1014; x_wconf 70' lang='lat' dir='ltr'><strong>Tharaa,</strong></span> 
     </span>
    </p>
   </div>
   <div class='ocr_carea' id='block_1_8' title="bbox 260 1024 2839 1168">
    <p class='ocr_par' dir='ltr' id='par_1_8' title="bbox 260 1024 2839 1168">
     <span class='ocr_line' id='line_1_8' title="bbox 260 1024 2839 1168; baseline 0.005 -89"><span class='ocrx_word' id='word_1_79' title='bbox 260 1024 464 1168; x_wconf 54' lang='lat' dir='ltr'><strong>pat‘ris</strong></span> <span class='ocrx_word' id='word_1_80' title='bbox 507 1026 756 1168; x_wconf 48' lang='lat' dir='ltr'><strong>Abrahae</strong></span> <span class='ocrx_word' id='word_1_81' title='bbox 796 1025 900 1096; x_wconf 83' lang='lat' dir='ltr'><strong>(Cf.</strong></span> <span class='ocrx_word' id='word_1_82' title='bbox 936 1028 1131 1097; x_wconf 68' lang='lat' dir='ltr'><strong>Illam;</strong></span> <span class='ocrx_word' id='word_1_83' title='bbox 1168 1029 1338 1087; x_wconf 76' lang='lat' dir='ltr'><strong>Onos.</strong></span> <span class='ocrx_word' id='word_1_84' title='bbox 1372 1045 1409 1101; x_wconf 79' lang='grc' dir='ltr'><strong>ι,</strong></span> <span class='ocrx_word' id='word_1_85' title='bbox 1443 1033 1505 1097; x_wconf 78' lang='grc'><strong>4;</strong></span> <span class='ocrx_word' id='word_1_86' title='bbox 1540 1033 1679 1088; x_wconf 85' lang='lat' dir='ltr'><strong>Auo.</strong></span> <span class='ocrx_word' id='word_1_87' title='bbox 1715 1031 1755 1088; x_wconf 84' lang='grc' dir='ltr'>Ζ.</span> <span class='ocrx_word' id='word_1_88' title='bbox 1791 1032 1830 1087; x_wconf 81' lang='grc' dir='ltr'>ι.</span> <span class='ocrx_word' id='word_1_89' title='bbox 1862 1036 1919 1089; x_wconf 94' lang='lat' dir='ltr'><strong>et</strong></span> <span class='ocrx_word' id='word_1_90' title='bbox 2280 1031 2443 1106; x_wconf 67' lang='lat' dir='ltr'><strong>regis</strong></span> <span class='ocrx_word' id='word_1_91' title='bbox 2458 1034 2839 1162; x_wconf 49' lang='grc' dir='ltr'><strong>ἱίεεῃνίοναὲἓ</strong></span> 
     </span>
     <span class='ocr_line' id='line_1_9' title="bbox 260 1118 572 1168; baseline 0.006 -2"><span class='ocrx_word' id='word_1_92' title='bbox 260 1127 314 1167; x_wconf 90' lang='lat' dir='ltr'><strong>c.</strong></span> <span class='ocrx_word' id='word_1_93' title='bbox 396 1156 412 1168; x_wconf 91' lang='lat'><strong>.</strong></span> <span class='ocrx_word' id='word_1_94' title='bbox 459 1118 525 1168; x_wconf 88' lang='grc'>17</span> <span class='ocrx_word' id='word_1_95' title='bbox 559 1157 572 1168; x_wconf 92' lang='grc'><strong>.</strong></span> 
     </span>
    </p>
   </div>
   <div class='ocr_carea' id='block_1_9' title="bbox 259 1116 572 1186">
    <p class='ocr_par' dir='ltr' id='par_1_9' title="bbox 259 1116 572 1186">
     <span class='ocr_line' id='line_1_10' title="bbox 259 1116 572 1186; baseline 0.01 -20"><span class='ocrx_word' id='word_1_96' title='bbox 259 1127 314 1167; x_wconf 90' lang='lat' dir='ltr'><strong>c.</strong></span> <span class='ocrx_word' id='word_1_97' title='bbox 355 1116 412 1182; x_wconf 81' lang='grc'><strong>4,</strong></span> <span class='ocrx_word' id='word_1_98' title='bbox 459 1116 572 1186; x_wconf 84' lang='grc'>17).</span> 
     </span>
    </p>
   </div>
   <div class='ocr_carea' id='block_1_10' title="bbox 2423 888 3435 974">
    <p class='ocr_par' dir='ltr' id='par_1_10' title="bbox 2423 888 3435 974">
     <span class='ocr_line' id='line_1_11' title="bbox 2423 888 3435 974; baseline 0.003 -28"><span class='ocrx_word' id='word_1_99' title='bbox 2423 890 2582 949; x_wconf 78' lang='lat' dir='ltr'><strong>Anm‘</strong></span> <span class='ocrx_word' id='word_1_100' title='bbox 2606 888 2759 950; x_wconf 72' lang='lat' dir='ltr'><strong>Nini</strong></span> <span class='ocrx_word' id='word_1_101' title='bbox 2998 890 3159 974; x_wconf 57' lang='lat' dir='ltr'><strong>Amm:</strong></span> <span class='ocrx_word' id='word_1_102' title='bbox 3174 889 3435 974; x_wconf 47' lang='lat' dir='ltr'><strong>{eampis</strong></span> 
     </span>
    </p>
   </div>
   <div class='ocr_carea' id='block_1_11' title="bbox 3027 962 3400 1034">
    <p class='ocr_par' dir='ltr' id='par_1_11' title="bbox 3027 962 3400 1034">
     <span class='ocr_line' id='line_1_12' title="bbox 3027 962 3400 1034; baseline -0.008 -14"><span class='ocrx_word' id='word_1_103' title='bbox 3027 962 3400 1034; x_wconf 72' lang='lat' dir='ltr'><strong>regisSycio-</strong></span> 
     </span>
    </p>
   </div>
   <div class='ocr_carea' id='block_1_12' title="bbox 2280 1030 3464 1107">
    <p class='ocr_par' dir='ltr' id='par_1_12' title="bbox 2280 1030 3464 1107">
     <span class='ocr_line' id='line_1_13' title="bbox 2280 1030 3464 1107; baseline -0.002 -17"><span class='ocrx_word' id='word_1_104' title='bbox 2280 1031 2443 1106; x_wconf 68' lang='lat' dir='ltr'><strong>regis</strong></span> <span class='ocrx_word' id='word_1_105' title='bbox 2458 1034 2863 1107; x_wconf 69' lang='lat' dir='ltr'><strong>Assyriorum.</strong></span> <span class='ocrx_word' id='word_1_106' title='bbox 2941 1030 3179 1092; x_wconf 60' lang='lat' dir='ltr'><strong>nimim</strong></span> <span class='ocrx_word' id='word_1_107' title='bbox 3196 1030 3464 1093; x_wconf 66' lang='lat' dir='ltr'><strong>sémdz’.</strong></span> 
     </span>
    </p>
   </div>
   <div class='ocr_carea' id='block_1_13' title="bbox 3258 1109 3283 1160">
    <p class='ocr_par' dir='ltr' id='par_1_13' title="bbox 3258 1109 3283 1160">
     <span class='ocr_line' id='line_1_14' title="bbox 3258 1109 3283 1160; baseline 0 0"><span class='ocrx_word' id='word_1_108' title='bbox 3258 1109 3283 1160; x_wconf 99' lang='grc'><strong>1</strong></span> 
     </span>
    </p>
   </div>
   <div class='ocr_carea' id='block_1_14' title="bbox 338 1178 3292 1303">
    <p class='ocr_par' dir='ltr' id='par_1_14' title="bbox 338 1178 3292 1303">
     <span class='ocr_line' id='line_1_15' title="bbox 338 1178 3292 1303; baseline -0.003 -45"><span class='ocrx_word' id='word_1_109' title='bbox 338 1178 560 1303; x_wconf 53' lang='lat' dir='ltr'><strong>(illam)</strong></span> <span class='ocrx_word' id='word_1_110' title='bbox 617 1201 1074 1303; x_wconf 72' lang='lat' dir='ltr'><strong>Quadragesimo</strong></span> <span class='ocrx_word' id='word_1_111' title='bbox 1122 1206 1327 1277; x_wconf 92' lang='lat' dir='ltr'><strong>quinto</strong></span> <span class='ocrx_word' id='word_1_112' title='bbox 1376 1211 1566 1303; x_wconf 69' lang='lat' dir='ltr'><strong>autem</strong></span> <span class='ocrx_word' id='word_1_113' title='bbox 1608 1223 1757 1303; x_wconf 81' lang='lat' dir='ltr'><strong>anno</strong></span> <span class='ocrx_word' id='word_1_114' title='bbox 1801 1209 1920 1303; x_wconf 83' lang='lat' dir='ltr'><strong>Beli</strong></span> <span class='ocrx_word' id='word_1_115' title='bbox 2452 1182 2490 1303; x_wconf 66' lang='grc' dir='ltr'>ξ</span> <span class='ocrx_word' id='word_1_116' title='bbox 3256 1178 3292 1301; x_wconf 63' lang='grc' dir='ltr'>ξ</span> 
     </span>
    </p>
   </div>
   <div class='ocr_carea' id='block_1_15' title="bbox 262 1289 3290 1374">
    <p class='ocr_par' dir='ltr' id='par_1_15' title="bbox 262 1289 3290 1374">
     <span class='ocr_line' id='line_1_16' title="bbox 262 1289 3290 1374; baseline 0.007 -29"><span class='ocrx_word' id='word_1_117' title='bbox 262 1289 432 1360; x_wconf 88' lang='lat' dir='ltr'><strong>regis</strong></span> <span class='ocrx_word' id='word_1_118' title='bbox 476 1292 853 1363; x_wconf 81' lang='lat' dir='ltr'><strong>Assyriorum</strong></span> <span class='ocrx_word' id='word_1_119' title='bbox 898 1293 1075 1365; x_wconf 87' lang='lat' dir='ltr'><strong>coepit</strong></span> <span class='ocrx_word' id='word_1_120' title='bbox 1115 1309 1356 1365; x_wconf 83' lang='lat' dir='ltr'><strong>regnum</strong></span> <span class='ocrx_word' id='word_1_121' title='bbox 1398 1297 1821 1368; x_wconf 89' lang='lat' dir='ltr'><strong>Sycioniorum,</strong></span> <span class='ocrx_word' id='word_1_122' title='bbox 1862 1298 1920 1354; x_wconf 93' lang='lat' dir='ltr'><strong>in</strong></span> <span class='ocrx_word' id='word_1_123' title='bbox 2457 1289 2490 1373; x_wconf 66' lang='grc' dir='ltr'>ξ</span> <span class='ocrx_word' id='word_1_124' title='bbox 2767 1289 2838 1374; x_wconf 64' lang='lat'><strong>53</strong></span> <span class='ocrx_word' id='word_1_125' title='bbox 3256 1289 3290 1372; x_wconf 67' lang='grc' dir='ltr'><strong><em>ἶ</em></strong></span> 
     </span>
    </p>
   </div>
   <div class='ocr_carea' id='block_1_16' title="bbox 261 1380 3289 1456">
    <p class='ocr_par' dir='ltr' id='par_1_16' title="bbox 261 1380 3289 1456">
     <span class='ocr_line' id='line_1_17' title="bbox 261 1380 3289 1456; baseline 0.004 -22"><span class='ocrx_word' id='word_1_126' title='bbox 261 1394 387 1450; x_wconf 90' lang='lat' dir='ltr'><strong>quo</strong></span> <span class='ocrx_word' id='word_1_127' title='bbox 431 1380 700 1450; x_wconf 81' lang='lat' dir='ltr'><strong>regnavit</strong></span> <span class='ocrx_word' id='word_1_128' title='bbox 740 1381 962 1452; x_wconf 90' lang='lat' dir='ltr'><strong>primus</strong></span> <span class='ocrx_word' id='word_1_129' title='bbox 1002 1382 1273 1452; x_wconf 85' lang='lat' dir='ltr'><strong>Egialeus</strong></span> <span class='ocrx_word' id='word_1_130' title='bbox 1309 1399 1399 1439; x_wconf 92' lang='lat' dir='ltr'><strong>an.</strong></span> <span class='ocrx_word' id='word_1_131' title='bbox 1434 1384 1720 1456; x_wconf 61' lang='lat' dir='ltr'><strong>5&#39;23usque</strong></span> <span class='ocrx_word' id='word_1_132' title='bbox 1749 1387 1822 1441; x_wconf 91' lang='lat' dir='ltr'><strong>ad</strong></span> <span class='ocrx_word' id='word_1_133' title='bbox 1854 1390 1922 1444; x_wconf 80' lang='grc'>49</span> <span class='ocrx_word' id='word_1_134' title='bbox 2457 1394 2488 1443; x_wconf 76' lang='grc'><strong>5</strong></span> <span class='ocrx_word' id='word_1_135' title='bbox 2768 1391 2839 1444; x_wconf 82' lang='grc'>26</span> <span class='ocrx_word' id='word_1_136' title='bbox 3258 1391 3289 1443; x_wconf 77' lang='grc'>5</span> 
     </span>
    </p>
   </div>
   <div class='ocr_carea' id='block_1_17' title="bbox 260 1463 3291 1543">
    <p class='ocr_par' dir='ltr' id='par_1_17' title="bbox 260 1463 3291 1543">
     <span class='ocr_line' id='line_1_18' title="bbox 260 1463 3291 1543; baseline 0.007 -21"><span class='ocrx_word' id='word_1_137' title='bbox 260 1481 487 1524; x_wconf 85' lang='lat' dir='ltr'><strong>annum</strong></span> <span class='ocrx_word' id='word_1_138' title='bbox 536 1468 754 1540; x_wconf 76' lang='lat' dir='ltr'><strong>Tharae,</strong></span> <span class='ocrx_word' id='word_1_139' title='bbox 806 1470 990 1541; x_wconf 78' lang='lat' dir='ltr'><strong>patris</strong></span> <span class='ocrx_word' id='word_1_140' title='bbox 1037 1472 1301 1542; x_wconf 74' lang='lat' dir='ltr'><strong>Abrabze,</strong></span> <span class='ocrx_word' id='word_1_141' title='bbox 1337 1477 1394 1529; x_wconf 90' lang='lat' dir='ltr'><strong>et</strong></span> <span class='ocrx_word' id='word_1_142' title='bbox 1428 1474 1500 1528; x_wconf 90' lang='lat' dir='ltr'><strong>ab</strong></span> <span class='ocrx_word' id='word_1_143' title='bbox 1531 1474 1657 1543; x_wconf 90' lang='lat' dir='ltr'><strong>ejus</strong></span> <span class='ocrx_word' id='word_1_144' title='bbox 1690 1475 1919 1531; x_wconf 91' lang='lat' dir='ltr'><strong>nomine</strong></span> <span class='ocrx_word' id='word_1_145' title='bbox 2455 1464 2488 1543; x_wconf 65' lang='grc' dir='ltr'><strong>ρ</strong></span> <span class='ocrx_word' id='word_1_146' title='bbox 2767 1463 2838 1543; x_wconf 44' lang='lat' dir='ltr'><strong>QZ</strong></span> <span class='ocrx_word' id='word_1_147' title='bbox 3257 1463 3291 1543; x_wconf 56' lang='grc' dir='ltr'><em>ἒ</em></span> 
     </span>
    </p>
   </div>
   <div class='ocr_carea' id='block_1_18' title="bbox 258 1533 3290 1657">
    <p class='ocr_par' dir='ltr' id='par_1_18' title="bbox 258 1533 3290 1657">
     <span class='ocr_line' id='line_1_19' title="bbox 258 1533 3290 1657; baseline 0.012 -49"><span class='ocrx_word' id='word_1_148' title='bbox 258 1555 447 1657; x_wconf 43' lang='lat' dir='ltr'><strong>dicta.</strong></span> <span class='ocrx_word' id='word_1_149' title='bbox 478 1562 576 1657; x_wconf 51' lang='lat' dir='ltr'><strong>est;</strong></span> <span class='ocrx_word' id='word_1_150' title='bbox 596 1533 775 1657; x_wconf 44' lang='lat' dir='ltr'><strong>terra</strong></span> <span class='ocrx_word' id='word_1_151' title='bbox 806 1533 935 1628; x_wconf 71' lang='lat' dir='ltr'><strong>illa,</strong></span> <span class='ocrx_word' id='word_1_152' title='bbox 964 1558 1022 1656; x_wconf 78' lang='lat' dir='ltr'><strong>in</strong></span> <span class='ocrx_word' id='word_1_153' title='bbox 1053 1574 1163 1630; x_wconf 89' lang='lat' dir='ltr'><strong>qua</strong></span> <span class='ocrx_word' id='word_1_154' title='bbox 1198 1533 1480 1631; x_wconf 77' lang='lat' dir='ltr'><strong>regnavit,</strong></span> <span class='ocrx_word' id='word_1_155' title='bbox 1513 1533 1754 1632; x_wconf 75' lang='lat' dir='ltr'><strong>Egialia,</strong></span> <span class='ocrx_word' id='word_1_156' title='bbox 1792 1577 1919 1634; x_wconf 76' lang='lat' dir='ltr'><strong>quae</strong></span> <span class='ocrx_word' id='word_1_157' title='bbox 2454 1536 2489 1657; x_wconf 63' lang='grc' dir='ltr'>ἔ</span> <span class='ocrx_word' id='word_1_158' title='bbox 3253 1533 3290 1654; x_wconf 64' lang='grc' dir='ltr'>ἔ</span> 
     </span>
    </p>
   </div>
   <div class='ocr_carea' id='block_1_19' title="bbox 259 1643 3290 1727">
    <p class='ocr_par' dir='ltr' id='par_1_19' title="bbox 259 1643 3290 1727">
     <span class='ocr_line' id='line_1_20' title="bbox 259 1643 3290 1727; baseline 0.008 -29"><span class='ocrx_word' id='word_1_159' title='bbox 259 1643 489 1700; x_wconf 88' lang='lat' dir='ltr'><strong>deinde</strong></span> <span class='ocrx_word' id='word_1_160' title='bbox 511 1643 576 1679; x_wconf 66' lang='lat'><strong>1&quot;&quot;</strong></span> <span class='ocrx_word' id='word_1_161' title='bbox 596 1644 1011 1717; x_wconf 89' lang='lat' dir='ltr'><strong>Peloponensis</strong></span> <span class='ocrx_word' id='word_1_162' title='bbox 1042 1653 1434 1718; x_wconf 81' lang='lat' dir='ltr'><strong>nuncupatur.</strong></span> <span class='ocrx_word' id='word_1_163' title='bbox 1469 1650 1692 1707; x_wconf 83' lang='lat' dir='ltr'><strong>Mortuo</strong></span> <span class='ocrx_word' id='word_1_164' title='bbox 1723 1655 1915 1707; x_wconf 88' lang='lat' dir='ltr'><strong>autem</strong></span> <span class='ocrx_word' id='word_1_165' title='bbox 2455 1643 2489 1727; x_wconf 65' lang='grc' dir='ltr'>ξ</span> <span class='ocrx_word' id='word_1_166' title='bbox 2768 1643 2836 1725; x_wconf 73' lang='grc' dir='ltr'>Ξό</span> <span class='ocrx_word' id='word_1_167' title='bbox 3254 1643 3290 1726; x_wconf 67' lang='grc' dir='ltr'><strong>ξ)</strong></span> 
     </span>
    </p>
   </div>
   <div class='ocr_carea' id='block_1_20' title="bbox 254 1732 3290 1808">
    <p class='ocr_par' dir='ltr' id='par_1_20' title="bbox 254 1732 3290 1808">
     <span class='ocr_line' id='line_1_21' title="bbox 254 1732 3290 1808; baseline 0.002 -20"><span class='ocrx_word' id='word_1_168' title='bbox 254 1732 533 1801; x_wconf 87' lang='lat' dir='ltr'><strong>Egialeo,</strong></span> <span class='ocrx_word' id='word_1_169' title='bbox 569 1734 859 1790; x_wconf 82' lang='lat' dir='ltr'><strong>secundus</strong></span> <span class='ocrx_word' id='word_1_170' title='bbox 900 1733 1166 1804; x_wconf 81' lang='lat' dir='ltr'><strong>regnavit</strong></span> <span class='ocrx_word' id='word_1_171' title='bbox 1207 1738 1433 1807; x_wconf 85' lang='lat' dir='ltr'><strong>Europs</strong></span> <span class='ocrx_word' id='word_1_172' title='bbox 1462 1751 1591 1794; x_wconf 88' lang='lat' dir='ltr'><strong>ann.</strong></span> <span class='ocrx_word' id='word_1_173' title='bbox 1628 1742 1714 1808; x_wconf 76' lang='grc'><strong>45,</strong></span> <span class='ocrx_word' id='word_1_174' title='bbox 1748 1739 1916 1808; x_wconf 85' lang='lat' dir='ltr'><strong>cujus</strong></span> <span class='ocrx_word' id='word_1_175' title='bbox 2424 1747 2489 1797; x_wconf 89' lang='grc'><strong>10</strong></span> <span class='ocrx_word' id='word_1_176' title='bbox 2767 1745 2825 1796; x_wconf 90' lang='grc'>31</span> <span class='ocrx_word' id='word_1_177' title='bbox 3223 1745 3290 1796; x_wconf 92' lang='grc'>10</span> 
     </span>
    </p>
   </div>
   <div class='ocr_carea' id='block_1_21' title="bbox 254 1815 3279 1917">
    <p class='ocr_par' dir='ltr' id='par_1_21' title="bbox 254 1815 3279 1917">
     <span class='ocr_line' id='line_1_22' title="bbox 254 1815 3279 1917; baseline 0.009 -43"><span class='ocrx_word' id='word_1_178' title='bbox 254 1824 346 1917; x_wconf 69' lang='grc' dir='ltr'><strong>22Δ</strong></span> <span class='ocrx_word' id='word_1_179' title='bbox 376 1835 561 1917; x_wconf 54' lang='lat' dir='ltr'><strong>anno,</strong></span> <span class='ocrx_word' id='word_1_180' title='bbox 593 1822 688 1892; x_wconf 88' lang='lat' dir='ltr'><strong>qui</strong></span> <span class='ocrx_word' id='word_1_181' title='bbox 729 1827 857 1878; x_wconf 91' lang='lat' dir='ltr'><strong>erat</strong></span> <span class='ocrx_word' id='word_1_182' title='bbox 896 1823 1022 1879; x_wconf 82' lang='lat' dir='ltr'><strong>Nini</strong></span> <span class='ocrx_word' id='word_1_183' title='bbox 1066 1826 1192 1901; x_wconf 57' lang='lat' dir='ltr'><strong>A3“!</strong></span> <span class='ocrx_word' id='word_1_184' title='bbox 1231 1828 1290 1879; x_wconf 88' lang='lat' dir='ltr'><strong>et</strong></span> <span class='ocrx_word' id='word_1_185' title='bbox 1332 1824 1529 1881; x_wconf 65' lang='lat' dir='ltr'><strong>Tharaa</strong></span> <span class='ocrx_word' id='word_1_186' title='bbox 1559 1830 1706 1895; x_wconf 67' lang='lat'><strong>70‘“,</strong></span> <span class='ocrx_word' id='word_1_187' title='bbox 1743 1831 1915 1883; x_wconf 90' lang='lat' dir='ltr'><strong>natus</strong></span> <span class='ocrx_word' id='word_1_188' title='bbox 1949 1857 2000 1917; x_wconf 79' lang='grc' dir='ltr'>Β</span> 
     </span>
    </p>
   </div>
   <div class='ocr_carea' id='block_1_22' title="bbox 257 1885 3291 2007">
    <p class='ocr_par' dir='ltr' id='par_1_22' title="bbox 257 1885 3291 2007">
     <span class='ocr_line' id='line_1_23' title="bbox 257 1885 3291 2007; baseline -0.009 -42"><span class='ocrx_word' id='word_1_189' title='bbox 257 1913 355 2007; x_wconf 66' lang='lat' dir='ltr'><strong>est</strong></span> <span class='ocrx_word' id='word_1_190' title='bbox 386 1885 749 2007; x_wconf 30' lang='lat' dir='ltr'><strong>Abraham.‘</strong></span> <span class='ocrx_word' id='word_1_191' title='bbox 913 1999 955 2007; x_wconf 78' lang='lat'>_</span> <span class='ocrx_word' id='word_1_192' title='bbox 1444 2004 1449 2007; x_wconf 17' lang='grc' dir='ltr'><strong>Δ</strong></span> <span class='ocrx_word' id='word_1_193' title='bbox 1544 1999 1559 2007; x_wconf 44' lang='lat'><strong>-</strong></span> <span class='ocrx_word' id='word_1_194' title='bbox 1641 1885 1704 2007; x_wconf 38' lang='lat'><strong>-&#39;</strong></span> <span class='ocrx_word' id='word_1_195' title='bbox 1784 2004 1790 2007; x_wconf 16' lang='grc' dir='ltr'><strong><em>μ</em></strong></span> <span class='ocrx_word' id='word_1_196' title='bbox 1949 1885 2000 1917; x_wconf 69' lang='grc' dir='ltr'>υ</span> 
     </span>
    </p>
   </div>
   <div class='ocr_carea' id='block_1_23' title="bbox 334 1998 3290 2079">
    <p class='ocr_par' dir='ltr' id='par_1_23' title="bbox 334 1998 3290 2079">
     <span class='ocr_line' id='line_1_24' title="bbox 334 1998 3290 2079; baseline 0.007 -30"><span class='ocrx_word' id='word_1_197' title='bbox 334 1998 400 2052; x_wconf 85' lang='lat' dir='ltr'><strong>In</strong></span> <span class='ocrx_word' id='word_1_198' title='bbox 433 2010 615 2067; x_wconf 87' lang='lat' dir='ltr'><strong>regno</strong></span> <span class='ocrx_word' id='word_1_199' title='bbox 657 2001 851 2054; x_wconf 91' lang='lat' dir='ltr'><strong>autem</strong></span> <span class='ocrx_word' id='word_1_200' title='bbox 892 1999 1291 2070; x_wconf 63' lang='lat' dir='ltr'><strong>Egyptiorum</strong></span> <span class='ocrx_word' id='word_1_201' title='bbox 1330 2004 1491 2056; x_wconf 89' lang='lat' dir='ltr'><strong>sexta</strong></span> <span class='ocrx_word' id='word_1_202' title='bbox 1527 1999 1747 2057; x_wconf 88' lang='lat' dir='ltr'><strong>decima</strong></span> <span class='ocrx_word' id='word_1_203' title='bbox 1778 2004 1917 2057; x_wconf 89' lang='lat' dir='ltr'><strong>tunc</strong></span> <span class='ocrx_word' id='word_1_204' title='bbox 2423 1998 2489 2078; x_wconf 62' lang='grc' dir='ltr'>ᾗῇ</span> <span class='ocrx_word' id='word_1_205' title='bbox 2766 1998 2835 2079; x_wconf 63' lang='lat'><strong>58</strong></span> <span class='ocrx_word' id='word_1_206' title='bbox 3220 1998 3290 2079; x_wconf 58' lang='lat' dir='ltr'><strong>ii</strong></span> 
     </span>
    </p>
   </div>
   <div class='ocr_carea' id='block_1_24' title="bbox 258 2087 3289 2160">
    <p class='ocr_par' dir='ltr' id='par_1_24' title="bbox 258 2087 3289 2160">
     <span class='ocr_line' id='line_1_25' title="bbox 258 2087 3289 2160; baseline 0.003 -20"><span class='ocrx_word' id='word_1_207' title='bbox 258 2090 393 2141; x_wconf 78' lang='lat' dir='ltr'><strong>erat</strong></span> <span class='ocrx_word' id='word_1_208' title='bbox 437 2089 722 2157; x_wconf 85' lang='lat' dir='ltr'><strong>potestas,</strong></span> <span class='ocrx_word' id='word_1_209' title='bbox 769 2100 936 2156; x_wconf 89' lang='lat' dir='ltr'><strong>quam</strong></span> <span class='ocrx_word' id='word_1_210' title='bbox 980 2087 1060 2142; x_wconf 93' lang='lat' dir='ltr'><strong>illi</strong></span> <span class='ocrx_word' id='word_1_211' title='bbox 1099 2093 1309 2144; x_wconf 89' lang='lat' dir='ltr'><strong>vocant</strong></span> <span class='ocrx_word' id='word_1_212' title='bbox 1345 2088 1673 2160; x_wconf 87' lang='lat' dir='ltr'><strong>dinastiam,</strong></span> <span class='ocrx_word' id='word_1_213' title='bbox 1706 2090 1777 2145; x_wconf 88' lang='lat' dir='ltr'><strong>ab</strong></span> <span class='ocrx_word' id='word_1_214' title='bbox 1808 2088 1917 2146; x_wconf 89' lang='lat' dir='ltr'><strong>hoc</strong></span> <span class='ocrx_word' id='word_1_215' title='bbox 2425 2097 2488 2148; x_wconf 80' lang='lat'><strong>15</strong></span> <span class='ocrx_word' id='word_1_216' title='bbox 2770 2092 2838 2149; x_wconf 86' lang='lat'><strong>36</strong></span> <span class='ocrx_word' id='word_1_217' title='bbox 3224 2097 3289 2148; x_wconf 80' lang='lat'><strong>15</strong></span> 
     </span>
    </p>
   </div>
   <div class='ocr_carea' id='block_1_25' title="bbox 259 2166 3289 2259">
    <p class='ocr_par' dir='ltr' id='par_1_25' title="bbox 259 2166 3289 2259">
     <span class='ocr_line' id='line_1_26' title="bbox 259 2166 3289 2259; baseline 0.002 -29"><span class='ocrx_word' id='word_1_218' title='bbox 259 2188 405 2230; x_wconf 79' lang='lat' dir='ltr'><strong>vero</strong></span> <span class='ocrx_word' id='word_1_219' title='bbox 430 2178 699 2245; x_wconf 88' lang='lat' dir='ltr'><strong>tempore</strong></span> <span class='ocrx_word' id='word_1_220' title='bbox 734 2175 1100 2259; x_wconf 78' lang='lat' dir='ltr'><strong>imperabant</strong></span> <span class='ocrx_word' id='word_1_221' title='bbox 1128 2175 1213 2233; x_wconf 90' lang='lat' dir='ltr'><strong>eis</strong></span> <span class='ocrx_word' id='word_1_222' title='bbox 1244 2175 1452 2233; x_wconf 89' lang='lat' dir='ltr'><strong>Thebei</strong></span> <span class='ocrx_word' id='word_1_223' title='bbox 1482 2182 1714 2233; x_wconf 86' lang='lat' dir='ltr'><strong>centum</strong></span> <span class='ocrx_word' id='word_1_224' title='bbox 1745 2192 1919 2234; x_wconf 90' lang='lat' dir='ltr'><strong>noua-</strong></span> 
     </span>
    </p>
   </div>
   <div class='ocr_carea' id='block_1_26' title="bbox 258 2237 3289 2362">
    <p class='ocr_par' dir='ltr' id='par_1_26' title="bbox 258 2237 3289 2362">
     <span class='ocr_line' id='line_1_27' title="bbox 258 2237 3289 2362; baseline 0.002 -45"><span class='ocrx_word' id='word_1_225' title='bbox 258 2262 424 2333; x_wconf 90' lang='lat' dir='ltr'><strong>ginta</strong></span> <span class='ocrx_word' id='word_1_226' title='bbox 459 2237 648 2319; x_wconf 79' lang='lat' dir='ltr'><strong>annis.</strong></span> <span class='ocrx_word' id='word_1_227' title='bbox 818 2237 832 2246; x_wconf 56' lang='grc'><em>’</em></span> <span class='ocrx_word' id='word_1_228' title='bbox 1070 2250 1081 2259; x_wconf 28' lang='grc'><strong>1</strong></span> 
     </span>
    </p>
   </div>
   <div class='ocr_carea' id='block_1_27' title="bbox 334 2351 3285 2433">
    <p class='ocr_par' dir='ltr' id='par_1_27' title="bbox 334 2351 3285 2433">
     <span class='ocr_line' id='line_1_28' title="bbox 334 2351 3285 2433; baseline 0.006 -27"><span class='ocrx_word' id='word_1_229' title='bbox 334 2354 401 2407; x_wconf 82' lang='lat' dir='ltr'><strong>In</strong></span> <span class='ocrx_word' id='word_1_230' title='bbox 434 2351 810 2422; x_wconf 86' lang='lat' dir='ltr'><strong>Assyriorum</strong></span> <span class='ocrx_word' id='word_1_231' title='bbox 833 2367 972 2415; x_wconf 82' lang='lat' dir='ltr'><strong>vero</strong></span> <span class='ocrx_word' id='word_1_232' title='bbox 995 2366 1174 2424; x_wconf 86' lang='lat' dir='ltr'><strong>regno</strong></span> <span class='ocrx_word' id='word_1_233' title='bbox 1197 2360 1424 2412; x_wconf 87' lang='lat' dir='ltr'><strong>mortuo</strong></span> <span class='ocrx_word' id='word_1_234' title='bbox 1449 2354 1585 2412; x_wconf 90' lang='lat' dir='ltr'><strong>Belo</strong></span> <span class='ocrx_word' id='word_1_235' title='bbox 1610 2370 1745 2425; x_wconf 87' lang='lat' dir='ltr'><strong>rege</strong></span> <span class='ocrx_word' id='word_1_236' title='bbox 1768 2370 1918 2412; x_wconf 91' lang='lat' dir='ltr'><strong>anno</strong></span> <span class='ocrx_word' id='word_1_237' title='bbox 2421 2351 2488 2433; x_wconf 65' lang='lat' dir='ltr'><strong>i6</strong></span> <span class='ocrx_word' id='word_1_238' title='bbox 2763 2351 2833 2433; x_wconf 72' lang='grc' dir='ltr'>ῖό</span> <span class='ocrx_word' id='word_1_239' title='bbox 3218 2351 3285 2430; x_wconf 71' lang='grc' dir='ltr'>ἱᾷ</span> 
     </span>
    </p>
   </div>
   <div class='ocr_carea' id='block_1_28' title="bbox 263 2440 1823 2514">
    <p class='ocr_par' dir='ltr' id='par_1_28' title="bbox 263 2440 1823 2514">
     <span class='ocr_line' id='line_1_29' title="bbox 263 2440 1823 2514; baseline 0.004 -20"><span class='ocrx_word' id='word_1_240' title='bbox 263 2440 429 2510; x_wconf 82' lang='lat' dir='ltr'><strong>regni</strong></span> <span class='ocrx_word' id='word_1_241' title='bbox 467 2440 555 2497; x_wconf 91' lang='lat' dir='ltr'><strong>sui</strong></span> <span class='ocrx_word' id='word_1_242' title='bbox 585 2445 701 2509; x_wconf 74' lang='lat'><strong>75°,</strong></span> <span class='ocrx_word' id='word_1_243' title='bbox 736 2441 833 2512; x_wconf 90' lang='lat' dir='ltr'><strong>qui</strong></span> <span class='ocrx_word' id='word_1_244' title='bbox 859 2446 987 2498; x_wconf 89' lang='lat' dir='ltr'><strong>erat</strong></span> <span class='ocrx_word' id='word_1_245' title='bbox 1008 2446 1183 2498; x_wconf 61' lang='lat' dir='ltr'><strong>271mm</strong></span> <span class='ocrx_word' id='word_1_246' title='bbox 1202 2442 1401 2500; x_wconf 66' lang='lat' dir='ltr'><strong>Tharae</strong></span> <span class='ocrx_word' id='word_1_247' title='bbox 1435 2444 1621 2514; x_wconf 87' lang='lat' dir='ltr'><strong>patris</strong></span> <span class='ocrx_word' id='word_1_248' title='bbox 1649 2443 1823 2500; x_wconf 88' lang='lat' dir='ltr'><strong>Abral</strong></span> 
     </span>
    </p>
   </div>
   <div class='ocr_carea' id='block_1_29' title="bbox 1726 2440 3286 2514">
    <p class='ocr_par' dir='ltr' id='par_1_29' title="bbox 1726 2443 3286 2514">
     <span class='ocr_line' id='line_1_30' title="bbox 1726 2443 3286 2514; baseline 0.003 -17"><span class='ocrx_word' id='word_1_249' title='bbox 1726 2443 1913 2514; x_wconf 58' lang='lat' dir='ltr'><strong>irahze,</strong></span> <span class='ocrx_word' id='word_1_250' title='bbox 2419 2450 2489 2503; x_wconf 81' lang='lat'><strong>20</strong></span> <span class='ocrx_word' id='word_1_251' title='bbox 2762 2450 2824 2504; x_wconf 75' lang='grc'>41</span> <span class='ocrx_word' id='word_1_252' title='bbox 3216 2447 3286 2502; x_wconf 86' lang='grc'>20</span> 
     </span>
    </p>
   </div>
   <div class='ocr_carea' id='block_1_30' title="bbox 262 2519 3277 2601">
    <p class='ocr_par' dir='ltr' id='par_1_30' title="bbox 262 2519 3277 2601">
     <span class='ocr_line' id='line_1_31' title="bbox 262 2519 3277 2601; baseline -0.001 -17"><span class='ocrx_word' id='word_1_253' title='bbox 262 2528 560 2585; x_wconf 84' lang='lat' dir='ltr'><strong>successit</strong></span> <span class='ocrx_word' id='word_1_254' title='bbox 601 2528 653 2586; x_wconf 92' lang='lat' dir='ltr'><strong>ei</strong></span> <span class='ocrx_word' id='word_1_255' title='bbox 696 2527 852 2586; x_wconf 83' lang='lat' dir='ltr'><strong>tilius</strong></span> <span class='ocrx_word' id='word_1_256' title='bbox 889 2545 1033 2587; x_wconf 90' lang='lat' dir='ltr'><strong>suus</strong></span> <span class='ocrx_word' id='word_1_257' title='bbox 1074 2531 1272 2601; x_wconf 81' lang='lat' dir='ltr'><strong>Ninus,</strong></span> <span class='ocrx_word' id='word_1_258' title='bbox 1324 2531 1419 2601; x_wconf 90' lang='lat' dir='ltr'><strong>qui</strong></span> <span class='ocrx_word' id='word_1_259' title='bbox 1463 2530 1515 2585; x_wconf 91' lang='lat' dir='ltr'><strong>in</strong></span> <span class='ocrx_word' id='word_1_260' title='bbox 1559 2532 1712 2587; x_wconf 88' lang='lat' dir='ltr'><strong>serie</strong></span> <span class='ocrx_word' id='word_1_261' title='bbox 1755 2532 1917 2601; x_wconf 85' lang='lat' dir='ltr'><strong>regni</strong></span> <span class='ocrx_word' id='word_1_262' title='bbox 2417 2521 2478 2574; x_wconf 75' lang='grc'>21</span> <span class='ocrx_word' id='word_1_263' title='bbox 2764 2520 2832 2575; x_wconf 74' lang='grc'>42</span> <span class='ocrx_word' id='word_1_264' title='bbox 3213 2519 3277 2571; x_wconf 74' lang='grc'>21</span> 
     </span>
    </p>
   </div>
   <div class='ocr_carea' id='block_1_31' title="bbox 262 2617 1912 2689">
    <p class='ocr_par' dir='ltr' id='par_1_31' title="bbox 262 2617 1912 2689">
     <span class='ocr_line' id='line_1_32' title="bbox 262 2617 1912 2689; baseline 0 -16"><span class='ocrx_word' id='word_1_265' title='bbox 262 2617 644 2688; x_wconf 80' lang='lat' dir='ltr'><strong>Assyriorum</strong></span> <span class='ocrx_word' id='word_1_266' title='bbox 685 2617 908 2689; x_wconf 76' lang='lat' dir='ltr'><strong>primus</strong></span> <span class='ocrx_word' id='word_1_267' title='bbox 951 2619 1204 2689; x_wconf 90' lang='lat' dir='ltr'><strong>ponitur,</strong></span> <span class='ocrx_word' id='word_1_268' title='bbox 1249 2619 1403 2689; x_wconf 86' lang='lat' dir='ltr'><strong>quia,</strong></span> <span class='ocrx_word' id='word_1_269' title='bbox 1449 2624 1512 2674; x_wconf 93' lang='lat' dir='ltr'><strong>ut</strong></span> <span class='ocrx_word' id='word_1_270' title='bbox 1553 2620 1771 2674; x_wconf 90' lang='lat' dir='ltr'><strong>dictum</strong></span> <span class='ocrx_word' id='word_1_271' title='bbox 1804 2622 1912 2689; x_wconf 89' lang='lat' dir='ltr'><strong>est,</strong></span> 
     </span>
    </p>
   </div>
   <div class='ocr_carea' id='block_1_32' title="bbox 261 2705 1914 2778">
    <p class='ocr_par' dir='ltr' id='par_1_32' title="bbox 261 2705 1914 2778">
     <span class='ocr_line' id='line_1_33' title="bbox 261 2705 1914 2778; baseline 0.001 -18"><span class='ocrx_word' id='word_1_272' title='bbox 261 2705 486 2760; x_wconf 89' lang='lat' dir='ltr'><strong>ceteris</strong></span> <span class='ocrx_word' id='word_1_273' title='bbox 511 2706 752 2775; x_wconf 81' lang='lat' dir='ltr'><strong>regibus</strong></span> <span class='ocrx_word' id='word_1_274' title='bbox 776 2706 998 2763; x_wconf 81' lang='lat' dir='ltr'><strong>fraudis</strong></span> <span class='ocrx_word' id='word_1_275' title='bbox 1022 2706 1238 2778; x_wconf 87' lang='lat' dir='ltr'><strong>ignaris</strong></span> <span class='ocrx_word' id='word_1_276' title='bbox 1261 2712 1318 2763; x_wconf 92' lang='lat' dir='ltr'><strong>et</strong></span> <span class='ocrx_word' id='word_1_277' title='bbox 1342 2721 1651 2777; x_wconf 78' lang='lat' dir='ltr'><strong>regnorum</strong></span> <span class='ocrx_word' id='word_1_278' title='bbox 1676 2721 1914 2764; x_wconf 90' lang='lat' dir='ltr'><strong>suorum</strong></span> 
     </span>
    </p>
   </div>
   <div class='ocr_carea' id='block_1_33' title="bbox 260 2789 1910 2867">
    <p class='ocr_par' dir='ltr' id='par_1_33' title="bbox 260 2789 1910 2867">
     <span class='ocr_line' id='line_1_34' title="bbox 260 2789 1910 2867; baseline 0.002 -22"><span class='ocrx_word' id='word_1_279' title='bbox 260 2789 481 2847; x_wconf 78' lang='lat' dir='ltr'><strong>finibus</strong></span> <span class='ocrx_word' id='word_1_280' title='bbox 508 2792 804 2848; x_wconf 86' lang='lat' dir='ltr'><strong>contentis</strong></span> <span class='ocrx_word' id='word_1_281' title='bbox 834 2792 1029 2863; x_wconf 78' lang='lat' dir='ltr'><strong>(ans.</strong></span> <span class='ocrx_word' id='word_1_282' title='bbox 1065 2809 1103 2865; x_wconf 81' lang='grc' dir='ltr'><strong>ι,</strong></span> <span class='ocrx_word' id='word_1_283' title='bbox 1130 2794 1204 2866; x_wconf 77' lang='grc'><strong>4),</strong></span> <span class='ocrx_word' id='word_1_284' title='bbox 1238 2795 1361 2867; x_wconf 89' lang='lat' dir='ltr'><strong>ipse</strong></span> <span class='ocrx_word' id='word_1_285' title='bbox 1397 2793 1785 2864; x_wconf 67' lang='lat' dir='ltr'><strong>propagandae</strong></span> <span class='ocrx_word' id='word_1_286' title='bbox 1819 2794 1910 2849; x_wconf 91' lang='lat' dir='ltr'><strong>do-</strong></span> 
     </span>
    </p>
   </div>
   <div class='ocr_carea' id='block_1_34' title="bbox 260 2880 1911 2952">
    <p class='ocr_par' dir='ltr' id='par_1_34' title="bbox 260 2880 1911 2952">
     <span class='ocr_line' id='line_1_35' title="bbox 260 2880 1911 2952; baseline 0.001 -17"><span class='ocrx_word' id='word_1_287' title='bbox 260 2880 607 2937; x_wconf 87' lang='lat' dir='ltr'><strong>minationis</strong></span> <span class='ocrx_word' id='word_1_288' title='bbox 646 2880 889 2937; x_wconf 89' lang='lat' dir='ltr'><strong>libidine</strong></span> <span class='ocrx_word' id='word_1_289' title='bbox 927 2896 1083 2937; x_wconf 88' lang='lat' dir='ltr'><strong>arma</strong></span> <span class='ocrx_word' id='word_1_290' title='bbox 1124 2882 1281 2940; x_wconf 81' lang='lat' dir='ltr'><strong>foras</strong></span> <span class='ocrx_word' id='word_1_291' title='bbox 1330 2882 1562 2952; x_wconf 81' lang='lat' dir='ltr'><strong>extulit,</strong></span> <span class='ocrx_word' id='word_1_292' title='bbox 1610 2887 1911 2938; x_wconf 86' lang='lat' dir='ltr'><strong>cruentam</strong></span> 
     </span>
    </p>
   </div>
   <div class='ocr_carea' id='block_1_35' title="bbox 259 2968 1913 3041">
    <p class='ocr_par' dir='ltr' id='par_1_35' title="bbox 259 2968 1913 3041">
     <span class='ocr_line' id='line_1_36' title="bbox 259 2968 1913 3041; baseline 0.003 -21"><span class='ocrx_word' id='word_1_293' title='bbox 259 2968 444 3024; x_wconf 86' lang='lat' dir='ltr'><strong>vitam</strong></span> <span class='ocrx_word' id='word_1_294' title='bbox 476 2968 647 3024; x_wconf 90' lang='lat' dir='ltr'><strong>annis</strong></span> <span class='ocrx_word' id='word_1_295' title='bbox 671 2968 1087 3041; x_wconf 84' lang='lat' dir='ltr'><strong>quinquaginta</strong></span> <span class='ocrx_word' id='word_1_296' title='bbox 1114 2970 1285 3028; x_wconf 88' lang='lat' dir='ltr'><strong>hellis</strong></span> <span class='ocrx_word' id='word_1_297' title='bbox 1304 2971 1444 3041; x_wconf 86' lang='lat' dir='ltr'><strong>egit,</strong></span> <span class='ocrx_word' id='word_1_298' title='bbox 1470 2970 1655 3027; x_wconf 90' lang='lat' dir='ltr'><strong>donec</strong></span> <span class='ocrx_word' id='word_1_299' title='bbox 1686 2984 1913 3026; x_wconf 90' lang='lat' dir='ltr'><strong>omnem</strong></span> 
     </span>
    </p>
   </div>
   <div class='ocr_carea' id='block_1_36' title="bbox 261 3057 1916 3128">
    <p class='ocr_par' dir='ltr' id='par_1_36' title="bbox 261 3057 1916 3128">
     <span class='ocr_line' id='line_1_37' title="bbox 261 3057 1916 3128; baseline 0.001 -17"><span class='ocrx_word' id='word_1_300' title='bbox 261 3057 463 3113; x_wconf 89' lang='lat' dir='ltr'><strong>Asiam</strong></span> <span class='ocrx_word' id='word_1_301' title='bbox 502 3061 751 3127; x_wconf 86' lang='lat' dir='ltr'><strong>excepta</strong></span> <span class='ocrx_word' id='word_1_302' title='bbox 796 3057 955 3114; x_wconf 89' lang='lat' dir='ltr'><strong>India</strong></span> <span class='ocrx_word' id='word_1_303' title='bbox 997 3058 1104 3115; x_wconf 89' lang='lat' dir='ltr'><strong>sibi</strong></span> <span class='ocrx_word' id='word_1_304' title='bbox 1156 3059 1424 3128; x_wconf 90' lang='lat' dir='ltr'><strong>subjecit.</strong></span> <span class='ocrx_word' id='word_1_305' title='bbox 1463 3058 1787 3115; x_wconf 88' lang='lat' dir='ltr'><strong>Novissime</strong></span> <span class='ocrx_word' id='word_1_306' title='bbox 1818 3060 1916 3113; x_wconf 89' lang='lat' dir='ltr'><strong>Zo-</strong></span> 
     </span>
    </p>
   </div>
   <div class='ocr_carea' id='block_1_37' title="bbox 260 3146 1993 3225">
    <p class='ocr_par' dir='ltr' id='par_1_37' title="bbox 260 3146 1993 3225">
     <span class='ocr_line' id='line_1_38' title="bbox 260 3146 1993 3225; baseline 0.002 -26"><span class='ocrx_word' id='word_1_307' title='bbox 260 3149 577 3215; x_wconf 89' lang='lat' dir='ltr'><strong>roastrem,</strong></span> <span class='ocrx_word' id='word_1_308' title='bbox 614 3146 1052 3205; x_wconf 87' lang='lat' dir='ltr'><strong>Bactrianorum</strong></span> <span class='ocrx_word' id='word_1_309' title='bbox 1078 3162 1272 3218; x_wconf 86' lang='lat' dir='ltr'><strong>regem</strong></span> <span class='ocrx_word' id='word_1_310' title='bbox 1291 3148 1652 3218; x_wconf 81' lang='lat' dir='ltr'><strong>eundemque</strong></span> <span class='ocrx_word' id='word_1_311' title='bbox 1677 3147 1915 3217; x_wconf 70' lang='lat' dir='ltr'><strong>magicaa</strong></span> <span class='ocrx_word' id='word_1_312' title='bbox 1950 3202 1993 3225; x_wconf 52' lang='lat' dir='ltr'>ﬂ</span> 
     </span>
    </p>
   </div>
   <div class='ocr_carea' id='block_1_38' title="bbox 164 3233 1918 3308">
    <p class='ocr_par' dir='ltr' id='par_1_38' title="bbox 164 3233 1918 3308">
     <span class='ocr_line' id='line_1_39' title="bbox 164 3233 1918 3308; baseline 0.005 -25"><span class='ocrx_word' id='word_1_313' title='bbox 164 3282 169 3283; x_wconf 63' lang='lat'><strong>,</strong></span> <span class='ocrx_word' id='word_1_314' title='bbox 261 3233 429 3303; x_wconf 90' lang='lat' dir='ltr'><strong>artis,</strong></span> <span class='ocrx_word' id='word_1_315' title='bbox 458 3239 524 3290; x_wconf 91' lang='lat' dir='ltr'><strong>ut</strong></span> <span class='ocrx_word' id='word_1_316' title='bbox 547 3235 763 3305; x_wconf 85' lang='lat' dir='ltr'><strong>ferunt,</strong></span> <span class='ocrx_word' id='word_1_317' title='bbox 798 3240 1182 3308; x_wconf 85' lang='lat' dir='ltr'><strong>repertorem,</strong></span> <span class='ocrx_word' id='word_1_318' title='bbox 1219 3252 1406 3307; x_wconf 90' lang='lat' dir='ltr'><strong>pugna</strong></span> <span class='ocrx_word' id='word_1_319' title='bbox 1440 3236 1807 3307; x_wconf 87' lang='lat' dir='ltr'><strong>obpressum,</strong></span> <span class='ocrx_word' id='word_1_320' title='bbox 1836 3235 1918 3291; x_wconf 90' lang='lat' dir='ltr'><strong>in-</strong></span> 
     </span>
    </p>
   </div>
   <div class='ocr_carea' id='block_1_39' title="bbox 261 3321 1913 3396">
    <p class='ocr_par' dir='ltr' id='par_1_39' title="bbox 261 3321 1913 3396">
     <span class='ocr_line' id='line_1_40' title="bbox 261 3321 1913 3396; baseline 0.002 -20"><span class='ocrx_word' id='word_1_321' title='bbox 261 3321 523 3387; x_wconf 83' lang='lat' dir='ltr'><strong>terfecit,</strong></span> <span class='ocrx_word' id='word_1_322' title='bbox 552 3322 623 3379; x_wconf 90' lang='lat' dir='ltr'><strong>de</strong></span> <span class='ocrx_word' id='word_1_323' title='bbox 646 3338 759 3395; x_wconf 92' lang='lat' dir='ltr'><strong>quo</strong></span> <span class='ocrx_word' id='word_1_324' title='bbox 783 3324 1145 3381; x_wconf 85' lang='lat' dir='ltr'><strong>Aristotiless</strong></span> <span class='ocrx_word' id='word_1_325' title='bbox 1166 3324 1341 3382; x_wconf 89' lang='lat' dir='ltr'><strong>cribit</strong></span> <span class='ocrx_word' id='word_1_326' title='bbox 1366 3324 1471 3395; x_wconf 83' lang='lat' dir='ltr'><strong>(Cf.</strong></span> <span class='ocrx_word' id='word_1_327' title='bbox 1498 3326 1652 3380; x_wconf 82' lang='lat' dir='ltr'><strong>PLIN.</strong></span> <span class='ocrx_word' id='word_1_328' title='bbox 1680 3339 1811 3393; x_wconf 84' lang='lat' dir='ltr'><strong>xxx,</strong></span> <span class='ocrx_word' id='word_1_329' title='bbox 1840 3326 1913 3396; x_wconf 93' lang='lat'><strong>1),</strong></span> 
     </span>
    </p>
   </div>
   <div class='ocr_carea' id='block_1_40' title="bbox 262 3410 1915 3484">
    <p class='ocr_par' dir='ltr' id='par_1_40' title="bbox 262 3410 1915 3484">
     <span class='ocr_line' id='line_1_41' title="bbox 262 3410 1915 3484; baseline 0.001 -19"><span class='ocrx_word' id='word_1_330' title='bbox 262 3410 425 3480; x_wconf 90' lang='lat' dir='ltr'><strong>quod</strong></span> <span class='ocrx_word' id='word_1_331' title='bbox 457 3411 643 3468; x_wconf 86' lang='lat' dir='ltr'><strong>vicies</strong></span> <span class='ocrx_word' id='word_1_332' title='bbox 670 3418 902 3469; x_wconf 90' lang='lat' dir='ltr'><strong>centum</strong></span> <span class='ocrx_word' id='word_1_333' title='bbox 936 3412 1093 3470; x_wconf 90' lang='lat' dir='ltr'><strong>milia</strong></span> <span class='ocrx_word' id='word_1_334' title='bbox 1126 3428 1401 3470; x_wconf 88' lang='lat' dir='ltr'><strong>versuum</strong></span> <span class='ocrx_word' id='word_1_335' title='bbox 1434 3412 1504 3467; x_wconf 89' lang='lat' dir='ltr'><strong>ab</strong></span> <span class='ocrx_word' id='word_1_336' title='bbox 1529 3413 1654 3484; x_wconf 84' lang='lat' dir='ltr'><strong>ipso</strong></span> <span class='ocrx_word' id='word_1_337' title='bbox 1683 3411 1915 3469; x_wconf 90' lang='lat' dir='ltr'><strong>condita</strong></span> 
     </span>
    </p>
   </div>
   <div class='ocr_carea' id='block_1_41' title="bbox 260 3499 1911 3572">
    <p class='ocr_par' dir='ltr' id='par_1_41' title="bbox 260 3499 1911 3572">
     <span class='ocr_line' id='line_1_42' title="bbox 260 3499 1911 3572; baseline 0.002 -20"><span class='ocrx_word' id='word_1_338' title='bbox 260 3499 499 3556; x_wconf 88' lang='lat' dir='ltr'><strong>indiciis</strong></span> <span class='ocrx_word' id='word_1_339' title='bbox 532 3500 892 3558; x_wconf 86' lang='lat' dir='ltr'><strong>voluminum</strong></span> <span class='ocrx_word' id='word_1_340' title='bbox 936 3501 1094 3559; x_wconf 91' lang='lat' dir='ltr'><strong>illius</strong></span> <span class='ocrx_word' id='word_1_341' title='bbox 1127 3501 1500 3558; x_wconf 85' lang='lat' dir='ltr'><strong>declarentur</strong></span> <span class='ocrx_word' id='word_1_342' title='bbox 1534 3500 1733 3570; x_wconf 79' lang='lat' dir='ltr'><strong>(Onos.</strong></span> <span class='ocrx_word' id='word_1_343' title='bbox 1760 3502 1797 3557; x_wconf 84' lang='grc' dir='ltr'>ι.</span> <span class='ocrx_word' id='word_1_344' title='bbox 1827 3502 1911 3572; x_wconf 79' lang='lat'><strong>1.).</strong></span> 
     </span>
    </p>
   </div>
   <div class='ocr_carea' id='block_1_42' title="bbox 256 3585 1918 3662">
    <p class='ocr_par' dir='ltr' id='par_1_42' title="bbox 256 3585 1918 3662">
     <span class='ocr_line' id='line_1_43' title="bbox 256 3585 1918 3662; baseline 0.002 -20"><span class='ocrx_word' id='word_1_345' title='bbox 256 3585 400 3659; x_wconf 86' lang='lat' dir='ltr'><strong>Ejus</strong></span> <span class='ocrx_word' id='word_1_346' title='bbox 434 3602 573 3645; x_wconf 91' lang='lat' dir='ltr'><strong>vero</strong></span> <span class='ocrx_word' id='word_1_347' title='bbox 607 3594 791 3646; x_wconf 88' lang='lat' dir='ltr'><strong>artem</strong></span> <span class='ocrx_word' id='word_1_348' title='bbox 821 3589 998 3648; x_wconf 91' lang='lat' dir='ltr'><strong>multa</strong></span> <span class='ocrx_word' id='word_1_349' title='bbox 1026 3596 1153 3662; x_wconf 90' lang='lat' dir='ltr'><strong>post</strong></span> <span class='ocrx_word' id='word_1_350' title='bbox 1179 3590 1374 3647; x_wconf 89' lang='lat' dir='ltr'><strong>secula</strong></span> <span class='ocrx_word' id='word_1_351' title='bbox 1406 3591 1772 3646; x_wconf 89' lang='lat' dir='ltr'><strong>Democritus</strong></span> <span class='ocrx_word' id='word_1_352' title='bbox 1803 3603 1918 3645; x_wconf 88' lang='lat' dir='ltr'><strong>am-</strong></span> 
     </span>
    </p>
   </div>
   <div class='ocr_carea' id='block_1_43' title="bbox 258 3675 1916 3750">
    <p class='ocr_par' dir='ltr' id='par_1_43' title="bbox 258 3675 1916 3750">
     <span class='ocr_line' id='line_1_44' title="bbox 258 3675 1916 3750; baseline 0.002 -20"><span class='ocrx_word' id='word_1_353' title='bbox 258 3675 490 3745; x_wconf 89' lang='lat' dir='ltr'><strong>pliavit.</strong></span> <span class='ocrx_word' id='word_1_354' title='bbox 524 3677 705 3735; x_wconf 88' lang='lat' dir='ltr'><strong>Ninus</strong></span> <span class='ocrx_word' id='word_1_355' title='bbox 738 3682 933 3735; x_wconf 89' lang='lat' dir='ltr'><strong>autem</strong></span> <span class='ocrx_word' id='word_1_356' title='bbox 968 3683 1098 3750; x_wconf 88' lang='lat' dir='ltr'><strong>post</strong></span> <span class='ocrx_word' id='word_1_357' title='bbox 1131 3683 1525 3749; x_wconf 90' lang='lat' dir='ltr'><strong>expugnatum</strong></span> <span class='ocrx_word' id='word_1_358' title='bbox 1560 3692 1588 3732; x_wconf 88' lang='lat' dir='ltr'><strong>a</strong></span> <span class='ocrx_word' id='word_1_359' title='bbox 1624 3693 1686 3734; x_wconf 88' lang='lat' dir='ltr'><strong>se</strong></span> <span class='ocrx_word' id='word_1_360' title='bbox 1715 3679 1916 3734; x_wconf 89' lang='lat' dir='ltr'><strong>orbem</strong></span> 
     </span>
    </p>
   </div>
   <div class='ocr_carea' id='block_1_44' title="bbox 254 3762 1916 3836">
    <p class='ocr_par' dir='ltr' id='par_1_44' title="bbox 254 3762 1916 3836">
     <span class='ocr_line' id='line_1_45' title="bbox 254 3762 1916 3836; baseline 0.004 -20"><span class='ocrx_word' id='word_1_361' title='bbox 254 3762 381 3820; x_wconf 90' lang='lat' dir='ltr'><strong>ictu</strong></span> <span class='ocrx_word' id='word_1_362' title='bbox 416 3765 650 3835; x_wconf 67' lang='lat' dir='ltr'><strong>sagitta:</strong></span> <span class='ocrx_word' id='word_1_363' title='bbox 685 3766 934 3823; x_wconf 87' lang='lat' dir='ltr'><strong>interiit.</strong></span> <span class='ocrx_word' id='word_1_364' title='bbox 969 3767 1076 3834; x_wconf 86' lang='lat' dir='ltr'><strong>Qui</strong></span> <span class='ocrx_word' id='word_1_365' title='bbox 1109 3782 1238 3823; x_wconf 90' lang='lat' dir='ltr'><strong>cum</strong></span> <span class='ocrx_word' id='word_1_366' title='bbox 1273 3781 1510 3836; x_wconf 84' lang='lat' dir='ltr'><strong>regnum</strong></span> <span class='ocrx_word' id='word_1_367' title='bbox 1550 3766 1916 3836; x_wconf 82' lang='lat' dir='ltr'><strong>Assyriorum</strong></span> 
     </span>
    </p>
   </div>
   <div class='ocr_carea' id='block_1_45' title="bbox 1949 3202 1997 3263">
    <p class='ocr_par' dir='ltr' id='par_1_45' title="bbox 1949 3202 1997 3263">
     <span class='ocr_line' id='line_1_46' title="bbox 1949 3202 1997 3263; baseline 0 0"><span class='ocrx_word' id='word_1_368' title='bbox 1949 3202 1997 3263; x_wconf 88' lang='lat' dir='ltr'>C</span> 
     </span>
    </p>
   </div>
   <div class='ocr_carea' id='block_1_46' title="bbox 2103 2620 3675 2695">
    <p class='ocr_par' dir='ltr' id='par_1_46' title="bbox 2103 2620 3675 2695">
     <span class='ocr_line' id='line_1_47' title="bbox 2103 2620 3675 2695; baseline -0.003 -17"><span class='ocrx_word' id='word_1_369' title='bbox 2103 2622 2312 2695; x_wconf 80' lang='lat' dir='ltr'><strong>(HIER.)</strong></span> <span class='ocrx_word' id='word_1_370' title='bbox 2344 2625 2505 2679; x_wconf 90' lang='lat' dir='ltr'><strong>Anno</strong></span> <span class='ocrx_word' id='word_1_371' title='bbox 2539 2622 2719 2694; x_wconf 88' lang='lat' dir='ltr'><strong>igitur</strong></span> <span class='ocrx_word' id='word_1_372' title='bbox 2748 2623 2876 2679; x_wconf 88' lang='lat' dir='ltr'><strong>Nini</strong></span> <span class='ocrx_word' id='word_1_373' title='bbox 2908 2623 3063 2693; x_wconf 84' lang='lat' dir='ltr'><strong>regis</strong></span> <span class='ocrx_word' id='word_1_374' title='bbox 3095 2620 3461 2693; x_wconf 83' lang='lat' dir='ltr'><strong>Assyriorum</strong></span> <span class='ocrx_word' id='word_1_375' title='bbox 3494 2620 3583 2688; x_wconf 67' lang='lat'><strong>43,</strong></span> <span class='ocrx_word' id='word_1_376' title='bbox 3615 2623 3675 2675; x_wconf 92' lang='lat' dir='ltr'><strong>et</strong></span> 
     </span>
    </p>
   </div>
   <div class='ocr_carea' id='block_1_47' title="bbox 2028 2708 3675 2784">
    <p class='ocr_par' dir='ltr' id='par_1_47' title="bbox 2028 2708 3675 2784">
     <span class='ocr_line' id='line_1_48' title="bbox 2028 2708 3675 2784; baseline -0.002 -18"><span class='ocrx_word' id='word_1_377' title='bbox 2028 2710 2276 2781; x_wconf 85' lang='lat' dir='ltr'><strong>Europis</strong></span> <span class='ocrx_word' id='word_1_378' title='bbox 2306 2711 2460 2781; x_wconf 87' lang='lat' dir='ltr'><strong>regis</strong></span> <span class='ocrx_word' id='word_1_379' title='bbox 2494 2712 2735 2769; x_wconf 90' lang='lat' dir='ltr'><strong>secundi</strong></span> <span class='ocrx_word' id='word_1_380' title='bbox 2769 2712 3127 2784; x_wconf 86' lang='lat' dir='ltr'><strong>Syciniorum</strong></span> <span class='ocrx_word' id='word_1_381' title='bbox 3160 2708 3227 2744; x_wconf 73' lang='grc'><strong>¹⁰⁸</strong></span> <span class='ocrx_word' id='word_1_382' title='bbox 3256 2712 3346 2778; x_wconf 79' lang='grc'>22,</span> <span class='ocrx_word' id='word_1_383' title='bbox 3378 2710 3551 2764; x_wconf 88' lang='lat' dir='ltr'><strong>natus</strong></span> <span class='ocrx_word' id='word_1_384' title='bbox 3579 2710 3675 2764; x_wconf 89' lang='lat' dir='ltr'><strong>est</strong></span> 
     </span>
    </p>
   </div>
   <div class='ocr_carea' id='block_1_48' title="bbox 2030 2798 3672 2871">
    <p class='ocr_par' dir='ltr' id='par_1_48' title="bbox 2030 2798 3672 2871">
     <span class='ocr_line' id='line_1_49' title="bbox 2030 2798 3672 2871; baseline -0.001 -18"><span class='ocrx_word' id='word_1_385' title='bbox 2030 2798 2316 2854; x_wconf 85' lang='lat' dir='ltr'><strong>Abraham</strong></span> <span class='ocrx_word' id='word_1_386' title='bbox 2350 2798 2420 2855; x_wconf 92' lang='lat' dir='ltr'><strong>de</strong></span> <span class='ocrx_word' id='word_1_387' title='bbox 2452 2801 2635 2856; x_wconf 87' lang='lat' dir='ltr'><strong>Thare</strong></span> <span class='ocrx_word' id='word_1_388' title='bbox 2666 2799 3137 2871; x_wconf 87' lang='lat' dir='ltr'><strong>septuagenario,</strong></span> <span class='ocrx_word' id='word_1_389' title='bbox 3169 2799 3492 2868; x_wconf 89' lang='lat' dir='ltr'><strong>eodemque</strong></span> <span class='ocrx_word' id='word_1_390' title='bbox 3524 2808 3672 2851; x_wconf 88' lang='lat' dir='ltr'><strong>anno</strong></span> 
     </span>
    </p>
   </div>
   <div class='ocr_carea' id='block_1_49' title="bbox 2029 2882 3675 2959">
    <p class='ocr_par' dir='ltr' id='par_1_49' title="bbox 2029 2882 3675 2959">
     <span class='ocr_line' id='line_1_50' title="bbox 2029 2882 3675 2959; baseline -0.004 -16"><span class='ocrx_word' id='word_1_391' title='bbox 2029 2891 2331 2957; x_wconf 87' lang='lat' dir='ltr'><strong>coeperunt</strong></span> <span class='ocrx_word' id='word_1_392' title='bbox 2378 2886 2586 2945; x_wconf 91' lang='lat' dir='ltr'><strong>Thebei</strong></span> <span class='ocrx_word' id='word_1_393' title='bbox 2635 2886 2918 2959; x_wconf 79' lang='lat' dir='ltr'><strong>.Egyptiis</strong></span> <span class='ocrx_word' id='word_1_394' title='bbox 2961 2886 3270 2958; x_wconf 88' lang='lat' dir='ltr'><strong>imperare,</strong></span> <span class='ocrx_word' id='word_1_395' title='bbox 3319 2888 3377 2941; x_wconf 92' lang='lat' dir='ltr'><strong>et</strong></span> <span class='ocrx_word' id='word_1_396' title='bbox 3428 2882 3538 2940; x_wconf 91' lang='lat' dir='ltr'><strong>hoc</strong></span> <span class='ocrx_word' id='word_1_397' title='bbox 3570 2896 3675 2955; x_wconf 93' lang='lat' dir='ltr'><strong>per</strong></span> 
     </span>
    </p>
   </div>
   <div class='ocr_carea' id='block_1_50' title="bbox 2029 2971 3669 3047">
    <p class='ocr_par' dir='ltr' id='par_1_50' title="bbox 2029 2971 3669 3047">
     <span class='ocr_line' id='line_1_51' title="bbox 2029 2971 3669 3047; baseline -0.002 -18"><span class='ocrx_word' id='word_1_398' title='bbox 2029 2988 2209 3030; x_wconf 88' lang='lat' dir='ltr'><strong>annos</strong></span> <span class='ocrx_word' id='word_1_399' title='bbox 2243 2973 2361 3032; x_wconf 86' lang='lat'><strong>190.</strong></span> <span class='ocrx_word' id='word_1_400' title='bbox 2397 2976 2483 3032; x_wconf 91' lang='lat' dir='ltr'><strong>Ab</strong></span> <span class='ocrx_word' id='word_1_401' title='bbox 2513 2976 2623 3033; x_wconf 87' lang='lat' dir='ltr'><strong>hoc</strong></span> <span class='ocrx_word' id='word_1_402' title='bbox 2656 2975 2853 3047; x_wconf 89' lang='lat' dir='ltr'><strong>itaque</strong></span> <span class='ocrx_word' id='word_1_403' title='bbox 2887 2974 3016 3032; x_wconf 92' lang='lat' dir='ltr'><strong>loco</strong></span> <span class='ocrx_word' id='word_1_404' title='bbox 3044 2988 3245 3030; x_wconf 88' lang='lat' dir='ltr'><strong>omnes</strong></span> <span class='ocrx_word' id='word_1_405' title='bbox 3275 2971 3669 3044; x_wconf 89' lang='lat' dir='ltr'><strong>hystoriarum</strong></span> 
     </span>
    </p>
   </div>
   <div class='ocr_carea' id='block_1_51' title="bbox 2030 3062 3089 3151">
    <p class='ocr_par' dir='ltr' id='par_1_51' title="bbox 2030 3062 3089 3151">
     <span class='ocr_line' id='line_1_52' title="bbox 2030 3062 3089 3151; baseline 0.003 -34"><span class='ocrx_word' id='word_1_406' title='bbox 2030 3062 2353 3134; x_wconf 90' lang='lat' dir='ltr'><strong>scriptores</strong></span> <span class='ocrx_word' id='word_1_407' title='bbox 2384 3063 2669 3137; x_wconf 88' lang='lat' dir='ltr'><strong>incipiunt</strong></span> <span class='ocrx_word' id='word_1_408' title='bbox 2700 3062 2957 3120; x_wconf 88' lang='lat' dir='ltr'><strong>annales.</strong></span> <span class='ocrx_word' id='word_1_409' title='bbox 3064 3109 3089 3151; x_wconf 46' lang='grc'><strong>4</strong></span> 
     </span>
    </p>
   </div>
   <div class='ocr_carea' id='block_1_52' title="bbox 2101 3147 3674 3219">
    <p class='ocr_par' dir='ltr' id='par_1_52' title="bbox 2101 3147 3674 3219">
     <span class='ocr_line' id='line_1_53' title="bbox 2101 3147 3674 3219; baseline -0.003 -12"><span class='ocrx_word' id='word_1_410' title='bbox 2101 3151 2201 3209; x_wconf 81' lang='lat' dir='ltr'><strong>Hic</strong></span> <span class='ocrx_word' id='word_1_411' title='bbox 2240 3152 2416 3208; x_wconf 87' lang='lat' dir='ltr'><strong>etiam</strong></span> <span class='ocrx_word' id='word_1_412' title='bbox 2458 3152 2660 3211; x_wconf 79' lang='lat' dir='ltr'><strong>ﬁnitur</strong></span> <span class='ocrx_word' id='word_1_413' title='bbox 2697 3167 2974 3210; x_wconf 90' lang='lat' dir='ltr'><strong>numerus</strong></span> <span class='ocrx_word' id='word_1_414' title='bbox 3011 3147 3207 3209; x_wconf 75' lang='lat' dir='ltr'><strong>aetatis</strong></span> <span class='ocrx_word' id='word_1_415' title='bbox 3244 3147 3537 3219; x_wconf 65' lang='lat' dir='ltr'><strong>secundas,</strong></span> <span class='ocrx_word' id='word_1_416' title='bbox 3577 3147 3674 3204; x_wconf 90' lang='lat' dir='ltr'><strong>ha-</strong></span> 
     </span>
    </p>
   </div>
   <div class='ocr_carea' id='block_1_53' title="bbox 2031 3240 3671 3313">
    <p class='ocr_par' dir='ltr' id='par_1_53' title="bbox 2031 3240 3671 3313">
     <span class='ocr_line' id='line_1_54' title="bbox 2031 3240 3671 3313; baseline -0.002 -17"><span class='ocrx_word' id='word_1_417' title='bbox 2031 3240 2173 3296; x_wconf 91' lang='lat' dir='ltr'><strong>bens</strong></span> <span class='ocrx_word' id='word_1_418' title='bbox 2195 3245 2521 3313; x_wconf 49' lang='lat' dir='ltr'><strong>annos.292,</strong></span> <span class='ocrx_word' id='word_1_419' title='bbox 2542 3246 2598 3299; x_wconf 90' lang='lat' dir='ltr'><strong>et</strong></span> <span class='ocrx_word' id='word_1_420' title='bbox 2621 3242 2762 3299; x_wconf 72' lang='lat' dir='ltr'><strong>{lunt</strong></span> <span class='ocrx_word' id='word_1_421' title='bbox 2789 3240 2961 3298; x_wconf 89' lang='lat' dir='ltr'><strong>simul</strong></span> <span class='ocrx_word' id='word_1_422' title='bbox 2985 3240 3117 3297; x_wconf 90' lang='lat' dir='ltr'><strong>anni</strong></span> <span class='ocrx_word' id='word_1_423' title='bbox 3143 3240 3386 3298; x_wconf 91' lang='lat' dir='ltr'><strong>duarum</strong></span> <span class='ocrx_word' id='word_1_424' title='bbox 3410 3240 3671 3306; x_wconf 63' lang='lat' dir='ltr'><strong>aetatum,</strong></span> 
     </span>
    </p>
   </div>
   <div class='ocr_carea' id='block_1_54' title="bbox 2030 3323 3676 3399">
    <p class='ocr_par' dir='ltr' id='par_1_54' title="bbox 2030 3323 3676 3399">
     <span class='ocr_line' id='line_1_55' title="bbox 2030 3323 3676 3399; baseline -0.002 -17"><span class='ocrx_word' id='word_1_425' title='bbox 2030 3327 2138 3383; x_wconf 90' lang='lat' dir='ltr'><strong>hoc</strong></span> <span class='ocrx_word' id='word_1_426' title='bbox 2169 3329 2256 3384; x_wconf 92' lang='lat' dir='ltr'><strong>est</strong></span> <span class='ocrx_word' id='word_1_427' title='bbox 2289 3329 2359 3384; x_wconf 91' lang='lat' dir='ltr'><strong>ab</strong></span> <span class='ocrx_word' id='word_1_428' title='bbox 2393 3327 2570 3385; x_wconf 90' lang='lat' dir='ltr'><strong>Adam</strong></span> <span class='ocrx_word' id='word_1_429' title='bbox 2604 3343 2791 3399; x_wconf 90' lang='lat' dir='ltr'><strong>usque</strong></span> <span class='ocrx_word' id='word_1_430' title='bbox 2822 3328 2893 3383; x_wconf 91' lang='lat' dir='ltr'><strong>ad</strong></span> <span class='ocrx_word' id='word_1_431' title='bbox 2928 3329 3042 3384; x_wconf 90' lang='lat' dir='ltr'><strong>Noe</strong></span> <span class='ocrx_word' id='word_1_432' title='bbox 3070 3331 3128 3383; x_wconf 92' lang='lat' dir='ltr'><strong>et</strong></span> <span class='ocrx_word' id='word_1_433' title='bbox 3151 3325 3432 3383; x_wconf 91' lang='lat' dir='ltr'><strong>diluvium</strong></span> <span class='ocrx_word' id='word_1_434' title='bbox 3455 3327 3515 3381; x_wconf 91' lang='lat' dir='ltr'><strong>et</strong></span> <span class='ocrx_word' id='word_1_435' title='bbox 3537 3339 3566 3380; x_wconf 89' lang='lat' dir='ltr'><strong>a</strong></span> <span class='ocrx_word' id='word_1_436' title='bbox 3592 3323 3676 3380; x_wconf 87' lang='lat' dir='ltr'><strong>di-</strong></span> 
     </span>
    </p>
   </div>
   <div class='ocr_carea' id='block_1_55' title="bbox 2031 3412 3678 3487">
    <p class='ocr_par' dir='ltr' id='par_1_55' title="bbox 2031 3412 3678 3487">
     <span class='ocr_line' id='line_1_56' title="bbox 2031 3412 3678 3487; baseline -0.002 -16"><span class='ocrx_word' id='word_1_437' title='bbox 2031 3415 2188 3473; x_wconf 89' lang='lat' dir='ltr'><strong>luvio</strong></span> <span class='ocrx_word' id='word_1_438' title='bbox 2222 3431 2403 3487; x_wconf 88' lang='lat' dir='ltr'><strong>usque</strong></span> <span class='ocrx_word' id='word_1_439' title='bbox 2426 3416 2495 3473; x_wconf 91' lang='lat' dir='ltr'><strong>ad</strong></span> <span class='ocrx_word' id='word_1_440' title='bbox 2521 3417 2805 3474; x_wconf 83' lang='lat' dir='ltr'><strong>Abraham</strong></span> <span class='ocrx_word' id='word_1_441' title='bbox 2841 3419 2978 3474; x_wconf 77' lang='grc'><strong>1948</strong></span> <span class='ocrx_word' id='word_1_442' title='bbox 2999 3416 3067 3450; x_wconf 76' lang='grc'><strong>¹⁰⁹</strong></span> <span class='ocrx_word' id='word_1_443' title='bbox 3088 3416 3406 3473; x_wconf 90' lang='lat' dir='ltr'><strong>secundum</strong></span> <span class='ocrx_word' id='word_1_444' title='bbox 3439 3412 3678 3469; x_wconf 84' lang='lat' dir='ltr'><strong>Hebrai-</strong></span> 
     </span>
    </p>
   </div>
   <div class='ocr_carea' id='block_1_56' title="bbox 2028 3504 3672 3577">
    <p class='ocr_par' dir='ltr' id='par_1_56' title="bbox 2028 3504 3672 3577">
     <span class='ocr_line' id='line_1_57' title="bbox 2028 3504 3672 3577; baseline -0.002 -17"><span class='ocrx_word' id='word_1_445' title='bbox 2028 3519 2151 3560; x_wconf 91' lang='lat' dir='ltr'><strong>cam</strong></span> <span class='ocrx_word' id='word_1_446' title='bbox 2183 3505 2510 3562; x_wconf 89' lang='lat' dir='ltr'><strong>veritatem.</strong></span> <span class='ocrx_word' id='word_1_447' title='bbox 2561 3506 2665 3575; x_wconf 76' lang='lat' dir='ltr'><strong>(Cf.</strong></span> <span class='ocrx_word' id='word_1_448' title='bbox 2702 3504 2875 3563; x_wconf 77' lang='lat' dir='ltr'><strong>Abbr.</strong></span> <span class='ocrx_word' id='word_1_449' title='bbox 2916 3505 3161 3577; x_wconf 73' lang='grc' dir='ltr'><strong>σΙιγοφι.)</strong></span> <span class='ocrx_word' id='word_1_450' title='bbox 3205 3504 3449 3562; x_wconf 83' lang='lat' dir='ltr'><strong>Orosius</strong></span> <span class='ocrx_word' id='word_1_451' title='bbox 3476 3506 3672 3559; x_wconf 89' lang='lat' dir='ltr'><strong>autem</strong></span> 
     </span>
    </p>
   </div>
   <div class='ocr_carea' id='block_1_57' title="bbox 2029 3591 3671 3666">
    <p class='ocr_par' dir='ltr' id='par_1_57' title="bbox 2029 3591 3671 3666">
     <span class='ocr_line' id='line_1_58' title="bbox 2029 3591 3671 3666; baseline -0.002 -17"><span class='ocrx_word' id='word_1_452' title='bbox 2029 3598 2270 3650; x_wconf 84' lang='lat' dir='ltr'><strong>secutus</strong></span> <span class='ocrx_word' id='word_1_453' title='bbox 2328 3595 2697 3665; x_wconf 84' lang='lat' dir='ltr'><strong>septuaginta</strong></span> <span class='ocrx_word' id='word_1_454' title='bbox 2746 3596 3106 3666; x_wconf 87' lang='lat' dir='ltr'><strong>lnterpretcs</strong></span> <span class='ocrx_word' id='word_1_455' title='bbox 3156 3593 3317 3664; x_wconf 88' lang='lat' dir='ltr'><strong>dicit,</strong></span> <span class='ocrx_word' id='word_1_456' title='bbox 3368 3593 3440 3649; x_wconf 91' lang='lat' dir='ltr'><strong>ab</strong></span> <span class='ocrx_word' id='word_1_457' title='bbox 3491 3591 3671 3649; x_wconf 88' lang='lat' dir='ltr'><strong>Adam</strong></span> 
     </span>
    </p>
   </div>
   <div class='ocr_carea' id='block_1_58' title="bbox 2029 3678 3673 3751">
    <p class='ocr_par' dir='ltr' id='par_1_58' title="bbox 2029 3678 3673 3751">
     <span class='ocr_line' id='line_1_59' title="bbox 2029 3678 3673 3751; baseline -0.002 -15"><span class='ocrx_word' id='word_1_458' title='bbox 2029 3695 2213 3751; x_wconf 90' lang='lat' dir='ltr'><strong>usque</strong></span> <span class='ocrx_word' id='word_1_459' title='bbox 2236 3680 2307 3737; x_wconf 90' lang='lat' dir='ltr'><strong>ad</strong></span> <span class='ocrx_word' id='word_1_460' title='bbox 2332 3682 2618 3747; x_wconf 77' lang='lat' dir='ltr'><strong>Abraham</strong></span> <span class='ocrx_word' id='word_1_461' title='bbox 2650 3696 2782 3740; x_wconf 89' lang='lat' dir='ltr'><strong>esse</strong></span> <span class='ocrx_word' id='word_1_462' title='bbox 2816 3696 2996 3739; x_wconf 85' lang='lat' dir='ltr'><strong>annos</strong></span> <span class='ocrx_word' id='word_1_463' title='bbox 3022 3684 3181 3751; x_wconf 79' lang='grc'><strong>3184,</strong></span> <span class='ocrx_word' id='word_1_464' title='bbox 3206 3685 3263 3737; x_wconf 93' lang='lat' dir='ltr'><strong>et</strong></span> <span class='ocrx_word' id='word_1_465' title='bbox 3289 3682 3359 3736; x_wconf 89' lang='lat' dir='ltr'><strong>ab</strong></span> <span class='ocrx_word' id='word_1_466' title='bbox 3384 3678 3673 3735; x_wconf 87' lang='lat' dir='ltr'><strong>Abraham</strong></span> 
     </span>
    </p>
   </div>
   <div class='ocr_carea' id='block_1_59' title="bbox 2030 3768 3099 3841">
    <p class='ocr_par' dir='ltr' id='par_1_59' title="bbox 2030 3768 3099 3841">
     <span class='ocr_line' id='line_1_60' title="bbox 2030 3768 3099 3841; baseline -0.001 -18"><span class='ocrx_word' id='word_1_467' title='bbox 2030 3782 2210 3838; x_wconf 87' lang='lat' dir='ltr'><strong>usque</strong></span> <span class='ocrx_word' id='word_1_468' title='bbox 2240 3768 2312 3824; x_wconf 87' lang='lat' dir='ltr'><strong>ad</strong></span> <span class='ocrx_word' id='word_1_469' title='bbox 2346 3770 2639 3826; x_wconf 89' lang='lat' dir='ltr'><strong>Christum</strong></span> <span class='ocrx_word' id='word_1_470' title='bbox 2670 3773 2810 3826; x_wconf 70' lang='lat'><strong>201:5</strong></span> <span class='ocrx_word' id='word_1_471' title='bbox 2841 3768 2902 3840; x_wconf 84' lang='grc' dir='ltr'><strong>(ι,</strong></span> <span class='ocrx_word' id='word_1_472' title='bbox 2938 3786 2990 3826; x_wconf 91' lang='lat' dir='ltr'><strong>c.</strong></span> <span class='ocrx_word' id='word_1_473' title='bbox 3026 3771 3099 3841; x_wconf 87' lang='lat'><strong>1).</strong></span> 
     </span>
    </p>
   </div>
   <div class='ocr_carea' id='block_1_60' title="bbox 332 3862 2091 3935">
    <p class='ocr_par' dir='ltr' id='par_1_60' title="bbox 332 3862 2091 3935">
     <span class='ocr_line' id='line_1_61' title="bbox 332 3862 2091 3935; baseline 0.002 -19"><span class='ocrx_word' id='word_1_474' title='bbox 332 3862 536 3918; x_wconf 87' lang='lat' dir='ltr'><strong>Tercia</strong></span> <span class='ocrx_word' id='word_1_475' title='bbox 570 3878 709 3920; x_wconf 90' lang='lat' dir='ltr'><strong>vero</strong></span> <span class='ocrx_word' id='word_1_476' title='bbox 741 3868 885 3920; x_wconf 65' lang='lat' dir='ltr'><strong>tetas</strong></span> <span class='ocrx_word' id='word_1_477' title='bbox 912 3863 1118 3935; x_wconf 89' lang='lat' dir='ltr'><strong>incipit</strong></span> <span class='ocrx_word' id='word_1_478' title='bbox 1149 3865 1220 3920; x_wconf 89' lang='lat' dir='ltr'><strong>ab</strong></span> <span class='ocrx_word' id='word_1_479' title='bbox 1251 3862 1540 3921; x_wconf 78' lang='lat' dir='ltr'><strong>Abraham</strong></span> <span class='ocrx_word' id='word_1_480' title='bbox 1574 3878 1758 3934; x_wconf 90' lang='lat' dir='ltr'><strong>usque</strong></span> <span class='ocrx_word' id='word_1_481' title='bbox 1790 3864 1861 3920; x_wconf 88' lang='lat' dir='ltr'><strong>ad</strong></span> <span class='ocrx_word' id='word_1_482' title='bbox 1893 3863 2091 3920; x_wconf 84' lang='lat' dir='ltr'><strong>David.</strong></span> 
     </span>
    </p>
   </div>
   <div class='ocr_carea' id='block_1_61' title="bbox 255 3949 1104 4014">
    <p class='ocr_par' dir='ltr' id='par_1_61' title="bbox 255 3949 1104 4014">
     <span class='ocr_line' id='line_1_62' title="bbox 255 3949 1104 4014; baseline 0.005 -17"><span class='ocrx_word' id='word_1_483' title='bbox 255 3949 414 4014; x_wconf 78' lang='lat' dir='ltr'><strong>Hebr.</strong></span> <span class='ocrx_word' id='word_1_484' title='bbox 499 3954 661 4014; x_wconf 76' lang='lat' dir='ltr'><strong>Assyr.</strong></span> <span class='ocrx_word' id='word_1_485' title='bbox 693 3953 883 4014; x_wconf 87' lang='lat' dir='ltr'><strong>Sycion.</strong></span> <span class='ocrx_word' id='word_1_486' title='bbox 915 3953 1104 4014; x_wconf 64' lang='lat' dir='ltr'><strong>Egypt.</strong></span> 
     </span>
    </p>
   </div>
   <div class='ocr_carea' id='block_1_62' title="bbox 251 4013 1102 4063">
    <p class='ocr_par' dir='ltr' id='par_1_62' title="bbox 251 4013 1102 4063">
     <span class='ocr_line' id='line_1_63' title="bbox 251 4013 1102 4063; baseline 0.004 -4"><span class='ocrx_word' id='word_1_487' title='bbox 251 4013 448 4061; x_wconf 80' lang='lat' dir='ltr'><strong>Abmh.</strong></span> <span class='ocrx_word' id='word_1_488' title='bbox 499 4014 669 4063; x_wconf 86' lang='lat' dir='ltr'><strong>Ninus.</strong></span> <span class='ocrx_word' id='word_1_489' title='bbox 765 4015 825 4061; x_wconf 80' lang='grc'><strong>22</strong></span> <span class='ocrx_word' id='word_1_490' title='bbox 901 4013 1102 4063; x_wconf 84' lang='lat' dir='ltr'><strong>Thebei.</strong></span> 
     </span>
    </p>
   </div>
   <div class='ocr_carea' id='block_1_63' title="bbox 376 4079 1005 4132">
    <p class='ocr_par' dir='ltr' id='par_1_63' title="bbox 376 4079 1005 4132">
     <span class='ocr_line' id='line_1_64' title="bbox 376 4079 1005 4132; baseline 0.005 -3"><span class='ocrx_word' id='word_1_491' title='bbox 376 4080 395 4129; x_wconf 83' lang='lat'><strong>1</strong></span> <span class='ocrx_word' id='word_1_492' title='bbox 553 4080 620 4132; x_wconf 82' lang='grc'>43</span> <span class='ocrx_word' id='word_1_493' title='bbox 766 4079 833 4132; x_wconf 88' lang='grc'><strong>22</strong></span> <span class='ocrx_word' id='word_1_494' title='bbox 982 4082 1005 4132; x_wconf 90' lang='grc'><strong>1</strong></span> 
     </span>
    </p>
   </div>
   <div class='ocr_carea' id='block_1_64' title="bbox 368 4149 1008 4203">
    <p class='ocr_par' dir='ltr' id='par_1_64' title="bbox 368 4149 1008 4203">
     <span class='ocr_line' id='line_1_65' title="bbox 368 4149 1008 4203; baseline 0.005 -3"><span class='ocrx_word' id='word_1_495' title='bbox 368 4150 405 4200; x_wconf 97' lang='grc'><strong>2</strong></span> <span class='ocrx_word' id='word_1_496' title='bbox 553 4149 621 4203; x_wconf 74' lang='grc'><strong>44</strong></span> <span class='ocrx_word' id='word_1_497' title='bbox 762 4150 831 4201; x_wconf 84' lang='grc'>23</span> <span class='ocrx_word' id='word_1_498' title='bbox 975 4152 1008 4203; x_wconf 90' lang='grc'><strong>2</strong></span> 
     </span>
    </p>
   </div>
   <div class='ocr_carea' id='block_1_65' title="bbox 369 4216 1367 4288">
    <p class='ocr_par' dir='ltr' id='par_1_65' title="bbox 369 4216 1367 4288">
     <span class='ocr_line' id='line_1_66' title="bbox 369 4216 1367 4288; baseline 0 -17"><span class='ocrx_word' id='word_1_499' title='bbox 369 4221 403 4271; x_wconf 90' lang='lat'>3</span> <span class='ocrx_word' id='word_1_500' title='bbox 553 4220 618 4273; x_wconf 79' lang='grc'><strong>45</strong></span> <span class='ocrx_word' id='word_1_501' title='bbox 761 4220 832 4272; x_wconf 74' lang='grc'><strong>24</strong></span> <span class='ocrx_word' id='word_1_502' title='bbox 976 4221 1007 4273; x_wconf 84' lang='grc'>3</span> <span class='ocrx_word' id='word_1_503' title='bbox 1156 4216 1367 4288; x_wconf 73' lang='grc' dir='ltr'><strong>(ΗΙΕΒ.)</strong></span> 
     </span>
    </p>
   </div>
   <div class='ocr_carea' id='block_1_66' title="bbox 369 4288 1009 4343">
    <p class='ocr_par' dir='ltr' id='par_1_66' title="bbox 369 4288 1009 4343">
     <span class='ocr_line' id='line_1_67' title="bbox 369 4288 1009 4343; baseline 0.003 -2"><span class='ocrx_word' id='word_1_504' title='bbox 369 4288 406 4341; x_wconf 77' lang='grc'><strong>4</strong></span> <span class='ocrx_word' id='word_1_505' title='bbox 552 4291 619 4343; x_wconf 77' lang='grc'><strong>46</strong></span> <span class='ocrx_word' id='word_1_506' title='bbox 762 4292 831 4343; x_wconf 81' lang='grc'>25</span> <span class='ocrx_word' id='word_1_507' title='bbox 976 4291 1009 4343; x_wconf 81' lang='grc'>4</span> 
     </span>
    </p>
   </div>
   <div class='ocr_carea' id='block_1_67' title="bbox 371 4361 1009 4414">
    <p class='ocr_par' dir='ltr' id='par_1_67' title="bbox 371 4361 1009 4414">
     <span class='ocr_line' id='line_1_68' title="bbox 371 4361 1009 4414; baseline 0.003 -2"><span class='ocrx_word' id='word_1_508' title='bbox 371 4362 405 4412; x_wconf 80' lang='grc'>5</span> <span class='ocrx_word' id='word_1_509' title='bbox 554 4362 620 4414; x_wconf 78' lang='grc'><strong>47</strong></span> <span class='ocrx_word' id='word_1_510' title='bbox 764 4361 833 4413; x_wconf 89' lang='grc'>26</span> <span class='ocrx_word' id='word_1_511' title='bbox 978 4364 1009 4414; x_wconf 80' lang='grc'><strong>5</strong></span> 
     </span>
    </p>
   </div>
   <div class='ocr_carea' id='block_1_68' title="bbox 370 4431 1010 4485">
    <p class='ocr_par' dir='ltr' id='par_1_68' title="bbox 370 4431 1010 4485">
     <span class='ocr_line' id='line_1_69' title="bbox 370 4431 1010 4485; baseline 0.005 -3"><span class='ocrx_word' id='word_1_512' title='bbox 370 4432 405 4482; x_wconf 87' lang='lat'><strong>6</strong></span> <span class='ocrx_word' id='word_1_513' title='bbox 554 4431 620 4484; x_wconf 75' lang='grc'><strong>48</strong></span> <span class='ocrx_word' id='word_1_514' title='bbox 764 4432 832 4483; x_wconf 92' lang='grc'>27</span> <span class='ocrx_word' id='word_1_515' title='bbox 978 4433 1010 4485; x_wconf 83' lang='grc'>6</span> 
     </span>
    </p>
   </div>
   <div class='ocr_carea' id='block_1_69' title="bbox 370 4500 1008 4555">
    <p class='ocr_par' dir='ltr' id='par_1_69' title="bbox 370 4500 1008 4555">
     <span class='ocr_line' id='line_1_70' title="bbox 370 4500 1008 4555; baseline 0.005 -3"><span class='ocrx_word' id='word_1_516' title='bbox 370 4500 421 4552; x_wconf 66' lang='grc'><strong>7⁸</strong></span> <span class='ocrx_word' id='word_1_517' title='bbox 552 4502 620 4555; x_wconf 75' lang='grc'>49</span> <span class='ocrx_word' id='word_1_518' title='bbox 762 4502 832 4554; x_wconf 88' lang='grc'><strong>28</strong></span> <span class='ocrx_word' id='word_1_519' title='bbox 975 4505 1008 4555; x_wconf 94' lang='grc'><strong>7</strong></span> 
     </span>
    </p>
   </div>
   <div class='ocr_carea' id='block_1_70' title="bbox 369 4571 1012 4626">
    <p class='ocr_par' dir='ltr' id='par_1_70' title="bbox 369 4571 1012 4626">
     <span class='ocr_line' id='line_1_71' title="bbox 369 4571 1012 4626; baseline 0 -2"><span class='ocrx_word' id='word_1_520' title='bbox 369 4571 406 4624; x_wconf 90' lang='grc'>8</span> <span class='ocrx_word' id='word_1_521' title='bbox 553 4574 624 4626; x_wconf 78' lang='grc'>50</span> <span class='ocrx_word' id='word_1_522' title='bbox 762 4571 834 4625; x_wconf 88' lang='grc'><strong>29</strong></span> <span class='ocrx_word' id='word_1_523' title='bbox 979 4572 1012 4624; x_wconf 90' lang='lat'>8</span> 
     </span>
    </p>
   </div>
   <div class='ocr_carea' id='block_1_71' title="bbox 369 4643 1008 4696">
    <p class='ocr_par' dir='ltr' id='par_1_71' title="bbox 369 4643 1008 4696">
     <span class='ocr_line' id='line_1_72' title="bbox 369 4643 1008 4696; baseline -0.002 -1"><span class='ocrx_word' id='word_1_524' title='bbox 369 4643 405 4695; x_wconf 88' lang='lat'><strong>9</strong></span> <span class='ocrx_word' id='word_1_525' title='bbox 551 4645 611 4696; x_wconf 80' lang='lat'><strong>51</strong></span> <span class='ocrx_word' id='word_1_526' title='bbox 764 4643 836 4696; x_wconf 89' lang='lat' dir='ltr'><strong>3O</strong></span> <span class='ocrx_word' id='word_1_527' title='bbox 974 4643 1008 4694; x_wconf 85' lang='lat'><strong>9</strong></span> 
     </span>
    </p>
   </div>
   <div class='ocr_carea' id='block_1_72' title="bbox 333 4711 1012 4768">
    <p class='ocr_par' dir='ltr' id='par_1_72' title="bbox 333 4711 1012 4768">
     <span class='ocr_line' id='line_1_73' title="bbox 333 4711 1012 4768; baseline 0 -1"><span class='ocrx_word' id='word_1_528' title='bbox 333 4716 408 4768; x_wconf 89' lang='grc'>10</span> <span class='ocrx_word' id='word_1_529' title='bbox 548 4711 619 4768; x_wconf 85' lang='grc'><strong>52</strong></span> <span class='ocrx_word' id='word_1_530' title='bbox 764 4715 825 4766; x_wconf 87' lang='grc'>31</span> <span class='ocrx_word' id='word_1_531' title='bbox 944 4715 1012 4767; x_wconf 87' lang='grc'>10</span> 
     </span>
    </p>
   </div>
   <div class='ocr_carea' id='block_1_73' title="bbox 1154 4145 2714 4300">
    <p class='ocr_par' dir='ltr' id='par_1_73' title="bbox 1154 4145 2714 4300">
     <span class='ocr_line' id='line_1_74' title="bbox 1154 4145 2705 4271; baseline 0.001 -70"><span class='ocrx_word' id='word_1_532' title='bbox 1154 4145 1293 4201; x_wconf 84' lang='lat' dir='ltr'><strong>Hinc</strong></span> <span class='ocrx_word' id='word_1_533' title='bbox 1337 4160 1518 4271; x_wconf 51' lang='lat' dir='ltr'><strong>usgue</strong></span> <span class='ocrx_word' id='word_1_534' title='bbox 1552 4146 1621 4201; x_wconf 89' lang='lat' dir='ltr'><strong>ad</strong></span> <span class='ocrx_word' id='word_1_535' title='bbox 1653 4159 1954 4215; x_wconf 88' lang='lat' dir='ltr'><strong>egressum</strong></span> <span class='ocrx_word' id='word_1_536' title='bbox 1986 4145 2160 4203; x_wconf 86' lang='lat' dir='ltr'><strong>Israel</strong></span> <span class='ocrx_word' id='word_1_537' title='bbox 2198 4145 2267 4201; x_wconf 89' lang='lat' dir='ltr'><strong>de</strong></span> <span class='ocrx_word' id='word_1_538' title='bbox 2298 4146 2543 4218; x_wconf 69' lang='lat' dir='ltr'><strong>Aigypto</strong></span> <span class='ocrx_word' id='word_1_539' title='bbox 2572 4146 2705 4203; x_wconf 90' lang='lat' dir='ltr'><strong>anni</strong></span> 
     </span>
     <span class='ocr_line' id='line_1_75' title="bbox 1156 4216 2714 4300; baseline 0 -28"><span class='ocrx_word' id='word_1_540' title='bbox 1156 4216 1367 4300; x_wconf 57' lang='lat' dir='ltr'><strong>(illam)</strong></span> <span class='ocrx_word' id='word_1_541' title='bbox 1392 4216 1588 4300; x_wconf 53' lang='lat' dir='ltr'><strong>minus</strong></span> <span class='ocrx_word' id='word_1_542' title='bbox 1615 4217 1878 4300; x_wconf 67' lang='lat' dir='ltr'><strong>condidit</strong></span> <span class='ocrx_word' id='word_1_543' title='bbox 1907 4216 2435 4300; x_wconf 73' lang='lat' dir='ltr'><strong>civitatemNinum</strong></span> <span class='ocrx_word' id='word_1_544' title='bbox 2468 4217 2525 4300; x_wconf 77' lang='lat' dir='ltr'><strong>in</strong></span> <span class='ocrx_word' id='word_1_545' title='bbox 2559 4218 2714 4300; x_wconf 78' lang='lat' dir='ltr'><strong>regio</strong></span> 
     </span>
    </p>
   </div>
   <div class='ocr_carea' id='block_1_74' title="bbox 2110 4145 3670 4300">
    <p class='ocr_par' dir='ltr' id='par_1_74' title="bbox 2110 4145 3670 4300">
     <span class='ocr_line' id='line_1_76' title="bbox 2110 4145 2859 4218; baseline 0.004 -18"><span class='ocrx_word' id='word_1_546' title='bbox 2110 4145 2160 4201; x_wconf 91' lang='lat' dir='ltr'><strong>el</strong></span> <span class='ocrx_word' id='word_1_547' title='bbox 2198 4145 2267 4201; x_wconf 89' lang='lat' dir='ltr'><strong>de</strong></span> <span class='ocrx_word' id='word_1_548' title='bbox 2298 4146 2543 4218; x_wconf 69' lang='lat' dir='ltr'><strong>Aigypto</strong></span> <span class='ocrx_word' id='word_1_549' title='bbox 2572 4146 2705 4203; x_wconf 88' lang='lat' dir='ltr'><strong>anni</strong></span> <span class='ocrx_word' id='word_1_550' title='bbox 2737 4151 2859 4205; x_wconf 78' lang='grc'><strong>505.</strong></span> 
     </span>
     <span class='ocr_line' id='line_1_77' title="bbox 2110 4215 3670 4300; baseline -0.001 -28"><span class='ocrx_word' id='word_1_551' title='bbox 2110 4218 2435 4300; x_wconf 68' lang='lat' dir='ltr'><strong>emNinpm</strong></span> <span class='ocrx_word' id='word_1_552' title='bbox 2468 4217 2525 4300; x_wconf 77' lang='lat' dir='ltr'><strong>in</strong></span> <span class='ocrx_word' id='word_1_553' title='bbox 2559 4218 2792 4300; x_wconf 77' lang='lat' dir='ltr'><strong>regione</strong></span> <span class='ocrx_word' id='word_1_554' title='bbox 2813 4217 3423 4300; x_wconf 35' lang='lat' dir='ltr'><strong>Assyriorumtquam</strong></span> <span class='ocrx_word' id='word_1_555' title='bbox 3459 4215 3670 4300; x_wconf 72' lang='lat' dir='ltr'><strong>Hebrei</strong></span> 
     </span>
    </p>
   </div>
   <div class='ocr_carea' id='block_1_75' title="bbox 1155 4287 3673 4371">
    <p class='ocr_par' dir='ltr' id='par_1_75' title="bbox 1155 4287 3673 4371">
     <span class='ocr_line' id='line_1_78' title="bbox 1155 4287 3673 4371; baseline -0 -27"><span class='ocrx_word' id='word_1_556' title='bbox 1155 4287 1354 4371; x_wconf 81' lang='lat' dir='ltr'><strong>dicunt</strong></span> <span class='ocrx_word' id='word_1_557' title='bbox 1387 4287 1649 4371; x_wconf 77' lang='lat' dir='ltr'><strong>Niniven.</strong></span> <span class='ocrx_word' id='word_1_558' title='bbox 1686 4287 2178 4371; x_wconf 38' lang='lat' dir='ltr'><strong>Quadragesi‘mus</strong></span> <span class='ocrx_word' id='word_1_559' title='bbox 2202 4287 2471 4371; x_wconf 82' lang='lat' dir='ltr'><strong>jubeleus</strong></span> <span class='ocrx_word' id='word_1_560' title='bbox 2511 4287 2716 4360; x_wconf 85' lang='lat' dir='ltr'><strong>incipit</strong></span> <span class='ocrx_word' id='word_1_561' title='bbox 2746 4304 2776 4346; x_wconf 89' lang='lat' dir='ltr'><strong>a</strong></span> <span class='ocrx_word' id='word_1_562' title='bbox 2808 4287 2995 4346; x_wconf 88' lang='lat' dir='ltr'><strong>tercio</strong></span> <span class='ocrx_word' id='word_1_563' title='bbox 3028 4304 3178 4347; x_wconf 90' lang='lat' dir='ltr'><strong>anno</strong></span> <span class='ocrx_word' id='word_1_564' title='bbox 3209 4287 3479 4346; x_wconf 68' lang='lat' dir='ltr'><strong>Abrahae.</strong></span> <span class='ocrx_word' id='word_1_565' title='bbox 3513 4289 3673 4345; x_wconf 91' lang='lat' dir='ltr'><strong>Unus</strong></span> 
     </span>
    </p>
   </div>
   <div class='ocr_carea' id='block_1_76' title="bbox 1156 4357 2447 4430">
    <p class='ocr_par' dir='ltr' id='par_1_76' title="bbox 1156 4357 2447 4430">
     <span class='ocr_line' id='line_1_79' title="bbox 1156 4357 2447 4430; baseline 0.001 -16"><span class='ocrx_word' id='word_1_566' title='bbox 1156 4363 1350 4414; x_wconf 89' lang='lat' dir='ltr'><strong>autem</strong></span> <span class='ocrx_word' id='word_1_567' title='bbox 1377 4357 1647 4427; x_wconf 89' lang='lat' dir='ltr'><strong>jubeleus</strong></span> <span class='ocrx_word' id='word_1_568' title='bbox 1678 4358 2096 4430; x_wconf 86' lang='lat' dir='ltr'><strong>quinquaginta</strong></span> <span class='ocrx_word' id='word_1_569' title='bbox 2128 4366 2263 4415; x_wconf 89' lang='lat' dir='ltr'><strong>sunt</strong></span> <span class='ocrx_word' id='word_1_570' title='bbox 2295 4360 2447 4417; x_wconf 87' lang='lat' dir='ltr'><strong>anni.</strong></span> 
     </span>
    </p>
   </div>
   <div class='ocr_carea' id='block_1_77' title="bbox 1150 4499 3104 4571">
    <p class='ocr_par' dir='ltr' id='par_1_77' title="bbox 1150 4499 3104 4571">
     <span class='ocr_line' id='line_1_80' title="bbox 1150 4499 3104 4571; baseline 0.002 -16"><span class='ocrx_word' id='word_1_571' title='bbox 1150 4499 1493 4557; x_wconf 87' lang='lat' dir='ltr'><strong>Zoroastres</strong></span> <span class='ocrx_word' id='word_1_572' title='bbox 1524 4514 1625 4556; x_wconf 88' lang='lat' dir='ltr'><strong>rex</strong></span> <span class='ocrx_word' id='word_1_573' title='bbox 1653 4499 2091 4556; x_wconf 90' lang='lat' dir='ltr'><strong>Bactrianorum</strong></span> <span class='ocrx_word' id='word_1_574' title='bbox 2132 4501 2368 4571; x_wconf 86' lang='lat' dir='ltr'><strong>magicae</strong></span> <span class='ocrx_word' id='word_1_575' title='bbox 2398 4501 2541 4559; x_wconf 88' lang='lat' dir='ltr'><strong>artis</strong></span> <span class='ocrx_word' id='word_1_576' title='bbox 2573 4502 2841 4560; x_wconf 88' lang='lat' dir='ltr'><strong>inventor</strong></span> <span class='ocrx_word' id='word_1_577' title='bbox 2869 4502 3104 4561; x_wconf 90' lang='lat' dir='ltr'><strong>claruit.</strong></span> 
     </span>
    </p>
   </div>
   <div class='ocr_carea' id='block_1_78' title="bbox 335 4798 3678 4873">
    <p class='ocr_par' dir='ltr' id='par_1_78' title="bbox 335 4798 3678 4873">
     <span class='ocr_line' id='line_1_81' title="bbox 335 4798 3678 4873; baseline 0 -17"><span class='ocrx_word' id='word_1_578' title='bbox 335 4801 548 4873; x_wconf 59' lang='lat' dir='ltr'><strong>(Hii-23.,</strong></span> <span class='ocrx_word' id='word_1_579' title='bbox 581 4800 780 4867; x_wconf 69' lang='lat'><strong>0305.,</strong></span> <span class='ocrx_word' id='word_1_580' title='bbox 815 4800 1001 4873; x_wconf 54' lang='lat' dir='ltr'><strong>lima,</strong></span> <span class='ocrx_word' id='word_1_581' title='bbox 1033 4799 1225 4869; x_wconf 83' lang='lat' dir='ltr'><strong>Jono.)</strong></span> <span class='ocrx_word' id='word_1_582' title='bbox 1258 4798 1609 4868; x_wconf 85' lang='lat' dir='ltr'><strong>Semiramis,</strong></span> <span class='ocrx_word' id='word_1_583' title='bbox 1644 4815 1790 4873; x_wconf 83' lang='lat' dir='ltr'><strong>uxor</strong></span> <span class='ocrx_word' id='word_1_584' title='bbox 1822 4799 1968 4870; x_wconf 86' lang='lat' dir='ltr'><strong>Nini,</strong></span> <span class='ocrx_word' id='word_1_585' title='bbox 2005 4802 2265 4871; x_wconf 85' lang='lat' dir='ltr'><strong>regnavit</strong></span> <span class='ocrx_word' id='word_1_586' title='bbox 2302 4808 2433 4873; x_wconf 88' lang='lat' dir='ltr'><strong>post</strong></span> <span class='ocrx_word' id='word_1_587' title='bbox 2462 4818 2589 4859; x_wconf 88' lang='lat' dir='ltr'><strong>eum</strong></span> <span class='ocrx_word' id='word_1_588' title='bbox 2611 4803 2666 4859; x_wconf 92' lang='lat' dir='ltr'><strong>in</strong></span> <span class='ocrx_word' id='word_1_589' title='bbox 2691 4804 2944 4872; x_wconf 83' lang='lat' dir='ltr'><strong>Assyriis</strong></span> <span class='ocrx_word' id='word_1_590' title='bbox 2975 4818 3105 4860; x_wconf 91' lang='lat' dir='ltr'><strong>ann.</strong></span> <span class='ocrx_word' id='word_1_591' title='bbox 3144 4805 3231 4872; x_wconf 78' lang='grc'><strong>42,</strong></span> <span class='ocrx_word' id='word_1_592' title='bbox 3263 4800 3333 4857; x_wconf 89' lang='lat' dir='ltr'><strong>de</strong></span> <span class='ocrx_word' id='word_1_593' title='bbox 3364 4814 3475 4873; x_wconf 80' lang='lat' dir='ltr'><strong>qua</strong></span> <span class='ocrx_word' id='word_1_594' title='bbox 3510 4799 3678 4873; x_wconf 82' lang='lat' dir='ltr'><strong>innu-</strong></span> 
     </span>
    </p>
   </div>
   <div class='ocr_carea' id='block_1_79' title="bbox 248 4870 3671 4945">
    <p class='ocr_par' dir='ltr' id='par_1_79' title="bbox 248 4870 3671 4945">
     <span class='ocr_line' id='line_1_82' title="bbox 248 4870 3671 4945; baseline -0.001 -17"><span class='ocrx_word' id='word_1_595' title='bbox 248 4872 569 4945; x_wconf 82' lang='lat' dir='ltr'><strong>merabilia</strong></span> <span class='ocrx_word' id='word_1_596' title='bbox 595 4874 926 4945; x_wconf 81' lang='lat' dir='ltr'><strong>narrantur.</strong></span> <span class='ocrx_word' id='word_1_597' title='bbox 956 4871 1092 4945; x_wconf 84' lang='lat' dir='ltr'><strong>Nam</strong></span> <span class='ocrx_word' id='word_1_598' title='bbox 1114 4885 1225 4945; x_wconf 84' lang='lat' dir='ltr'><strong>non</strong></span> <span class='ocrx_word' id='word_1_599' title='bbox 1241 4876 1525 4945; x_wconf 78' lang='lat' dir='ltr'><strong>contenta</strong></span> <span class='ocrx_word' id='word_1_600' title='bbox 1540 4870 1807 4945; x_wconf 79' lang='lat' dir='ltr'><strong>terminis</strong></span> <span class='ocrx_word' id='word_1_601' title='bbox 1830 4885 1977 4945; x_wconf 85' lang='lat' dir='ltr'><strong>quos</strong></span> <span class='ocrx_word' id='word_1_602' title='bbox 1998 4887 2030 4945; x_wconf 89' lang='lat' dir='ltr'><strong>_a_</strong></span> <span class='ocrx_word' id='word_1_603' title='bbox 2046 4870 2173 4928; x_wconf 87' lang='lat' dir='ltr'><strong>viro</strong></span> <span class='ocrx_word' id='word_1_604' title='bbox 2198 4870 2325 4943; x_wconf 71' lang='lat' dir='ltr'><strong>suo,</strong></span> <span class='ocrx_word' id='word_1_605' title='bbox 2347 4873 2627 4945; x_wconf 84' lang='lat' dir='ltr'><strong>tuncsolo</strong></span> <span class='ocrx_word' id='word_1_606' title='bbox 2648 4870 2953 4945; x_wconf 80' lang='lat' dir='ltr'><strong>bellatore,</strong></span> <span class='ocrx_word' id='word_1_607' title='bbox 2976 4870 3305 4945; x_wconf 73' lang='lat' dir='ltr'><strong>acceperat,</strong></span> <span class='ocrx_word' id='word_1_608' title='bbox 3327 4870 3671 4945; x_wconf 78' lang='lat' dir='ltr'><strong>Ethyopiam</strong></span> 
     </span>
    </p>
   </div>
   <div class='ocr_carea' id='block_1_80' title="bbox 249 4943 421 4999">
    <p class='ocr_par' dir='ltr' id='par_1_80' title="bbox 249 4943 421 4999">
     <span class='ocr_line' id='line_1_83' title="bbox 249 4943 421 4999; baseline 0.006 -1"><span class='ocrx_word' id='word_1_609' title='bbox 249 4943 421 4999; x_wconf 85' lang='lat' dir='ltr'><strong>bello</strong></span> 
     </span>
    </p>
   </div>
   <div class='ocr_carea' id='block_1_81' title="bbox 456 4939 3669 5015">
    <p class='ocr_par' dir='ltr' id='par_1_81' title="bbox 456 4939 3669 5015">
     <span class='ocr_line' id='line_1_84' title="bbox 456 4939 3669 5015; baseline -0 -17"><span class='ocrx_word' id='word_1_610' title='bbox 456 4957 712 5015; x_wconf 84' lang='lat' dir='ltr'><strong>pressam</strong></span> <span class='ocrx_word' id='word_1_611' title='bbox 746 4940 1586 5015; x_wconf 75' lang='lat' dir='ltr'><strong>s_uo_imperio_adjeci_t,_lndis</strong></span> <span class='ocrx_word' id='word_1_612' title='bbox 1621 4939 2083 5015; x_wconf 55' lang='lat' dir='ltr'><strong>bellumﬁntulit,</strong></span> <span class='ocrx_word' id='word_1_613' title='bbox 2118 4958 2229 5013; x_wconf 90' lang='lat' dir='ltr'><strong>quo</strong></span> <span class='ocrx_word' id='word_1_614' title='bbox 2265 4939 2461 5015; x_wconf 84' lang='lat' dir='ltr'><strong>preter</strong></span> <span class='ocrx_word' id='word_1_615' title='bbox 2494 4943 2648 4998; x_wconf 86' lang='lat' dir='ltr'><strong>illam</strong></span> <span class='ocrx_word' id='word_1_616' title='bbox 2673 4948 2732 5015; x_wconf 84' lang='lat' dir='ltr'><strong>et</strong></span> <span class='ocrx_word' id='word_1_617' title='bbox 2754 4939 3143 5001; x_wconf 81' lang='lat' dir='ltr'><strong>Alexandrum</strong></span> <span class='ocrx_word' id='word_1_618' title='bbox 3178 4939 3375 4999; x_wconf 89' lang='lat' dir='ltr'><strong>nullus</strong></span> <span class='ocrx_word' id='word_1_619' title='bbox 3406 4939 3669 5015; x_wconf 70' lang='lat' dir='ltr'><strong>intravit.</strong></span> 
     </span>
    </p>
   </div>
   <div class='ocr_carea' id='block_1_82' title="bbox 248 5010 3668 5086">
    <p class='ocr_par' dir='ltr' id='par_1_82' title="bbox 248 5010 3668 5086">
     <span class='ocr_line' id='line_1_85' title="bbox 248 5010 3668 5086; baseline -0.001 -15"><span class='ocrx_word' id='word_1_620' title='bbox 248 5017 399 5071; x_wconf 71' lang='lat' dir='ltr'><strong>Haec</strong></span> <span class='ocrx_word' id='word_1_621' title='bbox 425 5010 572 5085; x_wconf 70' lang='lat'><strong>(196)</strong></span> <span class='ocrx_word' id='word_1_622' title='bbox 599 5010 981 5086; x_wconf 78' lang='lat' dir='ltr'><strong>Babyloniam</strong></span> <span class='ocrx_word' id='word_1_623' title='bbox 998 5011 1181 5086; x_wconf 85' lang='lat' dir='ltr'><strong>muris</strong></span> <span class='ocrx_word' id='word_1_624' title='bbox 1197 5010 1513 5086; x_wconf 78' lang='lat' dir='ltr'><strong>coctilibus</strong></span> <span class='ocrx_word' id='word_1_625' title='bbox 1536 5010 1986 5086; x_wconf 79' lang='lat' dir='ltr'><strong>instauravit,_et</strong></span> <span class='ocrx_word' id='word_1_626' title='bbox 2008 5010 2252 5086; x_wconf 82' lang='lat' dir='ltr'><strong>aggeres</strong></span> <span class='ocrx_word' id='word_1_627' title='bbox 2265 5010 2513 5086; x_wconf 78' lang='lat' dir='ltr'><strong>propter</strong></span> <span class='ocrx_word' id='word_1_628' title='bbox 2536 5013 2944 5072; x_wconf 88' lang='lat' dir='ltr'><strong>inundationes</strong></span> <span class='ocrx_word' id='word_1_629' title='bbox 2966 5028 3244 5086; x_wconf 89' lang='lat' dir='ltr'><strong>aquarum</strong></span> <span class='ocrx_word' id='word_1_630' title='bbox 3269 5011 3638 5070; x_wconf 80' lang='lat' dir='ltr'><strong>construxit&#39;</strong></span> <span class='ocrx_word' id='word_1_631' title='bbox 3655 5054 3668 5067; x_wconf 96' lang='lat'><strong>.</strong></span> 
     </span>
    </p>
   </div>
   <div class='ocr_carea' id='block_1_83' title="bbox 248 5081 2778 5155">
    <p class='ocr_par' dir='ltr' id='par_1_83' title="bbox 248 5081 2778 5155">
     <span class='ocr_line' id='line_1_86' title="bbox 248 5081 2778 5155; baseline -0.001 -13"><span class='ocrx_word' id='word_1_632' title='bbox 248 5088 382 5142; x_wconf 90' lang='lat' dir='ltr'><strong>Sub</strong></span> <span class='ocrx_word' id='word_1_633' title='bbox 406 5081 515 5155; x_wconf 87' lang='lat' dir='ltr'><strong>qua</strong></span> <span class='ocrx_word' id='word_1_634' title='bbox 548 5081 607 5140; x_wconf 85' lang='lat' dir='ltr'><strong>et</strong></span> <span class='ocrx_word' id='word_1_635' title='bbox 640 5081 933 5139; x_wconf 84' lang='lat' dir='ltr'><strong>Abraham</strong></span> <span class='ocrx_word' id='word_1_636' title='bbox 967 5082 1253 5139; x_wconf 87' lang='lat' dir='ltr'><strong>adolescit</strong></span> <span class='ocrx_word' id='word_1_637' title='bbox 1287 5082 1340 5137; x_wconf 91' lang='lat' dir='ltr'><strong>in</strong></span> <span class='ocrx_word' id='word_1_638' title='bbox 1377 5081 1647 5152; x_wconf 87' lang='lat' dir='ltr'><strong>Chaldea,</strong></span> <span class='ocrx_word' id='word_1_639' title='bbox 1684 5081 1779 5152; x_wconf 91' lang='lat' dir='ltr'><strong>qui</strong></span> <span class='ocrx_word' id='word_1_640' title='bbox 1813 5087 1870 5137; x_wconf 92' lang='lat' dir='ltr'><strong>et</strong></span> <span class='ocrx_word' id='word_1_641' title='bbox 1907 5082 2031 5153; x_wconf 91' lang='lat' dir='ltr'><strong>ipse</strong></span> <span class='ocrx_word' id='word_1_642' title='bbox 2054 5081 2297 5141; x_wconf 76' lang='lat' dir='ltr'><strong>natione</strong></span> <span class='ocrx_word' id='word_1_643' title='bbox 2331 5081 2620 5143; x_wconf 84' lang='lat' dir='ltr'><strong>Chaldeus</strong></span> <span class='ocrx_word' id='word_1_644' title='bbox 2652 5086 2778 5142; x_wconf 86' lang='lat' dir='ltr'><strong>fuit.</strong></span> 
     </span>
    </p>
   </div>
   <div class='ocr_carea' id='block_1_84' title="bbox 440 5168 3675 5247">
    <p class='ocr_par' dir='ltr' id='par_1_84' title="bbox 440 5168 3675 5247">
     <span class='ocr_line' id='line_1_87' title="bbox 440 5168 3675 5247; baseline 0 -19"><span class='ocrx_word' id='word_1_645' title='bbox 440 5172 462 5196; x_wconf 79' lang='lat'>&quot;</span> <span class='ocrx_word' id='word_1_646' title='bbox 494 5177 575 5228; x_wconf 85' lang='lat'><strong>11.</strong></span> <span class='ocrx_word' id='word_1_647' title='bbox 613 5170 833 5229; x_wconf 76' lang='lat' dir='ltr'><strong>addit:</strong></span> <span class='ocrx_word' id='word_1_648' title='bbox 868 5170 1000 5226; x_wconf 59' lang='lat' dir='ltr'><strong>Hac</strong></span> <span class='ocrx_word' id='word_1_649' title='bbox 1050 5168 1199 5243; x_wconf 86' lang='lat'><strong>(197)</strong></span> <span class='ocrx_word' id='word_1_650' title='bbox 1248 5169 1579 5243; x_wconf 87' lang='lat' dir='ltr'><strong>privignum</strong></span> <span class='ocrx_word' id='word_1_651' title='bbox 1632 5184 1795 5226; x_wconf 91' lang='lat' dir='ltr'><strong>suum</strong></span> <span class='ocrx_word' id='word_1_652' title='bbox 1843 5170 2147 5228; x_wconf 89' lang='lat' dir='ltr'><strong>Trebetam</strong></span> <span class='ocrx_word' id='word_1_653' title='bbox 2196 5186 2375 5242; x_wconf 88' lang='lat' dir='ltr'><strong>regno</strong></span> <span class='ocrx_word' id='word_1_654' title='bbox 2417 5173 2662 5246; x_wconf 88' lang='lat' dir='ltr'><strong>expulit,</strong></span> <span class='ocrx_word' id='word_1_655' title='bbox 2705 5174 2801 5245; x_wconf 91' lang='lat' dir='ltr'><strong>qui</strong></span> <span class='ocrx_word' id='word_1_656' title='bbox 2841 5189 2945 5247; x_wconf 91' lang='lat' dir='ltr'><strong>per</strong></span> <span class='ocrx_word' id='word_1_657' title='bbox 2988 5187 3146 5231; x_wconf 88' lang='lat' dir='ltr'><strong>mare</strong></span> <span class='ocrx_word' id='word_1_658' title='bbox 3195 5177 3255 5230; x_wconf 91' lang='lat' dir='ltr'><strong>et</strong></span> <span class='ocrx_word' id='word_1_659' title='bbox 3304 5171 3566 5231; x_wconf 80' lang='lat' dir='ltr'><strong>Rhenum</strong></span> <span class='ocrx_word' id='word_1_660' title='bbox 3613 5176 3675 5229; x_wconf 89' lang='lat' dir='ltr'><strong>et</strong></span> 
     </span>
    </p>
   </div>
   <div class='ocr_carea' id='block_1_85' title="bbox 1635 5285 2309 5343">
    <p class='ocr_par' dir='ltr' id='par_1_85' title="bbox 1635 5285 2309 5343">
     <span class='ocr_line' id='line_1_88' title="bbox 1635 5285 2309 5343; baseline 0.007 -5"><span class='ocrx_word' id='word_1_661' title='bbox 1635 5285 1871 5342; x_wconf 79' lang='lat' dir='ltr'><strong>VARUE</strong></span> <span class='ocrx_word' id='word_1_662' title='bbox 1909 5287 2202 5343; x_wconf 84' lang='lat' dir='ltr'><strong>LECTION</strong></span> <span class='ocrx_word' id='word_1_663' title='bbox 2210 5289 2309 5343; x_wconf 90' lang='lat' dir='ltr'><strong>ES.</strong></span> 
     </span>
    </p>
   </div>
   <div class='ocr_carea' id='block_1_86' title="bbox 326 5380 2284 5457">
    <p class='ocr_par' dir='ltr' id='par_1_86' title="bbox 326 5380 2284 5457">
     <span class='ocr_line' id='line_1_89' title="bbox 326 5380 2284 5457; baseline -0.004 -9"><span class='ocrx_word' id='word_1_664' title='bbox 326 5387 393 5424; x_wconf 79' lang='grc'><strong>¹⁰⁷</strong></span> <span class='ocrx_word' id='word_1_665' title='bbox 422 5389 723 5447; x_wconf 87' lang='lat' dir='ltr'><strong>hactenus</strong></span> <span class='ocrx_word' id='word_1_666' title='bbox 756 5383 819 5439; x_wconf 91' lang='lat' dir='ltr'><strong>G.</strong></span> <span class='ocrx_word' id='word_1_667' title='bbox 901 5380 967 5416; x_wconf 77' lang='grc'><strong>¹⁰⁸</strong></span> <span class='ocrx_word' id='word_1_668' title='bbox 994 5382 1087 5443; x_wconf 74' lang='lat' dir='ltr'><strong>ita</strong></span> <span class='ocrx_word' id='word_1_669' title='bbox 1115 5388 1164 5440; x_wconf 89' lang='lat'><strong>1.</strong></span> <span class='ocrx_word' id='word_1_670' title='bbox 1195 5384 1430 5457; x_wconf 61' lang='lat' dir='ltr'><strong>sacpius.</strong></span> <span class='ocrx_word' id='word_1_671' title='bbox 1511 5382 1578 5417; x_wconf 69' lang='lat'><strong>1°“</strong></span> <span class='ocrx_word' id='word_1_672' title='bbox 1608 5397 1638 5441; x_wconf 73' lang='grc' dir='ltr'><em>ε</em></span> <span class='ocrx_word' id='word_1_673' title='bbox 1663 5398 1838 5456; x_wconf 69' lang='lat' dir='ltr'><strong>com,</strong></span> <span class='ocrx_word' id='word_1_674' title='bbox 1872 5385 1943 5442; x_wconf 75' lang='lat' dir='ltr'><strong>ut</strong></span> <span class='ocrx_word' id='word_1_675' title='bbox 1967 5384 2206 5442; x_wconf 71' lang='lat' dir='ltr'><strong>videtur</strong></span> <span class='ocrx_word' id='word_1_676' title='bbox 2236 5390 2284 5442; x_wconf 86' lang='lat'><strong>1.</strong></span> 
     </span>
    </p>
   </div>
   <div class='ocr_carea' id='block_1_87' title="bbox 307 5576 1892 5714">
    <p class='ocr_par' dir='ltr' id='par_1_87' title="bbox 307 5576 1892 5714">
     <span class='ocr_line' id='line_1_90' title="bbox 307 5576 1892 5714; baseline -0.012 -62"><span class='ocrx_word' id='word_1_677' title='bbox 307 5590 460 5663; x_wconf 84' lang='lat'><strong>(196)</strong></span> <span class='ocrx_word' id='word_1_678' title='bbox 494 5586 583 5714; x_wconf 50' lang='grc' dir='ltr'><strong>δέ.</strong></span> <span class='ocrx_word' id='word_1_679' title='bbox 631 5577 834 5648; x_wconf 91' lang='lat' dir='ltr'><strong>0vid.,</strong></span> <span class='ocrx_word' id='word_1_680' title='bbox 870 5578 1000 5635; x_wconf 89' lang='lat' dir='ltr'><strong>Met.</strong></span> <span class='ocrx_word' id='word_1_681' title='bbox 1035 5578 1124 5648; x_wconf 84' lang='lat' dir='ltr'><strong>IV,</strong></span> <span class='ocrx_word' id='word_1_682' title='bbox 1159 5580 1247 5649; x_wconf 71' lang='lat'><strong>£58,</strong></span> <span class='ocrx_word' id='word_1_683' title='bbox 1277 5581 1337 5634; x_wconf 92' lang='lat' dir='ltr'><strong>et</strong></span> <span class='ocrx_word' id='word_1_684' title='bbox 1368 5590 1441 5633; x_wconf 86' lang='lat' dir='ltr'><strong>ex</strong></span> <span class='ocrx_word' id='word_1_685' title='bbox 1472 5576 1602 5649; x_wconf 88' lang='lat' dir='ltr'><strong>ipso</strong></span> <span class='ocrx_word' id='word_1_686' title='bbox 1632 5577 1784 5634; x_wconf 88' lang='lat' dir='ltr'><strong>Ilier.</strong></span> <span class='ocrx_word' id='word_1_687' title='bbox 1821 5577 1892 5635; x_wconf 90' lang='lat' dir='ltr'><strong>ad</strong></span> 
     </span>
     <span class='ocr_line' id='line_1_91' title="bbox 308 5678 587 5714; baseline -0.007 0"><span class='ocrx_word' id='word_1_688' title='bbox 308 5681 392 5714; x_wconf 65' lang='grc' dir='ltr'><strong>ΩΒ-</strong></span> <span class='ocrx_word' id='word_1_689' title='bbox 429 5678 483 5714; x_wconf 76' lang='grc' dir='ltr'>ϐ.</span> <span class='ocrx_word' id='word_1_690' title='bbox 574 5699 587 5712; x_wconf 86' lang='grc'><strong><em>.</em></strong></span> 
     </span>
    </p>
   </div>
   <div class='ocr_carea' id='block_1_88' title="bbox 235 5666 587 5739">
    <p class='ocr_par' dir='ltr' id='par_1_88' title="bbox 235 5666 587 5739">
     <span class='ocr_line' id='line_1_92' title="bbox 235 5666 587 5739; baseline -0.031 -14"><span class='ocrx_word' id='word_1_691' title='bbox 235 5666 394 5739; x_wconf 87' lang='lat' dir='ltr'><strong>Osee,</strong></span> <span class='ocrx_word' id='word_1_692' title='bbox 429 5678 483 5721; x_wconf 91' lang='lat' dir='ltr'><strong>c.</strong></span> <span class='ocrx_word' id='word_1_693' title='bbox 533 5666 587 5714; x_wconf 81' lang='lat'><strong>2.</strong></span> 
     </span>
    </p>
   </div>
   <div class='ocr_carea' id='block_1_89' title="bbox 1855 5480 2077 5538">
    <p class='ocr_par' dir='ltr' id='par_1_89' title="bbox 1855 5480 2077 5538">
     <span class='ocr_line' id='line_1_93' title="bbox 1855 5480 2077 5538; baseline -0.009 -1"><span class='ocrx_word' id='word_1_694' title='bbox 1855 5480 2077 5538; x_wconf 61' lang='lat' dir='ltr'><strong>NOTIE.</strong></span> 
     </span>
    </p>
   </div>
   <div class='ocr_carea' id='block_1_90' title="bbox 2112 5576 2829 5650">
    <p class='ocr_par' dir='ltr' id='par_1_90' title="bbox 2112 5576 2829 5650">
     <span class='ocr_line' id='line_1_94' title="bbox 2112 5576 2829 5650; baseline 0.006 -17"><span class='ocrx_word' id='word_1_695' title='bbox 2112 5576 2259 5650; x_wconf 74' lang='lat'><strong>(19;)</strong></span> <span class='ocrx_word' id='word_1_696' title='bbox 2293 5576 2373 5633; x_wconf 87' lang='lat' dir='ltr'><strong>Cf.</strong></span> <span class='ocrx_word' id='word_1_697' title='bbox 2408 5578 2582 5635; x_wconf 88' lang='lat' dir='ltr'><strong>Gesta</strong></span> <span class='ocrx_word' id='word_1_698' title='bbox 2612 5580 2829 5639; x_wconf 87' lang='lat' dir='ltr'><strong>Trevir.</strong></span> 
     </span>
    </p>
   </div>
  </div>
