3898 6324
123 229 244 294 557
1004 226 1444 296 CHRONICA.
1475 262 1558 278 -—
1600 229 2073 297 CHRONICON
2118 228 2660 297 UNIVERSALE.
3409 232 3529 299 558

120 363 227 447 das
249 367 344 447 βξ,
370 362 582 447 inquit,
603 364 906 447 occidetur
928 364 1215 447 Christus,
1242 369 1440 446 etnon
1466 364 1581 447 erit
1601 363 2020 447 ejus‘populus,
2047 366 2144 436 qui
2174 380 2305 447 eum
2331 370 2648 447 negaturus
2667 369 2836 447 est...»
2860 366 2979 421 Non
3004 381 3144 447 ergo
3169 367 3527 447 statimpost

120 439 190 490 62
209 434 597 505 ebdomadas,
634 434 737 491 sed
770 436 823 491 in
858 436 966 491 fine
995 437 1439 506 septuagesima:
1470 434 1808 492 ebdomadis
1832 434 2080 492 occisus
2102 441 2192 492 est
2225 434 2509 501 Christus,
2544 449 2714 504 quam
2748 435 2922 506 ideo,
2949 434 3227 504 quantum
3259 434 3529 495 conieere

120 520 468 578 possumus,
494 506 828 575 segregavit
859 521 887 560 a
911 505 1145 578 ceteris,
1169 506 1300 578 quia
1325 507 1395 562 de
1419 508 1523 562 hac
1545 514 1673 563 erat
1698 507 1863 578 plura
1886 506 2222 573 locuturus;
2252 522 2379 561 nam
2413 511 2470 560 et
2490 506 2758 578 Christus
2783 505 2836 559 in
2871 505 2963 559 illa
2989 508 3306 578 crucifixus
3331 515 3438 578 est,
3473 514 3532 564 et

123 575 153 630 a
178 575 406 647 popqu
430 577 657 648 perfido
681 591 793 632 non
817 577 985 631 modo
1019 579 1072 631 in
1100 575 1365 647 paSsione
1397 592 1596 633 verum
1626 575 1903 633 continuo
1934 593 2006 631 ex
2035 592 2148 647 quo
2179 593 2208 632 a
2239 578 2497 648 Iohanne
2530 576 2864 648 baptizatus
2896 576 3199 648 predicare
3231 580 3405 648 ccepit
3426 575 3535 634 'ne-

119 645 301 714 ga‘tu's
324 645 441 717 est.
478 647 643 712 Quod
671 653 860 703 autem
891 645 1190 717 sequitur:
1223 666 1250 698 ‹‹
1276 650 1340 703 Et
1372 647 1666 703 civitatem
1691 653 1750 703 et
1784 645 2178 703 sanctuarium
2212 647 2517 717 dissipabit
2555 645 2803 717 populus
2836 661 2964 701 cum
2997 646 3143 702 duce
3172 645 3441 711 venturo,
3475 654 3533 703 et

120 717 258 773 ﬁnis
287 715 422 785 ejus
447 717 715 779 vastitas.
750 722 808 771 et
844 715 1168 787 post‘linem
1194 719 1325 773 belli
1357 724 1577 774 statuta
1608 718 1919 785 dcsolatio,
1944 738 1973 771 ››
2000 734 2110 773 non
2144 717 2214 772 ad
2244 724 2314 773 70
2331 715 2682 773 ebdomadas
2707 717 2959 786 pertinet
2986 718 3351 841 ;J)rcdictum
3383 720 3534 773 enim

122 789 345 841 fuerat.
378 788 533 841 quod
567 787 708 841 insae
731 787 1085 841 ebdomades
1110 803 1290 841 usuue
1308 789 1379 841 ad
1410 790 1619 841 Christi
1653 791 1925 841 ducatum
1958 788 2378 841 pertinaci-ent.
2414 788 2516 841 sed
2550 787 2863 841 scriptura.
2899 802 2998 841 ure
3047 788 3162 841 icto
3196 789 3448 841 adventu
3478 794 3534 841 et

122 789 345 860 fuerat,
378 788 543 860 quod
567 787 708 857 ipsa:
731 787 1085 860 ebdomades
1110 803 1290 858 usque
1308 789 1379 844 ad
1410 790 1619 860 Christi
1653 791 1925 845 ducatum
1958 788 2378 860 pertingerent,
2414 788 2516 843 sed
2550 787 2863 857 scriptura,
2898 787 3162 856 predicto
3196 789 3448 860 adventu
3478 794 3537 843 et

121 859 411 929 passione
433 858 643 928 ipsius,
680 859 815 927 quid
849 858 1025 913 etiam
1048 867 1180 929 post
1210 861 1354 914 hanc
1388 859 1604 929 populo
1631 860 1726 929 qui
1760 874 1888 915 eum
1925 858 2186 929 recipere
2219 859 2398 914 nollet
2431 862 2776 912 eventurum
2804 862 2985 929 esset,
3014 858 3290 929 ostendit.
3329 862 3535 914 Ducem

121 928 283 984 enim
312 933 627 1000 venturum
660 928 801 1000 dicit
828 929 1036 1000 Titum,
1063 930 1158 999 qui
1184 928 1625 998 quadragesimo
1650 928 1804 985 anno
1826 928 2129 985 dominicae
2155 929 2443 1000 passionis
2475 928 2551 1000 ita
2573 943 2701 982 cum
2730 928 2941 1000 pepulo
2967 929 3219 983 Romano
3240 928 3536 984 civitatem

123 1005 182 1054 et
215 998 625 1071 sanctuarium
658 998 989 1071 dissipavit,
1014 1005 1075 1055 ut
1099 1014 1209 1055 non
1242 1006 1569 1055 remaneret
1589 1000 1736 1071 lapis
1758 1015 1933 1070 super
1956 998 2225 1070 lapidein.
2260 1002 2469 1071 Verum
2494 999 2583 1053 his
2605 1013 2706 1071 per
2735 998 3209 1068 anticipationem
3235 1000 3540 1070 prelibatis

129 1084 267 1125 mox
290 1069 366 1124 ad
389 1068 796 1139 exponendum
820 1069 1175 1139 ebdomadae,
1214 1084 1383 1139 quam
1410 1068 1705 1139 omiserat,
1743 1068 1890 1125 redit
1926 1068 2216 1125 eventum.
2253 1089 2281 1121 α
2315 1069 2692 1125 Confirniabit
2722 1074 2913 1123 autem
2950 1075 3179 1138 pactum
3213 1068 3412 1126 multis
3443 1073 3540 1126 eb-

131 1140 383 1211 domada
420 1154 552 1211 una,
580 1158 607 1191 n
630 1139 738 1193 hoc
759 1144 852 1194 est
875 1140 997 1210 ipsa
1023 1141 1357 1209 novissima,
1386 1141 1439 1194 in
1464 1155 1573 1211 qua
1598 1142 1689 1196 vel
1708 1142 1999 1197 Johannes
2027 1141 2276 1211 baptista
2299 1139 2387 1195 vel
2422 1139 2695 1211 Dominus
2717 1143 2777 1211 et
2807 1140 3435 1211 apostoli‘prcdicando
3466 1140 3538 1195 ad

130 1210 306 1265 tidem
333 1209 553 1265 multos
570 1209 1009 1265 converterunt.
1049 1234 1074 1258 κ
1109 1213 1177 1265 Et
1199 1212 1253 1265 in
1279 1209 1517 1266 dimidio
1545 1212 1885 1267 ebdomadis
1905 1209 2133 1266 deficiet
2169 1211 2362 1266 hostia
2394 1214 2450 1265 et
2483 1209 2849 1265 sacrificium.
2878 1228 2905 1260 ››
2940 1209 3244 1264 Dimidium
3268 1212 3540 1267 ebdoma-

129 1281 222 1336 dis
253 1279 700 1351 hujusquintus
723 1279 981 1351 decimus
1018 1296 1202 1336 annus
1224 1282 1450 1350 Tyberii
1470 1283 1707 1337 caesaris
1736 1287 1883 1351 erat,
1920 1282 2149 1351 quando
2182 1280 2451 1337 inchoato
2481 1280 2695 1335 Christi
2725 1280 3414 1348 baptismatehostiarum
3440 1297 3542 1351 pu-

130 1295 222 1336 ais
253 1295 435 1349 nujus
460 1295 700 1404 quintus
723 1295 981 1335 uecmius
1018 1296 1202 1336 annus
1224 1295 1450 1350 'i'ynern
1470 1297 1707 1337 caesaris
1736 1295 1883 1351 erat,
1920 1295 2149 1351 quando
2182 1295 2451 1337 incnoato
2481 1295 2695 1335 Christi
2725 1295 3414 1348 uapusmateuosuarum
3440 1297 3542 1351 pu-

130 1351 393 1429 rificatio
425 1350 458 1404 fi
506 1350 699 1429 elibus
728 1350 1310 1429 paulatimvilescere
1333 1352 1536 1429 empit.
1573 1354 1713 1407 ltem
1739 1354 1892 1429 quod
1917 1353 2215 1429 sequitur:
2239 1370 2267 1402 «
2299 1356 2356 1404 et
2390 1353 2443 1429 in
2478 1351 2832 1429 temploerit
2854 1351 3542 1429 abominatiodesolatio

130 1421 243 1490 nis,
269 1426 335 1493 et
368 1435 555 1493 usque
578 1421 647 1493 ad
672 1422 1226 1493 consummationem
1249 1428 1308 1477 et
1329 1422 1494 1476 finem
1522 1421 1918 1492 perseverabit
1949 1422 2256 1489 desolatio,
2280 1444 2305 1468 ι
2342 1421 2413 1476 ad
2446 1421 2749 1490 sequentia
2786 1428 3042 1490 tempora
3076 1424 3333 1493 reSpicit.
3364 1424 3541 1492 Cujus

128 1491 468 1563 prophetia;
502 1491 810 1545 veritatem
841 1496 897 1563 et
934 1492 1192 1561 hystoria
1217 1497 1480 1563 veterum
1510 1491 1569 1548 et
1592 1498 1922 1549 nostrorum
1946 1493 2231 1563 hodieque
2255 1498 2580 1563 temporum
2606 1495 2861 1563 testatur
2883 1495 3146 1546 eventus.

128 1632 162 1688 ό
202 1562 1050 1687 :Iastdiveasaf.ex'positorium
1084 1564 1406 1619 sententias
1436 1562 1507 1618 de
1538 1565 1960 1619 ebdomadibus
1992 1563 2047 1617 in
2080 1562 2312 1618 Danielc
2343 1562 2581 1633 scriptis
2614 1562 2743 1616 ideo
2778 1563 2966 1632 posui,
3002 1570 3062 1617 ut
3096 1563 3327 1634 sapiens
3358 1568 3545 1620 atten-

170 1644 330 1688 a.e
391 1647 487 1688 aui
559 1646 706 1688 eiga
760 1646 813 1685 v1
858 1646 973 1687 ea.

170 1637 259 1688 at.
296 1637 358 1686 et
391 1632 528 1688 quid
559 1630 737 1688 eligat
760 1630 973 1687 videat.

211 1646 235 1687 ι
296 1646 358 1686 et
473 1646 528 1686 in
559 1646 632 1687 eu
678 1646 973 1687 atvmeat.

207 1646 693 1774 (magnilocuqu
708 1716 780 1774 uel
809 1702 1000 1757 divina
1052 1702 1717 1774 scripturaltemporum
1750 1704 1960 1759 seriem
1992 1703 2283 1767 continet;
2314 1718 2440 1773 qua)
2473 1717 2610 1757 vero
2642 1707 2773 1774 post
2807 1702 2928 1757 haec
2963 1703 3115 1772 apud
3142 1704 3376 1760 Iudaeos
3410 1711 3545 1760 sunt

127 1779 340 1845 gesta,
374 1771 445 1827 de
468 1771 1086 1845 librisMachabcorum
1105 1771 1417 1843 ct’Josephi
1447 1771 1621 1845 atque
1647 1774 1899 1829 Africani
1920 1774 2157 1845 scriptis
2180 1771 2549 1841 exhibentur,
2574 1771 2670 1842 qui
2701 1772 2977 1845 deinceps
3002 1771 3328 1845 universam
3353 1779 3546 1845 hysto-

129 1841 289 1898 riam
322 1841 511 1915 usque
529 1841 598 1896 ad
617 1844 865 1915 Romana
890 1848 1151 1915 tempora
1178 1841 1476 1914 prosecuti
1502 1841 1657 1899 sunt.
1688 1846 1871 1914 (llisn.
1896 1847 1962 1901 in
1984 1841 2137 1901 Dim.
2164 1860 2214 1899 c.
2243 1848 2344 1915 IX.)
2370 1841 2648 1913 Equidem
2681 1841 3057 1898 African‘usin
3096 1846 3297 1913 quinto
3328 1841 3547 1913 tenipo-

128 1929 267 1985 rum
289 1912 587 1985 volumine
612 1914 781 1981 hujus
800 1912 1084 1985 temporis
1108 1912 1190 1969 ita
1213 1915 1471 1985 meminit
1494 1912 1784 1971 scribens:
1811 1916 2015 1971 Mansit
2042 1917 2239 1985 itaque
2273 1912 2674 1985 imperfectum
2707 1929 2853 1983 opus
2876 1928 3058 1983 usque
3082 1912 3151 1969 ad
3179 1912 3465 1971 Neemiam
3486 1922 3544 1972 et

127 1983 488 2055 vicesimum
512 1998 721 2039 annum
747 1983 901 2052 regis
929 1983 1320 2055 Artarxersis,
1354 2000 1466 2055 quo
1493 1991 1750 2054 tempore
1783 1986 1942 2054 regni
1977 1983 2281 2041 Persarum
2315 1983 2545 2041 centum
2576 1989 2633 2040 et
2668 1984 2948 2040 tredecim
2979 1986 3109 2040 anni
3142 1993 3275 2041 sunt
3298 1988 3540 2055 evoluti,

127 2053 514 2126 captivitatis
545 2061 736 2109 autem
768 2054 1125 2126 Hierusalem
1155 2053 1316 2126 173“
1346 2053 1531 2111 annus
1559 2053 1707 2125 erat,
1744 2062 1803 2111 et
1833 2053 1906 2113 ex
1938 2056 2036 2111 illo
2069 2065 2331 2126 tempore
2364 2057 2411 2111 si
2446 2069 2751 2111 numerare
2782 2056 2931 2111 velis
2960 2060 3029 2111 70
3059 2071 3337 2113 annorum
3371 2053 3546 2114 ebdo-

129 2124 369 2194 madas,
406 2139 592 2195 usque
623 2126 694 2180 ad
729 2125 1017 2180 Christum
1052 2125 1271 2196 poteris
1307 2126 1628 2196 pervenire.

203 2196 422 2265 (Onos.
449 2196 647 2267 11,12.)
673 2196 833 2267 Anno
856 2197 928 2250 ab
959 2195 1111 2251 Urbe
1145 2196 1378 2251 condita
1405 2202 1552 2264 290°,
1570 2195 1677 2267 qui
1696 2199 1787 2267 est
1810 2197 2032 2253 tercius
2067 2197 2222 2266 regis
2247 2196 2632 2265 Artarxersis,
2668 2211 2950 2267 suspenso
2976 2196 3044 2251 ad
3077 2196 3365 2254 modicum
3392 2199 3546 2255 bello

131 2281 253 2337 quo
288 2266 1138 2340 Romanidiulaboraverunt,
1185 2267 1385 2340 gravis
1414 2266 1748 2340 pestilentia
1807 2282 1918 2340 per,
1945 2268 2272 2340 universam
2304 2270 2503 2323 urbem
2559 2266 2847 2323 violenter
2879 2268 3195 2339 incanduit,
3255 2283 3381 2340 qua:
3414 2286 3545 2326 cum

130 2336 352 2406 magna
386 2336 765 2392 multitudine
794 2337 993 2393 ambos
1022 2337 1296 2392 consules
1328 2339 1597 2392 Ebutium
1628 2345 1687 2393 et
1718 2336 2022 2393 Servilium
2054 2339 2323 2393 extinxit.

204 2408 494 2463 Proximo
526 2407 736 2462 dehinc
768 2421 915 2461 anno
951 2408 1112 2463 cives
1145 2408 1349 2463 exules
1382 2408 1653 2477 servique
1685 2408 1933 2477 fugitivi,
1968 2408 2114 2464 duce
2146 2409 2438 2465 Herbonio
2470 2408 2713 2477 quodam
2745 2408 2975 2475 Sabino,
3013 2408 3348 2466 invaserunt
3382 2417 3441 2466 et
3474 2412 3555 2467 in-

131 2478 476 2534 cenderunt
505 2476 886 2548 Capitolium;
920 2477 1131 2548 quibus
1153 2494 1283 2533 cum
1310 2476 1572 2534 Valerius
1602 2476 1805 2534 consul
1836 2484 1894 2533 et
1920 2476 2187 2534 dictator
2212 2481 2445 2534 fortiter
2475 2476 2799 2543 resisteret,
2835 2480 3065 2535 occisus
3094 2486 3203 2535 est.

198 2549 322 2675 (SH.
346 2549 454 2617 m.)
486 2547 761 2618 Sequenti
790 2547 950 2604 anno
966 2548 1129 2618 Equi
1161 2549 1473 2618 Vulscique
1506 2549 1811 2604 Minucium
1844 2550 2140 2605 consulem
2174 2551 2227 2604 in
2263 2550 2465 2619 prailio
2497 2555 2872 2621 superarunt,
2910 2550 3340 2623 fugientemque
3377 2556 3431 2611 in
3464 2558 3556 2613 Al-

243 2634 283 2675 o
318 2623 537 2675 monte.
563 2620 658 2675 aui
696 2623 760 2674 12
793 2619 970 2674 ferme
1004 2620 1252 2675 miliario
1282 2623 1446 2675 abest
1479 2621 1550 2674 ab
1583 2622 1745 2675 urbe.
1781 2622 1932 2675 ferro
1963 2622 2224 2675 fameque
2254 2621 2583 2675 cinxerunt.
2611 2626 2919 2675 actumque
2949 2626 3105 2675 esset
3141 2625 3466 2675 infeliciter-
3500 2630 3551 2675 ni

131 2619 283 2698 gide
318 2620 760 2698 moﬁnte,quin1_2
793 2619 970 2698 ferme
1004 2620 1252 2698 miliario
1282 2623 1446 2698 abest
1479 2621 1550 2674 ab
1582 2622 1745 2698 urbe,
1781 2622 1932 2698 ferro
1963 2622 2224 2698 fameque
2254 2619 2919 2698 cinxei'tint,_actuiiique
2949 2626 3105 2698 esset
3141 2619 3470 2698 infeliciter,
3498 2630 3553 2684 ni

136 2690 364 2767 Lucius
386 2690 638 2767 Quintus
663 2689 1527 2767 Cincinnatus,_ille_precipuus
1560 2691 1831 2767 dictator,
1866 2691 2226 2745 obsidionem
2248 2690 2537 2767 solvisset.
2568 2690 2666 2744 llic
2690 2690 2742 2742 in
2768 2689 2904 2767 rure
2929 2693 3401 2763 quatuorjugcra
3431 2689 3555 2767 p'os-

138 2762 374 2830 sidens,
413 2761 680 2816 manibus
712 2761 835 2816 suis
865 2759 1573 2833 excolebatinvcnt’usque
1605 2763 1659 2815 in
1687 2762 1813 2831 ipso
1844 2776 2019 2833 opere
2045 2775 2235 2833 arans,
2257 2762 2328 2814 ab
2358 2766 2554 2833 aratro
2578 2759 2923 2833 accersitus,
2950 2767 3141 2829 togam
3162 2759 3553 2833 pi-etuxta'tam

137 2834 412 2908 accepit;
444 2846 575 2887 mox
602 2837 837 2908 sumpto
869 2831 1085 2908 honore
1118 2832 1526 2908 instructoque
1554 2830 1840 2908 exercitu,
1874 2830 2045 2908 (tensis
2067 2831 2354 2899 hostibus,
2389 2831 2576 2908 victor
2611 2830 2805 2908 rediit,
2832 2830 3357 2901 jugunique'boum
3387 2840 3554 2908 equis

139 2900 454 2974 imposuit,
488 2908 545 2974 et
582 2900 889 2958 victoriam
922 2902 1084 2972 quasi
1115 2904 1322 2974 stivam
1354 2900 1577 2965 tenens,
1615 2904 1956 2973 subjugatos
1986 2902 2190 2957 hostes
2219 2916 2317 2972 pre
2350 2915 2411 2974 se
2444 2902 2664 2970 primus
2694 2900 2834 2974 egit.

214 2971 388 3029 Nono
419 2971 627 3029 dehinc
645 2987 814 3041 anno,
841 2971 1060 3042 quiest
1109 2973 1180 3028 ab
1199 2975 1350 3029 Urbe
1382 2974 1618 3028 condita
1648 2971 1830 3041 301‘",
1863 2974 2166 3043 imperium
2198 2971 2507 3027 Consularc
2540 2972 2815 3033 cessavit,
2865 2976 2925 3026 et
2961 2986 3063 3041 pro
3097 2973 3324 3031 duobus
3356 2978 3553 3035 decem

142 3044 290 3117 facti
315 3048 451 3117 sunt
471 3059 666 3117 rerum
699 3049 990 3117 potentes,
1018 3045 1163 3113 quia
1192 3059 1431 3117 numero
1455 3044 1767 3100 decemviri
1796 3044 2071 3117 nominati
2105 3049 2261 3111 sunt,
2297 3058 2425 3111 quae
2458 3057 2554 3117 res
2577 3056 2838 3110 magnam
2867 3044 3181 3117 perniciem
3204 3046 3286 3100 rei
3311 3049 3555 3117 publicas

139 3115 461 3195 dedit.‘(1"1.
489 3115 650 3195 R.._-.-
682 3112 762 3195 Ητ
794 3116 899 3193 φη.)
933 3112 1066 3195 Nam
1098 3130 1235 3195 cum.
1266 3116 1447 3195 primo
1470 3130 1628 3195 anno
1656 3117 1800 3195 bene
1832 3115 2118 3195 egissent,
2147 3112 2580 3195 annosecuudo
2616 3127 2763 3168 unus
2790 3114 2981 3193 exhis
3010 3116 3232 3195 Appius
3257 3112 3554 3191 Claudius,

140 3183 502 3241 cedentibus
531 3185 642 3261 sibi
674 3184 1096 3261 ceteris,__s_olus
1127 3185 1237 3240 sibi
1264 3183 1637 3261 continuavit
1662 3183 1998 3261 imperium;
2029 3184 2237 3261 deinde
2270 3186 2466 3239 statim
2490 3184 2734 3261 aliorum
2759 3183 3085 3261 cunjuratio
3105 3183 3421 3261 subsecuta
3444 3183 3553 3261 est,

138 3261 209 3312 ut
242 3261 492 3326 repente
523 3256 1062 3327 singuliregalibus
1095 3256 1513 3327 cumfascibus
1549 3254 1954 3327 procederent,
1990 3256 2295 3327 omniaque
2327 3262 2578 3327 superbo
2613 3254 3117 3327 fastusccunduin
3152 3256 3379 3313 libitum
3410 3254 3558 3316 face;

144 3325 505 3395 rent,’Unde
526 3332 586 3382 et
608 3326 832 3396 Appius
855 3327 1156 3397 preuietus
1182 3326 1316 3395 Virg
1343 3327 1418 3381 nii
1451 3325 1753 3397 cujusdam
1784 3327 2009 3382 honesti
2039 3326 2297 3381 hominis
2321 3326 2494 3397 tiliam
2527 3325 2948 3397 stupravit,pro
2980 3340 3087 3395 qua
3115 3342 3175 3381 re
3238 3334 3401 3397 pater
3426 3333 3559 3387 ada-

143 3402 287 3472 ctus
319 3397 527 3472 dolore
548 3396 1160 3472 libertatisetpudore
1193 3396 1869 3472 dedecoris,protaetam
1898 3401 1968 3472 ad
1991 3397 2334 3472 servitutem
2367 3396 2541 3450 filiam
2575 3396 2630 3450 in
2652 3398 3191 3472 conSpt-ctupopuli
3218 3396 3553 3459 trucidavit.

145 3469 275 3534 Qua
303 3468 386 3523 rei
411 3468 727 3539 atrocitate
752 3470 1000 3537 populus
1020 3474 1335 3538 permotus,
1356 3474 1415 3523 et
1437 3467 1694 3538 periculo
1715 3468 2003 3523 libertatis
2016 3467 2389 3537 ammonitus,
2420 3472 2669 3539 montem
2687 3467 3030 3539 Aventinum
3050 3472 3359 3539 occupavit
3375 3486 3559 3528 arma-

142 3544 273 3606 tus,
303 3552 407 3595 nec
428 3538 939 3610 tuerilibertatein
962 3537 1123 3609 prius
1155 3539 1404 3609 destitit,
1438 3537 1609 3609 quam
1643 3554 1672 3595 a
1706 3539 2052 3610 decemviris
2087 3543 2352 3610 potestas
2377 3538 2570 3610 ablata
2602 3543 2714 3605 est,
2748 3537 2976 3607 ipsique
3001 3537 3293 3610 dampn‘ati
3328 3549 3481 3598 sunt.

221 3612 371 3665 Post
394 3626 426 3664 v
450 3609 597 3682 ginti
631 3608 838 3682 deinde
869 3607 1071 3682 annos,
1107 3609 1162 3664 id
1192 3614 1280 3665 est
1312 3607 1408 3665 35°
1440 3607 1806 3665 Artarxers;s
1838 3608 2005 3682 anno‘,
2042 3607 2357 3682 Vegentani
2392 3607 2827 3682 rebellaverunt
2858 3607 3148 3682 Romanis,
3183 3619 3388 3667 contra
3415 3628 3559 3682 quos

148 3681 373 3737 missus
395 3681 602 3736 Furius
625 3679 901 3735 Camillus
920 3680 1175 3735 dictator
1197 3681 1411 3737 devicit
1432 3696 1550 3749 eos,
1576 3681 1924 3750 inVentaque
1948 3680 2001 3734 in
2024 3680 2263 3735 civitate
2282 3685 2473 3735 statua
2497 3680 2738 3733 lunonis
2762 3680 3020 3750 Monetae.
3042 3680 3354 3747 jussiteam
3371 3679 3562 3740 trans-

150 3750 299 3807 ferri
324 3752 579 3807 Romam.
606 3752 760 3806 Tunc
784 3765 930 3806 unus
961 3765 1030 3806 ex
1053 3751 1336 3807 militibus
1364 3766 1466 3821 per
1489 3748 1684 3820 jocum
1735 3748 2122 3819 interrogavit
2151 3750 2586 3814 Simulachrum,
2612 3763 2681 3821 an
2715 3748 2889 3821 vellet
2940 3750 3021 3803 ire
3050 3752 3305 3811 Romam.
3340 3756 3565 3810 statim-

151 3837 271 3894 que
295 3821 601 3894 respondit
630 3840 642 3875 :
687 3822 831 3894 Volo.
869 3824 1074 3877 Postea
1110 3819 1524 3894 idemAMa‘nliu’s
1552 3824 1706 3893 cepit
1740 3828 1796 3877 et
1824 3822 2248 3894 Faliscos,rncn
2283 3822 2470 3875 minus
2498 3819 2746 3894 nobilem
2778 3820 3104 3894 civitatem;
3137 3826 3236 3894 sed
3270 3829 3559 3880 commota

151 3889 243 3950 est
280 3892 333 3947 ei
368 3889 608 3964 invidia,
635 3892 801 3962 quasi
828 3894 1062 3964 predam
1084 3893 1229 3948 male
1249 3892 1564 3961 divisisset,
1590 3889 2052 3964 dampnatusque
2074 3889 2148 3947 ub
2167 3907 2291 3947 eam
2322 3889 2856 3964 causamexpulsus
2879 3894 3026 3964 e_st_a
3049 3890 3308 3947 civitate.

226 3964 417 4032 Igitur
440 3958 884 4032 Galli'Senone's,
907 3964 1055 4018 duce
1078 3964 1300 4018 Brenno
1319 3958 1874 4030 Italiam'intraiites,
1909 3958 2097 4017 omnia
2128 3966 2525 4032 vastaverunt.
2553 3958 2709 4032 Quos
2737 3975 2866 4032 cum
2895 3960 3320 4032 Fabiusconsul
3355 3964 3563 4020 obvius

153 4030 483 4105 exciperet,
508 4036 581 4088 ab
604 4034 689 4089 eis
711 4030 942 4105 occisus
963 4039 1070 4089 est.
1099 4034 1356 4105 Quicum
1384 4035 1622 4105 Romam
1647 4034 1892 4102 ingressi
1914 4033 2178 4101 fuissent,
2205 4047 2236 4087 c
2276 4032 2348 4086 de
2380 4036 2437 4105 et
2468 4030 2733 4105 incendio
2768 4031 2966 4105 urbem
2999 4031 3395 4105 repleverunt,
3417 4037 3566 4091 occi-

156 4101 364 4176 sisque
388 4101 782 4175 senatoribus,
808 4104 1089 4174 reliquam
1123 4104 1553 4176 multitudinem
1580 4101 2073 4176 juvenuin,lquam
2101 4109 2334 4176 constat
2356 4102 2451 4156 vix
2477 4101 2631 4155 inille
2656 4102 2948 4176 hominum
2968 4108 3104 4176 tunc
3128 4102 3322 4166 fuisse,
3352 4101 3404 4160 in
3431 4119 3564 4162 arce

160 4172 473 4247 Capitolini
505 4178 719 4231 montis
750 4172 1026 4247 latentem
1055 4175 1361 4231 obsidione
1392 4172 1984 4247 concluserunt.Qua
2014 4174 2366 4230 necessitate
2399 4177 2707 4227 revocatus
2738 4172 2981 4247 Manlius
3013 4174 3161 4247 (206)
3182 4177 3561 4247 supervenit,

160 4244 499 4318 occisisque
519 4261 593 4318 ex
607 4246 881 4318 hostibus
900 4245 1120 4315 multis,
1149 4247 1495 4318 Capitolium
1519 4247 1803 4318 ascendit.
1829 4245 2137 4318 (:allivero
2163 4259 2263 4318 per
2288 4251 2514 4318 noctein
2540 4244 2925 4318 ascendentes
2946 4244 3292 4313 Capitolium
3312 4249 3458 4317 pede
3476 4244 3568 4303 ce-

200 4314 539 4387 erunt,’nisi
564 4316 719 4388 quod
741 4316 983 4372 Manlius
1005 4314 1143 4373 voce
1161 4314 1386 4373 anseris
1414 4318 1707 4373 excitatus
1729 4316 1815 4371 eis
1840 4314 2175 4388 obstiterat;
2202 4315 2310 4371 Sed
2327 4330 2466 4388 cum
2488 4328 2591 4369 eos
2610 4314 2707 4369 diu
2739 4314 3096 4383 obsiderent,
3131 4314 3388 4387 acceptis
3412 4319 3567 4374 mille

186 4389 336 4470 ibris
358 4389 482 4470 auri
507 4386 911 4470 prodiscessu,
938 4388 1495 4470 abierunt._Manl_ius
1516 4402 1653 4470 vero
1677 4388 2112 4470 insecutuseos,
2136 4386 2213 4441 ita
2233 4386 2501 4470 cedebat,
2526 4390 2588 4440 ut
2607 4400 2808 4465 aurum
2839 4390 3022 4441 totum
3047 4386 3354 4470 recipi-et,
3380 4393 3436 4470 et
3452 4405 3572 4445 om-

161 4460 261 4515 nia
298 4457 568 4517 militaria
600 4459 785 4529 signa,
817 4474 944 4529 quae
974 4464 1273 4530 ceperant,
1309 4460 1639 4515 reduceret.
1676 4460 1759 4514 Ita
1789 4458 1976 4515 tercio
2010 4458 2373 4529 triumphans
2405 4457 2604 4513 urbem
2638 4457 2956 4526 ingressus,
2993 4457 3323 4527 appellatus
3354 4464 3444 4513 est
3479 4476 3573 4516 se-

165 4532 399 4587 cundus
425 4530 727 4601 Romulus,
762 4529 927 4601 quasi
955 4534 1015 4584 et
1046 4529 1169 4601 ipse
1200 4530 1363 4587 urbis
1393 4530 1679 4587 conditor.

167 4603 362 4651 Per-sar.
396 4602 576 4650 Maced.

238 4667 310 4719 27
453 4668 513 4721 21
626 4663 845 4791 (Ηιειιὲ
871 4663 969 4719 llis
998 4663 1365 4735 temporibus
1395 4668 1791 4736 agnoscuntur
1820 4662 2197 4719 Aristarchus
2220 4660 2767 4741 tragediagraphus,
2801 4661 3072 4716 Cratinus
3102 4663 3158 4715 et
3184 4661 3349 4716 Plato
3382 4676 3573 4718 come-

238 4748 401 4791 arum
432 4736 780 4791 scriptores.
850 4749 996 4791 enon
1019 4740 1074 4790 et
1108 4735 1474 4791 Heraclvtus.
1510 4735 1816 4791 Ferecides
1850 4733 2146 4790 secundus
2176 4734 2567 4789 hvstoriarum
2600 4742 2877 4791 scriptor.
2912 4731 3227 4791 Sophocles
3260 4738 3319 4787 ct
3354 4733 3573 4791 Aristo-

170 4734 401 4808 diarum
432 4731 780 4808 scriptores,
807 4731 1074 4808 Zenonet
1108 4731 1474 4806 Heraclytus,
1510 4735 1816 4808 Ferecides
1849 4731 2567 4808 secundushystoriarum
2600 4732 2877 4802 scriptor,
2912 4731 3227 4803 Sophocles
3260 4738 3319 4787 ct
3354 4733 3576 4791 Aristo-

170 4805 395 4877 pbanes
424 4804 672 4877 tragedi,
710 4806 1091 4877 Empedocles
1121 4813 1297 4877 atque
1324 4804 1700 4862 Parmenides
1730 4804 2077 4876 phyIOSOphi
2113 4804 2255 4860 clari
2288 4804 2599 4859 habentur.

245 4880 314 4931 35
492 4876 541 4934 1’
636 4877 977 4948 Archelaus,
1016 4891 1117 4932 rex
1147 4876 1520 4933 Macedonum
1554 4881 1695 4947 12‘",
1728 4892 1888 4944 regn.
1924 4891 2035 4932 anu
2090 4880 2177 4931 25.

282 4953 304 5003 1
491 4954 527 5006 2
635 4949 846 5005 Xerses
872 4943 975 5003 rex
1001 4949 1307 5005 Persarum
1337 4948 1597 5019 regnavit
1630 4943 1927 5003 mensibus
1979 4948 2225 5003 duobus.
2256 4947 2390 5001 Post
2421 4959 2590 5014 quem
2621 4943 2984 5014 Sogodianus
3036 4945 3333 5002 mensibus
3362 4951 3429 5012 7;
3464 4944 3580 5004 sic-

172 5034 288 5094 que
318 5034 500 5078 annus
532 5019 1022 5095 ille_tra_nsigitur.
1309 5090 1356 5095 __
1405 5089 1438 5095 __
1807 5088 1836 5095 ._
1879 5090 1911 5095 _
2029 5089 2040 5095 _
2214 5088 2223 5095 ,
2298 5091 2346 5095 Α
2591 5086 2604 5095 .
2642 5086 2668 5095 -
2752 5084 2790 5095 ..

282 5099 305 5148 1
490 5094 526 5147 8
638 5086 872 5159 Darius,
899 5094 1279 5160 cognomento
1309 5089 1552 5160 Nothus,
1583 5088 1819 5160 regnavi

1889 5089 2077 5147 Persis
2094 5088 2258 5145 annis
2287 5091 2373 5160 19,
2398 5101 2426 5141 a
2453 5086 2907 5160 resedificatione
2931 5086 3131 5159 templi
3162 5101 3312 5146 anno
3343 5094 3428 5145 97.

281 5169 314 5219 2
492 5168 526 5218 9
639 5159 990 5229 Herodotus,
1022 5176 1153 5217 cum
1183 5163 1365 5219 libros
1395 5159 1543 5217 suos
1566 5159 1806 5218 Athenis
1838 5161 1891 5215 in
1925 5160 2175 5217 concilio
2207 5159 2468 5229 legisset,
2504 5159 2825 5213 honoratus
2854 5163 2965 5212 est.

282 5239 313 5289 3
458 5236 528 5290 10
639 5232 807 5288 Plato
839 5232 1114 5289 nascitur.

277 5308 313 5362 4
456 5307 517 5360 11
637 5305 999 5374 Hypocrates
1025 5317 1256 5375 quoque
1288 5301 1568 5375 medicus,
1593 5307 1653 5359 et
1684 5303 1816 5360 Socr

2037 5300 2406 5375 hylosophus,
2440 5305 2499 5355 et
2524 5298 2737 5375 Zeuxis
2771 5297 2960 5375 pictor
2986 5298 3246 5375 insignes
3266 5301 3576 5375 habentur.

250 5379 314 5433 14
454 5377 519 5431 21
691 5369 742 5430 '1'
851 5369 1100 5434 Rursuin
1121 5369 1520 5447 Egyptiorum
1552 5369 1881 5433 renascitur
1904 5369 2176 5445 dinastia,
2203 5369 2260 5428 in
2305 5384 2416 5442 qua
2448 5370 2671 5444 primus
2699 5369 2961 5439 regnavit
2988 5369 3361 5430 Amaritheus
3390 5373 3582 5431 Saites

173 5448 335 5509 annis
361 5458 489 5505 sex.

246 5589 392 5671 (206)
422 5584 812 5650 Ekkehardus
840 5586 1109 5651 Manlium
1139 5596 1198 5651 et
1228 5588 1464 5656 Furium
1497 5512 1989 5653 Camillunri‘gtfr
2017 5602 2079 5649 se
2112 5585 2373 5649 confudit
2398 5588 2455 5643 et
2487 5584 2752 5663 quaedam
2774 5582 2923 5643 Hist.
2955 5584 3114 5644 misc.
3148 5585 3381 5658 adjecit.
