3898 6366
147 283 274 349 565

1038 281 1475 347 CHRONICA.
1510 316 1589 331 -—
1617 276 2106 348 CHRONICON
2153 284 2701 358 UNIVERSALE.

3458 302 3577 369 566

348 417 453 478 illa
489 437 501 475 :
526 416 678 519 Etsi
690 416 1026 519 bpccidero,
1042 432 1157 519 non
1713 418 1823 519 aut
1845 412 1905 476 Α
1939 423 2171 519 factum.
2197 424 2303 519 Qui
2327 425 2406 482 ait
2433 445 2445 483 :
2470 428 2602 519 Rea
2621 427 2937 503 Phylippe,
2952 433 3232 494 nascetur
3252 433 3570 519 tibiﬂlius,

150 511 465 577 divinum,
499 510 663 568 sicut
702 509 873 567 deum
918 508 973 565 te
1011 507 1288 566 adorabo.
1334 508 1433 565 His
1484 507 1677 578 dictis,
1715 510 1821 565 Ne-

151 601 457 659 ctanebus
487 599 634 655 exiit
664 598 942 656 continuo
995 597 1050 653 in
1095 597 1412 668 desertum,
1447 596 1819 669 evellensque

150 692 377 749 herbas
428 693 487 746 et
537 688 872 761 exprimens
919 702 1142 757 sucum,
1182 687 1311 744 fecit
1366 686 1818 743 incantationem

155 778 505 851 Olimpiadi,
541 781 603 835 ut
637 778 941 834 videretur
969 776 1051 831 illi
1084 774 1250 847 quasi
1284 789 1385 846 per
1412 776 1695 832 somnium
1727 790 1821 832 ve-

153 870 380 927 raciter
402 869 775 924 Hammonem
803 866 971 922 deum
985 865 1372 922 concumbere
1386 878 1600 921 secum.
1620 866 1821 921 Necta-

153 959 345 1016 nebus
374 970 521 1014 vero
549 955 869 1012 concubuit
900 970 1029 1010 cum
1058 968 1145 1010 ea.
1182 953 1288 1020 Qui
1320 969 1448 1009 eum
1500 953 1822 1009 surexisset

156 1050 228 1105 ab
247 1062 339 1116 ea,
358 1046 514 1103 dixit
530 1043 614 1100 illi
632 1064 645 1100 :
662 1042 906 1113 Mulier,
923 1043 1239 1114 concepisti
1254 1042 1618 1115 defensorem
1632 1042 1816 1111 tuum,

155 1138 319 1193 Mane
355 1138 557 1191 autem
584 1134 760 1201 facto,
785 1146 917 1189 cum
941 1131 1036 1187 illa
1061 1130 1413 1187 surrexisset
1435 1145 1462 1185 a
1487 1129 1663 1199 lecto,
1684 1130 1817 1186 fecit

156 1225 359 1283 venire
397 1223 472 1279 ad
518 1238 580 1280 se
629 1222 1048 1289 Nectanebum,
1096 1220 1350 1275 recitans
1399 1217 1483 1275 illi
1532 1217 1818 1275 somnium

159 1313 312 1384 quod
346 1312 602 1369 viderat.
633 1309 823 1366 Atille
854 1308 1006 1364 dixit
1039 1328 1052 1363 :
1086 1309 1300 1366 Omnia
1327 1309 1466 1367 scio.
1500 1308 1820 1364 Faciamus

159 1401 420 1473 aliquod
429 1399 775 1469 arbitrium,
791 1400 943 1471 quia
954 1398 1116 1455 illud
1128 1395 1652 1465 estceritas,aliud
1667 1409 1818 1453 som-

156 1493 346 1549 nium.
366 1491 496 1550 Iste
506 1490 652 1547 deus
663 1487 902 1562 quando
913 1487 1203 1545 oenietad
1214 1488 1567 1559 te,ﬂguram
1578 1482 1825 1541 liabebit

162 1581 466 1648 draconis,
479 1578 684 1651 postea
703 1578 1029 1635 humanam
1034 1577 1304 1650 formam
1318 1577 1384 1633 in
1393 1577 1510 1633 mei
1528 1574 1815 1632 similitu-

163 1671 324 1729 dine.
355 1670 429 1725 At
454 1669 550 1725 illa
579 1669 659 1724 ait
694 1688 707 1723 :
740 1669 900 1724 Bene
922 1667 1157 1733 dixisti,
1172 1665 1486 1737 propheta,
1508 1664 1700 1734 recipe
1719 1676 1814 1720 cu-

1931 516 2042 586 qui
2062 515 2231 573 debet
2243 529 2499 588 regnare
2519 516 2579 576 et
2598 520 2857 578 circuire
2876 521 3061 580 totum
3077 525 3366 584 mundum
3374 515 3577 601 subju-

1925 603 2129 674 gando
2164 619 2377 673 omnes,
2413 607 2472 663 et
2512 607 2836 678 antequam
2870 612 3212 670 revertatur
3246 614 3314 671 in
3357 616 3578 674 terram

1930 704 2123 761 suam,
2154 693 2458 750 morietur.
2497 696 2996 767 ApprOpinquavit
3039 705 3233 757 autem
3265 701 3573 773 Olimpiadi

1933 783 2161 851 tempus
2184 781 2531 852 pariendi,et
2557 798 2686 839 cum
2712 784 3314 860 doleretuteruscjus,
3335 790 3577 848 fecitve-

1933 868 2059 923 nire
2084 868 2154 924 ad
2171 884 2233 925 se
2250 869 2662 928 Nectanebum.
2690 872 2945 939 Quicum
2970 876 3255 947 inciperet
3277 884 3577 950 computa-

1933 970 2015 1026 re,
2035 957 2179 1013 dixit
2208 978 2219 1013 :
2248 959 2591 1031 Paupulum
2604 962 2659 1017 te
2672 962 2779 1019 sub
2795 964 2932 1035 'eca,
2953 964 3334 1036 Olimpiades,
3353 967 3424 1024 de
3441 969 3579 1026 sede

1933 1046 2056 1115 tua,
2086 1047 2235 1116 quia
2257 1047 2369 1104 hac
2396 1046 2543 1105 liora
2572 1050 2888 1107 conturbat
2912 1054 3006 1109 sol
3026 1054 3227 1111 omnia
3265 1055 3570 1115 elementa.

1934 1134 2001 1189 Et
2035 1138 2164 1205 post
2199 1135 2495 1206 paululum
2528 1139 2759 1209 peperit
2790 1139 3164 1211 Olimpiades,
3201 1147 3260 1198 et
3302 1144 3396 1199 ubi
3432 1159 3576 1216 puer

1931 1222 2148 1279 cecidit
2180 1224 2234 1279 in
2268 1228 2506 1296 terram,
2541 1227 2737 1282 statim
2779 1228 2929 1283 facta
2972 1235 3109 1285 sunt
3141 1230 3365 1299 fulgura
3399 1237 3575 1303 atque

1931 1311 2188 1368 tonitrua
2230 1319 2289 1369 et
2332 1317 2703 1372 terremotus.
2731 1316 2893 1383 Quod
2923 1332 3052 1374 eum
3084 1318 3328 1375 vidisset
3348 1320 3580 1392 Pbylip-

1933 1415 2040 1471 pus
2065 1400 2209 1456 dixit
2241 1421 2252 1456 :
2281 1403 2325 1459 0
2343 1403 2582 1471 mulier,
2603 1405 2868 1475 cogitari
2892 1408 2960 1463 in
2988 1408 3160 1464 corde
3186 1422 3310 1465 meo
3331 1409 3578 1466 utnulla

1927 1489 2094 1546 modo
2125 1490 2494 1548 enutriretur
2522 1492 2637 1549 iste
2666 1492 3053 1566 infantulus;
3071 1496 3219 1567 quia
3250 1512 3367 1554 non
3395 1512 3464 1553 es
3487 1511 3580 1554 me

1929 1578 2270 1649 conceptus;
2286 1579 2391 1636 sed
2419 1580 2567 1651 quia
2594 1581 2877 1653 intellego
2908 1584 3065 1653 quod
3092 1585 3182 1641 est
3207 1586 3512 1656 conceptus
3539 1600 3579 1643 a

1930 1666 2051 1735 deo,
2071 1667 2130 1723 et
2143 1668 2209 1723 in
2218 1668 2410 1737 partu
2432 1670 2561 1739 ejus
2585 1669 2870 1726 elementa
2888 1673 3118 1729 mutari
3138 1673 3324 1740 cideo,
3346 1673 3580 1730 nutria-

166 1757 454 1827 biculum,
470 1758 531 1813 et
544 1771 644 1829 ego
658 1757 713 1813 si
730 1756 932 1814 videro
953 1755 1078 1825 hoc,
1095 1754 1313 1812 habebo
1328 1755 1381 1811 te
1392 1754 1571 1824 quasi
1576 1752 1815 1823 patrem
1842 1762 1897 1823 Β
1929 1753 2027 1810 tur
2050 1756 2113 1810 in
2127 1758 2471 1813 memoriam
2481 1757 2616 1827 mei,
2638 1758 2818 1828 quasi
2828 1760 3113 1832 proprius
3123 1761 3210 1818 sit
3204 1762 3383 1832 ﬁlius
3393 1775 3577 1830 meus,

155 1848 354 1919 pueri.
380 1845 548 1912 Quod
585 1859 714 1903 cuin
752 1845 964 1901 factum
996 1848 1171 1913 esset,
1198 1858 1326 1900 cum
1358 1841 1713 1899 surrexisset
1742 1840 1813 1894 ab

162 1950 248 2005 ea,
268 1934 564 2006 percussit
602 1948 771 1989 manu
810 1933 970 1989 illius
996 1928 1816 2002 uterum,dixitqueilli:Hdc

163 2023 465 2096 conceptio
474 2022 932 2091 sitcictorialis,
948 2022 1005 2078 et
1012 2020 1178 2077 nullo
1188 2020 1355 2076 modo
1367 2017 1807 2091 subjugabitur.

164 2113 299 2170 Cum
335 2114 540 2168 autem
572 2111 854 2182 coepisset
885 2110 1271 2166 intumescere
1305 2112 1510 2164 uterus
1548 2122 1694 2178 ejus,
1718 2122 1814 2163 vo-

164 2206 298 2259 cato
323 2203 438 2259 Nec
449 2202 668 2257 tanebo
690 2200 828 2256 dixit
853 2220 866 2251 :
891 2199 1210 2269 Propheta,
1233 2198 1386 2269 quid
1388 2198 1679 2271 facturus
1699 2198 1820 2255 erit

164 2291 511 2364 Pbylippus
522 2289 876 2348 siredierit?
890 2287 991 2367 Cui
1006 2287 1103 2343 illc
1119 2307 1131 2342 :
1147 2287 1290 2345 Noli
1302 2301 1701 2360 expavescere,
1715 2303 1814 2358 ego

168 2380 272 2438 tibi
289 2394 385 2437 ero
397 2379 875 2449 inadjutorium.
892 2377 1108 2432 Taliter
1129 2391 1411 2448 persuasa
1437 2376 1522 2431 Oli
1533 2375 1811 2447 mpiades,

167 2467 496 2524 adulterata
526 2470 618 2522 est
642 2466 714 2521 ab
736 2466 966 2523 homine
986 2466 1152 2536 quasi
1172 2480 1202 2522 a
1228 2465 1353 2521 deo.
1376 2466 1663 2521 lnterhaac
1680 2465 1815 2519 fecit

169 2556 545 2613 Nectanebus
571 2553 639 2587 ¹⁹⁶
663 2554 1108 2624 incantationes,
1133 2558 1191 2610 et
1216 2554 1484 2625 apparuit
1510 2554 1812 2625 Phylippo,

172 2643 330 2713 quasi
363 2641 599 2699 videret
633 2643 999 2697 Hammonem
1050 2641 1221 2698 deum
1271 2641 1657 2697 concumbere
1687 2656 1817 2696 cum

173 2729 487 2802 Olimpiade
506 2734 569 2785 et
583 2729 780 2786 dicere
794 2729 845 2785 ei
863 2748 876 2783 :
891 2727 1456 2800 Mulier,concepisti
1469 2730 1537 2786 in
1547 2729 1714 2786 utero
1728 2729 1821 2786 de-

155 2820 454 2892 fensorem
469 2818 647 2874 tuum
658 2818 877 2890 apatre
887 2832 991 2875 suo
1005 2817 1326 2889 Pin/lippo,
1341 2822 1400 2873 et
1417 2817 1576 2888 quasi
1596 2816 1822 2873 videret

169 2906 346 2964 celata
372 2907 550 2979 pueri
572 2905 828 2961 membra
848 2920 1137 2962 censuere
1175 2918 1349 2976 atque
1386 2906 1617 2974 signare
1651 2905 1822 2961 anulo

168 3009 354 3065 aureo,
369 2994 466 3052 cui
493 2994 695 3050 inerat
717 2993 867 3065 lapis
890 2994 1112 3051 habens
1133 2993 1484 3065 insculptum
1507 2994 1616 3050 sibi
1647 2997 1824 3049 canut

1924 1842 2382 1914 imponaturque
2411 1846 2467 1901 ei
2511 1860 2720 1903 nomen
2768 1847 3129 1905 Alexander.
3168 1850 3299 1905 Haec
3349 1849 3579 1905 dicente

1924 1930 2225 2002 Phylippo,
2243 1937 2550 2003 coeperunt
2570 1934 2796 1991 nutrire
2821 1936 2932 1990 sub
2955 1936 3106 1991 omni
3125 1937 3421 2007 diligentia
3444 1952 3580 2015 pue_

1925 2034 2071 2075 rum.
2094 2020 2268 2088 Cujus
2292 2021 2475 2091 ﬁgura
2497 2036 2683 2093 neque
2714 2023 2865 2094 patri
2891 2038 3078 2093 neque
3102 2025 3271 2080 matri
3297 2025 3584 2088 assimila-

1927 2109 2119 2178 batur,
2136 2124 2299 2164 coma
2325 2110 2537 2180 capitis
2561 2111 2870 2182 ejusquasi
2898 2112 3101 2183 leonis,
3128 2112 3281 2169 oculi
3305 2114 3432 2183 ejus
3454 2128 3565 2170 non

1925 2197 2333 2254 similabantur
2356 2198 2426 2255 ad
2452 2198 2720 2268 invicem,
2747 2200 2849 2256 scd
2873 2215 3024 2257 unus
3049 2206 3174 2257 erat
3202 2201 3385 2271 niger,
3411 2202 3581 2259 albus

1925 2285 2096 2356 alter,
2133 2286 2340 2341 dentes
2390 2287 2516 2357 ejus
2546 2292 2713 2343 erant
2748 2288 2924 2357 acuti,
2959 2288 3213 2360 impetus
3245 2305 3384 2345 vero
3424 2289 3582 2346 illius

1929 2374 2094 2445 quasi
2130 2374 2318 2430 leonis
2348 2380 2475 2431 erat
2506 2375 2783 2432 fervidus.
2824 2376 3007 2431 Datus
3038 2392 3178 2432 vero
3209 2377 3280 2433 ad
3325 2377 3579 2434 studium

1929 2461 2347 2534 phylos0pliize,
2374 2478 2504 2520 cum
2555 2462 2793 2519 sedebat
2836 2463 2892 2518 in
2926 2463 3106 2520 scolis
3137 2479 3267 2521 cum
3298 2464 3584 2521 condisci-

1931 2550 2084 2623 pulis
2098 2551 2240 2620 suis,
2259 2567 2396 2623 sepe
2420 2553 2696 2623 pugnavit
2720 2567 2749 2609 c
2764 2567 2853 2608 um
2872 2553 2976 2619 eis,
2994 2568 3210 2624 eosque
3226 2553 3458 2610 devicit.
3475 2554 3582 2610 Ubi

1930 2643 2123 2695 autem
2151 2640 2339 2694 factus
2357 2644 2446 2695 est
2482 2654 2761 2694 annorum
2805 2639 3137 2709 duodecim,
3178 2640 3586 2698 instruebatur

1930 2741 2062 2783 cum
2086 2712 2217 2782 aliis
2241 2726 2527 2783 militibus
2549 2727 2712 2796 quasi
2748 2727 2819 2782 ad
2855 2742 3120 2796 pugnam.
3149 2728 3366 2783 Videns
3391 2732 3581 2785 autem

1934 2830 2034 2870 rex
2062 2814 2431 2870 velocitatem
2465 2814 2781 2883 ejus,dixit
2812 2815 2880 2870 ad
2913 2828 3043 2870 eum
3072 2834 3083 2868 :
3110 2815 3255 2885 Fili,
3290 2816 3478 2886 diligo
3496 2830 3583 2872 ce-

1936 2902 2232 2962 locitatem
2256 2903 2421 2960 tuam
2448 2903 2629 2973 atque
2657 2903 2982 2973 ingenium,
3007 2903 3113 2961 sed
3142 2903 3339 2962 histis
3369 2905 3579 2974 eaisto,

1933 2994 2082 3064 quia
2116 2995 2316 3064 figura
2347 2992 2452 3048 tua
2478 3006 2597 3048 non
2626 2992 3010 3049 assimilatur
3035 2992 3239 3050 micbi.
3284 2993 3461 3058 Quem
3502 2992 3583 3048 vi-

172 3081 344 3140 leonis
374 3087 434 3139 et
466 3081 811 3139 claritatem
844 3081 985 3138 solis
1017 3088 1076 3138 et
1107 3082 1363 3153 gladium
1411 3083 1472 3154 (Γ.
1511 3084 1656 3154 195).
1692 3084 1823 3139 Haec
1855 3109 1905 3172 Ο
1936 3081 2081 3137 dens
2133 3080 2485 3152 Olimpiades
2527 3079 2777 3149 tristem,
2812 3080 3044 3136 vocavit
3078 3081 3490 3149 Nectanelium,
3523 3085 3584 3136 et

165 3170 357 3230 videns
377 3168 713 3243 Phylippus
738 3170 1016 3241 surrexit,
1043 3174 1099 3227 et
1130 3172 1475 3227 convocavit
1498 3170 1568 3226 ad
1593 3185 1654 3227 se
1677 3170 1826 3226 ario-

164 3259 290 3329 lum,
325 3260 421 3331 qui
472 3261 987 3331 interpretaretur
1038 3259 1345 3315 somnium.
1401 3259 1503 3316 Cui
1549 3260 1820 3316 ariolus:

165 3350 352 3418 Scias,
369 3346 700 3419 Phylippe,
705 3361 811 3417 pro
823 3348 1002 3418 certo,
1017 3348 1166 3418 quia
1184 3348 1448 3419 concepit
1460 3346 1827 3420 Olimpiades

1936 3169 2080 3225 dixit
2100 3170 2151 3227 ei
2171 3188 2183 3224 :
2209 3169 2597 3227 Perscrutare
2617 3168 2676 3224 et
2699 3168 2996 3239 intellege,
3020 3169 3173 3239 quid
3188 3168 3408 3240 cogitet
3424 3167 3584 3240 Plag-

1939 3259 2135 3331 lippus
2148 3259 2362 3331 facere
2390 3258 2459 3313 de
2486 3272 2595 3314 me.

2009 3348 2115 3414 Qui
2138 3351 2485 3418 computans
2510 3345 2655 3401 dixit
2684 3365 2695 3401 :
2724 3346 3024 3418 Cogitatio
3050 3345 3225 3403 illi-us
3249 3346 3477 3403 munda
3500 3346 3589 3403 est

165 3450 274 3493 non
284 3450 317 3494 α
326 3436 358 3493 b
373 3436 624 3493 nomine
632 3435 739 3493 sed
751 3448 790 3492 a
803 3435 989 3504 deo,et
1000 3437 1108 3492 ille
1119 3438 1228 3507 qui
1240 3436 1520 3493 nascetur
1528 3437 1766 3508 perting
1773 3437 1833 3493 et
1937 3451 2082 3510 erga
2104 3437 2191 3503 te;
2208 3436 2300 3493 sol
2319 3437 2475 3493 enim
2493 3435 2746 3506 respicit
2762 3437 2827 3492 in
2839 3435 3138 3505 quandam
3149 3435 3406 3504 stellam,
3422 3449 3588 3506 sepa-

168 3538 346 3595 usque
359 3524 443 3581 ad
462 3524 759 3581 orientem
760 3524 1091 3595 pugnando
1104 3525 1287 3594 atque
1300 3524 1575 3582 civitates
1575 3538 1689 3597 per
1694 3524 1827 3597 gla-

172 3611 326 3670 dium
342 3612 657 3685 capiendo.
687 3613 822 3669 Post
856 3612 979 3668 haec
1012 3611 1338 3684 Philippus,
1365 3619 1605 3684 accepta
1631 3618 1828 3670 vecto-

174 3699 249 3755 ria
272 3699 355 3771 υτ,
382 3700 563 3756 rediit
588 3698 1503 3771 Macedoniam,cui01ympiades
1531 3702 1823 3772 processit

174 3787 409 3844 obviam.
436 3787 626 3854 Quam
650 3801 779 3844 cum
804 3786 1193 3855 oscularetur,
1216 3788 1470 3845 intuitus
1489 3803 1615 3845 eam
1642 3789 1821 3845 dixit:

176 3874 281 3933 Uni
294 3877 344 3933 te
356 3875 703 3944 tradidisti,
713 3875 1104 3946 Olimpiades?
1118 3876 1415 3946 Peccasti;
1428 3877 1495 3933 in
1514 3885 1714 3948 quem?
1725 3879 1830 3935 sed

172 3977 279 4021 non
286 3964 577 4037 peccasti,
593 3965 742 4034 quia
762 3963 883 4019 cim
903 3978 942 4021 a
963 3963 1066 4020 deo
1082 3964 1452 4023 sustinuisti.
1471 3966 1601 4035 Ego
1621 3966 1830 4037 itaque

175 4051 347 4109 totum
372 4052 619 4125 [meper
657 4053 950 4110 somnium
985 4052 1136 4121 vidi,
1170 4053 1422 4124 proinde
1453 4054 1831 4128 inreprehen-

173 4139 363 4199 sibilis
383 4155 511 4198 esse
525 4139 776 4197 videris.
796 4139 1052 4205 Quadam
1069 4154 1207 4195 vero
1226 4140 1319 4197 die
1333 4155 1464 4197 cum
1481 4143 1786 4213 epularetu
1802 4165 1829 4205 r

175 4241 270 4285 rex
291 4233 348 4284 et
372 4228 545 4286 valde
570 4228 744 4284 laetus
765 4236 947 4298 esset,
973 4228 1344 4285 Nectanebus
1372 4244 1476 4301 per
1498 4236 1684 4289 artem
1715 4251 1830 4293 ma‘

174 4315 349 4385 gicam
377 4315 821 4385 transﬂguravit
855 4330 917 4371 se
950 4316 1005 4371 in
1042 4316 1282 4372 formam
1316 4316 1607 4390 draconis,
1633 4327 1691 4377 et
1726 4339 1827 4395 per

180 4403 418 4461 medium
443 4402 770 4461 triclinium
795 4403 1053 4474 transiit,
1079 4418 1147 4461 ac
1171 4405 1519 4462 terribiliter
1543 4408 1821 4481 sibilavit,

181 4491 323 4549 unde
348 4492 617 4549 convivis
644 4492 914 4549 omnibus
947 4507 1220 4564 pavorem
1245 4493 1509 4565 incussit,
1535 4501 1593 4552 et
1618 4512 1827 4570 appro-

181 4577 460 4651 Dinquans
492 4579 562 4636 ad
601 4580 1240 4652 Oiympiadem,posuit
1264 4587 1439 4654 caput
1464 4583 1517 4639 in
1540 4587 1822 4654 gremium

184 4666 316 4735 ejus.
350 4668 534 4735 Quem
566 4669 772 4726 videns
802 4669 1142 4741 Phylippus,
1171 4669 1317 4726 dixit
1350 4672 1650 4730 omnibus:
1696 4676 1827 4733 Fere

184 4752 330 4813 hunc
342 4756 658 4815 draconem
673 4757 824 4826 cidi,
840 4758 1082 4828 quando
1095 4759 1300 4815 contra
1313 4760 1585 4819 inimicos
1596 4777 1751 4821 meos
1761 4765 1829 4822 in

174 4846 378 4913 pral’io
382 4846 516 4918 fui.
545 4848 681 4903 Post
708 4861 922 4917 paucos
945 4861 1085 4903 vero
1110 4847 1235 4904 dies
1256 4863 1386 4904 cum
1410 4849 1712 4922 Philippus
1742 4868 1829 4909 sc-

187 4929 343 4987 deret
366 4932 554 5002 solus,
571 4948 746 5004 parva
772 4934 1036 5004 quaedam
1059 4934 1178 4991 avis
1200 4935 1465 4991 ascendit
1483 4937 1535 4992 in
1554 4938 1680 5008 ejus
1701 4955 1829 5010 gre-

189 5017 376 5091 mium,
404 5021 750 5093 peperitque
781 5036 971 5078 ovum.
994 5022 1154 5089 Quod
1192 5024 1409 5080 cadens
1442 5023 1511 5082 de
1542 5028 1673 5084 sinu
1704 5030 1831 5101 ejus

190 5103 242 5160 in
271 5110 511 5177 terram,
548 5108 795 5166 divisum
828 5113 941 5176 est,
972 5115 1033 5167 et
1078 5111 1221 5166 exiit
1265 5111 1398 5169 inde
1448 5116 1830 5184 parvissimus

193 5205 446 5266 serpens,
468 5211 570 5267 qui
593 5211 808 5268 gyrans
829 5212 999 5254 ovum
1022 5198 1208 5256 voluit
1235 5199 1455 5257 intrare
1478 5202 1531 5258 in
1549 5202 1711 5275 illud,
1731 5208 1827 5264 sed

198 5285 498 5353 antequam
535 5283 948 5344 intromisisset
978 5292 1176 5359 caput,
1213 5289 1523 5348 defunctus
1554 5299 1662 5350 est.
1697 5296 1833 5352 Τυν-

199 5365 363 5426 batus
393 5376 589 5429 autem
623 5388 727 5429 rex
774 5376 999 5431 vocavit
1053 5376 1318 5448 ariolum,
1353 5382 1414 5433 et
1461 5380 1733 5439 recitavit
1777 5384 1830 5440 ei

1934 3526 2169 3584 rantem
2198 3525 2563 3581 desiderium
2590 3537 2780 3581 suum.
2815 3522 3141 3579 Alexander
3172 3538 3311 3579 vero
3336 3526 3480 3579 tunc
3509 3522 3584 3578 ibi

1936 3619 2081 3671 erat.
2109 3614 2216 3682 Qui
2260 3613 2355 3670 ubi
2386 3614 2497 3669 hoc
2526 3612 2769 3677 audivit,
2806 3611 2953 3667 dixit
2990 3631 3002 3667 :
3037 3613 3242 3681 Pater,
3260 3612 3349 3668 lue
3375 3610 3582 3680 stella,

1936 3717 2091 3775 quas
2123 3703 2188 3758 tu
2217 3702 2541 3772 computas,
2564 3706 2863 3771 apparent
2885 3701 2953 3756 in
2981 3701 3120 3757 calo
3139 3700 3161 3754 ?
3183 3699 3284 3755 Cui
3306 3701 3587 3756 Nectaue-

1940 3792 2046 3848 bus
2068 3789 2135 3824 “3
2156 3790 2235 3844 ait
2254 3807 2266 3845 :
2282 3789 2509 3858 Etiam,
2559 3788 2666 3844 fili.
2684 3785 3016 3842 Alexander
3034 3787 3180 3842 dixit
3208 3806 3220 3841 :
3250 3788 3334 3844 Et
3345 3800 3589 3857 possum

1938 3894 2038 3938 eas
2065 3878 2266 3935 cidere
2292 3876 2439 3932 liora
2468 3876 2733 3932 serotina
2753 3882 2779 3931 ?
2800 3874 3172 3931 Nectanebus
3192 3874 3300 3930 ait:
3322 3876 3588 3945 Sequere

1936 3981 2027 4025 me
2052 3966 2345 4023 nocturna
2374 3964 2522 4020 liora
2551 3965 2620 4019 in
2649 3976 2936 4032 campum,
2990 3962 3053 4017 et
3093 3962 3398 4019 ostendam
3451 3962 3581 4020 tibi.

1940 4052 2266 4113 Alexander
2295 4051 2480 4107 dixit:
2506 4051 2589 4107 Et
2599 4050 2813 4123 fatum
2843 4050 3009 4106 tuum
3028 4051 3329 4120 agnoscis?
3351 4050 3451 4107 Cui
3481 4053 3587 4106 Ne-

1939 4143 2224 4201 ctanebus
2258 4156 2271 4195 :
2303 4139 2512 4196 Etiam
2543 4138 2822 4211 fortiter.
2877 4137 3205 4193 Alexander
3253 4137 3399 4193 dixit
3428 4156 3439 4192 :
3474 4138 3587 4194 Ars

1941 4232 2091 4290 bona
2106 4230 2194 4288 est
2209 4229 2268 4286 et
2280 4229 2408 4302 opto
2426 4242 2555 4285 eam
2573 4229 2728 4286 scire
2742 4244 2756 4293 ;
2772 4226 2833 4283 et
2852 4240 2974 4298 qua
2993 4227 3180 4283 morte
3201 4225 3370 4283 debes
3387 4228 3541 4285 mori
3562 4236 3588 4285 ξ)

1939 4321 2046 4389 Qui
2076 4320 2221 4377 dixit
2259 4338 2270 4373 :
2305 4320 2351 4376 Α
2372 4317 2510 4390 ﬁlio
2538 4330 2664 4373 meo
2692 4315 2941 4373 moriar.
2970 4316 3102 4372 Haec
3126 4314 3318 4371 omnia
3347 4314 3587 4385 loquen-

1939 4410 2031 4477 do,
2059 4414 2300 4465 secutus
2318 4410 2405 4463 est
2429 4421 2560 4463 eum
2587 4403 2917 4461 Alexander
2941 4418 3043 4476 per
3067 4408 3294 4461 noctem
3317 4408 3483 4459 extra
3507 4404 3587 4459 ci-

1939 4499 2196 4555 vitatem.
2252 4495 2312 4567 (Γ.
2365 4496 2512 4566 196.)
2565 4493 2665 4550 Cui
2699 4492 2842 4549 dixit
2874 4494 3243 4548 Nectanebus
3278 4510 3291 4548 :
3325 4491 3468 4561 Fili,
3497 4506 3587 4548 re-

1936 4590 2096 4659 spice
2114 4584 2342 4655 stellas,
2367 4584 2428 4640 et
2444 4585 2505 4640 ci
2512 4583 2581 4640 de
2601 4583 2839 4640 stel’am
2859 4580 3141 4638 Herculis
3152 4578 3435 4652 quomodo
3449 4580 3587 4638 tris-

1938 4678 2015 4734 tis
2030 4676 2151 4745 est;
2165 4673 2342 4732 stella
2358 4685 2496 4729 vero
2508 4671 2720 4728 Hermi
2740 4670 2875 4726 lata
2891 4668 2996 4737 est,
3018 4669 3078 4724 et
3087 4666 3265 4725 stella
3283 4667 3452 4724 Jocis
3466 4668 3587 4725 cla-

1933 4781 2026 4822 ra.
2044 4764 2137 4819 Sic
2151 4776 2380 4820 sursum
2398 4760 2749 4832 respiciente
2764 4754 3439 4825 Nectanebo,accessitei
3458 4771 3587 4826 pro-

1940 4853 2069 4926 pius
2091 4849 2440 4918 Alexander,
2466 4855 2527 4903 et
2548 4849 2825 4919 impetum
2860 4845 3075 4902 iaciens
3096 4844 3150 4899 in
3172 4858 3302 4899 eum
3336 4843 3586 4915 precipi-

1938 4941 2082 4997 tavit
2108 4940 2163 4994 in
2192 4940 2434 5006 foveam,
2461 4936 2661 4991 dicens
2687 4955 2698 4990 :
2723 4935 2872 4992 Cum
2890 4932 3125 4991 nescias
3158 4932 3427 4989 terrenas
3448 4945 3587 4989 cau-

1937 5043 2057 5101 sas,
2074 5041 2264 5099 quare
2275 5025 2523 5083 col-nisti
2548 5024 2600 5080 te
2619 5023 3014 5081 intromittere
3035 5022 3104 5078 de
3124 5019 3454 5079 caelestibus
3476 5022 3586 5077 ele-

1936 5119 2152 5176 mentis
2171 5125 2197 5175 ?
2220 5115 2321 5172 Cui
2344 5112 2714 5169 Nectanebus
2745 5112 2824 5167 ait
2860 5131 2872 5165 :
2910 5110 3225 5182 Cognitum
3247 5109 3435 5167 michi
3447 5109 3589 5182 fuit

1941 5205 2064 5276 liae,
2085 5207 2235 5277 quia
2252 5206 2343 5262 sic
2361 5200 2571 5259 debuit
2580 5199 2767 5257 michi
2788 5200 3024 5256 euenire
3040 5213 3184 5260 :non
3190 5198 3367 5270 potui
3389 5205 3587 5255 tamen

1941 5290 2537 5363 ecadere,nisimicki
2548 5287 3045 5358 lioccontingeret.
3066 5286 3393 5343 Alexander
3405 5285 3550 5341 dixit
3570 5304 3581 5339 :

1948 5384 2104 5451 Quia
2124 5395 2228 5454 ego
2248 5379 2562 5450 sumjtlius
2587 5377 2743 5434 tuus.
2770 5375 2871 5432 Cui
2897 5375 3265 5431 Nectanebus
3280 5374 3389 5429 ait:
3422 5375 3507 5431 Tu
3526 5386 3586 5429 es

1531 5496 1767 5554 VARUS
1808 5496 2207 5566 LECTIONES,

262 5577 326 5612 ⁸¹⁶
354 5583 637 5641 nectabus
673 5590 726 5642 1.
775 5584 840 5619 ί⁹⁷
871 5585 1033 5647 deest
1061 5594 1112 5646 1.
1154 5587 1221 5622 ¹⁰⁸
1251 5591 1611 5651 uectanelius
1646 5598 1699 5650 1.
