3898 6308
339 239 452 304 56⁸7

1506 240 1988 307 EKKEHARDI
2032 239 2562 309 URAUGENSIS

3611 245 3716 310 568

340 379 736 454 utrque/llius
751 389 936 438 meus.
962 376 1065 435 Ille
1089 379 1280 435 autem
1305 375 1402 434 ubi
1426 376 1698 447 cognovit
1723 375 1855 448 quia
1888 390 1982 449 pa-
2011 379 2066 440 A
2095 376 2158 435 et
2173 377 2227 434 te
2253 391 2360 449 per
2391 391 2566 436 arma
2601 375 2924 450 detineam,
2949 375 3014 436 et
3028 375 3307 452 patriam
3345 378 3512 438 tuam
3547 379 3717 439 michi

343 474 435 527 ter
455 471 582 542 ejus
604 473 783 540 esset,
801 469 1093 525 dubitavit
1115 482 1244 524 eum
1269 466 1564 524 dimittere
1589 465 1646 521 in
1671 467 1852 536 fovea,
1882 466 1982 523 sed
2093 465 2442 538 subjugabo.
2470 469 2534 522 Et
2569 467 2811 524 recessit
2846 469 2918 524 ab
2946 482 3034 524 eo.
3064 469 3204 526 Post
3227 484 3479 541 paucum
3503 475 3715 542 tempus

342 559 596 616 elevavit
623 575 752 616 eum
788 559 842 613 in
874 559 1149 616 humeros
1176 572 1333 626 suos,
1368 563 1424 612 et
1457 555 1714 627 portavit
1744 555 1798 610 in
1833 553 1988 626 pala-

346 649 509 706 tium.
527 648 692 716 Quod
718 647 811 703 ubi
839 647 982 702 vidit
1008 651 1190 702 mater
1211 645 1524 715 ejus,dixit
1549 663 1560 697 :
1589 643 1710 701 Fili
1732 645 1988 700 Alexan-

344 739 468 806 der,
500 737 652 808 quid
679 736 938 793 esthoc?
968 735 1068 791 Cui
1099 735 1196 790 ille
1232 753 1243 788 :
1283 733 1505 804 Corpus
1549 732 1844 790 Nectaneb
1881 731 1983 788 est.

346 828 412 882 Et
431 827 526 882 illa
545 846 557 880 :
575 824 942 882 Nectanebus
947 823 1127 895 pater
1149 825 1284 880 tuus
1290 821 1446 894 fuit.
1467 823 1567 879 Ille
1591 827 1782 878 autem
1809 821 1984 876 dixit:

352 914 642 983 Quomodo
669 913 943 970 stulticia
983 913 1087 969 tua
1103 912 1278 984 fecit.

419 1004 479 1072 (f.
518 1002 681 1074 195’.)
715 1003 956 1068 Quidam
1003 1005 1196 1057 autem
1246 1016 1318 1056 ex
1365 999 1687 1071 Capadocia
1736 998 1991 1056 adduxe-

349 1095 480 1149 runt
514 1090 796 1164 Phylippo
835 1089 1158 1163 poledrum,
1196 1088 1252 1144 id
1304 1092 1396 1144 est
1446 1088 1667 1159 pullum
1715 1087 1988 1156 equinum

349 1196 638 1252 magnum,
665 1180 904 1250 ligatum
929 1195 996 1235 ex
1021 1179 1172 1234 omni
1207 1183 1372 1249 parte
1400 1177 1650 1233 diversis
1679 1176 1988 1244 ligaturis;

346 1270 686 1328 comedebat
718 1269 867 1324 enim
903 1269 1178 1324 homines.
1216 1268 1394 1334 Quem
1431 1265 1603 1334 jussit
1639 1279 1742 1320 rex
1775 1263 1989 1319 includi

347 1358 624 1414 cancellis
674 1358 898 1426 ferreis,
935 1361 998 1412 ut
1043 1360 1313 1427 raptores
1361 1360 1418 1410 et
1467 1353 1722 1409 latrones
1777 1352 1990 1425 aliique

350 1446 774 1515 malefactores,
811 1447 905 1515 qui
940 1445 1078 1500 feris
1108 1444 1553 1514 deputarentur,
1579 1443 1650 1498 ab
1675 1443 1780 1498 hoc
1805 1457 1992 1498 come-

351 1535 650 1592 derentur.
681 1536 740 1604 (l'.
766 1535 912 1604 196.)
939 1533 1263 1589 Alexander
1283 1535 1476 1588 autem
1511 1531 1698 1587 audax
1724 1531 1910 1587 factus
1933 1535 1989 1587 et

354 1623 538 1689 fortis,
573 1624 807 1679 transiit
839 1621 1085 1692 quadam
1133 1621 1225 1677 die
1257 1636 1361 1692 per
1392 1635 1520 1676 eum
1555 1619 1741 1676 locum
1772 1620 1867 1675 ubi
1899 1634 1992 1674 ca-

2093 555 2252 609 venit
2283 554 2408 612 dies
2439 557 2813 627 constitutus,
2847 555 2902 612 in
2935 571 3050 627 quo
3075 556 3260 626 juncti
3293 563 3430 615 sunt
3465 560 3628 616 ambo
3653 558 3716 616 ad

2094 657 2364 714 pugnam.
2393 645 2742 700 Sonantibus
2773 659 2912 715 ergo
2940 645 3118 716 tubis,
3153 661 3356 703 omnes
3385 647 3604 704 Nicolai
3631 648 3722 704 mi-

2095 729 2232 787 lites
2265 732 2401 788 moti
2435 738 2571 789 sunt
2601 733 2952 789 unanimiter
2981 735 3049 790 ad
3078 749 3344 806 pugnam,
3366 751 3515 808 quos
3535 750 3717 794 omnes

2099 817 2422 875 Alexander
2455 821 2687 892 propria
2718 836 2888 877 manu
2921 823 3157 878 occidit.

2169 909 2458 963 Reversus
2493 913 2684 964 autem
2709 925 2838 965 cum
2863 911 3132 980 victoria,
3159 911 3375 968 invenit
3399 913 3723 986 Pbylippum

2098 995 2357 1052 sociasse
2389 997 2500 1052 sibi
2531 998 2817 1068 quandam
2861 999 3091 1055 nomine
3137 999 3525 1073 Cleopatram,
3557 1009 3728 1062 matre

2100 1097 2202 1139 sua
2227 1085 2409 1154 ejecta
2434 1103 2448 1151 ;
2473 1084 2672 1155 sicque
2692 1085 2794 1142 illo
2817 1088 3058 1143 sedente
3089 1087 3146 1144 in
3177 1090 3421 1162 nuptiali
3453 1093 3730 1161 convivio,

2099 1170 2397 1239 ingressus
2426 1173 2754 1229 Alexander
2788 1175 2932 1232 dixit
2968 1194 2980 1231 :
3015 1176 3219 1248 Pater,
3252 1181 3456 1251 accipe
3484 1194 3522 1236 α
3545 1194 3635 1237 me
3671 1181 3735 1238 de

2088 1260 2294 1329 prima
2306 1275 2435 1318 mea
2437 1275 2646 1333 pugna
2657 1263 2910 1321 eictoria
2919 1265 3028 1321 lem
3041 1279 3340 1328 coronam:
3352 1268 3548 1326 tamen
3559 1283 3738 1341 quau-

2099 1348 2172 1403 do
2192 1349 2598 1408 celebraturus
2617 1366 2748 1409 sum
2771 1355 3014 1425 nuptias
3031 1355 3252 1414 matris
3269 1357 3737 1429 mea,jungeuda

2098 1435 2196 1492 illi
2218 1439 2522 1503 maritam,
2547 1439 2628 1496 ad
2655 1440 2822 1511 ipsas
2851 1442 3099 1514 nuptias
3132 1443 3197 1500 tu
3223 1457 3342 1501 non
3367 1445 3734 1504 invitaberis.

2101 1526 2259 1582 Unus
2289 1533 2480 1583 autem
2510 1544 2577 1584 ex
2617 1529 3119 1586 diseumbcntibus
3143 1531 3339 1601 Lysias
3377 1531 3524 1588 dixit
3551 1552 3564 1586 :
3590 1533 3743 1606 Phy-

2105 1614 2278 1684 lippe,
2305 1630 2381 1670 ea:
2404 1617 2718 1688 Cleopatra
2745 1620 3022 1675 nascetur
3055 1619 3166 1674 tibi
3185 1621 3368 1690 filius
3393 1621 3616 1679 similis
3637 1623 3738 1678 tui.

353 1711 542 1768 ballus
574 1712 671 1768 ille
695 1711 955 1766 inclusus
971 1714 1118 1773 erat,
1143 1709 1678 1779 vidensquejacere
1702 1711 1836 1763 ante
1859 1722 1988 1762 eum
2022 1735 2072 1794 Β
2104 1702 2220 1757 Hoc
2253 1705 2498 1760 audiens
2531 1705 2876 1776 Alexander,
2903 1707 3191 1777 percussit
3219 1723 3349 1764 eum
3380 1724 3512 1764 cum
3545 1709 3743 1766 baculo

351 1801 717 1856 summitates
751 1814 1017 1856 manuum
1065 1803 1122 1853 et
1149 1799 1358 1869 pedum
1411 1798 1810 1865 humanorum,
1863 1812 1990 1868 qua

350 1887 461 1942 sibi
513 1888 942 1958 superfuerant,
985 1886 1231 1941 miratus
1281 1890 1390 1953 est,
1445 1885 1716 1954 misitque
1765 1899 1992 1940 manum

335 1986 512 2030 'suam
549 1989 649 2046 per
675 1974 970 2031 cancellos
1020 1975 1090 2030 ad
1136 1989 1286 2030 eum.
1323 1973 1425 2028 llle
1479 1973 1679 2028 statim
1731 1972 1993 2028 extendit

349 2063 560 2118 collum
591 2078 778 2132 suum,
803 2067 863 2117 et
894 2063 1073 2133 coepit
1103 2062 1360 2117 lambere
1390 2076 1615 2116 manum
1641 2060 1816 2130 illius,
1843 2075 1996 2115 com-

352 2150 699 2222 plicatisque
733 2151 980 2222 pedibus
1011 2149 1259 2221 projecit
1289 2164 1349 2205 se
1382 2149 1435 2204 in
1471 2154 1706 2217 terram,
1735 2153 1998 2205 tornans-

352 2255 464 2311 que
493 2245 672 2310 caput
705 2241 959 2312 respexit
998 2239 1384 2294 Alexandrum
1417 2238 1578 2308 quasi
1615 2237 1990 2294 blandiendo.

352 2328 458 2394 Qui
494 2328 840 2393 intellegens
873 2328 1231 2382 voluntatem
1259 2325 1489 2394 caballi,
1517 2325 1744 2396 aperuit
1780 2324 2002 2382 cancel-

353 2417 469 2472 lum
503 2420 559 2470 et
590 2417 766 2486 coepit
800 2420 1102 2471 mansuete
1133 2419 1374 2483 tangere
1404 2413 1637 2470 dorsum
1677 2414 1803 2484 ejus
1831 2427 1999 2470 manu

355 2504 616 2574 dextera,
645 2505 960 2574 statimque
979 2502 1241 2559 caballus
1260 2503 1435 2574 coepit
1464 2517 1865 2558 mansuescere
1887 2519 2004 2558 am-

356 2592 530 2664 plius,
565 2596 622 2646 et
654 2593 806 2648 sicut
839 2593 1000 2648 canis
1033 2591 1279 2646 blandiri
1313 2591 1463 2647 solet
1493 2591 1725 2647 domino
1761 2607 1884 2656 suo,
1918 2591 2001 2646 sic

357 2681 454 2738 ille
485 2681 892 2737 blamlicbatnr
926 2681 1270 2736 Alexandro.
1307 2681 1408 2736 llle
1451 2685 1645 2737 autem
1676 2681 2001 2737 ascendens

357 2786 534 2841 super
551 2770 1002 2841 eum,equitavit
1029 2769 1730 2840 foras,vocavitqne(~209)
1755 2769 2000 2824 eundem

355 2858 643 2914 caballum
679 2857 1024 2914 bucel'alum.
1052 2857 1216 2924 Quod
1240 2873 1367 2912 eum
1392 2858 1634 2912 vidisset
1663 2857 1999 2927 Phylippus,

357 2947 500 3003 dixit
535 2966 547 3000 :
577 2947 704 3004 Fili
735 2947 1095 3015 Alexander,
1121 2961 1344 3024 omnem
1376 2945 1805 3001 divinationem
1837 2945 2004 3001 modo

353 3036 595 3108 cognovi
625 3038 689 3092 in
713 3036 783 3105 te,
811 3035 868 3090 et
885 3035 1007 3092 scio
1028 3037 1175 3104 quia
1199 3034 1264 3089 tu
1281 3033 1450 3089 debes
1468 3047 1726 3102 regnare
1737 3033 1874 3102 post
1891 3047 1998 3088 me.

355 3211 498 3268 dixit
523 3211 593 3268 ad
618 3211 962 3281 Phylippum
991 3229 1002 3263 :
1031 3210 1234 3278 Pater,
1250 3211 1305 3265 si
1315 3209 1513 3280 potest
1519 3210 1684 3280 fleri,
1700 3209 1892 3280 dirige
1915 3223 2006 3266 me

352 3301 647 3357 sedentem
679 3301 744 3355 in
774 3313 973 3354 curru.
1001 3298 1268 3368 Dixitque
1300 3313 1399 3353 rex
1426 3317 1438 3352 :
1475 3298 1726 3356 Gratum
1749 3298 2002 3368 accipio,

345 3389 468 3461 fili,
487 3388 753 3457 daboquc
771 3386 880 3444 tibi
902 3386 1164 3443 caballos
1183 3387 1417 3442 centum
1439 3387 1496 3442 et
1514 3389 1580 3442 40
1599 3386 1777 3442 milia
1798 3399 2008 3442 aureo-

354 3492 492 3532 rum
534 3477 878 3544 soli/lorum,
914 3476 972 3531 et
997 3475 1144 3531 tade
1172 3489 1302 3532 cum
1333 3474 1474 3530 bono
1507 3475 1763 3530 auxilio.
1799 3475 2006 3530 Exiens

360 3567 557 3636 itaque
587 3564 910 3620 Alexander
935 3563 1093 3619 venit
1117 3564 1172 3618 in
1195 3564 1672 3634 Peloponensem,
1700 3567 1765 3618 ut
1790 3563 2004 3618 faceret

362 3668 609 3726 pugnam
643 3669 772 3710 cum
803 3653 1059 3722 Nieolao,
1087 3667 1221 3721 rege
1252 3651 1434 3724 ipsius
1465 3651 1797 3724 provinciae.
1827 3651 2004 3717 Quem

361 3741 562 3800 videns
594 3741 882 3810 Nieolaus,
919 3741 1061 3797 dixit
1096 3761 1108 3796 :
1143 3741 1258 3798 Dic
1283 3741 1486 3810 michi,
1518 3740 1626 3811 qui
1656 3754 1714 3796 es
1760 3740 1824 3796 tu
1851 3741 1874 3793 ?
1906 3739 2006 3796 Cui

363 3833 460 3888 ille
487 3851 498 3886 :
521 3832 649 3902 Ego
669 3846 801 3888 sum
825 3830 1367 3901 Alexander,ﬂlius
1386 3829 1696 3902 Phglippi.
1725 3829 1824 3884 Cui
1850 3828 2010 3883 Nico-

361 3919 487 3975 laus
513 3939 524 3974 ε
554 3920 732 3985 Quem
760 3931 850 3974 me
869 3918 1119 3988 speras?
1145 3917 1296 3972 Dixit
1326 3917 1649 3972 Alexander
1676 3935 1688 3970 :
1715 3916 1801 3970 Tu
1822 3929 1881 3972 es
1903 3916 2012 3972 Ni~

361 4010 486 4066 cola
498 4023 580 4075 us,
595 4023 706 4065 rea:
729 4009 836 4064 Ari
847 4007 1077 4062 deorum
1089 4007 1226 4074 ;sed
1245 4021 1358 4062 non
1381 4006 1639 4062 eleretur
1657 4019 1757 4062 eor
1769 4005 1932 4060 tuum
1946 4004 2012 4060 in

361 4096 701 4168 superbiam
721 4097 869 4167 quia
891 4095 1070 4152 habes
1095 4095 1368 4151 honorem
1390 4095 1674 4165 regalem,
1691 4093 1842 4150 solet
1857 4093 2014 4149 enim

363 4186 629 4242 inveniri
646 4187 703 4240 in
713 4183 858 4256 fato
887 4183 1164 4251 humano,
1191 4183 1349 4254 quod
1371 4185 1568 4254 major
1583 4181 1908 4254 perveniat
1935 4180 2016 4237 ad

362 4273 718 4346 parvitatem
747 4273 807 4328 et
829 4286 1052 4342 parvus
1081 4273 1163 4328 ad
1188 4272 1686 4342 magnitudinem.
1715 4271 1814 4326 Cui
1850 4269 2016 4326 Nico-

369 4363 418 4419 la
430 4377 498 4419 us
519 4381 530 4416 :
548 4365 706 4423 Bene
717 4361 954 4418 dixisti.
979 4361 1061 4416 Tu
1073 4363 1263 4418 nescis
1278 4363 1330 4417 te
1344 4362 1693 4432 ipsum,mea
1705 4360 1898 4416 autem
1913 4374 2017 4416 na-

2106 1804 2273 1860 quem
2307 1795 2542 1850 tenebat
2571 1795 2624 1850 in
2661 1811 2851 1866 manu,
2877 1801 2935 1852 et
2955 1803 3235 1853 mortuus
3265 1801 3376 1854 est.
3403 1798 3621 1855 Videns
3645 1800 3744 1856 hoc

2105 1879 2425 1952 Phylippus
2476 1883 2660 1939 iratus
2695 1892 2810 1955 est,
2842 1890 2897 1940 et
2941 1885 3177 1953 erigens
3208 1901 3270 1942 se
3303 1886 3583 1958 impetum
3617 1889 3745 1944 fecit

2107 1968 2163 2024 in
2205 1984 2357 2039 eum,
2391 1973 2491 2028 sed
2541 1973 2598 2027 in
2650 1973 2776 2044 ipso
2829 1974 3047 2044 impetu
3097 1973 3336 2030 cecidit.
3371 1977 3437 2045 (l‘.
3470 1979 3620 2048 197.)
3651 1976 3745 2033 Cui

2108 2056 2222 2113 dixi
2233 2061 2254 2113 t
2271 2059 2624 2115 Alexander:
2646 2061 3115 2133 Quisubjugasti
3129 2063 3334 2120 Asiam
3351 2063 3410 2120 et
3425 2065 3744 2136 Europam,

2108 2159 2298 2216 quare
2313 2161 2492 2219 super
2509 2150 2685 2220 pedes
2703 2151 2832 2207 tuos
2852 2165 2967 2207 non
2985 2151 3146 2208 stas?
3170 2151 3260 2207 Sic
3273 2165 3414 2222 ergo
3427 2157 3568 2208 extu
3577 2155 3750 2210 rbatze

2111 2242 2246 2292 sunt
2270 2237 2407 2308 ipszn
2433 2239 2670 2308 nuptiae,
2697 2243 2754 2294 et
2777 2238 3094 2310 Phylippus
3114 2241 3442 2309 egrotabat.
3470 2243 3608 2296 Post
3625 2255 3756 2313 pau-

2111 2341 2212 2382 cos
2242 2325 2366 2382 dies
2399 2327 2660 2382 introivit
2686 2327 3012 2384 Alexander
3029 2328 3270 2384 visitare
3294 2329 3481 2400 illum,
3504 2332 3563 2386 et
3584 2329 3752 2386 dixit:

2112 2415 2412 2487 Philippe,
2429 2417 2702 2486 quameis
2715 2431 2826 2473 non
2844 2417 2930 2473 sit
2944 2417 3042 2472 lea:
3063 2418 3132 2473 ut
3147 2419 3202 2474 te
3221 2431 3413 2475 vocem
3427 2431 3503 2476 ea;
3514 2419 3756 2489 nomine,

2110 2519 2226 2560 non
2249 2503 2361 2561 tibi
2385 2505 2590 2576 loquor
2622 2505 2689 2561 ut
2703 2505 2880 2576 ﬁlius
2891 2507 2995 2563 sed
3011 2506 3080 2562 ut
3095 2505 3758 2576 amicas;facbenemu-

2116 2593 2255 2650 lieri
2275 2593 2374 2650 illi
2399 2594 2498 2649 cui
2522 2595 2681 2650 male
2694 2594 2930 2664 fecisti,
2964 2595 3025 2650 et
3046 2608 3164 2650 non
3187 2595 3273 2652 sit
3292 2595 3404 2651 τιῡὶ
3432 2609 3596 2653 cura
3614 2598 3759 2667 quia

2113 2681 2357 2751 Lysiam
2387 2681 2592 2738 occidi.
2616 2683 2772 2737 Bene
2799 2682 2934 2752 feci,
2954 2683 3018 2738 tu
3038 2684 3237 2738 autem
3253 2683 3413 2740 male
3412 2684 3654 2756 fecisti,
3668 2699 3758 2740 co-

2116 2771 2341 2826 lensme
2343 2770 2654 2840 percutere
2658 2769 2886 2841 gladio.
2907 2771 2975 2826 Et
2993 2771 3148 2826 ﬂevit
3165 2771 3326 2842 Phyli
3334 2787 3506 2844 ppus.
3521 2771 3761 2828 Alexan-

2114 2857 2218 2912 der
2236 2862 2427 2912 autem
2459 2857 2554 2912 ubi
2580 2857 2724 2912 vidit
2743 2862 2966 2928 patrem
2992 2857 3343 2929 plorantem,
3367 2858 3757 2928 dimisiteum,

2113 2950 2170 3000 et
2197 2945 2402 3000 abiens
2433 2945 2502 3000 ad
2535 2949 2800 3014 matrem,
2834 2945 2982 3001 dixit
3014 2947 3064 3001 ei
3102 2965 3114 3000 :
3145 2944 3363 3016 Mater,
3397 2948 3544 3004 moli
3573 2949 3765 3006 tenere

2037 3085 2080 3109 τ,
2112 3033 2328 3089 malam
2358 3033 2721 3090 coluntatem
2739 3035 2966 3105 patris,
2989 3037 3139 3106 quia
3156 3036 3434 3106 quamvis
3454 3035 3765 3093 abscondi-

427 3125 586 3178 Inter
616 3123 721 3178 1100
754 3123 942 3178 factus
981 3121 1310 3176 Alexander
1339 3135 1617 3177 annorum
1651 3119 2000 3190 quindecim,
2039 3122 2083 3144 “

2117 3123 2240 3178 tum
2280 3122 2367 3180 sit
2389 3123 2702 3192 peccatum
2751 3124 2936 3192 tuum,
2987 3123 3365 3195 reprehensio
3415 3123 3618 3185 tamen
3664 3125 3767 3182 tua

2113 3211 2313 3268 stabit.
2340 3212 2569 3267 Bonum
2589 3213 2681 3268 est
2705 3211 2775 3268 ut
2799 3227 2953 3268 uxor
2980 3226 3208 3284 semper
3233 3213 3507 3284 subjecta
3533 3215 3629 3272 sit
3647 3227 3769 3272 ma-

2113 3301 2252 3357 rito.
2285 3301 2420 3354 111110
2461 3299 2684 3362 dicens,
2718 3299 2961 3356 adduxit
3007 3315 3132 3356 eam
3179 3301 3484 3373 Phylippo.

2188 3389 2327 3443 Post
2361 3402 2578 3458 paucos
2610 3388 2735 3444 dies
2765 3393 3051 3446 venerunt
3081 3389 3258 3458 legati
3307 3390 3463 3446 Darii
3509 3391 3674 3461 regis
3699 3391 3770 3448 ad

2118 3473 2483 3545 Phylippnm,
2540 3475 2845 3544 exigentes
2899 3476 2971 3531 ab
3029 3490 3099 3532 eo
3168 3477 3477 3534 tributum.
3543 3477 3773 3544 Quibus

2120 3561 2448 3618 Alexander
2470 3563 2549 3618 ait
2577 3581 2590 3617 :
2611 3563 2703 3620 Ite
2724 3569 2778 3619 et
2797 3563 2978 3620 dicite
3001 3564 3187 3621 Dario
3209 3583 3228 3620 :
3255 3565 3504 3630 Quando
3516 3565 3777 3638 Phylip-

2107 3665 2228 3723 pus
2239 3666 2354 3708 non
2369 3650 3775 3724 habebat/ilium,gallinagenerabateiauream

2118 3753 2306 3803 συκίνη,
2325 3754 2483 3796 nunc
2493 3741 2691 3796 autem
2713 3741 2848 3812 Phg
2857 3741 3014 3812 lippo
3028 3742 3207 3799 natus
3218 3742 3310 3798 est
3303 3742 3506 3814 ﬁlius,
3522 3743 3776 3814 etgalli-

2118 3843 2198 3884 na
2212 3829 2520 3910 factaest
2538 3829 2789 3887 sterilis.
2823 3831 2939 3884 Hec
2970 3829 3192 3900 dicens,
3228 3829 3392 3886 dedit
3421 3831 3512 3887 eis
3539 3831 3778 3889 absolu-

2122 3917 2361 3988 tionem,
2396 3922 2456 3974 et
2492 3917 2714 3972 remisit
2745 3931 2848 3973 eos
2893 3932 3108 3974 vacuos
3149 3917 3221 3974 ad
3265 3919 3502 3976 Darium
3551 3934 3773 3991 regem.

2193 4009 2330 4063 Post
2361 4008 2467 4062 1100
2504 4005 2808 4062 rebellavit
2839 4006 3124 4079 Pbylippo
3157 4007 3448 4076 Armenia,
3473 4013 3532 4064 et
3557 4009 3778 4066 direxit

2125 4095 2264 4152 illuc
2287 4095 2678 4152 Alexandrum
2704 4109 2833 4151 cum
2858 4095 3143 4166 exercitu,
3162 4100 3223 4150 nt
3240 4101 3610 4168 expugnaret
3625 4112 3778 4155 eam.

2124 4186 2184 4240 In
2199 4184 2527 4240 Macedonia
2552 4199 2693 4240 vero
2711 4189 2839 4240 erat
2863 4183 3094 4254 quidam
3119 4185 3288 4241 homo
3311 4185 3547 4242 nomine
3569 4188 3788 4244 Pausa-

2126 4273 2218 4330 nia
2251 4274 2553 4344 subjectus
2585 4272 2886 4344 Phylippo,
2919 4273 3016 4344 qui
3043 4273 3472 4344 concupiscens
3503 4273 3788 4346 Olimpia-

2127 4362 2278 4433 dem,
2309 4361 2444 4418 fecit
2476 4365 2678 4418 contra
2713 4376 2907 4431 regem
2928 4361 3254 4433 consilium,
3281 4365 3340 4417 et
3365 4361 3650 4419 adnuavit
3671 4363 3786 4419 sibi

370 4453 509 4509 tura
529 4449 1002 4524 inreprehensibi
1011 4451 1088 4508 lis
1108 4451 1210 4507 est.
1240 4451 1353 4507 Dic
1373 4451 1567 4506 tamen
1595 4449 1778 4504 michi
1797 4449 2017 4505 eerita-
2045 4473 2096 4534 D
2129 4450 2428 4524 populum,
2451 4454 2790 4520 armataque
2821 4464 2992 4506 manu
3014 4450 3174 4506 venit
3197 4463 3377 4518 super
3401 4450 3785 4524 Phylippum.

371 4542 502 4610 tem,
529 4539 1400 4612 quareinhaspartescenisti?
1421 4538 1524 4593 Cui
1551 4537 1872 4594 Alexander
1894 4537 1973 4592 ait
2001 4556 2012 4591 :

372 4629 643 4688 Recedea
658 4643 762 4700 me,
781 4629 968 4698 homo,
995 4629 1143 4700 quia
1165 4641 1354 4700 neque
1373 4627 1438 4682 tu
1461 4625 1640 4683 habes
1661 4625 1906 4697 aliquid
1915 4626 2020 4683 ad-

371 4733 599 4777 tersum
619 4731 727 4789 me,
743 4731 848 4775 nec
867 4731 968 4788 ego
989 4717 1303 4773 adversum.
1326 4715 1397 4772 te.
1420 4717 1478 4770 In
1496 4715 1605 4771 hoc
1619 4714 1889 4771 Nicolans
1905 4714 2021 4770 val-

373 4810 445 4866 dc
471 4809 654 4864 iratus
680 4807 822 4862 dixit
852 4825 864 4862 :
888 4807 1040 4864 Ecce
1061 4804 1234 4878 quali
1265 4803 1491 4860 homini
1512 4804 1737 4876 loquor.
1763 4804 1880 4860 Per
1901 4803 2023 4861 sal-

372 4899 667 4956 tationem.
675 4896 884 4969 patris
909 4897 1047 4961 mei,
1071 4894 1127 4951 si
1157 4895 1437 4966 impetum
1465 4906 1686 4965 spumae
1714 4892 1778 4948 in
1791 4893 2024 4965 faciem

375 4987 504 5058 ejus
515 4985 1098 5060 ejicio,morielur.Et
1114 4983 1342 5055 exepuit
1361 4982 1430 5038 ad
1445 4997 1572 5040 eum
1589 4987 1644 5038 et
1663 4982 1803 5038 dixit
1829 5001 1840 5036 :
1865 4982 2026 5038 Tolle

379 5076 655 5148 hocquod
667 5077 722 5133 te
733 5075 894 5132 decet
903 5076 1030 5132 ασσὶ
1023 5073 1566 5146 pere,catu-le,quia
1579 5086 1694 5129 non
1706 5071 2020 5129 erubescis.

381 5164 484 5220 llle
507 5168 700 5222 autem
719 5164 1026 5221 continens
1049 5179 1110 5220 se
1133 5163 1452 5220 secundum
1479 5162 1802 5218 doctrinam
1827 5161 2026 5232 phylo-

383 5251 622 5321 sophiae,
640 5251 786 5307 dixit
802 5270 814 5304 :
831 5251 1095 5322 Nicolae,
1107 5265 1215 5324 per
1227 5250 1607 5308 nativitatem
1626 5263 1813 5305 meam
1825 5248 2027 5319 paler-

381 5352 521 5395 nam
542 5341 601 5396 et
606 5351 721 5412 per
741 5339 975 5398 uterum
991 5341 1208 5399 matris
1227 5353 1368 5399 mea
1387 5355 1426 5399 a
1448 5341 1550 5398 deo
1563 5339 2021 5410 impregnatum,

2130 4541 2234 4606 Qui
2251 4554 2378 4596 cum
2393 4539 2443 4594 ei
2464 4544 2624 4608 terga
2641 4538 3155 4608 verteret,vibrata
3171 4539 3335 4594 hasta
3351 4540 3646 4596 Pausania
3663 4554 3794 4611 per-

2129 4627 2314 4685 cussit
2341 4627 2684 4700 Phylippum
2745 4626 2799 4682 in
2840 4625 3038 4696 dorso,
3059 4628 3154 4698 qui
3185 4630 3379 4682 tamen
3418 4642 3535 4684 non
3581 4627 3790 4685 statim

2132 4719 2518 4786 mortuusest,
2536 4715 2634 4771 sed
2648 4716 2828 4786 jacuit
2847 4715 3164 4771 semivivus
3183 4715 3237 4770 in
3252 4715 3790 4787 campo.Pausania

2130 4820 2267 4861 vero
2283 4807 2490 4876 putans
2504 4819 2632 4859 eum
2651 4809 2936 4860 mortuum
2953 4803 3313 4860 elevatusest
3329 4804 3686 4876 iutransque
3699 4818 3795 4876 pa-

2133 4893 2334 4950 latium
2356 4908 2484 4950 cum
2517 4893 2778 4964 audacia,
2797 4893 3090 4950 abstraxit
3113 4892 3244 4948 inde
3268 4893 3687 4966 Olimpiadem.
3709 4895 3793 4948 ln-

2133 4983 2359 5040 terhzec
2378 4981 2994 5040 reversusAlexander
3018 4981 3089 5038 de
3115 4982 3406 5052 Armenia,
3427 4982 3654 5039 invenit
3678 4996 3796 5038 ma-

2134 5072 2344 5128 ximam
2370 5070 2871 5143 perturbationem
2896 5069 2950 5125 in
2975 5069 3323 5126 Macedonia.
3351 5069 3572 5126 Exiens
3594 5073 3793 5127 autem

2135 5159 2694 5232 Olimpiades,cmpit
2712 5159 3032 5216 vociferare
3045 5159 3113 5214 ad
3134 5157 3789 5229 Alexandrum,dieens:

2139 5247 2250 5306 Ubi
2279 5249 2383 5318 est,
2401 5249 2764 5318 Alexander,
2783 5247 3040 5304 victoria
3068 5247 3194 5316 tua,
3217 5245 3319 5303 ubi
3322 5246 3542 5322 fatum
3569 5245 3733 5319 quod
3753 5256 3792 5300 α

2135 5337 2254 5396 diis
2265 5337 2494 5409 accepis
2501 5337 2644 5409 ti,ut
2651 5350 2804 5396 esses
2814 5335 3150 5396 oictorialis
3165 5334 3579 5394 etoindicares
3587 5346 3766 5406 πυρα
3777 5362 3792 5370 -

1967 5450 2169 5508 NOTAE
2185 5494 2196 5506 .

457 5549 606 5619 (209)
633 5548 981 5618 eocaoilque
1009 5563 1064 5605 e.
1101 5565 1156 5608 c.
1196 5551 1254 5610 b.
1287 5567 1359 5608 ex
1385 5551 1500 5608 alio
1531 5550 1778 5622 quodam
1827 5550 1979 5606 libro
2039 5548 2315 5622 sumpsit.
