3898 6370
153 357 275 423 578

1033 354 1474 422 CHRONICA.
1510 390 1588 404 --
1618 351 2099 419 CHRONICON
2140 355 2691 420 UNIVERSALE.

3450 349 3568 416 5³74

150 493 488 553 Alexander
511 492 690 565 jussit
718 497 782 553 ut
814 493 1228 553 incenderetur
1257 495 1492 553 civitas.
1524 494 1803 553 Videntes
1836 489 1893 554 A
1924 494 2046 551 nisi
2066 494 2136 551 ut
2150 493 2429 550 militetis
2449 492 2556 552 sub
2582 493 2830 564 imperio
2855 505 2977 550 meo
2999 491 3055 549 et
3076 504 3165 549 me
3184 487 3461 549 habeatis
3483 501 3547 548 se
3566 552 3587 562 _

152 587 346 642 autem
420 584 611 655 ignem
679 584 776 656 qui
842 590 1008 641 erant
1052 586 1106 641 in
1146 585 1405 653 civitate,
1482 585 1805 642 dixerunt:

151 672 210 743 (i.
242 673 402 744 201.)
432 673 795 745 Alexander,
824 688 943 731 non
968 673 1309 731 rebellando
1342 674 1455 730 tibi
1484 676 1813 732 clausimus

144 762 374 835 portas,
409 762 517 820 sed
545 763 803 819 timendo
835 763 1108 834 Darium,
1134 778 1207 820 ne
1227 764 1472 821 audiret
1492 778 1596 821 nos
1628 764 1816 821 tecum

131 851 360 923 fecisse
371 850 636 923 pactum,
655 851 715 906 et
724 851 1053 923 dissiparet
1066 866 1187 908 nos.
1214 856 1253 907 A
1264 852 1447 923 pertis
1464 867 1603 921 ergo
1626 851 1818 924 portis

149 939 406 1010 transiit,
454 944 514 994 et
555 940 712 995 venit
758 939 814 995 in
849 939 1126 1009 Olintum,
1173 940 1306 996 inde
1348 939 1815 1012 Chaldeopolims

147 1028 430 1098 venitque
459 1027 529 1083 ad
562 1027 797 1084 ﬂuvium
831 1028 925 1100 qui
959 1028 1177 1085 dicitur
1209 1029 1402 1098 Xenis,
1426 1033 1484 1085 et
1510 1028 1818 1100 oppressit

145 1129 243 1172 eos
275 1115 461 1170 fames
495 1113 708 1184 valida,
749 1118 805 1171 et
843 1119 1349 1172 murmuraverunt
1385 1114 1538 1170 inter
1570 1129 1633 1170 se
1672 1114 1822 1169 mili-

145 1208 255 1274 tes,
287 1202 560 1260 dicentes
596 1223 608 1258 :
646 1204 1007 1276 Defecerunt
1049 1204 1276 1261 caballi
1318 1204 1527 1261 nostri.
1579 1202 1685 1270 Qui
1713 1205 1821 1260 bus

144 1290 480 1349 Alexander
511 1292 656 1348 dixit
684 1311 697 1347 :
736 1292 865 1350 Viri
894 1293 1313 1351 commilitones
1339 1295 1468 1361 mei,
1495 1294 1556 1349 et
1575 1296 1632 1351 si
1658 1293 1817 1366 defe-

144 1381 348 1440 cerunt
356 1380 509 1439 caba
517 1381 588 1439 lli
600 1381 802 1449 vestri,
821 1381 1180 1453 desperastis
1194 1396 1290 1440 cos
1304 1383 1374 1438 de
1383 1383 1612 1439 salute?
1640 1384 1761 1449 Quo
1780 1384 1822 1439 d

138 1471 195 1529 ei
210 1483 317 1527 nos
334 1470 693 1539 viderimus,
722 1470 985 1529 caballos
997 1472 1372 1543 festinanter
1403 1471 1802 1539 inveniemus;

140 1555 194 1614 si
220 1570 367 1613 vero
387 1570 497 1614 nos
524 1559 834 1628 morimur,
868 1556 1092 1615 caballi
1114 1572 1229 1614 non
1248 1559 1391 1616 sunt
1417 1558 1585 1615 nobis
1612 1572 1751 1614 nece
1763 1571 1816 1614 s-

136 1645 313 1702 earii.
342 1643 711 1703 Festinemus
737 1646 933 1703 tamen
956 1648 1049 1703 ire
1067 1648 1131 1704 in
1156 1648 1342 1703 locum
1365 1646 1572 1716 talem,
1607 1645 1713 1702 ubi
1734 1646 1815 1703 ci-

143 1731 323 1791 baria
338 1733 508 1791 nobis
527 1734 654 1792 sint
670 1734 728 1790 et
744 1733 999 1792 caballis
1020 1736 1259 1793 nostris.
1291 1738 1358 1791 Et
1400 1751 1487 1792 cce
1498 1751 1563 1807 pe
1574 1740 1706 1791 runt
1729 1735 1812 1790 ire

1926 584 2171 642 niorem.
2199 584 2363 649 Quod
2376 585 2430 641 si
2447 597 2561 639 non
2576 582 2780 650 vultis,
2802 581 2978 637 estote
2980 582 3274 653 fortiores
3288 578 3561 647 meis,sin

1929 675 2145 742 autem,
2162 673 2575 745 subjugamini
2590 670 2775 729 michi
2781 670 3037 743 fortiori
3056 668 3238 725 vobis.
3265 670 3331 722 At
3346 667 3581 722 henien-

1928 779 2024 820 ses
2055 778 2194 819 vero
2228 764 2575 832 rogaverunt
2615 763 2995 816 Demostenen
3032 756 3479 829 pbylosophum,
3516 756 3579 810 ut

1931 852 2097 908 daret
2115 853 2201 907 eis
2221 852 2545 908 consilium.
2575 850 2679 916 Qui
2706 863 2966 905 annuens
2986 861 3153 902 manu
3178 844 3480 916 imperavit
3503 842 3580 897 si-

1931 941 2194 1009 lentium,
2211 946 2268 997 et
2284 941 2460 996 d'xit:
2488 941 2615 996 Viri
2632 940 2785 995 cives
2796 939 2932 1005 mei,
2948 949 3246 993 commune
3261 932 3582 991 consilium

1932 1029 2080 1087 dabo
2097 1030 2275 1087 vobis.
2303 1031 2377 1087 Si
2399 1030 2569 1087 scitis
2585 1042 2683 1084 ros
2702 1027 2849 1084 tales
2865 1040 2989 1083 esse
3008 1026 3073 1082 ut
3086 1026 3319 1080 vincere
3324 1019 3581 1094 possitis

1930 1119 2361 1188 Alexandrum,
2377 1118 2640 1190 pugnate
2661 1130 2791 1174 cum
2809 1130 2888 1181 eo,
2913 1116 3011 1172 sin
3031 1115 3244 1180 autem,
3258 1110 3578 1183 flectamus

1930 1221 2035 1266 nos
2061 1208 2168 1265 sub
2190 1208 2478 1279 potestate
2498 1220 2783 1263 manuum
2803 1207 2953 1275 ejus,
2977 1203 3126 1272 quia
3147 1203 3217 1257 de
3237 1201 3373 1257 coelo
3396 1198 3577 1254 datur

1930 1298 1986 1353 ei
2005 1298 2394 1369 adiutorium.
2417 1298 2485 1351 Et
2505 1309 2635 1350 cum
2657 1293 2834 1351 multa
2856 1290 3185 1361 hujusmodi
3213 1290 3571 1360 perorasset,

1930 1386 2221 1457 acquievit
2254 1387 2303 1441 ei
2338 1384 2590 1457 populus
2622 1383 2828 1450 omnis,
2862 1386 2922 1436 et
2951 1381 3285 1435 statuerunt
3320 1376 3576 1445 dirigere

1929 1474 2009 1531 illi
2036 1475 2396 1532 vietorialem
2417 1487 2708 1541 coronam,
2733 1473 3069 1541 pensantem
3094 1468 3277 1523 libras
3297 1465 3579 1534 quinqua-

1926 1564 2106 1634 ginta.
2152 1564 2212 1631 (i.
2254 1565 2403 1632 203.)
2446 1561 2667 1627 Quibus
2711 1558 2807 1613 ille
2849 1559 2926 1613 ait
2964 1577 2975 1610 :
3014 1557 3169 1621 Quia
3212 1553 3379 1610 dedit
3413 1551 3581 1609 vobis

1926 1653 2299 1709 Demostenes
2329 1652 2643 1708 consilium
2674 1650 2745 1705 de
2772 1647 3106 1706 salratione
3125 1645 3325 1701 restra
3355 1642 3411 1698 et
3419 1641 3578 1712 feci-

1927 1741 2041 1798 stis
2069 1741 2245 1807 illud,
2280 1740 2486 1796 amodo
2514 1738 2935 1813 confortamini
2957 1735 3012 1791 et
3032 1733 3209 1790 estote
3236 1730 3411 1799 salvi,
3444 1729 3579 1786 nul-

141 1822 213 1877 ad
246 1820 442 1878 locum
474 1822 571 1893 qui
603 1821 798 1879 dictus
823 1828 913 1879 est
938 1825 1171 1893 Locrus,
1199 1825 1294 1881 ubi
1330 1825 1691 1881 invenerunt
1723 1838 1815 1893 cy-
1842 1846 1897 1908 Β
1930 1829 2048 1886 lam
2075 1830 2557 1887 contrarietatem
2584 1827 2943 1885 sustinentes
2971 1838 3008 1880 a
3036 1836 3142 1878 me.

142 1908 301 1965 baria
336 1909 545 1981 multa,
577 1916 637 1967 et
668 1911 1015 1968 animalibus
1057 1927 1293 1983 pascua.
1332 1913 1468 1968 Inde
1501 1912 1813 1969 venientes

143 1998 196 2052 in
229 1996 418 2054 locum
454 2000 554 2071 qui
599 1999 793 2056 dictus
821 2006 912 2057 est
940 2003 1412 2071 Tragachantes,
1466 2003 1817 2067 invenerunt

142 2088 216 2143 ibi
248 2087 533 2160 templum
570 2088 895 2159 Apollonis,
928 2090 1026 2147 ubi
1059 2091 1240 2147 voluit
1277 2092 1608 2148 Alexander
1652 2092 1815 2148 inve-

144 2176 265 2233 nire
288 2175 713 2233 divinationem
738 2193 765 2234 a
792 2178 1016 2247 virgine
1047 2179 1300 2234 Zaehora
1336 2180 1666 2236 sacerdote.
1702 2183 1807 2247 Cui

150 2264 241 2321 illa
264 2264 411 2320 dixit
439 2284 451 2319 :
474 2266 613 2322 Non
637 2266 725 2323 est
742 2266 891 2323 hora
906 2267 1330 2325 divinationis.
1372 2269 1636 2326 Secunda
1670 2286 1809 2327 vero

148 2353 269 2410 vice
290 2352 440 2410 dixit
465 2352 680 2425 Apollo
706 2374 717 2411 :
745 2356 1013 2413 Heracli.
1042 2356 1372 2413 Alexander
1391 2358 1571 2414 dixit:
1598 2361 1642 2415 Ο
1665 2359 1809 2414 Pro-

140 2441 328 2514 pheta,
346 2441 543 2500 michi
565 2455 768 2500 nomen
789 2446 880 2501 est
893 2446 1252 2502 Heraclius?
1281 2460 1411 2517 ergo
1424 2446 1615 2518 periit
1643 2448 1808 2523 dici_

146 2530 298 2587 natio
321 2530 444 2587 tua.
470 2532 618 2586 lnde
654 2532 832 2587 movit
859 2534 1181 2589 exercitum
1207 2538 1263 2589 et
1292 2535 1531 2591 veniens
1560 2535 1806 2596 Thcbai_

149 2616 264 2675 dam
295 2619 440 2675 dixit
471 2618 725 2677 Thebeis
766 2640 777 2674 :
811 2622 968 2681 Date
994 2622 1179 2679 michi
1211 2627 1314 2678 400
1342 2623 1504 2681 siros
1536 2624 1804 2685 armatos

148 2708 244 2778 qui
259 2707 508 2764 veniant
531 2706 600 2764 in
621 2708 994 2780 adjuto-rium
1015 2711 1219 2767 michi.
1246 2710 1334 2765 Illi
1361 2715 1553 2767 autem
1578 2711 1804 2768 clause-

155 2799 277 2852 runt
304 2799 508 2867 portas
548 2797 875 2868 armatique
906 2798 1294 2855 ascendentes
1318 2816 1540 2855 murum
1566 2801 1633 2855 ad
1661 2815 1800 2871 qua-

152 2888 274 2939 tuor
304 2883 478 2954 milia,
523 2884 799 2941 dixerunt
826 2887 878 2941 ei
907 2888 1305 2958 :Aleaander,
1336 2891 1391 2946 si
1422 2902 1534 2944 non
1554 2903 1801 2947 recesse-

155 2973 253 3043 ris,
272 2972 677 3045 pugnabimus
701 2975 903 3030 tecum.
935 2974 1261 3031 Alexander
1283 2977 1594 3032 subridens
1614 2978 1796 3033 dixit:

152 3059 475 3119 Fortissimi
530 3064 759 3121 milites
803 3064 950 3121 sunt
1002 3064 1231 3135 Thebei,
1265 3066 1612 3123 clauserunt
1637 3067 1806 3124 intra

146 3149 353 3221 portas,
371 3152 540 3209 etsic
556 3151 768 3208 dicunt
778 3166 840 3210 se
846 3167 1015 3224 pugn
1029 3168 1134 3211 are
1148 3169 1389 3212 mecum.
1417 3156 1620 3212 Omnis
1640 3154 1806 3211 homo

143 3236 320 3308 fortis
346 3240 556 3297 volens
573 3255 854 3312 pugnare
876 3243 941 3298 in
959 3257 1231 3314 campum
1260 3245 1404 3313 exit,
1429 3259 1546 3301 non
1574 3247 1806 3303 claudi-

164 3325 251 3383 tur
272 3328 434 3385 intra
463 3328 681 3386 urbem
709 3331 871 3387 sicut
894 3331 1083 3402 cirgo.
1122 3334 1188 3387 Et
1225 3334 1488 3405 precepit
1523 3334 1807 3393 militibus

162 3414 269 3472 suis
282 3418 476 3474 urbem
497 3417 866 3490 obpugnare,
883 3426 1229 3491 captamque
1250 3422 1529 3493 incendit,
1549 3438 1699 3479 mur-

168 3516 265 3572 que
292 3519 320 3561 a
355 3505 759 3562 fundamentis
790 3507 960 3563 evelli
997 3509 1330 3580 precipiens
1380 3510 1541 3565 abiit.
1592 3512 1799 3585 Thcbei

157 3603 280 3647 vero
309 3593 400 3663 qui
433 3599 845 3650 remanserant
881 3596 1169 3652 abierunt
1204 3597 1482 3668 Delphum
1510 3600 1577 3654 ad
1606 3600 1794 3671 Apolli

153 3691 285 3749 nem,
317 3695 605 3753 responsa
640 3687 976 3754 querentes,
1009 3684 1056 3740 si
1081 3684 1324 3741 deberet
1354 3686 1563 3742 civitas
1597 3702 1797 3744 eorum

151 3767 490 3826 reaediiicari.
528 3770 750 3837 Quibus
775 3770 991 3829 dictum
1028 3780 1153 3829 est:
1182 3774 1298 3831 Ille
1327 3776 1435 3845 qui
1466 3776 1624 3833 hanc
1648 3778 1798 3834 cici-

152 3854 309 3913 tatem
327 3858 743 3931 aediﬁcaturus
764 3861 869 3930 est,
907 3862 1024 3917 tres
1053 3863 1342 3920 victorias
1372 3862 1630 3936 habebit,
1652 3870 1801 3937 post

152 3956 286 4014 quas
321 3960 444 4003 eam
471 3948 890 4013 recedi/icabit.

216 4031 528 4093 Alexander
560 4042 754 4093 autem
792 4040 1089 4106 proiectus
1114 4045 1201 4095 est
1227 4041 1592 4114 Chorintum,
1628 4059 1796 4116 roga”

152 4128 453 4195 verumque
503 4141 638 4182 eum
692 4126 1013 4183 Cborinthii
1052 4134 1114 4185 ut
1146 4128 1377 4186 luderet
1415 4147 1542 4188 cum
1595 4133 1680 4189 eis
1735 4135 1787 4189 in

153 4210 418 4283 curribus,
435 4218 493 4269 et
519 4213 591 4270 ad
612 4214 720 4271 hoc
743 4217 1146 4286 spectaculum
1170 4226 1570 4276 convenerunt
1596 4222 1784 4278 multi-

150 4294 373 4356 Secutus
393 4304 480 4357 est
502 4305 698 4358 autem
723 4303 1112 4361 Alexandrum
1138 4308 1226 4362 vir
1247 4309 1512 4366 Thebeus
1540 4325 1787 4380 magnus

1836 3202 1887 3267 C

1999 1918 2135 1973 inde
2156 1923 2395 1988 accepta
2423 1916 2648 1985 militia,
2673 1913 2927 1986 perrexit
2958 1907 3446 1966 Lacedemoniam.
3478 1907 3576 1961 La-

1925 2008 2244 2065 cedemonii
2291 2023 2430 2063 vero
2470 2006 2807 2062 clauserunt
2839 2005 3061 2072 portas,
3099 2005 3157 2054 et
3188 1994 3576 2052 ascendentes

1926 2112 2101 2153 naves
2129 2098 2395 2153 exierunt
2428 2095 2480 2150 ei
2512 2095 2739 2150 obviam
2772 2091 2973 2163 praslio
2997 2086 3203 2143 navali.
3243 2083 3571 2141 Alexander

1923 2202 2061 2242 vero
2092 2187 2321 2242 irruens
2350 2201 2414 2241 su
2429 2199 2527 2256 per
2555 2198 2654 2238 eos
2684 2181 2778 2251 qui
2810 2181 2863 2234 in
2894 2177 3074 2233 muris
3104 2178 3270 2231 erant
3303 2171 3570 2228 vulnera-

1922 2276 2040 2345 bat,
2062 2275 2235 2346 quiin
2262 2274 2529 2342 navibus,
2556 2271 2669 2342 igni
2695 2270 2947 2339 desuper
2972 2266 3166 2333 misso,
3195 2261 3564 2318 incendebat.

1918 2364 2112 2420 Multis
2154 2364 2335 2433 igitur
2377 2361 2778 2435 pereuntibus,
2816 2357 2911 2428 qui
2944 2354 3357 2426 superfuerunt
3391 2362 3563 2406 vene-

1917 2458 2047 2510 runt
2082 2454 2150 2508 ad
2184 2453 2361 2524 pedes
2395 2449 2728 2517 Alexandri,
2770 2442 3230 2502 misericordiam
3262 2437 3562 2511 postulan-

1916 2546 2018 2597 tes.
2047 2540 2267 2606 Quibus
2292 2539 2487 2594 statim
2512 2535 2804 2592 concessit
2831 2534 3181 2588 libertatem.
3214 2527 3430 2583 Deinde
3457 2538 3558 2595 per

1915 2628 2171 2685 Ciliciam
2196 2628 2494 2696 ingressus
2513 2631 2601 2680 est
2621 2630 2840 2679 terram
2865 2623 3193 2676 Persarum.
3222 2615 3431 2671 Darius
3455 2613 3560 2668 ita-

1915 2732 2025 2788 que
2055 2729 2418 2785 congregans
2450 2714 2746 2786 principes
2769 2715 2825 2766 et
2850 2708 2975 2779 sapi
3017 2712 3146 2762 ntes
3178 2719 3340 2774 suos,
3370 2701 3561 2758 consi-

1912 2805 2102 2862 silium
2134 2804 2333 2860 habuit
2366 2818 2494 2859 cum
2520 2802 2605 2857 eis
2631 2800 2768 2871 quid
2801 2812 2972 2867 agerc
3002 2794 3325 2860 debuisset,
3352 2794 3408 2845 et
3434 2789 3511 2844 ait
3541 2806 3553 2841 :

1918 2893 2194 2962 Uti-ideo,
2210 2892 2323 2950 iste
2342 2893 2449 2961 qui
2466 2892 2555 2947 sic
2566 2887 2887 2960 pugnando
2908 2886 3098 2952 cadit,
3114 2879 3477 2953 adiungitur
3493 2877 3559 2932 in

1912 2983 2133 3039 virtute
2159 2982 2217 3037 et
2240 2982 2510 3037 victoria.
2547 2982 2672 3049 Ego
2699 2975 3050 3047 reputabam
3080 2974 3255 3029 illum
3283 2968 3444 3027 sicut
3475 2966 3556 3023 la-

1915 3071 2135 3127 tronem
2157 3071 2248 3127 ire
2256 3070 2450 3142 preda
2460 3068 2585 3137 udo,
2612 3068 2717 3123 ille
2737 3065 2934 3122 autem
2952 3063 3110 3121 sicut
3122 3075 3233 3117 rea;
3244 3055 3486 3130 pugnat
3502 3054 3561 3110 et
3630 3096 3645 3099 _

1918 3160 2222 3230 humiliat,
2239 3159 2297 3216 et
2308 3159 2595 3231 quantum
2610 3171 2713 3214 nos
2725 3155 2990 3212 colamus
3006 3165 3120 3208 esca
3128 3148 3273 3207 ltari
3291 3159 3467 3217 super
3481 3143 3556 3199 il-

1919 3251 2057 3319 lum,
2085 3250 2247 3306 tanto
2270 3249 2530 3320 amplius
2558 3244 2867 3303 exaltatur
2894 3256 3102 3299 nomen
3130 3239 3277 3309 ejus.
3312 3233 3551 3300 Dubito,

1914 3353 1987 3395 ne
2005 3338 2249 3409 adjuvet
2262 3337 2435 3393 illum
2454 3337 2662 3393 dicina
2678 3332 3077 3405 prouidentia,
3094 3328 3292 3385 colens
3309 3324 3409 3383 illi
3427 3337 3557 3381 con-

1913 3427 2114 3484 cedere
2132 3429 2301 3498 regni
2323 3425 2633 3497 dyadema,
2653 3424 2724 3479 ut
2736 3422 2894 3481 sicut
2906 3434 3009 3477 nos
3027 3417 3354 3490 optavimus
3372 3413 3556 3469 eicere

1910 3517 2087 3572 illum
2105 3516 2174 3571 de
2189 3516 2433 3583 Ellada,
2458 3516 2547 3571 ita
2565 3527 2669 3570 nos
2687 3512 2870 3569 eiciat
2888 3510 2994 3567 ille
3013 3508 3081 3564 de
3097 3504 3364 3562 Persida.
3397 3501 3560 3559 Unde

1908 3606 1964 3663 si
1982 3605 2195 3675 placet,
2227 3605 2545 3675 cogitemus
2567 3602 2636 3658 de
2655 3601 2850 3657 salute
2877 3598 3102 3665 nostra,
3133 3608 3238 3652 nec
3267 3590 3557 3663 despicia-

1905 3707 2038 3750 mus
2050 3692 2223 3750 illum
2234 3692 2542 3763 superbien
2552 3690 2621 3746 do
2634 3704 2740 3761 pro
2754 3689 2859 3745 hoc
2870 3686 3019 3757 quia
3037 3686 3296 3741 tenemus
3307 3693 3557 3751 regnum

1906 3779 2251 3845 Persarum,
2275 3794 2349 3836 ne
2353 3779 2522 3851 forte
2532 3777 2813 3848 parcitas
2832 3774 3001 3829 illius
3023 3765 3560 3837 crescatetmagni-

1908 3868 2045 3924 tudo
2067 3876 2270 3924 nostra
2294 3866 2548 3938 deficiat.
2580 3868 2709 3920 l'zec
2732 3863 2964 3917 dicente
2995 3858 3187 3926 Dario,
3222 3854 3552 3921 Ocsiatber,

1907 3957 2088 4011 frater
2112 3956 2267 4025 regis
2293 3954 2466 4021 Darii,
2494 3953 2637 4008 dixit
2668 3970 2679 4008 :
2703 3946 3120 4021 Magniﬁcasti
3146 3942 3558 4000 Alexandrum

1907 4043 2255 4100 dimittenda
2285 4045 2385 4101 illi
2416 4044 2719 4109 Ellaaam,
2757 4040 2815 4096 et
2830 4040 2896 4094 in
2916 4038 3023 4093 hoc
3031 4033 3329 4106 ﬁduciam
3348 4030 3403 4087 ei
3425 4044 3556 4086 con-

1903 4135 2154 4204 cessisti,
2207 4134 2276 4189 ut
2325 4134 2464 4204 plus
2517 4128 2872 4187 eaardescat
2924 4123 3157 4197 ingredi
3213 4120 3548 4178 Persidam.

1905 4223 1964 4293 (f.
1986 4225 2134 4296 204.)
2163 4223 2345 4291 Unde,
2369 4220 2424 4278 si
2447 4219 2559 4277 tibi
2568 4217 2789 4291 placet,
2800 4217 2917 4289 fac
2935 4214 3095 4273 sicut
3112 4211 3219 4269 ille
3224 4208 3424 4284 facit;
3443 4207 3552 4265 ille

1902 4315 2138 4386 quippe,
2159 4311 2395 4384 quando
2410 4325 2486 4366 cu
2495 4310 2545 4365 lt
2544 4320 2823 4381 pugnare
2838 4319 2971 4361 cum
2987 4304 3214 4375 aliquo,
3229 4313 3344 4355 non
3357 4297 3556 4386 mittit

151 4387 198 4437 et
241 4385 544 4461 gloriosus,
593 4390 687 4446 cui
739 4405 945 4448 nomen
1001 4394 1388 4467 Clytomagus.
1446 4399 1791 4456 Astantibus
1896 4385 2220 4473 principes,
2243 4400 2347 4458 sed
2354 4412 2461 4472 per
2481 4397 2865 4468 semetipsum
2891 4392 3079 4463 cadit,
3114 4391 3171 4447 et
3200 4385 3547 4445 antecedens

153 4483 273 4560 vero
298 4476 366 4532 ad
394 4478 502 4535 hoc
532 4479 936 4549 Spectaculum
975 4482 1120 4538 dixit
1155 4483 1517 4543 Alexander:
1550 4488 1695 4554 Quis
1717 4502 1792 4543 ex
1848 4559 1851 4560 ν
1902 4503 2095 4546 omnes
2112 4473 3435 4560 satrapas,pugnatciriliter,etacquiritsibi
3450 4485 3551 4527 no-

152 4558 295 4646 nobis
323 4567 481 4623 eaiet
505 4565 743 4626 luctans
774 4569 838 4625 in
867 4568 1005 4625 ludo
1050 4572 1198 4629 isto?
1239 4573 1338 4629 Cui
1376 4574 1789 4646 Clytouiaebus
1818 4559 1872 4622 D
1902 4593 2031 4634 men
2047 4558 2447 4634 etcictoriam.
2477 4576 2639 4630 Alius
2665 4577 2897 4644 satrapa
2919 4568 3099 4626 dixit:
3122 4561 3551 4623 Alemanderin

156 4644 278 4705 dixit
296 4652 394 4710 :Si
402 4654 612 4726 placet
614 4656 905 4728 potestati
927 4659 1157 4729 vetem,
1179 4674 1281 4731 ego
1295 4644 1572 4734 pugnabo
1590 4667 1650 4721 et
1661 4666 1791 4722 oin-

154 4748 280 4794 cam.
308 4741 632 4800 Alexander
656 4744 803 4801 dixit
832 4747 942 4804 :Si
973 4748 1092 4805 tres
1117 4749 1349 4813 ciceris.
1384 4753 1781 4824 coronaberis,

155 4824 207 4891 (f.
236 4828 375 4903 202.)
409 4832 695 4902 Pugnavit
734 4848 895 4904 ergo,
945 4835 1199 4907 vicitque
1239 4842 1295 4892 et
1337 4838 1485 4897 alios
1514 4840 1694 4909 duos;
1728 4850 1786 4899 et

1900 4666 2168 4723 omnibus
2182 4666 2311 4737 peri
2321 4665 2585 4722 tissimus
2598 4663 2702 4732 est,
2718 4662 2775 4716 et
2784 4660 2849 4715 in
2862 4657 3022 4714 nullo
3041 4652 3309 4728 ofendit,
3324 4648 3551 4704 munia-

1898 4770 2014 4828 que
2028 4756 2087 4811 ci
2090 4755 2199 4811 rili
2205 4755 2291 4810 ter
2303 4767 2497 4824 agens,
2507 4752 2775 4823 formam
2787 4745 3135 4803 etcirtutem
3147 4741 3224 4798 ha
3233 4739 3325 4796 bet
3337 4737 3543 4828 leonis.

1905 4827 2068 4912 Quod
2081 4845 2136 4901 si
2156 4845 2201 4900 ti
2208 4843 2265 4900 bi
2274 4843 2495 4915 placet,
2518 4839 2688 4897 mitte
2702 4839 2767 4894 in
2783 4848 2977 4892 omnes
2982 4833 3159 4905 fines
3177 4830 3324 4897 tuos,
3346 4827 3401 4883 et
3414 4834 3548 4915 con-

155 4909 285 5006 dixit
316 4916 398 4973 illi
431 4926 781 4991 preconator
813 4941 824 4976 :
858 4924 971 4981 Dic
1010 4923 1175 4983 nobis
1216 4940 1425 4983 nomen
1457 4929 1639 4986 tuum.
1679 4923 1783 4998 Qui
1891 4909 2083 5006 girega
2103 4909 2384 5003 satrapas
2411 4909 2670 4986 omnium
2692 4926 2992 4999 gentium;
3022 4919 3167 4977 sunt
3190 4918 3347 5006 enim
3376 4913 3548 5006 nobis

154 5001 222 5056 ait
254 5023 265 5058 :
293 5007 441 5064 Sine
478 5009 740 5067 civitate.
787 5012 1041 5069 Audiens
1079 5014 1187 5071 hoc
1231 5016 1561 5072 Alexander
1590 5019 1738 5075 dixit
1772 5053 1784 5088 ε

1892 5002 2097 5094 gentes
2110 5002 2386 5092 plurima:
2393 5017 2532 5088 plus
2548 5031 2729 5088 quam
2746 5016 2975 5072 centum
2995 5002 3467 5082 quinquaginta,
3489 5004 3553 5058 et

156 5088 199 5182 ρ
212 5088 537 5182 beatissime
562 5098 620 5155 et
638 5098 1042 5170 pulcherrime
1072 5102 1347 5175 certatur,
1382 5107 1454 5162 ut
1475 5108 1628 5179 quid
1653 5111 1745 5167 sin
1759 5135 1791 5181 ι
1892 5088 2218 5182 queramus
2236 5106 2537 5163 auaritiam
2551 5119 2589 5161 a
2604 5105 2741 5162 diis.
2760 5106 2899 5159 Dum
2918 5114 3058 5170 ergo
3077 5095 3285 5153 Darius
3302 5105 3546 5162 congre-

152 5176 405 5267 cicitate?
429 5181 841 5253 Clytomacbus
865 5187 1009 5243 dixit
1039 5208 1051 5243 :
1076 5188 1297 5260 Magne
1320 5176 1661 5267 imperator,
1683 5176 1788 5259 an:

1898 5202 2029 5268 gata
2063 5195 2435 5252 multitudine
2478 5192 2910 5260 consiliaretur,
2954 5184 3284 5244 Alexander
3324 5196 3543 5239 moram

153 5260 367 5359 italiam
384 5269 448 5324 tu
464 5283 634 5341 esses,
659 5272 845 5331 habui
862 5274 1186 5347 civitatein,
1210 5293 1366 5337 nunc
1387 5260 1588 5341 autem
1600 5260 1711 5359 per
1732 5292 1786 5348 te
1896 5260 2115 5343 iaciens
2141 5285 2195 5339 in
2221 5283 2440 5351 Cilicia,
2467 5281 2621 5335 venit
2648 5280 2715 5335 ad
2742 5278 3027 5349 quandam
3048 5290 3253 5347 aquam
3276 5272 3546 5345 pulcher~

151 5349 430 5440 civitatem
451 5372 569 5417 non
595 5360 797 5418 habeo.
820 5362 1113 5419 lntellexit
1145 5365 1254 5421 hoc
1286 5349 1628 5440 responsum
1655 5377 1784 5434 Ale-

154 5439 355 5527 xander
384 5449 441 5499 et
468 5446 617 5502 dixit
637 5452 1004 5520 preconatori
1030 5471 1043 5506 :
1079 5453 1414 5527 Vociferare
1439 5461 1508 5516 ut
1532 5461 1619 5519 sit
1640 5465 1779 5523 Tlte-

157 5521 295 5616 ὀρεία,
317 5531 376 5588 et
395 5534 739 5605 potestatem
760 5539 984 5599 habeat
1006 5521 1422 5616 readiﬂcandi
1450 5550 1567 5607 cici
1575 5521 1771 5611 tatem.

217 5613 437 5713 Exiens
463 5622 592 5680 inde
640 5626 965 5685 Alexander
994 5631 1154 5687 venit
1184 5613 1460 5708 Athenas,
1496 5640 1766 5713 misitque

156 5699 218 5757 ad
245 5703 610 5773 Athenienses
639 5714 694 5772 in
722 5716 828 5779 hec
856 5720 1074 5778 verba:
1109 5720 1328 5783 Nichil
1347 5736 1387 5783 a
1409 5699 1573 5787 vobis
1595 5699 1741 5804 opto,

1894 5374 2117 5440 rimam,
2137 5377 2195 5429 et
2220 5370 2496 5427 acciditei
2514 5367 2826 5424 delectatio
2851 5372 2913 5421 ut
2935 5366 3233 5422 lavaretur
3253 5364 3307 5418 in
3327 5363 3540 5431 eo,sed

1893 5478 1997 5536 per
2027 5461 2405 5534 frigiditatem
2438 5456 2823 5531 apprehendit
2853 5471 2985 5514 eum
3016 5455 3183 5513 dolor
3212 5452 3443 5523 capitis,
3478 5458 3540 5509 ct

1890 5552 2178 5624 egrotavit
2206 5551 2455 5608 fortiter.
2492 5549 2655 5618 Quod
2677 5548 2947 5606 videntes
2970 5544 3332 5615 Macedones,
3367 5541 3538 5599 valde

1891 5643 2095 5699 tristes
2115 5641 2304 5698 cﬂ‘ecti
2329 5645 2487 5709 sunt,
2515 5642 2845 5697 metuentes
2869 5652 2939 5695 ne
2961 5636 3188 5696 audiret
3221 5632 3446 5701 Darius,
3473 5634 3531 5687 et

1866 5734 2104 5804 faceret,
2123 5744 2300 5804 super
2320 5744 2422 5788 eos
2445 5730 2723 5805 impetum
2754 5734 2927 5805 atque
2958 5729 3183 5787 deleret
3211 5724 3362 5780 illos.
3398 5718 3534 5784 Qui-
