3898 6314
431 297 548 365 575
1587 287 2068 358 EKKEHARDI
2113 285 2666 351 UR-AUGIENSIS
3679 284 3770 370 576

431 435 560 494 dam
583 448 724 492 vero
741 429 972 506 juvenis
990 429 1219 488 nomine
1238 428 1581 503 Pbylippus,
1602 443 1768 500 quem
1794 427 1969 498 dilige

2232 440 2403 500 ebitis
2420 438 2837 500 Macedoniam
2880 437 3004 498 nisi
3017 439 3198 511 prius
3217 436 3406 497 cicero
3433 440 3650 499 cunctos
3673 438 3771 500 bar-

431 523 759 582 Alexander
777 521 914 610 quia
931 521 1192 610 medicus
1211 525 1358 587 erat,
1380 518 1708 610 promisitei
1728 533 1789 573 se
1805 518 2071 610 daturum
2187 529 2378 598 ιανοε,
2405 529 2772 603 conferretur
2795 541 2960 586 mens
2987 527 3208 598 rostra,
3233 527 3290 584 et
3291 525 3585 600 fortitudo
3603 543 3772 610 pugno

431 613 724 686 potionem
751 609 902 668 unde
925 625 1100 667 sanus
1123 609 1308 664 ﬁeret.
1337 607 1616 678 Princeps
1637 612 1829 662 autem
1855 606 2075 662 militiae
2184 619 2491 678 “timeum-
2519 617 2682 676 υοδίε
2699 619 2895 690 jam”,
2931 616 3156 684 Quibus
3189 615 3268 672 ita
3296 606 3647 688 οοηῑοιοιειιίέ,
3671 633 3771 677 ecce

431 703 687 773 quidam,
723 700 820 771 qui
854 700 1090 754 tenebat
1133 697 1478 767 Armeniam,
1521 696 1654 752 odio
1691 697 1891 752 habuit
1923 695 1970 750 hl

2232 707 2500 764 iultitudo
2533 706 2780 763 militum
2818 704 2969 762 Darii
3014 703 3366 776 applicuisse
3395 705 3682 762 nunciatur
3704 723 3771 764 su-

432 790 738 860 medicum,
773 789 904 859 quia
935 787 1289 856 diligebatur
1313 802 1341 841 θ
1367 801 1522 856 rese,
1555 787 1935 854 scribensque
1957 783 2076 854 epi-
2187 809 2290 866 per
2321 794 2554 851 ﬂuvium
2587 794 2800 865 Tigrin.
2846 793 3148 864 Principes
3185 797 3372 849 autem
3403 791 3612 850 militiae
3637 808 3770 867 super

433 877 640 935 stolam
671 877 886 933 direxit
919 876 1248 933 Alexandro
1278 875 1481 931 dicens
1511 895 1522 930 :
1561 875 1784 932 Caveas
1814 873 1868 930 te
1896 887 1933 930 α
1961 885 2078 928 ine-
2185 898 2288 940 eos
2335 887 2501 940 erant
2553 883 2825 955 quinque.
2884 885 3288 939 Convenerunt
3329 881 3506 951 igitur
3533 882 3585 938 in
3613 896 3773 956 campo

433 967 561 1025 dico
591 966 892 1038 Phglippo
923 964 1012 1035 ²⁰³,
1047 965 1106 1022 et
1129 979 1202 1022 ne
1233 965 1398 1022 bibas
1425 964 1716 1035 potionem
1745 966 1894 1036 ejus,
1927 963 2077 1034 quia
2187 971 2514 1029 Alexander
2565 988 2694 1028 cum
2747 971 2870 1028 suis
2899 975 2955 1027 et
2993 970 3286 1042 principes
3315 969 3532 1026 militias
3559 971 3708 1040 Darii,
3730 977 3773 1028 et

425 1055 710 1128 promisit
725 1057 778 1111 ei
802 1056 1028 1111 Darius
1045 1068 1157 1111 rea:
1175 1067 1432 1110 sororem
1457 1068 1629 1111 suam
1649 1054 1712 1109 in
1735 1053 2077 1124 confugium
2186 1061 2403 1117 acriter
2434 1063 2860 1133 pugnaverunt.
2910 1061 3011 1115 Vir
3047 1064 3239 1116 autem
3271 1058 3500 1129 quidam
3531 1057 3597 1114 de
3622 1060 3774 1116 Persis

430 1143 577 1200 dare
615 1144 672 1200 et
707 1143 1029 1202 consortem
1060 1145 1234 1215 regni
1259 1142 1492 1216 facere,
1542 1144 1596 1199 εἰ
1635 1140 1966 1212 ίηίθνπσίαί
2001 1141 2072 1196 τεο
2186 1149 2376 1206 animo
2400 1164 2558 1221 acer,
2583 1151 2830 1206 induens
2855 1164 2918 1205 se
2939 1153 3163 1204 vestem
3187 1151 3420 1204 etarma
3445 1146 3772 1220 Macedonica,

432 1231 574 1286 Cum
610 1237 803 1289 autem
837 1238 1210 1304 preparasset
1249 1232 1567 1304 Phylippus
1601 1230 1911 1301 potionem,
1951 1245 1971 1300 ῃ

2236 1237 2331 1294 biit
2380 1237 2650 1294 occidere
2703 1237 3116 1307 Alexandrum,
3169 1235 3498 1306 mixtusque
3545 1233 3775 1292 militibus

431 1319 580 1374 tavit
606 1325 740 1376 ante
766 1334 990 1390 regem;
1016 1321 1112 1377 sed
1138 1325 1445 1390 antequam
1471 1321 1716 1388 biberet,
1739 1317 2079 1388 supervenit
2187 1327 2316 1396 ejus
2357 1332 2484 1398 ροει
2522 1331 2745 1397 tergum
2789 1326 2968 1394 illius,
3012 1325 3437 1396 evaginatoque
3473 1321 3651 1393 gladio
3686 1325 3775 1380 tam

434 1407 686 1478 epist-013
713 1408 829 1464 illa-
859 1409 965 1474 Qui
986 1409 1347 1480 θεοίρίθηεθῑ
1369 1408 1568 1478 legens
1593 1413 1900 1478 δηιοαυειῐη
1923 1406 2082 1461 bibe'
2192 1415 2424 1472 fortiter
2454 1416 2748 1486 percussit
2781 1419 2955 1486 caput
2986 1399 3132 1484 ejus,
3159 1418 3221 1470 ut
3247 1417 3302 1468 et
3327 1411 3544 1483 galeam
3575 1412 3778 1467 transfo-

436 1501 544 1567 ret,
577 1513 690 1554 non
723 1504 813 1554 est
845 1501 1138 1568 turbatus,
1165 1499 1296 1568 quia
1323 1499 1394 1554 de
1419 1497 1528 1554 ﬁde
1557 1497 1821 1568 Phylippi
1846 1496 1970 1552 erat
1995 1510 2081 1552 se”
2190 1508 2348 1560 raret
2381 1506 2438 1559 et
2471 1508 2643 1574 caput
2677 1501 3032 1560 vulneraret.
3079 1501 3402 1572 Statimque
3439 1498 3778 1571 apprehende-

426 1597 626 1639 curus.
673 1587 896 1641 Tenens
939 1585 1134 1654 itaque
1174 1600 1283 1641 una
1327 1599 1496 1639 manu
1526 1583 1853 1654 epistolam,
1896 1582 1965 1638 all

2234 1596 2324 1647 unt
2349 1607 2479 1648 eum
2504 1591 2720 1648 milites
2753 1589 3084 1660 Alexandri,
3113 1593 3170 1645 et
3201 1589 3492 1646 duxerunt
3513 1592 3633 1644 ante
3659 1600 3773 1644 eum.

424 1671 727 1743 θεοίρίθηε
753 1673 1062 1743 tuitionem,
1091 1673 1446 1743 reSpiCiebat
1472 1673 1524 1726 Ῑῐι
1552 1672 1752 1728 faelem
1785 1670 2074 1742 Phl'lippi-
2195 1681 2296 1736 Cui
2327 1680 2473 1735 dixit
2510 1680 2838 1736 Alexander
2872 1697 2884 1736 :
2921 1681 2966 1736 Ο
2995 1678 3234 1737 strenue
3259 1678 3378 1746 cir,
3409 1675 3554 1748 quid
3577 1676 3656 1734 est
3675 1676 3779 1732 hoc!

427 1758 526 1814 Cui
580 1759 726 1862 dixit
768 1761 1732 1866 Phyl‘ipplls'211Y01‘i'f$ﬂafcscdre
1757 1761 2076 1866 potionem,
2109 1805 2163 1866 B
2195 1769 2293 1823 Cui
2320 1769 2604 1824 barbarus
2625 1768 2706 1822 ait
2734 1787 2745 1822 :
2771 1768 2860 1826 Ne
2881 1768 3116 1824 estimes
3133 1781 3242 1836 me,
3269 1764 3608 1833 dominator,
3629 1762 3779 1822 Macc-

421 1860 638 1917 magne
657 1851 998 1920 imperator,
1019 1850 1120 1906 sed
1137 1849 1264 1906 bibe
1282 1849 1474 1906 illam.
1500 1849 1704 1904 Statim
1725 1848 1908 1904 ebibit
1929 1862 2074 1904 eam-
2109 1848 2163 1866 “
2192 1858 2397 1913 donem
2427 1871 2568 1927 esse,
2603 1857 2794 1913 Ρεγειι
2817 1869 2949 1912 sum
2967 1853 3054 1910 ίοδ,
3089 1853 3354 1912 Promisi
3383 1853 3559 1910 Dario
3585 1853 3780 1925 auferre

423 1935 492 1990 Et
538 1941 847 2006 postquam
893 1939 1062 2008 bibit,
1109 1939 1372 2010 porrexit
1422 1938 1730 2010 epistolam
1773 1937 2076 2010 Phylippo.
2192 1947 2375 2017 caput
2395 1945 2582 2016 tuum,
2605 1945 2784 2002 etille
2803 1944 3115 2016 spopondit
3137 1943 3326 2000 michi
3343 1940 3544 2014 ﬁliam
3567 1941 3779 1998 suam“

423 2023 658 2082 Relecta
689 2027 1010 2099 Pbylippus
1051 2027 1298 2098 epistola
1334 2027 1478 2082 dixit
1514 2047 1525 2082 :
1560 2029 1692 2084 Non
1717 2042 1849 2086 sum
1879 2029 2084 2100 culpa“
2192 2035 2536 2107 coniugium
2565 2034 2625 2090 et
2647 2033 2882 2104 regales
2911 2032 3272 2104 provincias.
3317 2032 3471 2087 Tunc
3509 2027 3778 2086 Alexander

424 2111 582 2183 bilis,
618 2117 979 2186 Alexander,
1011 2117 1169 2174 sicut
1196 2117 1316 2174 hac
1345 2115 1595 2187 epistola
1626 2116 1792 2173 dicit.
1830 2118 1951 2174 Rex
1981 2115 2084 2173 au'
2192 2123 2451 2178 ostendit
2483 2137 2613 2178 eum
2647 2122 2916 2178 omnibus
2946 2120 3181 2176 milibus
3211 2118 3354 2190 suis,
3386 2124 3446 2176 et
3475 2117 3609 2174 dixit
3637 2135 3648 2172 :
3686 2115 3780 2172 Viri

420 2207 538 2260 tem
570 2219 748 2261 sanus
779 2207 1046 2276 efl‘ectus,
1083 2206 1312 2262 vocavit
1343 2205 1710 2276 Phylippum,
1747 2200 2082 2277 amplcxan'
2188 2203 3781 2279 Macedones,cmeenitomnibusmilitibustalemltabere

429 2307 570 2362 sque
621 2293 832 2349 collum
891 2296 1038 2366 ejus,
1102 2294 1295 2350 dixit:
1334 2295 1694 2365 Cognovisti,
1754 2295 2074 2366 Pliglippe’
2172 2299 2626 2372 fortitudinem,
2647 2297 3000 2354 etcontinuo
3024 2295 3433 2352 dimisitillum
3456 2291 3778 2364 abire,cmpit

421 2383 715 2449 quantum
755 2384 808 2438 te
845 2384 1120 2454 diligam,
1161 2384 1219 2438 et
1253 2398 1436 2452 quam
1463 2383 1762 2454 ﬁduciam.
1793 2385 1856 2439 in
1889 2384 1942 2438 te
1974 2383 2080 2439 Iza'
2189 2401 2298 2458 quc
2349 2400 2604 2458 pugnare
2655 2385 2906 2454 iortiter,
2952 2389 3008 2440 et
3046 2383 3392 2441 ceciderunt
3457 2397 3526 2439 ex
3565 2377 3778 2438 barbaris

421 2469 602 2540 beam,
628 2473 735 2542 qui
748 2474 928 2542 prius
945 2473 1242 2542 potionem
1270 2471 1412 2542 bibi,
1437 2472 1493 2527 et
1511 2471 1601 2528 sic
1621 2471 1932 2542 epistolam
1962 2466 2078 2527 tibi
2187 2475 2378 2532 mu'ti.
2411 2474 2517 2540 Qui
2549 2473 2818 2532 videntes
2847 2488 2910 2530 se
2942 2473 3184 2529 multum
3214 2473 3416 2542 minui,
3451 2471 3710 2542 fugerunt,
3735 2471 3776 2523 et

410 2561 697 2628 porrexi?
723 2561 822 2617 Cui
847 2560 1168 2632 Pbylippus
1188 2561 1334 2616 dixit
1366 2579 1378 2614 :
1406 2561 1525 2618 Fac
1545 2560 1744 2616 centre
1766 2561 1958 2630 ipsum
1979 2561 2078 2616 Ιιο·
2189 2567 2533 2634 persecutus
2558 2565 2648 2618 est
2673 2575 2858 2632 usque
2885 2562 3142 2618 Bactram
3167 2565 3227 2616 et
3249 2559 3548 2632 applicuit.
3579 2555 3684 2614 Alia
3711 2553 3778 2610 die

415 2649 658 2717 minem,
703 2650 808 2720 qui
848 2649 1003 2706 banc
1042 2649 1349 2720 epistolam
1385 2649 1494 2704 tibi
1527 2649 1774 2716 direxit,
1808 2649 1958 2719 quia
1985 2662 2076 2704 me
2185 2650 2573 2724 apprehendit
2602 2649 2922 2720 civitatem,
2956 2649 3295 2719 invenitque
3318 2648 3398 2704 ibi
3417 2651 3640 2703 matrem
3659 2641 3775 2699 Darii

415 2735 527 2792 tibi
559 2736 716 2794 talia
737 2753 847 2809 pro
870 2739 1067 2796 salute
1091 2739 1197 2794 tua
1211 2739 1428 2810 facere
1459 2738 1584 2800 ipse
1611 2738 1820 2794 noluit.
1855 2738 2072 2794 iubens
2183 2745 2242 2795 et
2277 2754 2514 2796 uxorem
2547 2739 2907 2810 eandemque
2947 2751 3208 2794 sororem
3236 2741 3298 2792 et
3331 2736 3476 2793 duas
3503 2734 3640 2791 tilias
3663 2729 3774 2802 ejus,

411 2838 552 2894 ergo
604 2825 763 2882 illum
823 2827 1022 2883 venire
1090 2827 1392 2897 inquisivit
1448 2841 1600 2897 eum,
1656 2826 2072 2896 invenieusque
2185 2828 2494 2900 posuitque
2519 2827 2573 2883 in
2597 2841 2662 2884 ea
2691 2827 2931 2883 civitate
2961 2825 3169 2883 solium
3202 2839 3395 2896 suum,
3419 2827 3476 2880 et
3498 2818 3774 2893 subiugavit

412 2913 788 2984 culpabilem,
824 2915 1006 2984 jussit
1041 2915 1342 2972 decollari.
2181 2915 2293 2970 sibi
2316 2929 2516 2972 omnes
2547 2914 3000 2985 circumpositas
3026 2913 3323 2969 civitates.
3357 2914 3497 2968 Post
3526 2911 3634 2966 haec
3660 2919 3774 2964 unus

481 3003 696 3058 Dehine
747 3019 983 3061 movens
1027 3005 1372 3074 exercitum,
1413 3003 1571 3059 venit
1626 3002 1682 3057 in
1731 3002 1970 3058 Mediam
2011 3006 2072 3057 et
2179 3017 2251 3060 ex
2280 3004 2643 3077 principibus
2685 3003 2908 3060 militiae
2949 3001 3102 3059 Darii
3145 3000 3503 3074 presumpsit
3527 2997 3700 3055 venire
3721 2993 3772 3049 ad

412 3091 738 3147 Armeniam
781 3107 1065 3162 magnam,
1097 3098 1156 3148 et
1187 3092 1522 3162 subjugavit
1551 3106 1672 3160 eas,
1709 3089 1918 3148 deinde
1951 3105 2071 3146 am-
2117 3160 2134 3162 Α
2181 3091 2594 3162 Alexandrum,
2636 3095 2696 3148 et
2739 3091 2885 3147 dixit
2933 3091 2984 3146 ei
3022 3109 3034 3144 :
3070 3089 3426 3146 Dominator
3465 3080 3772 3150 Alexander,

411 3177 634 3234 bulavit
663 3180 790 3236 dies
823 3160 1058 3249 multos,
1084 3187 1144 3236 et
1166 3160 1466 3249 ingressus
1497 3185 1592 3234 est
1621 3178 1809 3235 locum
1835 3178 2067 3234 aridum
2101 3160 2148 3222 C
2175 3182 2448 3252 princeps
2467 3160 2708 3238 militiae
2728 3179 2911 3237 Darii
2931 3193 3082 3249 sum,
3107 3179 3166 3234 et
3171 3177 3511 3250 plurimum
3528 3175 3620 3233 illi
3635 3169 3775 3231 servi-

409 3270 467 3321 et
511 3282 916 3338 cavernosum,
959 3268 1014 3323 in
1057 3284 1170 3340 quo
1213 3283 1323 3324 non
1366 3267 1774 3323 inveniebatur
1807 3281 1973 3337 aqua,
2009 3273 2068 3324 et
2175 3268 2540 3335 ci,etnicbil
2563 3269 2811 3340 dignum
2839 3266 2913 3324 ab
2943 3279 3004 3324 eo
3027 3265 3252 3338 recepi:
3283 3267 3342 3324 si
3373 3263 3482 3322 tibi
3496 3259 3692 3335 placet,
3717 3257 3776 3314 do

409 3355 703 3412 transiens
738 3372 838 3426 per
861 3356 1047 3412 locum
1073 3357 1168 3428 qui
1194 3357 1390 3413 dictus
1412 3361 1506 3413 est
1531 3355 1878 3425 Andriacus,
1907 3356 2068 3411 venit
2175 3355 2342 3414 nobis
2361 3357 2554 3414 decem
2567 3356 2742 3414 milia
2764 3355 3152 3426 armatorum,
3169 3353 3225 3410 et
3241 3367 3348 3426 ego
3366 3352 3513 3410 dabo
3519 3348 3776 3422 principe!

407 3444 480 3500 ad
513 3444 749 3500 ﬂuvium
777 3446 1072 3502 Eufraten.
1111 3448 1339 3501 Ponens
1369 3461 1508 3515 ergo
1532 3449 1746 3513 castra,
1777 3445 1960 3516 jussit
1988 3445 2068 3500 af‘
2175 3447 2406 3504 nostros
2437 3447 2495 3503 et
2523 3446 2719 3518 ipsum
2747 3445 3024 3504 Darium.
3064 3443 3398 3501 Alexander
3428 3440 3604 3498 dixit:
3627 3437 3776 3506 Perge

412 3531 550 3588 ferri
585 3533 758 3603 libna,
793 3539 850 3590 et
881 3535 1219 3605 preparavit
1257 3540 1491 3605 pontem
1526 3547 1704 3604 super
1735 3533 1926 3604 ipsum
1963 3534 2067 3589 ﬂu-
2175 3535 2596 3592 auxiliaturus
2624 3547 2824 3606 regem
2847 3533 3032 3602 tuum,
3058 3533 3206 3604 quia
3225 3546 3346 3588 non
3365 3525 3778 3589 credunteatra-
3850 3537 3851 3542 ‘

409 3621 564 3677 vium
597 3637 727 3678 cum
763 3623 979 3678 tabulis
1000 3627 1059 3678 et
1079 3623 1306 3679 catenis
1335 3623 1562 3691 ferreis,
1592 3621 1890 3692 jussitque
1920 3620 2066 3676 mili-
2173 3625 2291 3691 nei,
2306 3623 2630 3694 postquam
2647 3622 2776 3679 tuos
2797 3620 2890 3679 cis
2913 3632 3275 3692 expugnare.
3303 3617 3598 3688 Principes
3620 3615 3775 3670 autem

407 3709 568 3766 tibus
595 3709 716 3766 suis
757 3714 820 3766 ut
850 3711 1190 3768 transirent.
1235 3711 1340 3778 Qui
1373 3725 1502 3766 cum
1537 3709 1897 3779 dubitarent,
1935 3721 2066 3781 pre'
2173 3711 2327 3766 Darii
2348 3709 2527 3766 Fictir
2545 3714 2602 3766 et
2624 3709 2896 3780 Stapsiet
2916 3707 3540 3780 Nostadiscripserunt
3559 3700 3706 3758 Dario
3723 3697 3775 3754 de

407 3799 567 3872 cepit
587 3799 935 3858 custodibus
957 3801 1290 3857 animalium
1318 3806 1379 3856 ut
1407 3799 1726 3856 transirent
1751 3814 1880 3855 cum
1905 3799 2060 3854 omni
2176 3798 2346 3854 factis
2365 3796 2697 3866 Alexandri,
2717 3796 2870 3867 quod
2889 3801 2949 3853 et
2968 3799 3185 3852 terram
3205 3794 3522 3867 dissiparet
3535 3794 3588 3848 et
3603 3785 3774 3844 multos

407 3893 690 3960 apparatu
742 3893 800 3945 et
849 3890 1110 3960 cibariis,
1155 3893 1216 3946 et
1267 3894 1398 3961 post
1451 3889 1574 3946 haec
1615 3888 1791 3958 jussit
1849 3888 2064 3945 milites
2175 3887 2492 3956 occideret,
2518 3889 2576 3942 et
2619 3884 2785 3941 multi
2809 3900 2879 3940 ex
2901 3885 3025 3941 suis
3051 3874 3774 3964 potentissimisjunxissent

405 3977 675 4034 transire.
709 3978 932 4046 Quibus
957 3977 1143 4034 adhuc
1167 3978 1576 4035 dubitantibus
1599 3981 1656 4032 et
1681 3977 1935 4032 validum
1963 3977 2064 4032 llu-
2175 3990 2236 4032 se
2261 3975 2589 4030 Alexandro
2607 3977 2662 4030 et
2685 3971 2914 4042 regales
2935 3971 3270 4044 provincias
3295 3969 3616 4038 multosque
3633 3965 3776 4021 hono-

403 4065 481 4120 vii
509 4064 577 4098 ²⁰⁴
605 4080 841 4122 cursum
882 4067 1302 4135 metuentibus,
1347 4066 1471 4136 ipse
1505 4065 1726 4136 primus
1763 4063 2058 4132 transivit,
2175 4078 2270 4120 res
2292 4062 2626 4133 acciperent
2650 4062 2722 4118 ab
2743 4075 2834 4132 eo,
2858 4061 3104 4130 ideoque
3128 4055 3574 4132 prospiciatsibi
3591 4057 3644 4112 et
3665 4049 3772 4117 illis,

404 4152 608 4224 sicque
648 4168 850 4210 omnes
897 4155 1084 4210 secuti
1133 4158 1286 4211 sunt.
1324 4155 1384 4224 (f.
1417 4154 1568 4226 205.)
1599 4153 1837 4210 Fluvius
1866 4158 2060 4209 autem
2175 4155 2484 4221 antequam
2531 4147 2897 4220 ingrediatur
2927 4147 2997 4204 ad
3028 4162 3179 4204 eum.

403 4241 606 4311 Tygris
633 4245 689 4296 et
721 4243 1020 4298 Eulratres
1057 4241 1276 4299 vadunt
1321 4258 1424 4313 per
1466 4243 1712 4299 mediam
1743 4243 2064 4312 Mes'Opota-
2244 4237 2451 4296 Darius
2479 4237 2601 4294 haec
2636 4237 2897 4308 audiens,
2930 4235 3165 4308 scripsit
3192 4233 3262 4290 ad
3289 4225 3772 4292 Alexandrumsic:

409 4329 579 4384 miam
611 4333 672 4385 et
703 4329 1092 4402 Babyloniam,
1136 4335 1197 4387 et
1231 4331 1452 4387 intrant
1482 4330 1690 4388 Nilum.
1727 4332 1941 4388 Ferunt
1969 4345 2067 4386 au-
2177 4326 2762 4386 Percenitinmanus
2781 4325 3018 4383 nostras
3039 4323 3291 4396 epistola
3307 4323 3381 4380 de
3401 4323 3504 4380 tua
3521 4315 3772 4392 superbia,

409 4421 527 4473 tem
561 4417 794 4489 quidam
824 4419 978 4490 quod
1013 4419 1122 4476 ista
1155 4419 1390 4476 ﬂumina
1421 4422 1800 4488 evacuentur,
1835 4418 2065 4488 quando
2176 4417 2335 4489 quod
2353 4415 2562 4486 cogites
2577 4415 2778 4472 venire
2785 4427 2971 4486 prope
2989 4427 3114 4480 nos,
3129 4411 3483 4484 utloquaris
3500 4405 3770 4490 nobisch

405 4484 1204 4579 Nilus—inundat-Egyptum,
1232 4513 1288 4564 et
1317 4507 1550 4578 quando
1584 4484 1945 4563 subtraxerit
1981 4523 2063 4580 se,
2097 4513 2149 4572 D
2176 4484 2348 4572 Quod
2365 4484 2424 4562 si
2437 4484 2876 4575 potueritﬂeri,
2899 4484 3094 4558 omnes
3123 4499 3448 4557 orientales
3466 4497 3552 4555 dii
3559 4484 3778 4580 percu”

399 4596 512 4652 ista
556 4575 1054 4667 super-abundent.
1103 4575 1241 4652 Cum
1281 4575 1474 4651 autem
1524 4595 1834 4652 transisset
1879 4575 2066 4652 omnit3
2179 4592 2458 4650 habitare
2476 4592 2542 4647 in
2562 4590 2874 4648 occidente.
2895 4590 3028 4648 Non
3048 4587 3486 4682 elecetur‘mens
3507 4575 3776 4642 tuoin/ioc
3849 4651 3852 4682 λ

399 4685 720 4754 exercitus,
769 4683 949 4741 rediit
998 4687 1160 4740 retro
1204 4683 1554 4754 Alexander,
1589 4687 1645 4739 et
1691 4683 1828 4740 fecit
1885 4684 2064 4745 incidi
2173 4675 3774 4754 quodfecisti;sicpreparacime,quasimatermeamf-

396 4780 654 4846 pontem.
708 4749 996 4832 'Videntes
1030 4773 1141 4830 hoc
1172 4773 1407 4844 milites,
1459 4749 1766 4844 coeperunt
1817 4788 2067 4830 murmu-
2173 4749 2281 4828 tua
2299 4749 2400 4840 sit,
2427 4768 2487 4826 et
2501 4749 2947 4842 quasiﬁuaorem
2966 4762 3615 4852 ηιιηᾳιιαηινΙιιιῦξιενξτηΓ

401 4877 533 4920 rare
567 4868 628 4921 et
659 4863 858 4920 dicere
891 4882 904 4918 :
937 4862 1013 4921 Si
1040 4861 1336 4920 acciderit
1359 4859 1526 4918 nobis
1554 4861 1627 4918 ut
1633 4861 1962 4933 fugiamus
1993 4862 2065 4918 de
2171 4858 2330 4916 scias
2381 4858 2531 4930 quia
2581 4870 2699 4914 non
2754 4854 3061 4926 quiescam
3111 4850 3472 4942 inquirendo
3493 4847 3771 4942 iniuriam

391 4953 626 5024 pralio,
643 4967 760 5010 non
773 4953 888 5010 erit
899 4951 1196 5010 transitus
1205 4949 1392 5008 nobis.
1416 4929 1796 5016 Quibus—dixit
1818 4949 2064 5006 Alexan-
2169 4929 2396 5004 meum;
2409 4947 2720 5018 Scriptum
2746 4943 2988 5014 quidem
3006 4941 3190 4998 michi
3210 4939 3301 4998 est
3313 4941 3467 5028 quia
3488 4929 3772 5028 benignita-

399 5042 507 5098 der
529 5060 541 5100 :
567 5043 722 5098 Bene
741 5055 834 5097 me
857 5039 1262 5114 confortastis,
1284 5037 1523 5110 quando
1545 5037 1701 5095 talia
1722 5037 2055 5109 cogitastis:
2170 5036 2284 5092 tem
2323 5049 2467 5106 erga
2503 5046 2658 5090 meos
2693 5031 3040 5100 ostenderis,
3078 5029 3274 5087 tamen
3300 5026 3411 5086 hoc
3435 5026 3605 5115 scias,
3633 5026 3765 5115 ξιξεξτ

405 5131 468 5186 et
491 5143 596 5202 ego
635 5129 890 5200 proinde
903 5103 1036 5201 feci
1065 5103 1312 5186 dissolci
1347 5127 1589 5199 pontem
1619 5103 1822 5194 istum,
1856 5126 1927 5183 ut
1951 5125 2066 5184 aut
2165 5103 2708 5196 quantumcumque
2737 5119 2868 5178 illis
2901 5117 3282 5191 benefeceris,
3312 5128 3406 5172 me
3433 5127 3546 5170 non
3572 5103 3770 5202 habebit

395 5193 684 5288 prognatis
717 5193 984 5275 viriliter
1014 5219 1074 5275 et
1094 5193 1374 5286 vincatis:
1415 5215 1528 5273 aut
1548 5217 1606 5273 si
1633 5193 1818 5272 cultis
1831 5216 2058 5289 fugere
2164 5193 2440 5282 amicum,
2457 5208 3024 5279 eteconbra,simale
3038 5193 3767 5292 illis/coniurabant}???

393 5283 686 5377 pereatis,
709 5305 858 5376 quia
876 5305 1130 5364 victoria
1150 5319 1268 5364 non
1289 5283 1411 5362 erit
1426 5304 1523 5362 Itis
1542 5283 1936 5376 quifugiunt,
1952 5304 2060 5362 sed
2161 5314 2254 5358 me
2281 5299 2522 5358 habebis
2551 5297 2881 5357 inimicum.
2925 5296 3106 5354 Hanc
3143 5294 3424 5354 ultimam
3461 5283 3764 5350 sententiam

399 5390 536 5450 illis
556 5393 667 5465 qui
688 5393 1052 5454 insemtur.
1093 5393 1258 5462 Unde
1274 5391 1422 5466 quia
1439 5389 1606 5450 nullo
1631 5391 1800 5448 modo
1815 5393 1953 5464 jam
1969 5393 2055 5450 υἱ·
2162 5389 2452 5448 mandavi
2486 5387 2614 5447 tibi.

1759 5489 1994 5546 VARIE
2034 5487 2433 5548 LECTIONES.

481 5575 663 5650 '_°'_m.
699 5578 1106 5650 P.7medieo1.
1181 5577 1249 5614 ²⁰⁴
1281 5577 1518 5637 ﬂuvium
1551 5582 1600 5634 1.
1677 5576 1747 5612 ¹⁰⁸
1776 5577 2050 5650 fortasse
2095 5589 2420 5649 persarum,
2469 5573 2543 5634 ut
2583 5573 2652 5633 in
2696 5570 2819 5633 cod.
2869 5569 3078 5631 Bamb.
3117 5568 3261 5628 hist.
3303 5558 3639 5632 Alexandri,
3666 5551 3764 5621 lt!"

408 5645 579 5706 debet
596 5649 664 5708 in
687 5649 810 5710 cod.
849 5653 895 5705 1.
970 5647 1039 5682 ³⁰⁶
1065 5663 1127 5706 se
1147 5664 1203 5707 v.
1229 5653 1280 5705 1.
