3898 6312
132 303 244 369 577

998 294 1442 361 CHRONICA.
1480 330 1553 340 —
1584 286 2065 356 CHRONICON
2108 291 2659 360 UNIVERSALE.
2731 385 2735 388 ~

3403 286 3523 355 578

200 431 527 497 Alexander
581 394 879 507 accipiens
932 431 1262 506 epistolam,
1316 430 1455 499 legit
1497 446 1563 485 ac
1615 426 1764 497 risit,
1801 428 1848 485 A
1886 423 2353 496 bisangustiam.
2381 427 2675 498 Evigilans
2699 432 2889 484 autem
2907 426 3520 499 repletusestgaudio,

131 526 550 598 rescripsitque
562 523 865 596 epistolam
884 521 1078 577 talem:
1090 518 1569 577 RexAlexander
1582 517 1769 572 Dario

127 616 268 686 regi.
282 612 646 685 Superbiam
657 610 1035 668 etelationem
1048 620 1470 679 superoacuag
1480 606 1642 662 toria
1656 605 1770 660 tua

131 705 255 761 odio
268 698 980 772 babentdiiyroutoideo,
1000 696 1145 769 quia
1159 711 1275 752 non
1287 706 1481 753 cessas
1503 692 1768 764 blasphe-

127 807 286 850 mare
300 804 490 861 usque
502 789 776 860 inﬂncm.
796 788 857 855 (f.
878 787 1021 856 106.)
1043 784 1208 850 Quod
1224 784 1482 855 benefeci
1497 783 1635 850 tuis,
1654 795 1769 837 non

123 897 226 953 pro
238 881 330 937 tuo
345 880 556 936 timore
561 878 715 949 feci,
751 877 858 933 sed
882 875 1104 932 habens
1121 889 1276 945 spem
1292 872 1567 929 intrandi
1589 870 1671 927 ad
1692 871 1763 939 te,

128 968 353 1026 ostendi
380 969 468 1024 eis
490 965 920 1036 benignitatem
939 977 1148 1032 meam,
1164 963 1236 1018 ut
1255 961 1315 1017 et
1332 962 1396 1016 tu
1411 959 1588 1031 grato
1610 958 1770 1014 illud

125 1058 318 1113 animo
336 1057 670 1125 acciperes;
687 1053 793 1110 sed
816 1053 888 1108 ut
913 1052 1121 1120 sentio,
1150 1052 1215 1107 tu
1234 1065 1351 1106 non
1373 1063 1432 1105 es
1454 1048 1644 1104 animi
1663 1048 1767 1102 bu-

122 1144 454 1201 mani.Hac
478 1141 733 1213 epistola
748 1154 880 1196 mea
892 1140 1109 1197 ultima
1126 1138 1213 1195 sit
1226 1137 1354 1195 tibi.
1381 1138 1537 1193 Care
1562 1136 1768 1206 itaque

128 1234 197 1302 te,
212 1232 523 1289 etmentem
539 1229 864 1287 babeinte.
897 1229 1001 1284 Ubi
1027 1242 1168 1296 ergo
1195 1226 1406 1282 direxit
1431 1222 1762 1296 epistolam,

129 1319 453 1392 preparavit
487 1334 571 1388 se,
604 1322 665 1374 et
695 1317 932 1389 scripsit
966 1316 1218 1387 satrapis
1250 1315 1373 1371 suis
1403 1314 1497 1384 qui
1524 1316 1687 1368 erant
1709 1312 1764 1367 in

127 1408 280 1479 Syria
298 1414 357 1463 et
389 1406 777 1479 Cappadocia,
805 1405 1000 1461 Cilicia
1022 1410 1081 1460 et
1115 1402 1428 1474 Pamphilia
1462 1407 1520 1456 et
1557 1400 1763 1455 Arabia

124 1496 447 1566 ceterisque
479 1494 824 1567 provinciis,
868 1499 930 1549 ut
960 1495 1302 1565 prepararet
1363 1490 1764 1560 unusquisque

124 1584 277 1641 mille
305 1584 652 1640 vestimenta
683 1587 743 1638 et
776 1581 958 1654 pelles
989 1580 1341 1649 animalium,
1369 1581 1654 1651 quotquot
1686 1577 1766 1632 in-

126 1672 413 1741 venirent,
444 1676 505 1727 et
531 1669 894 1726 Antiochiam
957 1669 1280 1739 mitterent,
1314 1667 1508 1737 ibique
1537 1665 1766 1721 ordina-

126 1765 331 1817 rentur
344 1760 568 1829 cameli,
590 1759 687 1830 qui
704 1762 1009 1830 portarent
1032 1773 1095 1814 ea
1114 1772 1298 1828 usque
1314 1756 1611 1824 Eufraten,
1630 1769 1765 1825 qua-

124 1848 281 1904 tinus
296 1847 512 1903 milites
524 1847 609 1903 sui
625 1847 904 1902 haberent
921 1846 1271 1901 vestimenta
1286 1844 1763 1900 etealciamenta.

187 1937 395 1994 Darius
443 1951 584 1993 vero
632 1935 874 2006 scripsit
901 1935 1157 2006 satrapis
1188 1935 1312 1990 suis
1343 1936 1404 1989 ut
1436 1937 1635 1989 essent
1672 1947 1768 2002 pa-

126 2026 229 2082 rati
260 2026 679 2083 cumommbus
702 2024 824 2080 suis
845 2024 917 2079 ad
950 2023 1337 2080 resistendum
1363 2022 1635 2092 gentibus
1659 2022 1767 2076 Ma-

123 2113 394 2183 cedoniae,
432 2113 710 2183 misitque
739 2112 808 2169 ad
841 2113 1052 2168 Porum
1087 2126 1281 2180 regem
1311 2111 1507 2179 ludite,
1544 2116 1603 2165 ut
1641 2123 1768 2181 pre-

123 2202 352 2259 beretei
374 2200 761 2271 adjutorium.
788 2200 894 2267 Qui
921 2200 1229 2271 rescripsit
1263 2200 1337 2268 ei,
1366 2215 1425 2255 se
1460 2199 1531 2254 de
1556 2198 1764 2269 injuria

123 2293 241 2363 ejus
266 2291 436 2348 valde
471 2290 542 2323 ²⁰⁶
575 2289 793 2359 dolere,
829 2294 886 2345 et
919 2305 981 2345 se
1016 2289 1247 2358 quidem
1278 2294 1606 2359 promptum
1636 2302 1766 2342 esse

122 2382 330 2452 venire,
354 2380 457 2438 sed
488 2379 829 2435 infirmitate
852 2378 1233 2450 prepediente
1275 2393 1383 2434 non
1410 2392 1598 2449 posse,
1623 2376 1769 2431 mili-

123 2473 205 2524 tes
233 2472 424 2523 tamen
465 2481 609 2523 suos
631 2481 760 2523 cum
792 2465 922 2522 aliis
942 2466 1219 2535 gentibus
1242 2469 1522 2520 venturos
1544 2479 1693 2519 esse.

185 2556 359 2611 Mater
390 2557 597 2610 autem
624 2553 780 2608 Darii
814 2568 942 2608 cum
978 2553 1243 2608 audisset
1275 2551 1428 2622 quod
1454 2551 1552 2607 ille
1584 2566 1644 2606 se
1668 2550 1771 2605 ite-

120 2659 234 2699 rum
267 2648 621 2714 prepararet
682 2641 754 2697 ad
787 2639 1169 2711 praeliandum
1228 2655 1357 2696 eum
1419 2638 1765 2696 Alexandro,

120 2731 317 2787 direxit
352 2731 436 2786 illi
475 2729 786 2801 epistolam
816 2730 964 2785 hanc
998 2748 1009 2782 :
1044 2729 1235 2786 Dario
1271 2730 1404 2799 regi
1443 2727 1637 2784 mater
1657 2740 1771 2784 sua

114 2820 392 2889 gaudium
405 2863 416 2874 .
429 2818 799 2875 Audiuimus
820 2818 972 2888 quia
982 2830 1307 2889 congregas
1322 2816 1486 2873 atias
1493 2815 1702 2887 gentes
1716 2814 1779 2869 et

111 2922 374 2980 pugnare
383 2908 484 2965 cis
501 2920 632 2964 cum
648 2906 1019 2963 Alexandro.
1041 2906 1204 2970 Quod
1213 2907 1268 2961 si
1291 2904 1472 2962 totum
1483 2902 1768 2959 mundum

118 2996 372 3053 adunare
382 2995 687 3068 potueris,
721 2994 874 3065 quid
895 2994 1111 3050 exinde
1138 2993 1593 3059 eoeniatnescis,
1618 2992 1768 3062 quia

116 3084 487 3142 oiotoriailli
524 3079 1767 3140 concessasunt.Dimittesensumaltitudi-

1883 514 2269 585 recitavitque
2297 518 2577 573 somnium
2629 517 2832 572 amicis
2857 516 2998 584 suis,
3026 516 3121 585 qui
3153 516 3442 572 dederunt
3470 518 3525 573 ei

1879 603 2187 659 consilium
2224 594 2393 661 ut'ita
2451 608 2689 662 faceret.
2724 606 2950 660 Vocans
3008 608 3201 659 autem
3255 605 3526 661 ﬁdelissi-

1881 706 2032 748 mum
2059 708 2223 749 suum
2278 699 2592 766 satrapam,
2627 694 2721 749 cui
2754 707 2957 749 nomen
2990 692 3233 762 Eumilo,
3267 694 3404 750 tulit
3438 708 3527 750 se-

1878 795 2006 835 cum
2030 786 2154 837 tres
2180 783 2576 839 velocissimos
2609 798 2824 853 equos;
2860 797 3031 838 unum
3062 782 3351 837 insidebat
3375 784 3519 854 ipse,

1879 869 2054 925 alium
2100 872 2369 942 princeps
2400 871 2515 941 ille,
2552 871 2770 927 tercius
2804 872 3079 941 pergebat
3115 885 3352 926 vacuus.
3390 873 3526 927 Per-

1876 962 2080 1026 gentes
2102 959 2281 1028 igitur
2303 961 2489 1029 ambo,
2520 965 2803 1015 venerunt
2827 960 2896 1015 ad
2929 958 3163 1015 fluvium
3185 959 3281 1029 qui
3307 959 3523 1017 dicitur

1881 1046 2144 1115 Stragan.
2182 1048 2281 1103 llic
2326 1048 2536 1103 ﬂuvius
2589 1064 2689 1118 pre
2722 1047 2897 1101 nimio
2932 1047 3143 1115 frigore
3177 1047 3522 1116 congelatur

1879 1140 2075 1205 noctu,
2096 1137 2417 1206 probetque
2449 1138 2697 1192 itertota
2715 1140 2885 1192 nocte
2924 1136 3527 1202 transeuntibus;ma-

1877 1237 1967 1289 ne,
1994 1224 2443 1281 cumincaluerit
2470 1224 2578 1295 sol,
2597 1224 2940 1281 dissolvitur
2961 1229 3018 1279 et
3036 1224 3522 1295 perfundissimus

1877 1312 2113 1367 etlicitul
2155 1318 2215 1369 et
2269 1313 2662 1381 ingredientes
2694 1314 2987 1369 absorbet.
3042 1312 3290 1368 Veniens
3323 1313 3519 1383 itaque

1878 1399 2224 1469 Alexander,
2264 1401 2480 1457 invenit
2504 1417 2632 1458 eum
2656 1400 3047 1471 congelatum,
3075 1399 3437 1471 induensque
3457 1416 3520 1456 se

1878 1488 2118 1558 figuram
2145 1506 2313 1560 quam
2338 1491 2565 1547 viderat
2611 1492 2663 1546 in
2692 1505 2912 1561 somno,
2950 1490 3173 1544 dimisit
3196 1490 3274 1545 ibi
3310 1490 3523 1560 princi-

1877 1593 2006 1648 pem
2040 1579 2201 1635 illum
2236 1595 2362 1636 cum
2406 1580 2634 1636 duobus
2683 1579 2942 1647 caballis,
2975 1584 3034 1635 et
3067 1579 3191 1650 ipse
3247 1594 3377 1635 cum
3412 1594 3519 1635 suo

1876 1667 2167 1722 transivit.
2222 1670 2355 1722 Erat
2404 1674 2599 1724 autem
2635 1668 2845 1724 fluvius
2894 1682 2947 1722 in
2983 1666 3291 1723 latitudine
3344 1652 3545 1722 stadii,

1878 1756 2048 1812 unius
2067 1756 2182 1810 ’0”.
2212 1757 2423 1812 Abiens
2443 1758 2637 1826 itaque
2661 1756 3005 1824 Alexander,
3023 1771 3153 1811 cum
3169 1755 3424 1811 venisset
3449 1754 3519 1811 ad

1880 1849 2103 1916 portam
2139 1845 2398 1901 civitatis
2430 1846 2603 1915 Darii,
2638 1845 2905 1900 videntes
2936 1859 3066 1899 eum
3091 1846 3301 1913 Persae,
3329 1844 3519 1899 mirati

1880 1939 2017 1989 sunt
2049 1934 2104 1988 in
2137 1934 2318 2003 figura
2352 1934 2551 1990 vultus
2608 1934 2754 2003 ejus,
2787 1933 3131 1988 estimantes
3193 1932 3354 1988 illum
3387 1946 3519 1991 esse

1879 2022 2068 2078 deum.
2096 2024 2495 2091 Interrogatus
2517 2029 2708 2078 autem
2731 2023 2803 2078 ab
2826 2021 2910 2077 eis
2937 2021 3066 2091 quis
3081 2026 3261 2090 esset,
3291 2035 3523 2091 respon-

1879 2111 1984 2181 dit,
2010 2127 2072 2167 se
2094 2113 2536 2182 apocrisiarium
2556 2127 2688 2167 esse
2713 2112 2868 2179 regis
2893 2110 3224 2165 Alexandri.
3252 2112 3318 2164 Et
3345 2110 3523 2165 duxe-

1880 2205 2016 2255 runt
2055 2215 2183 2255 eum
2236 2200 2304 2255 ad
2340 2200 2589 2255 Darium.
2628 2200 2733 2265 Qui
2763 2199 2968 2254 videns
2997 2212 3127 2254 eum
3163 2198 3429 2253 adoravit
3455 2204 3523 2254 ut

1880 2287 2072 2357 deum,
2105 2289 2371 2357 cogitans
2404 2288 2564 2345 illum
2596 2303 2726 2344 esse
2760 2288 3022 2342 Mithram
3056 2286 3246 2355 deum,
3282 2287 3523 2342 descen-

1880 2377 2112 2432 dentem
2129 2376 2198 2432 de
2221 2377 2405 2432 caelis.
2430 2376 2819 2444 Interrogavit
2834 2390 2975 2444 ergo
2998 2389 3129 2430 eum
3148 2394 3159 2429 :
3183 2376 3327 2439 Quis
3344 2388 3404 2431 es
3423 2374 3524 2432 tu?

1883 2465 1984 2520 Cui
2003 2465 2097 2520 ille
2122 2463 3523 2536 :ApocrisiariussumregisAleaandri,missus

1878 2555 2172 2610 nunciare
2186 2553 2296 2610 tibi
2315 2555 2465 2624 quia
2475 2554 2947 2624 moramfacitin
2965 2565 3165 2623 campo
3177 2553 3524 2624 exspectans

1883 2642 1952 2696 te.
1976 2642 2160 2710 Unde,
2173 2644 2229 2697 si
2245 2643 2290 2697 ti
2297 2642 2354 2696 bi
2355 2644 2581 2713 placet,
2598 2643 2886 2699 constitue
2898 2642 3051 2696 diem
3052 2640 3401 2711 praliandi.
3420 2640 3522 2698 Cui

1881 2729 2116 2784 Darius:
2164 2728 2447 2785 Forsitan
2495 2731 2557 2784 tu
2578 2744 2638 2785 es
2657 2729 3017 2797 Alexander,
3052 2730 3160 2798 qui
3189 2742 3320 2785 cum
3352 2728 3526 2785 tanta

1883 2818 2145 2887 loqueris
2163 2816 2459 2885 audacia;
2473 2832 2591 2873 non
2610 2819 2765 2872 enim
2786 2818 3046 2886 loqueris
3064 2817 3223 2872 sicut
3240 2815 3521 2886 nuncius,

1878 2906 1983 2962 sed
1992 2907 2151 2962 sicut
2160 2906 2339 2976 ipseA
2352 2906 2656 2962 leaander.
2671 2906 2852 2962 Scias
2867 2906 3061 2960 tamen
3059 2918 3175 2976 pro
3187 2905 3356 2973 certo,
3374 2905 3524 2975 quia

1877 2996 2139 3052 audacia
2154 2997 2259 3051 tua
2274 2995 2437 3052 nullo
2450 2997 2616 3051 modo
2629 2995 2947 3052 conturbat
2968 3009 3074 3050 me.
3090 2994 3217 3051 Sed
3223 2995 3524 3052 manduca

1877 3086 2300 3156 bortiemecum,
2319 3086 2466 3156 quia
2480 3086 2888 3142 etAlezeander
2899 3085 3380 3141 seditadcanam
3391 3098 3523 3140 cum

117 3169 1758 3243 nistua,etreclinapaululum,etnepresumasmultum,
1796 3150 1845 3215 Ο
1874 3176 2078 3231 missis
2098 3177 2262 3231 meis.
2367 3175 2693 3230 extendens
2716 3189 2963 3243 manum,
2983 3172 3366 3245 apprehendit
3387 3187 3519 3228 eum

117 3261 252 3332 quia
259 3261 485 3332 perdes
525 3260 741 3317 citam.
790 3260 878 3314 De
895 3259 1064 3316 nobis
1085 3261 1283 3315 autem
1309 3259 1490 3329 scias,
1520 3257 1669 3328 quia
1699 3259 1766 3314 in

114 3349 361 3406 maxime
372 3350 603 3406 honore
612 3362 817 3405 sumus
828 3350 988 3419 apud
1001 3362 1148 3416 eum,
1174 3347 1279 3404 sed
1288 3347 1527 3404 inducis
1538 3347 1763 3403 malum

113 3450 411 3509 supernos,
427 3436 675 3509 etfacis
695 3450 799 3493 nos
810 3437 1084 3493 amittere
1098 3436 1373 3507 gratiam
1386 3430 1567 3507 quam
1591 3435 1763 3492 babe-

111 3539 255 3583 mus.
280 3527 405 3584 Fili
424 3526 542 3595 mi,
566 3525 1032 3596 nolipreparare
1049 3525 1238 3580 matri
1262 3524 1376 3580 tua
1392 3524 1758 3595 angustiam,

112 3615 246 3684 quia
255 3615 504 3687 ﬁducia
520 3613 704 3669 michi
717 3615 822 3683 est,
845 3614 901 3670 si
919 3612 1191 3681 colueris,
1220 3613 1274 3667 te
1292 3612 1361 3667 in
1392 3612 1532 3668 bono
1553 3613 1761 3670 ordine

102 3703 377 3773 futurum
406 3717 550 3760 cum
578 3702 935 3758 Alexandro.
978 3701 1242 3757 Perlecta
1272 3701 1479 3757 Darius
1506 3702 1610 3758 hac
1642 3701 1761 3774 epi-

111 3791 246 3847 stola
268 3792 552 3848 turbatus
584 3795 672 3846 est
696 3789 881 3860 valde,
921 3795 979 3845 et
1014 3790 1193 3846 ﬂevit.

173 3880 322 3935 Inter
345 3880 471 3936 haec
488 3878 820 3934 Alexander
837 3878 1015 3935 movit
1030 3878 1351 3934 exercitum
1368 3894 1555 3947 suum,
1576 3882 1631 3935 et
1653 3893 1762 3935 eoe-

111 3966 425 4037 pitingredi
449 3971 677 4023 terram
711 3966 888 4036 Darii,
913 3971 974 4021 et
999 3966 1478 4037 appropinquans
1497 3968 1570 4038 ei,
1599 3968 1759 4025 itaut

115 4054 445 4114 Macedones
461 4056 736 4113 viderent
759 4054 1241 4112 sublimissimum
1263 4055 1452 4112 locum
1466 4071 1537 4112 ex
1555 4056 1760 4113 civita-

113 4145 537 4216 teDarii,jussit
585 4144 802 4199 milites
816 4159 953 4201 suos
980 4143 1233 4200 evellere
1249 4144 1461 4201 herbas
1484 4149 1540 4201 et
1568 4161 1758 4202 ramos

111 4233 370 4291 arborum
384 4239 446 4290 et
462 4233 649 4303 ligare
666 4232 720 4287 in
739 4232 990 4304 pedibus
1009 4247 1291 4303 equorum
1309 4232 1756 4291 adexeitandum

112 4320 511 4393 pulverem,ita
528 4327 595 4377 ut
611 4320 1090 4378 viderentPersae
1103 4326 1160 4377 et
1180 4321 1552 4378 mirarentur.
1574 4322 1759 4379 Dista-

110 4407 238 4464 bant
270 4409 423 4466 enim
457 4425 490 4465 a
524 4408 767 4465 civitate
798 4408 1009 4465 itinere
1038 4409 1260 4466 dierum
1298 4409 1578 4481 quinque.
1618 4412 1756 4467 Cum

1876 3278 1979 3334 per
1993 3264 2313 3334 dexteram,
2332 3263 2775 3332 introduxitque
2817 3262 2869 3317 in
2887 3261 3166 3333 palatium
3183 3276 3369 3317 suum.
3393 3258 3523 3316 Ale-

1873 3352 2094 3407 xander
2122 3367 2263 3408 vero
2299 3368 2401 3423 pro
2435 3352 2598 3421 signo
2621 3352 2808 3407 tenuit
2831 3352 2884 3406 in
2910 3352 3087 3407 corde
3111 3365 3214 3406 suo
3234 3350 3342 3405 hoc
3365 3348 3522 3418 quod

1873 3441 2097 3498 induxit
2132 3457 2261 3498 eum
2286 3457 2390 3513 per
2415 3442 2735 3510 dexteram,
2791 3441 2955 3512 quasi
2976 3440 3090 3510 jam
3119 3444 3347 3495 teneret
3368 3437 3525 3510 pala-

1871 3531 2018 3585 tium
2051 3530 2265 3586 inimici
2322 3530 2431 3599 sui,
2496 3530 2910 3600 ingressusque
2944 3529 3284 3598 triclinium,
3319 3528 3375 3582 in
3406 3542 3521 3598 quo

1866 3623 1997 3682 erat
2024 3620 2351 3675 convivium
2380 3622 2791 3690 praeparatum,
2819 3618 2972 3673 sedit
2994 3632 3123 3672 cum
3162 3631 3315 3685 rege,
3352 3616 3522 3672 sede-

1872 3712 2004 3763 runt
2031 3713 2088 3761 et
2115 3707 2408 3778 principes
2432 3707 2584 3762 Darii
2612 3708 2757 3761 facie
2777 3706 2847 3762 ad
2867 3706 3089 3761 faciem.
3111 3706 3302 3761 Persae
3319 3705 3519 3774 itaque

1872 3795 2148 3851 sedentes
2172 3796 2226 3850 in
2249 3795 2515 3851 convivio
2531 3796 2922 3865 despexerunt
2938 3793 3161 3848 vultum
3180 3791 3516 3864 Alexandri,

1870 3897 1940 3938 eo
1975 3883 2126 3952 quod
2174 3888 2331 3937 esset
2380 3896 2616 3952 parvus,
2650 3880 2983 3935 nescientes
3016 3879 3204 3949 qualis
3238 3879 3428 3935 virtus
3460 3884 3522 3935 et

1873 3969 2062 4041 qualis
2089 3970 2327 4026 audacna
2365 3973 2489 4024 erat
2516 3970 2571 4023 in
2604 3968 2842 4025 vasculo
2890 3967 3013 4022 tali.
3047 3967 3346 4023 Pincernaa
3378 3981 3519 4025 vero

1872 4060 2137 4114 ferebant
2160 4059 2357 4128 sepius
2382 4056 2611 4128 pocula.
2638 4056 2923 4113 Mediante
2942 4070 3081 4111 vero
3103 4055 3517 4112 eonviviocum

1871 4146 2110 4203 allatum
2139 4145 2343 4202 fuisset
2386 4144 2712 4200 Alexandro
2758 4145 3028 4216 poculum
3053 4158 3231 4200 aureo
3250 4143 3319 4177 ²⁰⁷
3342 4147 3401 4199 et
3435 4143 3520 4199 bi-

1872 4235 2073 4304 bisset,
2097 4234 2250 4289 misit
2304 4232 2445 4289 illud
2471 4234 2525 4287 in
2551 4233 2737 4289 sinum
2761 4248 2948 4303 suum,
3002 4232 3257 4303 fecitque
3285 4231 3398 4288 hoc
3428 4246 3519 4289 se-

1871 4324 2062 4381 cundo
2082 4328 2138 4380 et
2165 4323 2366 4379 tercio.
2394 4322 2557 4389 Quod
2580 4338 2709 4379 cum
2733 4322 3018 4379 vidissent
3038 4321 3350 4393 pincernae.
3376 4336 3519 4378 nun-

1870 4413 2174 4468 ciaverunt
2204 4410 2396 4467 Dario.
2444 4411 2640 4465 Erexit
2671 4425 2733 4467 se
2765 4410 2992 4479 Darius,
3028 4415 3085 4466 et
3119 4409 3269 4465 dixit
3303 4429 3316 4464 :
3350 4411 3395 4466 0
3423 4411 3522 4467 vir

109 4500 287 4553 autem
318 4497 626 4554 venissent
660 4496 930 4568 propius,
972 4496 1121 4553 dixit
1163 4496 1492 4552 Alexander
1519 4497 1640 4554 suis
1670 4512 1761 4554 sa-
1787 4504 1842 4566 D
1856 4502 2215 4574 fortissime,
2241 4500 2395 4571 quid
2412 4501 2505 4557 est
2530 4499 2636 4557 hoc
2654 4500 2814 4570 quod
2830 4500 2999 4571 agis?
3023 4499 3121 4555 Cui
3156 4497 3512 4554 Alexander:

109 4584 424 4653 pientibus:
463 4584 1185 4655 Inceniamusbominem,
1220 4600 1393 4658 quem
1419 4586 1761 4658 dirigamus

108 4672 671 4746 Dario,utpreparet
685 4688 748 4731 se
759 4674 820 4730 et
842 4673 1112 4731 eaeatad
1121 4688 1227 4731 nos
1238 4675 1305 4731 in
1305 4689 1603 4746 pugnam.
1622 4677 1761 4734 Dor-

108 4760 276 4819 miens
291 4767 490 4821 autem
509 4762 609 4833 ibi,
626 4762 772 4819 vidit
789 4763 845 4818 in
870 4778 1092 4820 sommo
1107 4764 1480 4820 Hammonem
1503 4764 1673 4822 deum
1699 4766 1755 4822 in

107 4847 274 4906 forma
290 4850 514 4920 Hermi,
550 4855 884 4920 portantem
918 4850 1327 4908 dominicalem
1359 4852 1664 4909 elamidem
1694 4858 1753 4909 et

106 4933 525 4995 Macedonicam
541 4939 1027 5010 vestem,sihique
1042 4939 1756 4998 dicentesziliAlewan-

103 5022 460 5095 ἄσημαΜο
473 5040 707 5084 necesse
718 5028 808 5084 est
817 5028 1193 5098 adiutorium
1192 5030 1449 5101 paratus
1462 5042 1593 5085 eum
1603 5044 1752 5087 nun-

1871 4589 2163 4646 Dominus
2189 4601 2352 4645 meus
2365 4588 2572 4645 sedens
2590 4587 2659 4644 in
2698 4588 2965 4644 convivio
3005 4586 3188 4641 donat
3217 4584 3517 4643 militibus

1868 4677 1999 4736 suis
2009 4678 2259 4735 vascula
2284 4676 2400 4733 illa
2410 4677 2477 4732 in
2488 4676 2706 4746 quibus
2746 4674 2967 4730 bibunt.
2982 4672 3149 4738 Quod
3160 4674 3216 4729 si
3231 4672 3375 4730 talis
3384 4686 3519 4730 con-

1867 4768 2115 4825 suetudo
2152 4780 2269 4822 non
2282 4764 2664 4833 estinteroos,
2696 4761 3051 4820 reddooobis
3080 4760 3297 4817 omnia.
3324 4762 3385 4815 In
3404 4760 3516 4817 hoc

1869 4870 2068 4912 omnes
2101 4858 2434 4921 tacuerunt,
2459 4852 2790 4920 cogitantes
2815 4849 3120 4920 quodtalis
3148 4847 3514 4905 consuetudo
3606 4839 3613 4847 ’

1867 4943 2193 5014 essetapud
2211 4938 2441 4997 illos’”.
2471 4941 2627 4995 Unus
2641 4941 2834 4994 autem
2849 4951 2921 4993 ex
2965 4936 3328 5008 principibus
3367 4934 3515 4991 mili-

1865 5032 1983 5102 tiae,
2011 5031 2322 5087 cuinomen
2338 5026 2636 5098 Anepolis,
2671 5025 2957 5096 quondam
2972 5024 3269 5081 missusad
3284 5023 3514 5097 Phylip—

100 5112 398 5172 ciaretibi.
420 5114 769 5187 Vide,quem
783 5116 1033 5174 missum
1048 5117 1314 5189 dirigere
1324 5118 1603 5176 volueris.
1627 5119 1754 5177 Sed
1862 5136 1999 5193 pum
2018 5120 2253 5189 exigere
2270 5120 2342 5174 ab
2355 5133 2423 5174 eo
2437 5114 2998 5185 censum,vidittunc
3013 5113 3516 5183 Alexandrum,se-

100 5197 220 5258 dico
233 5202 345 5259 tibi
358 5203 431 5260 ut
449 5203 678 5261 induas
674 5204 946 5276 formam
973 5206 1250 5276 meam,et
1271 5207 1337 5263 tu
1363 5208 1553 5264 cadas
1566 5208 1739 5266 illuc.

102 5285 447 5349 Periculosa
457 5291 805 5364 quidemres
819 5306 873 5350 es
883 5293 1020 5364 t,ire
1028 5308 1228 5367 regem
1232 5309 1341 5367 per
1349 5296 1742 5368 missatieum,

101 5376 197 5434 sed
208 5379 358 5450 quia
371 5379 523 5438 deus
535 5379 699 5439 estin
709 5381 1084 5454 adjutorimn
1098 5382 1229 5454 tibi,
1249 5383 1749 5443 nullamsustine—

1864 5211 2122 5279 deusque
2141 5221 2292 5264 nunc
2337 5207 2393 5261 in
2441 5204 2710 5262 convivio
2739 5219 2866 5260 cum
2892 5218 2961 5259 eo
3003 5202 3148 5259 facie
3178 5202 3249 5259 ad
3284 5202 3507 5273 faciem,

1862 5297 2112 5354 intuitus
2137 5295 2446 5352 estfaciem
2462 5292 2607 5363 ejus,
2624 5291 3078 5364 eoepitcogitare
3100 5291 3156 5347 in
3180 5291 3359 5349 corde
3373 5304 3509 5357 suo;

1858 5389 2067 5447 Nonne
2077 5384 2193 5444 iste
2205 5383 2350 5441 estA
2360 5381 2681 5441 leuander?
2702 5381 3055 5452 Intellegens
3068 5380 3220 5438 enim
3233 5392 3435 5438 vocem
3447 5381 3508 5435 et

1462 5491 1701 5549 VARIA‘J
1742 5492 2141 5552 LECTIONES.

166 5576 260 5617 ⁸⁸⁸⁸
288 5582 472 5641 stadii
505 5598 548 5640 ιι
603 5597 636 5643 e
660 5597 809 5644 corr.
868 5593 917 5644 1.
950 5585 1019 5622 ’θ’
1055 5588 1154 5650 ita
1181 5592 1230 5644 1.
1271 5587 1341 5623 ⁸⁰⁸
1391 5588 1557 5651 deest
1579 5593 1630 5650 1.
1660 5604 1764 5649 eos
1790 5596 1870 5650 9°.
