3898 6320
405 269 522 333 579

1559 263 2041 327 EKKEHARDI
2084 259 2657 325 URAUGIENSIS.

2814 139 2963 150 ~—--——.
2988 144 3083 152 -.ι-.-

3685 267 3798 331 580

405 401 566 470 signa
597 400 772 470 illius,
807 398 1057 456 accessit
1091 399 1161 454 ad
1189 398 1444 468 Darium,
1477 403 1533 454 et
1569 399 1712 453 dixit
1740 417 1755 466 ;
1785 398 2050 467 Domine,
2084 400 2138 458 A
2169 396 2422 453 matrem
2449 395 2508 451 et
2537 408 2781 452 uxorem
2811 409 2882 452 ac
2888 393 3088 466 ﬁlias,
3118 394 3177 452 et
3202 393 3478 456 dabotibi
3499 398 3800 460 thesauros

402 491 750 546 istemissus
791 488 1382 559 quemvidesipseest
1407 488 1766 544 Alexander.
1805 490 2055 557 Cognos-

401 593 540 634 cens
565 584 759 633 autem
786 577 1113 633 Alexander
1134 578 1264 647 quia
1284 577 1878 646 loquebanturdeillo
1901 581 1958 632 et
1983 577 2052 631 dc

399 665 895 735 eognitioneejus,
921 665 1108 722 exiliit
1135 666 1204 720 de
1231 665 1370 720 sede
1395 680 1520 733 sua,
1547 665 1875 735 tollensque
1905 665 2052 720 facu-

402 755 512 810 lam
537 755 608 809 de
655 769 823 809 manu
873 753 1172 823 cujusdam
1208 756 1402 808 Persae
1434 753 1689 809 tenentis
1735 769 1880 821 eam,
1916 757 2049 808 ante

403 857 658 899 mensam
693 842 847 910 regis
882 842 1171 912 percussit
1201 857 1353 910 eum,
1401 848 1460 896 et
1491 843 1808 897 ascendens
1837 857 2048 911 equum

405 931 566 986 abiit.
602 933 795 985 Persae
831 944 968 984 vero
1026 929 1487 998 insequebantur
1517 945 1646 984 eum
1682 929 1886 984 armati
1918 943 2046 984 cum

401 1019 554 1074 omni
589 1017 922 1087 velocitate,
971 1017 1073 1073 sed
1108 1018 1232 1088 ipse
1283 1018 1473 1072 ferens
1505 1017 1557 1072 in
1591 1033 1760 1072 manu
1803 1017 2045 1073 faculam

402 1107 932 1176 ardentem,tenuit
959 1107 1328 1175 itcrrcctum,
1347 1106 1723 1176 insequentes
1749 1110 1939 1162 autem
1957 1121 2048 1162 ca-

403 1197 620 1251 debant
654 1197 709 1250 in
745 1197 971 1262 foveas;
1027 1203 1152 1250 erat
1185 1195 1333 1250 enim
1367 1197 1613 1250 obscura
1650 1210 1780 1249 nox.
1845 1195 2048 1251 Darius

399 1290 592 1340 autem
627 1283 838 1339 sedens
867 1284 920 1338 in
953 1283 1100 1339 solio
1133 1299 1256 1346 suo,
1291 1284 1430 1338 vidit
1458 1283 1681 1352 signum
1709 1283 2042 1354 infaustum,

404 1373 537 1442 quia
571 1372 786 1428 cecidit
819 1373 1026 1428 domus
1074 1373 1271 1428 Xersis
1303 1372 1460 1440 regis
1489 1378 1544 1425 et
1577 1376 1771 1427 statua
1805 1372 1949 1442 ejus,
1985 1376 2042 1427 et

400 1460 606 1517 doluit.
626 1461 954 1516 Alexander
973 1460 1167 1529 itaque
1184 1460 1418 1514 veniens
1440 1461 1508 1515 ad
1535 1460 1769 1515 fluvium
1796 1461 2040 1530 Stragan

399 1550 656 1618 transiit,
693 1549 1008 1618 statimque
1040 1548 1360 1604 dissolutus
1383 1555 1471 1604 est
1495 1548 1726 1618 fluvius,
1753 1555 2042 1605 mortuus-

397 1653 508 1708 que
531 1642 620 1694 est
643 1636 906 1693 caballus
926 1638 1052 1707 ejus
1085 1643 1392 1706 antequam
1417 1637 1624 1706 exiret,
1656 1641 1712 1692 et
1739 1637 1875 1693 tulit
1905 1652 2036 1692 cum

2169 499 2316 557 quos
2343 485 2420 541 ha
2429 483 2521 542 beo
2534 486 2598 542 in
2613 485 2776 541 terra
2787 483 3072 541 Miniada
3083 485 3327 544 etS’usis
3339 487 3798 564 etMactra,quos

2168 573 2736 630 thesauriraverunt
2762 573 2847 631 ibi
2875 573 3078 644 patres
3106 575 3298 632 nostri
3313 575 3523 634 subtus
3545 579 3726 648 terra,
3746 581 3803 637 et

2165 662 2529 718 constituam
2579 663 2634 718 te
2675 662 2977 718 dominum
3019 662 3344 720 Persarum
3387 665 3446 720 et
3467 665 3784 724 Medorum.

2168 751 2414 806 Cunctis
2437 749 2642 807 diebus
2666 750 2806 806 vita
2837 750 2949 806 tua
2977 751 3097 808 esto
3123 751 3348 822 salvus,
3375 753 3436 810 et
3451 756 3796 814 concedatur

2164 837 2280 895 tibi
2299 839 2553 895 victoria
2581 852 2620 894 a
2647 838 2805 894 Jove.

2232 925 2469 982 Relecta
2503 926 2607 982 hac
2631 925 2875 998 epistola
2899 926 2970 981 ab
2996 925 3348 998 Alexandro,
3385 945 3535 987 unus
3553 946 3626 986 ex
3650 933 3792 1004 prin-

2160 1014 2390 1086 cipibus
2411 1014 2631 1071 militia)
2664 1015 3000 1071 l‘armenius
3033 1015 3179 1071 dixit
3214 1035 3226 1070 :
3268 1019 3632 1090 Alexander,
3666 1021 3794 1078 tolle

2162 1102 2271 1158 tibi
2284 1104 2526 1160 cunctas
2538 1103 2649 1160 has
2663 1103 2936 1174 divitias,
2951 1103 3196 1161 etredde
3213 1105 3331 1162 sibi
3336 1121 3454 1178 pro
3482 1108 3793 1178 quibusm-

2151 1192 2281 1262 θαι.
2306 1191 2404 1246 Cui
2429 1191 2756 1247 Alexander
2768 1191 3012 1261 :Miror,
3028 1194 3083 1250 si
3082 1207 3197 1265 per
3209 1193 3562 1252 datumvult
3575 1197 3795 1257 Darius

2156 1282 2417 1351 recipere
2434 1283 2686 1337 matrem
2725 1283 2785 1337 et
2808 1295 3052 1339 umorem
3079 1283 3359 1353 acjtlias.
3387 1285 3466 1341 Si
3491 1287 3687 1343 victus
3713 1287 3797 1343 est

2155 1369 2596 1437 Darius,michi
2609 1370 2817 1426 datum
2827 1385 2936 1427 non
2947 1371 3231 1441 promitte
3240 1373 3339 1441 t,si
3352 1373 3568 1430 iterum
3574 1388 3796 1444 pugna-

2152 1472 2220 1512 re
2237 1458 2488 1514 voluerit
2502 1459 2561 1514 et
2593 1473 2697 1515 nos
2714 1459 2945 1530 vicerit,
2970 1461 3203 1516 utinam
3221 1461 3460 1518 salvere
3493 1463 3794 1521 valeamus

2151 1547 2376 1602 nosmet
2407 1549 2583 1618 ipsos,
2632 1547 2856 1617 quanto
2901 1549 3100 1619 magis
3122 1549 3192 1605 ut
3219 1555 3520 1608 teneamus
3546 1551 3792 1608 matrem

2153 1635 2283 1704 ejus
2313 1635 2370 1690 et
2395 1649 2639 1691 uxorem
2665 1650 2736 1692 ac
2752 1635 2948 1706 ﬁlias.

394 1727 636 1791 fluvius;
667 1725 990 1781 Alexander
1013 1740 1152 1780 vero
1174 1725 1360 1780 exiliit
1387 1725 2037 1796 inripam,junctusque
2066 1749 2120 1809 Β
2224 1723 2449 1778 Dimisit
2485 1728 2674 1780 autem
2711 1723 2954 1794 legatos,
2991 1725 3322 1796 precipiens
3345 1727 3432 1782 eis
3459 1732 3526 1783 ut
3549 1728 3692 1784 talia
3713 1729 3791 1786 di-

397 1814 640 1886 principi
685 1830 852 1884 quem
909 1814 1248 1884 reliquerat,
1308 1829 1579 1870 reversus
1633 1820 1726 1870 est
1759 1814 1830 1870 ad
1863 1830 2032 1879 suos;

390 1909 856 1973 congregataque
889 1903 1040 1958 omni
1077 1902 1277 1958 militia
1303 1918 1430 1972 sua,
1456 1904 1723 1959 ascendit
1753 1904 1808 1959 in
1842 1904 2032 1960 locum

387 1992 847 2060 eminentiorem,
881 1997 940 2046 et
967 1992 1321 2048 confortavit
1353 1991 1570 2048 milites
1599 2007 1756 2061 suos,
1793 1992 2028 2049 dicens:

385 2079 927 2137 Multitudonostra
951 2094 1070 2136 non
1095 2082 1369 2150 (equatur
1395 2081 1776 2138 multitudini
1817 2083 2032 2138 Persa-

384 2182 537 2237 rum,
553 2168 659 2225 sed
666 2183 782 2224 non
795 2167 1100 2224 conturbet
1119 2183 1222 2225 nos
1234 2168 1552 2224 multitudo
1567 2168 1829 2238 illorum,
1849 2169 2032 2226 etiam

382 2257 438 2313 si
456 2257 870 2326 centuplicitcr
881 2258 1265 2327 augerentur,
1298 2259 1448 2328 quia
1467 2271 1584 2313 non
1584 2259 1865 2329 pre-valet
1877 2259 2027 2315 mul-

387 2345 930 2402 titudomuscarum
951 2345 1253 2415 parvitati
1273 2360 1603 2416 vesparum.
1651 2347 1758 2412 Qui
1789 2347 2026 2404 audien-

386 2438 476 2489 tes
508 2435 650 2502 haac,
685 2433 1067 2490 laudaverunt
1112 2449 1260 2490 eum.

454 2522 662 2578 Darius
695 2521 890 2592 itaque
922 2522 1094 2577 movit
1153 2523 1474 2579 exercitum
1508 2540 1674 2580 suum
1709 2525 1877 2582 valde
1911 2541 2027 2583 ma-

382 2626 577 2680 gnum,
599 2611 948 2687 transiitque
965 2612 1198 2668 ﬂuvium
1220 2615 1483 2682 Stragan,
1503 2618 1562 2668 ut
1586 2619 1868 2684 pugnaret
1893 2631 2023 2672 cum

381 2699 646 2756 exercitu
666 2698 993 2755 Alexandri.
1025 2701 1284 2755 Habebat
1307 2705 1498 2755 autem
1523 2717 1732 2758 currus
1756 2703 2016 2760 falcatos.

381 2788 517 2844 Cum
541 2791 732 2843 autem
758 2787 1015 2842 venisset
1069 2793 1312 2858 uterque
1335 2789 1633 2846 exercitus
1658 2791 1712 2845 in
1735 2807 2020 2864 campum,

378 2875 640 2932 ascendit
675 2876 1001 2931 Alexander
1056 2891 1266 2946 equum
1299 2877 1388 2932 cui
1433 2893 1636 2933 nomen
1694 2880 2020 2952 Bucefalus,

375 2967 434 3020 et
458 2965 621 3020 stetit
658 2965 712 3019 in
745 2963 932 3019 medio
964 2969 1099 3020 ante
1127 2980 1328 3020 omnes
1358 2967 1588 3021 Persas.
1617 2967 1893 3024 Videntes
1925 2984 2023 3024 au-

375 3057 491 3108 tem
523 3067 654 3109 eum
679 3056 891 3122 Persae,
915 3053 1238 3109 timuerunt
1271 3053 1352 3108 ire
1383 3069 1557 3125 super
1588 3071 1740 3126 eum,
1773 3057 1903 3126 quia
1939 3057 2021 3112 di-

374 3141 590 3198 vinitas
621 3142 884 3211 quaedam
912 3141 1288 3211 eooperiebat
1321 3157 1471 3198 eum.
1520 3143 1599 3212 (li.
1627 3145 1771 3212 2208.)
1829 3145 2019 3202 Mixtis

372 3234 564 3287 autem
601 3231 870 3300 utrisque
895 3230 1183 3301 partibus,
1213 3232 1543 3301 pugnabant
1568 3233 1800 3303 acriter,
1828 3235 2021 3290 multi-

372 3334 482 3390 que
513 3319 825 3383 cadebant;
883 3319 986 3373 sed
1019 3335 1090 3374 ex
1123 3325 1288 3389 parte
1318 3319 1470 3375 Darii
1519 3320 1773 3392 plurimi.
1807 3323 2019 3381 Videns

371 3407 569 3477 itaque
603 3405 810 3462 Darius
863 3406 994 3476 quia
1030 3406 1194 3462 multi
1243 3408 1511 3464 ceci.zere
1545 3409 1614 3464 de
1649 3410 1792 3480 suis,
1825 3412 2013 3481 fugam

371 3494 531 3560 iniit;
587 3495 856 3563 fugerunt
887 3500 947 3550 et
975 3496 1186 3564 Persae,
1225 3495 1536 3553 multitudo
1567 3513 1704 3554 vero
1737 3515 2013 3557 curruum

372 3581 717 3640 falcatorum
753 3583 1042 3652 fugientes
1068 3585 1416 3644 occidebant
1446 3585 2014 3660 suos,jacebantque

369 3671 822 3728 sicutmessisin
854 3686 1076 3743 campo.
1108 3672 1355 3728 Veniens
1375 3679 1566 3729 autem
1591 3675 1796 3732 Darius
1817 3676 1890 3732 ad
1915 3678 2014 3734 llu-

367 3759 543 3831 vium,
576 3762 634 3815 et
668 3759 965 3816 inveniens
1023 3776 1152 3816 eum
1187 3761 1374 3817 adhuc
1405 3762 1795 3834 congelatum,
1855 3769 2014 3821 tran-

367 3848 498 3917 siit;
523 3849 626 3906 sed
641 3850 906 3920 sequenti
928 3849 1301 3906 multitudine
1321 3851 1707 3924 ingrediente,
1727 3853 2011 3912 dissoluta

365 3943 457 3994 est
476 3937 714 4008 glacies,
747 3943 804 3993 et
840 3938 1073 4010 plurimi
1109 3939 1318 3994 mortui
1341 3944 1507 4004 sunt;
1543 3941 1640 4012 qui
1666 3957 1802 3998 vero
1825 3943 2012 4014 ingre-

365 4025 421 4082 di
456 4041 568 4082 non
602 4029 890 4098 poterant,
943 4041 1046 4082 eos
1079 4027 1452 4097 insequentes
1486 4029 1828 4087 Macedones
1861 4033 2012 4090 occi-

363 4113 596 4169 debant.
632 4114 801 4184 Fugit
822 4117 1015 4169 autem
1039 4115 1263 4184 Darius,
1313 4121 1372 4172 et
1396 4117 1694 4187 ingressus
1725 4120 2007 4191 palutium

359 4216 548 4270 suum,
594 4202 914 4272 prostravit
949 4216 1012 4256 se
1045 4216 1221 4273 super
1251 4205 1451 4261 faciem
1485 4221 1648 4262 suam
1683 4208 1737 4262 in
1767 4213 2004 4282 terram,

357 4303 429 4345 ex
449 4288 685 4360 altoque
699 4295 934 4360 pectore
949 4290 1092 4346 dura
1118 4292 1355 4349 trahens
1368 4295 1640 4366 suspiria,
1660 4295 1808 4352 dixit
1835 4317 1848 4352 :
1871 4299 2009 4357 Heu

357 4390 466 4447 me,
491 4377 722 4448 quanta
741 4377 1054 4435 tribulatio
1076 4381 1470 4452 apprehendit
1490 4383 1828 4455 Persidem,
1855 4386 2007 4457 quia

2151 1816 2352 1866 cerent
2384 1812 2574 1868 Dario.
2634 1813 2973 1884 Precipiens
3007 1814 3204 1884 itaque
3237 1813 3520 1872 militibus
3575 1817 3701 1873 suis
3731 1822 3787 1873 ut

2151 1903 2412 1956 mortuos
2437 1900 2756 1972 sepelirent
2777 1907 2836 1958 et
2857 1901 3180 1958 vulneratis
3210 1901 3552 1959 medicinam
3578 1904 3789 1976 impen-

2149 1988 2376 2058 derent,
2411 1987 2744 2060 aliquantos
2792 1989 2918 2046 dies
2947 1989 3219 2045 hiemavit
3251 1990 3350 2060 ibi,
3387 1991 3608 2047 faciens
3636 1991 3790 2048 obla-

2145 2077 2362 2133 tionem
2386 2077 2499 2133 diis
2518 2078 2671 2145 suis;
2707 2078 3086 2150 precepitque
3115 2079 3399 2136 militibus
3427 2079 3550 2136 suis
3581 2086 3646 2136 ut
3667 2080 3788 2152 pul-

2142 2165 2426 2222 cherrima
2453 2164 2667 2238 palatia
2688 2167 2884 2223 Xersis
2901 2167 3053 2236 regis
3066 2168 3508 2224 comburerent:
3535 2167 3640 2224 sed
3660 2184 3788 2240 pau-

2145 2253 2322 2311 lulum
2350 2255 2692 2327 poenitentia
2723 2255 2937 2312 ductus
2955 2256 3134 2326 jussit
3157 2260 3221 2311 ut
3241 2255 3350 2312 hoc
3369 2271 3485 2312 non
3510 2257 3781 2314 fecerent.

2141 2344 2317 2399 Erant
2342 2349 2536 2400 autem
2562 2344 2615 2400 in
2641 2344 2864 2401 hisdem
2891 2344 3036 2401 locis
3067 2343 3375 2416 sepulchra
3401 2350 3780 2416 mortuorum,

2142 2447 2270 2502 quae
2296 2433 2600 2503 fodientes,
2629 2433 2975 2489 invenerunt
3004 2447 3142 2489 vasa
3177 2447 3353 2490 aurea
3374 2437 3434 2489 et
3485 2439 3781 2504 argentea,

2137 2521 2484 2578 invenerunt
2509 2521 2683 2577 etiam
2721 2521 3092 2593 sepulchrum
3115 2521 3471 2593 olivitreum,
3506 2523 3580 2579 de
3611 2538 3724 2594 quo
3752 2538 3781 2579 a

2139 2609 2280 2665 foris
2309 2611 2626 2681 apparebat
2651 2625 2866 2681 corpus
2887 2609 3138 2666 hominis
3157 2609 3427 2682 etcapilli
3451 2611 3598 2680 ejus.
3626 2613 3781 2668 Inve-

2138 2703 2346 2754 nerunt
2373 2713 2604 2768 quoque
2631 2698 2707 2754 ibi
2733 2698 2963 2769 turrim,
2998 2698 3053 2753 in
3082 2713 3192 2770 qua
3208 2699 3375 2755 multi
3396 2701 3655 2756 truncati
3686 2700 3782 2756 ho-

2137 2786 2342 2857 mines,
2369 2785 2465 2841 alii
2497 2802 2636 2843 vero
2665 2791 2834 2842 erant
2870 2787 2948 2842 ibi
2973 2787 3025 2842 in
3050 2787 3342 2858 custodia,
3377 2789 3476 2858 qui
3499 2788 3780 2846 clamave-

2137 2877 2270 2930 runt
2295 2875 2363 2930 ad
2393 2874 2802 2946 Alexandrum,
2830 2875 3285 2932 misericordiam
3310 2875 3703 2948 postulantes,
3721 2881 3776 2933 ut

2136 2961 2415 3018 liberaret
2437 2977 2554 3019 eos.
2583 2965 2710 3034 Ipsa
2745 2977 2882 3020 vero
2927 2963 3192 3020 custodia
3216 2968 3342 3019 erat
3368 2965 3640 3036 pessima.
3675 2964 3776 3031 Qui

2128 3049 2308 3120 jussit
2333 3067 2436 3107 eos
2467 3050 2731 3107 abstrahi
2764 3051 2834 3107 de
2868 3051 2993 3122 ipsa
3022 3051 3312 3121 custodia,
3347 3058 3408 3108 et
3430 3053 3638 3110 videns
3657 3067 3772 3122 eos,

2135 3138 2321 3195 doluit
2335 3146 2393 3195 et
2409 3140 2678 3211 ploravit,
2691 3141 2992 3212 precepitq
3003 3156 3070 3196 ue
3086 3140 3334 3210 singulis
3351 3141 3493 3198 dare
3507 3141 3774 3212 dragmas

2133 3227 2310 3297 mille,
2344 3229 2665 3284 restituens
2697 3228 2813 3285 illis
2842 3229 3238 3300 proprietates
3260 3244 3417 3286 suas.

2203 3317 2356 3370 Inter
2376 3315 2498 3371 haec
2524 3317 2858 3387 preparavit
2881 3331 2942 3372 se
2961 3317 3170 3374 Darius
3192 3318 3384 3374 denuo
3406 3318 3481 3375 ad
3506 3335 3768 3391 pugnam,

2131 3403 2488 3475 scripsitque
2521 3404 2830 3474 epistolam
2859 3404 2929 3460 ad
2962 3407 3174 3461 Porum
3209 3421 3402 3476 regem
3427 3408 3771 3464 lndorumin

2127 3491 2250 3548 haec
2274 3493 2448 3548 verba
2475 3511 2488 3547 :
2512 3494 2745 3550 Darius
2763 3509 2875 3550 rea:
2887 3509 3094 3566 regum
3119 3496 3251 3566 regi
3281 3496 3436 3554 Poro
3451 3497 3766 3568 gaudium.

2125 3580 2330 3650 Nuper
2357 3581 2574 3652 scripsi
2587 3581 2668 3637 ad
2697 3582 2752 3637 te
2773 3582 3135 3654 deprecando
3162 3582 3474 3654 utfaceres
3485 3584 3654 3642 nobis
3681 3585 3770 3641 ad-

2112 3667 2414 3738 jutorium
2430 3670 2636 3725 contra
2647 3669 2786 3727 illos
2796 3672 2903 3742 qui
2915 3671 3112 3727 conati
3123 3672 3268 3728 sunt
3285 3671 3592 3744 dissipare
3605 3674 3769 3745 pala-

2127 3755 2277 3811 tium
2305 3755 2590 3825 nosbrum,
2605 3759 2756 3828 quia
2773 3758 2894 3815 hac
2911 3757 3118 3827 bestia,
3135 3773 3266 3830 qua
3283 3761 3639 3832 venitsuper
3648 3775 3764 3830 nos,

2108 3844 2377 3917 ferocem
2397 3844 2845 3917 habetmentem,
2879 3847 2936 3903 et
2963 3848 3181 3904 astuat
3204 3849 3446 3906 animus
3459 3851 3593 3920 ejus
3619 3850 3772 3907 sicut

2125 3933 2436 4004 tempestas
2465 3933 2673 3991 maris.
2709 3935 2788 4004 (F.
2825 3936 2973 4006 209.)
3025 3936 3542 4007 t'oluirecolliqere
3562 3937 3638 3995 ab
3665 3939 3766 3995 illo

2120 4022 2372 4078 matrem
2389 4022 2446 4078 et
2469 4036 2714 4079 uxorem
2735 4022 2795 4080 et
2806 4024 2985 4095 ﬁlias
3005 4024 3066 4080 et
3087 4023 3302 4096 oferre
3321 4025 3424 4082 illi
3439 4040 3694 4084 munera
3718 4025 3770 4082 et

2119 4109 2286 4166 nolui
2293 4111 2718 4182 tacquiescere.
2743 4112 2916 4169 Nunc
2925 4125 3060 4170 vero
3072 4114 3351 4183 quamvis
3361 4112 3497 4170 sine
3506 4115 3768 4172 volunta-

2123 4198 2176 4254 te
2185 4211 2314 4255 mea
2324 4198 2600 4270 pugnabo
2610 4201 2828 4256 iterum
2841 4213 2972 4257 cum
2987 4214 3068 4271 eo,
3077 4203 3498 4274 conqreqatisq
3505 4203 3768 4276 ueqenti-

2121 4284 2227 4342 bus
2237 4288 2448 4345 multis
2462 4287 2694 4345 certabo
2711 4303 2893 4360 usque
2903 4289 2987 4346 ad
2992 4289 3255 4360 mortem,
3281 4293 3433 4362 quia
3442 4292 3668 4350 melius
3691 4291 3772 4350 est

2117 4373 2302 4432 michi
2312 4377 2543 4433 moriin
2565 4375 2732 4446 bello,
2757 4390 2940 4448 quam
2951 4377 3151 4434 videre
3163 4377 3769 4454 desolationemrequi

360 4465 722 4524 hu/mJiatus
735 4466 827 4523 est
846 4467 1098 4538 Darius,
1113 4470 1221 4542 qui
1255 4469 1878 4543 subjuqavitatquein
1899 4491 2007 4546 po-

2179 4465 2382 4535 qentis
2398 4478 2554 4522 mea.
2595 4465 3062 4538 C'onqreqamini
3086 4479 3222 4538 ergo
3243 4467 3304 4523 et
3327 4469 3558 4540 parate
3571 4483 3671 4527 vos
3693 4467 3770 4525 ad

360 4553 612 4612 tentiam
622 4556 1036 4628 suamredeqit
1061 4557 1496 4628 multasqentes
1506 4567 1528 4615 ,ι
1539 4561 1616 4616 In
1621 4564 1838 4630 puncto
1859 4566 2006 4623 arti-

353 4643 478 4700 culi
488 4647 672 4702 unius
683 4645 807 4701 diei
819 4645 1196 4716 evenit,quod
1206 4645 1464 4704 humiles
1475 4649 2004 4724 eualtentursuper

349 4731 556 4803 nubes,
574 4731 926 4791 etsublimes
936 4734 1333 4793 hmnilientur
1342 4750 1531 4808 usque
1543 4737 2003 4800 deorsum.Dein-

353 4821 426 4878 de
447 4821 682 4892 erigens
700 4835 765 4879 se
789 4827 850 4878 et
868 4822 922 4878 in
943 4835 1177 4880 sensum
1199 4838 1366 4881 suum
1394 4825 1643 4898 rediens,
1666 4829 1905 4902 scripsit
1927 4833 1999 4889 ad

356 4908 748 4984 Alexandrum
779 4909 1085 4984 epistolam
1117 4911 1449 4984 hujusmodi
1486 4934 1498 4969 :

418 4982 775 5040 Dariusrea:
787 4982 1283 5042 dominatorimeo
1317 4986 1988 5062 Aleuandroqaudium.

343 5067 708 5128 Recordetur
721 5071 828 5129 tua
838 5072 1170 5144 clementia,
1186 5075 1337 5144 quia
1348 5075 1407 5131 et
1417 5075 1480 5132 tu
1491 5075 1659 5134 homo
1670 5092 1750 5145 es;
1763 5081 1972 5152 suffici
1980 5082 2002 5138 t

344 5159 541 5213 autem
554 5157 780 5216 homini
791 5160 859 5218 in
871 5175 987 5232 quo
1012 5175 1141 5234 sap.
1153 5164 1316 5221 entia
1329 5163 1436 5238 est,
1449 5179 1582 5223 cum
1602 5166 1885 5226 habuerit
1907 5171 1998 5228 vi-

344 5245 617 5314 ctoriam,
639 5249 713 5305 ut
726 5263 843 5307 non
859 5251 1120 5309 elevetur
1140 5252 1402 5326 amplius
1419 5269 1583 5314 mens
1599 5257 1756 5330 ejus.
1785 5259 1997 5317 Recor-

348 5331 498 5390 dare
532 5333 726 5406 iqitur
761 5339 912 5410 quia
952 5355 1213 5412 superna
1249 5343 1544 5404 divinitas
1572 5349 1859 5406 concessit
1887 5346 2000 5408 tibi

349 5419 1564 5510 hancvictoriam,etquiarquqiumfacio
1575 5433 1660 5492 ad
1671 5437 1724 5494 te
1738 5454 1753 5504 ;
1775 5438 1997 5510 impen-

349 5507 422 5565 de
647 5513 1292 5600 misericordiam;scis
1311 5523 1470 5580 enim
1487 5537 1594 5583 nos
1612 5507 1998 5600 nostramque

351 5593 746 5661 nativitatem
784 5603 971 5676 atque
1005 5609 1523 5688 magnitudinem;
1555 5615 1798 5674 concede
1833 5593 2004 5678 nobis

2114 4554 2320 4626 portas
2335 4554 2609 4628 Caspias.
2631 4555 2912 4630 omnibus
2937 4557 3046 4628 qui
3057 4556 3357 4615 vobiscum
3367 4561 3649 4618 venerint
3668 4559 3766 4616 da-

2117 4644 2243 4700 tum
2256 4643 2424 4713 dabo,
2449 4645 2781 4716 unicuique
2791 4645 2988 4717 pediti
2983 4659 3097 4718 per
3107 4645 3384 4718 singulos
3394 4662 3626 4708 menses
3634 4646 3764 4706 soli-

2115 4732 2216 4790 dos
2230 4732 2367 4802 tres,
2401 4732 2594 4805 equiti
2629 4747 2764 4792 vero
2790 4735 3076 4807 quinque,
3111 4736 3172 4792 et
3203 4733 3767 4796 cibariaillorumet

2111 4834 2493 4895 quaecunque
2503 4823 2842 4880 necessaria
2864 4821 3290 4894 tribuamillis,
3324 4823 3758 4898 despoliisvero

2109 4910 2480 4982 captivorum
2497 4911 2872 4969 medietatem
2892 4911 3167 4970 dabimus
3179 4911 3314 4983 tibi,
3329 4913 3610 4972 caballus
3627 4925 3759 4986 quo-

2108 5012 2226 5070 que
2235 4999 2566 5072 Bucefalus
2577 4999 2639 5056 et
2653 5000 2968 5072 imperiale
2975 5001 3405 5072 paramentum
3424 5000 3756 5066 Alcaeum

2109 5087 2277 5144 tuum
2288 5088 2390 5158 sit,
2407 5089 2465 5145 et
2478 5087 2833 5160 ubicumque
2843 5089 3226 5160 applicueris,
3241 5088 3396 5148 dabo
3408 5090 3751 5150 eum

2109 5177 2167 5232 et
2177 5175 2739 5247 octoqintajuvencu
2747 5177 2836 5234 las
2850 5191 2981 5235 cum
2994 5181 3362 5236 ornamentis
3374 5194 3602 5239 earum.
3611 5178 3746 5238 σθαι

2108 5265 2407 5337 acceperis
2433 5265 2746 5338 epistolam
2769 5265 2944 5335 hanc,
2953 5267 3196 5339 festina
3210 5268 3435 5326 venire.

2179 5354 2452 5410 Homines
2482 5368 2622 5410 vero
2649 5353 2805 5410 Darii
2869 5354 3156 5425 fugientes
3210 5355 3282 5412 ad
3336 5354 3731 5419 Alexandrum,

2109 5441 2531 5500 nunciaverunt
2568 5441 2620 5498 ei
2653 5442 2844 5500 omnia
2884 5442 3028 5500 hac.
3056 5443 3162 5508 Qui
3191 5444 3440 5503 audiens
3469 5445 3589 5503 haec
3615 5452 3734 5514 pre-

2107 5531 2336 5603 paravit
2355 5545 2440 5604 se,
2469 5531 2704 5610 et‘dixit
2732 5531 3002 5591 omnibus
3029 5536 3090 5589 ut
3123 5531 3285 5591 nullo
3316 5533 3488 5592 modo
3513 5541 3730 5588 vocare-

2103 5623 2203 5679 tur
2258 5619 2598 5697 imperator,
2645 5620 2694 5682 si
2737 5635 2986 5698 regnum
3024 5621 3185 5682 Darii
3223 5637 3339 5684 non
3368 5619 3690 5702 optinuisset
