3898 6306
369 297 488 364 687

1525 282 2004 349 EKKEHARDI
2045 280 2598 349 URAUGIENSIS

3655 280 3776 343 588

375 419 1102 500 litudinepersensit,muri
1117 418 1284 478 obice
1299 416 2013 492 posterioratutatuscon-
2042 417 2096 476 Α
2127 418 2238 484 ret,
2271 412 2343 469 ad
2377 412 2575 469 urbem
2609 412 2917 486 quandam,
2947 408 3040 470 cui
3074 411 3310 470 Ambira
3360 425 3468 468 rex
3509 414 3775 482 preerat,

377 517 594 574 trarios
614 514 844 572 facilius
861 524 932 568 eo
970 523 1155 581 usque
1187 507 1684 578 sustinuit,doncc
1730 503 2015 576 perfossis

377 605 561 662 muris
583 603 774 660 omnis
802 599 1101 657 exercitus
1124 595 1471 668 ingreditur.
1489 597 1567 665 _ln
1597 608 1666 648 eo
1701 591 1900 664 pralio
1930 605 2018 646 sa-

373 695 524 764 gitta
557 693 664 750 sub
693 703 935 746 mamma
961 685 1268 756 trajectus,
1305 684 1418 738 ﬁxo
1467 698 1618 752 genu
1641 684 1883 737 eatenus
1917 694 2018 750 pu-

374 780 596 852 gnavit,
629 779 812 834 donec
837 791 989 845 eum,
1025 790 1054 830 a
1076 789 1190 844 quo
1206 771 1550 829 vulneratus
1567 773 1678 839 est,
1695 767 2012 824 occideret.

377 864 867 926 lndeconscensis
882 863 1129 919 navibus
1159 876 1290 917 cum
1305 859 1507 916 oceani
1539 857 1711 913 litora
1749 869 2016 928 peragra-

2129 502 2412 573 pervenit,
2431 503 2534 559 sed
2559 503 2615 557 in
2629 500 3336 574 expugnationecivitatis
3361 514 3622 568 magnam
3649 512 3780 570 par-

2126 595 2243 646 tem
2268 598 2568 648 exerc1tus
2587 593 2822 662 sagittis
2836 592 3093 648 hostium
3115 604 3337 646 veneno
3363 588 3532 644 illitis
3555 587 3777 652 amisit;

2127 683 2185 732 at
2215 683 2349 748 post
2379 680 2553 734 herba
2583 695 2692 750 per
2713 679 2997 735 somnium
3011 679 3122 734 sibi
3147 683 3384 734 ostensa
3403 683 3465 732 et
3491 676 3545 731 in
3571 680 3779 748 potum

2128 765 2343 820 sauciis
2373 765 2526 836 data,
2563 781 2694 824 cum
2729 765 3418 837 reliquissubveniretur,
3454 765 3663 822 urbem
3679 778 3779 838 ex-

2127 853 2427 924 pugnavit.

943 961 1050 1020 DE
1092 955 1628 1020 MIRABILIBUS
1671 952 1890 1024 QUAS
1933 949 2440 1011 ALEXANDER
2483 952 2804 1014 VIDISSE
2848 952 3198 1013 DICITUR.

449 1063 509 1118 in
540 1061 632 1118 his
660 1073 802 1130 ergo
825 1057 1136 1114 itineribus
1165 1070 1291 1125 qua
1323 1056 1608 1123 etquanta
1631 1047 2013 1122 pertuleritet

377 1165 549 1223 quam
581 1146 841 1204 miranda
863 1143 1262 1217 conspexerit,
1297 1143 1441 1212 ipse,
1469 1145 1530 1197 ut
1565 1141 1773 1208 fertur,
1797 1137 1865 1192 ad
1901 1149 2015 1190 ma-

375 1242 526 1294 trem
546 1249 708 1292 suam
733 1231 1131 1305 Olympiadem
1145 1229 1560 1298 etmagistrum
1601 1240 1766 1281 suum
1792 1223 2017 1279 Aristo-

376 1325 540 1380 tilem
573 1321 800 1391 scribit,
822 1321 893 1376 de
917 1319 1134 1390 quibus
1147 1317 1336 1386 aliqua
1355 1315 1428 1371 ob
1451 1312 1900 1370 delectationem
1921 1324 2019 1364 no-

375 1411 532 1468 ticia
563 1424 755 1466 rerum
813 1407 1166 1463 mirabilium
1185 1403 1503 1460 breviando
1547 1398 2014 1472 perstringimus,

379 1503 640 1556 ceterum
656 1497 961 1553 veritatem
979 1495 1233 1565 ipsarum
1250 1507 1444 1547 rerum
1453 1489 1676 1559 judicio
1701 1485 2016 1556 legentiu'n

379 1586 780 1658 relinquimus.
810 1583 992 1653 (Hist.
1020 1583 1267 1638 Aleum}.
1294 1579 1488 1634 Bamb.
1519 1579 1553 1632 f.
1607 1577 1757 1647 216.)
1801 1573 2018 1630 Scribit

380 1674 574 1744 itaque
601 1673 670 1729 ad
705 1675 946 1726 matrem
971 1683 1154 1738 suam,
1187 1667 1319 1738 quia
1348 1681 1480 1722 cum
1513 1664 1700 1721 adhuc
1748 1663 1805 1717 in
1839 1661 2019 1732 Baby-

380 1761 534 1818 lonia
565 1760 906 1832 priusquam
929 1755 1314 1827 egrederetur
1347 1753 1418 1810 de
1457 1757 1615 1808 terra
1641 1749 1760 1818 illa,
1787 1758 1912 1805 erat
1939 1749 2046 1804 ibi‘

379 1848 588 1904 mulier
601 1848 885 1919 quaedam,
911 1861 1038 1916 qua
1055 1844 1284 1916 peperit
1307 1842 1509 1911 lilium,
1532 1841 1629 1910 qui
1649 1841 1721 1896 ab
1746 1837 2018 1895 umbilico

376 1942 438 1993 et
468 1951 698 1993 sursum
725 1941 855 1991 erat
883 1938 946 1990 ut
971 1935 1160 2001 homo,
1188 1933 1460 1988 deorsum
1484 1936 1677 1986 autem
1697 1931 1825 1984 erat
1850 1932 1910 1982 ut
1928 1928 2022 1981 bc-

375 2024 488 2080 stia
519 2023 962 2080 similitudinem
986 2021 1207 2077 habens
1230 2019 1408 2076 canis.
1454 2017 1562 2084 Qui
1603 2031 1732 2073 cum
1766 2015 2022 2087 peperis-

375 2118 488 2182 set,
545 2111 848 2184 COOperuit
881 2125 1012 2166 eum
1037 2109 1398 2178 adduxitque
1469 2103 1798 2162 Alexandro
1874 2103 2016 2174 regi,

377 2199 744 2268 mandansei,
764 2197 1320 2255 utliceretsibicum
1343 2211 1412 2252 eo
1447 2198 1675 2250 secrete
1695 2191 2019 2262 loqui.Qua

377 2305 508 2346 cum
531 2293 740 2346 vocata
751 2287 1074 2342 veniretait
1099 2285 1280 2352 ;Jube
1292 2299 1486 2342 omnes
1509 2285 1694 2352 exire,
1735 2282 2022 2340 secretum

378 2377 564 2434 habeo
576 2375 848 2434 iudicare
861 2374 1280 2432 tibi.0mnibus
1291 2388 1432 2442 ergo
1445 2371 1878 2440 recedentibus,
1909 2369 2017 2425 dis-

377 2463 724 2536 c00periens
757 2461 1105 2518 infantulum
1129 2461 1477 2518 monstravit
1521 2460 1592 2516 ei.
1620 2459 1798 2526 Quem
1814 2458 2018 2514 videns

380 2551 760 2623 rex,miratus
773 2555 885 2621 est,
911 2565 1053 2606 voca
1084 2547 2015 2620 toqueariolo,interrogaviteum

382 2639 518 2711 quid
559 2639 666 2696 hoc
687 2638 1086 2711 portenderet.
1129 2637 1235 2703 Qui
1258 2635 1758 2708 sUSpiransdixit:
1795 2636 1840 2691 0
1887 2647 2016 2703 reae,

381 2726 1124 2800 appropinquabittempus
1137 2725 1400 2794 tuum,ut
1409 2737 1585 2780 cacas
1600 2723 1670 2780 de
1681 2723 1788 2779 hoc
1801 2721 2014 2779 secuto.

378 2815 672 2874 Medietas
683 2817 964 2886 corporis,
981 2812 1302 2885 quahabet
1316 2813 1615 2885 aspectum
1643 2813 1923 2880 hominis,
1955 2811 2021 2866 tu

381 2917 462 2976 es,
478 2917 624 2976 pars
652 2904 851 2960 autem
865 2917 1039 2960 versa
1054 2904 1121 2958 in
1135 2902 1382 2959 bestiam
1427 2902 1691 2958 homines
1732 2900 1880 2958 sunt
1911 2900 2022 2970 qui

369 2993 512 3064 post
526 2991 840 3049 teceuieut.
867 2991 1120 3048 Audiens
1134 2992 1258 3047 hac
1274 2989 1624 3058 Alexander,
1639 2988 1833 3044 tristis
1852 2987 2021 3044 effec-

2049 1715 2101 1780 B

2125 1060 2258 1103 area
2281 1053 2339 1103 et
2381 1063 2537 1104 mare
2561 1051 2715 1106 sicut
2744 1050 2922 1106 draco
2950 1063 3166 1119 gyrans
3214 1063 3358 1104 eam.
3395 1049 3595 1105 Divina
3628 1064 3777 1107 vero

2124 1135 2318 1192 virtus
2351 1138 2710 1193 obumbrans
2729 1138 2968 1209 griphes
2989 1137 3222 1208 dejecit,
3257 1152 3360 1193 eos
3389 1137 3447 1192 in
3468 1141 3695 1194 terram
3720 1139 3779 1193 in

2127 1223 2257 1280 loco
2287 1226 2602 1296 campestri
2627 1226 2796 1296 longe
2819 1229 2890 1282 ab
2911 1227 3176 1282 exercitu
3201 1226 3411 1282 itinere
3435 1227 3666 1282 dierum
3681 1226 3783 1283 de-

2128 1327 2253 1368 cem
2284 1313 2531 1378 ;nullam
2557 1317 2750 1370 tamen
2771 1313 3047 1371 lesionem
3063 1314 3348 1370 sustinuit
3371 1313 3708 1370 Alexander
3724 1315 3781 1370 in

2127 1399 2559 1469 cancellisillis,
2591 1417 2720 1457 cum
2743 1401 2878 1458 forti
2909 1417 3050 1457 vero
3075 1401 3360 1470 angustia
3387 1401 3628 1470 junctus
3688 1408 3782 1456 est

2132 1487 2416 1544 militibus
2447 1488 2775 1554 suis.Quem
2808 1489 3079 1546 videntes
3112 1489 3296 1544 laetati
3351 1492 3508 1558 sunt,
3555 1489 3782 1546 collau-

2131 1575 2338 1632 dantes
2368 1579 2740 1634 eum.lterum
2757 1578 2916 1633 venit
2941 1579 2994 1632 in
3025 1592 3125 1634 cor
3149 1577 3296 1648 ejus,
3315 1581 3376 1632 ut
3403 1583 3783 1632 mensuraret

2131 1665 2480 1734 profundum
2513 1666 2705 1734 maris,
2740 1666 3084 1736 vocavitque
3111 1664 3440 1734 astrologos
3458 1669 3516 1720 et
3545 1679 3783 1734 geome-

2130 1751 2336 1822 tricos,
2369 1753 2704 1824 precipiens
2725 1754 2812 1810 eis
2834 1759 2898 1809 ut
2915 1755 3173 1810 facerent
3197 1753 3306 1809 sibi
3329 1753 3634 1816 vasculum
3659 1754 3780 1809 tale

2134 1841 2190 1895 in
2221 1855 2332 1910 quo
2360 1847 2559 1912 posset
2582 1841 2637 1896 in
2697 1842 3045 1912 profundum
3091 1840 3264 1897 maris
3310 1841 3680 1897 descendere
3721 1848 3778 1898 et

2133 1929 2666 2000 mirabiliaquaibi
2692 1935 2826 1986 sunt
2872 1930 3224 2001 perspicere.
3273 1929 3380 1994 Qui
3442 1929 3775 1986 dixerunt:

2132 2018 2276 2074 Fiat
2303 2017 2664 2074 doliusoloci
2673 2019 2832 2075 treus
2846 2019 2905 2075 et
2920 2019 3141 2090 quetur
3181 2018 3427 2088 catenis,
3459 2018 3521 2074 et
3561 2019 3786 2090 regant

2131 2119 2262 2162 eum
2287 2107 2514 2164 milites
2508 2105 2845 2178 fortissimi
2861 2105 2929 2162 in
2938 2105 3332 2163 submittendo
3354 2106 3774 2164 etreducendo.

2133 2196 2252 2248 lloc
2283 2194 2484 2250 audito
2519 2194 2867 2264 Alexander,
2900 2194 3162 2266 precepit
3209 2193 3348 2249 talia
3378 2194 3528 2256 ﬁeri,
3563 2200 3622 2250 et
3677 2194 3778 2250 tali

2133 2282 2303 2338 modo
2337 2282 2682 2354 perquirens
2708 2283 3056 2354 profundum
3105 2282 3304 2351 maris,
3335 2281 3481 2352 vidit
3509 2281 3777 2340 diversas

2135 2371 2350 2440 figuras
2366 2370 2849 2426 diversicolorum
2867 2371 3111 2442 piscium
3134 2375 3193 2426 et
3209 2371 3378 2442 quasi
3403 2371 3777 2427 terrestrium

2131 2459 2462 2514 animalium
2492 2458 2839 2530 profundum
2867 2458 3042 2515 maris
3073 2457 3515 2530 ambulantium,
3568 2458 3778 2515 multa-

2131 2561 2242 2617 que
2277 2561 2404 2616 qua
2439 2547 2551 2602 dici
2587 2561 2700 2602 non
2735 2551 3006 2618 possunt.

2203 2635 2434 2706 (Ep.ad
2464 2635 2794 2692 Arist.Cod.
2823 2635 3016 2691 Bamb.
3055 2635 3092 2689 ι’.
3114 2633 3282 2707 228’.)
3317 2635 3640 2706 Postquam
3682 2650 3776 2692 au-

2132 2727 2246 2778 tem
2269 2723 2428 2778 venit
2451 2723 2506 2778 in
2539 2723 2836 2778 Persidam
2860 2726 2916 2778 et
2952 2723 3246 2778 interiecit
3287 2723 3523 2779 Darium
3578 2738 3775 2794 regem

2131 2825 2324 2866 mense
2352 2810 2516 2880 Maio,
2547 2815 2609 2866 ut
2634 2811 2756 2882 ipse
2779 2811 3060 2880 magistro
3093 2826 3200 2867 suo
3222 2810 3528 2868 Aristoteli
3543 2812 3770 2881 scribit,

2131 2898 2461 2968 subjugavit
2493 2899 2602 2954 sibi
2631 2914 2854 2954 omnem
2916 2905 3134 2954 terram
3184 2899 3364 2970 illius,
3399 2903 3455 2956 et
3491 2900 3689 2972 posuit
3719 2900 3772 2956 in

2131 2987 2446 3058 provinciis
2470 2987 2714 3042 orientis
2737 3003 2876 3042 suos
2906 2987 3242 3058 honoratos,
3267 2991 3325 3044 et
3387 2988 3604 3044 divites
3637 2990 3770 3045 facti

381 3060 604 3150 tusest,
629 3085 687 3136 et
717 3079 868 3136 dixit
894 3099 906 3134 :
939 3082 983 3136 0
1009 3081 1312 3151 Juppiter,
1347 3077 1611 3149 oportuit
1661 3077 1902 3148 quidem
1955 3075 2026 3132 ut
2052 3060 2100 3123 C
2132 3080 2269 3132 sunt
2299 3090 2515 3132 omnes.
2547 3077 2737 3132 Mense
2763 3081 2956 3130 autem
2985 3075 3140 3131 Julio
3165 3075 3494 3146 deﬁciente,
3527 3077 3688 3132 venit
3719 3077 3773 3132 in

379 3169 507 3227 dies
524 3169 718 3226 obitus
742 3169 860 3224 mei
891 3170 956 3224 in
972 3181 1126 3239 pace
1143 3167 1454 3238 ﬁniretur,
1484 3167 1555 3222 ut
1580 3165 1686 3221 hoc
1717 3163 1877 3235 quod
1881 3178 2021 3236 pro-

375 3259 550 3329 posui
560 3257 968 3329 perﬁceretur,
997 3256 1103 3312 sed
1121 3257 1270 3326 quia
1293 3255 1404 3313 tibi
1420 3255 1512 3312 sic
1523 3253 1746 3326 placet,
1789 3253 2024 3324 suscipe

380 3357 473 3401 me
504 3345 692 3401 tecum
719 3343 1132 3400 immortalem.

453 3432 535 3502 (F.
568 3433 719 3504 217.)
755 3431 1092 3488 Coadunato
1121 3433 1316 3486 autem
1349 3429 1564 3502 populo
1595 3444 1722 3500 suo,
1783 3427 2024 3499 exiit,et

382 3520 539 3577 venit
575 3519 648 3575 ad
679 3518 979 3576 columnas
1010 3517 1282 3589 Heraclii,
1335 3533 1504 3574 unam
1563 3531 1818 3588 auream,
1880 3516 2023 3572 alte-

383 3621 505 3663 ram
537 3611 896 3678 argenteam,
949 3608 1234 3663 habentes
1263 3607 1318 3662 in
1375 3605 1740 3677 longitudine
1789 3605 2022 3662 cubitos

381 3695 708 3766 duodecim,
743 3695 800 3750 in
831 3694 1142 3752 latitudine
1176 3694 1344 3752 duos.

450 3783 590 3840 Inde
619 3786 936 3854 moventes,
963 3783 1214 3853 ingressi
1246 3787 1384 3840 sunt
1442 3783 1740 3839 desertum
1792 3780 2024 3837 invene-

381 3877 634 3943 runtque
665 3871 790 3928 loca
818 3871 1027 3942 frigida
1059 3875 1234 3943 atque
1267 3871 1354 3928 sic
1377 3871 1649 3940 obscura,
1675 3875 1738 3926 ut
1783 3883 1932 3941 pene
1960 3882 2022 3924 se

381 3964 584 4016 mutuo
614 3974 726 4016 non
760 3964 1167 4030 agnoscerent.

453 4048 590 4104 Inde
618 4046 984 4104 ambulantes
1005 4061 1110 4117 per
1129 4051 1352 4118 septem
1371 4046 1518 4117 dies,
1534 4049 1819 4104 venerunt
1834 4044 1904 4101 ad
1921 4045 2024 4102 ﬂu-

379 4136 536 4194 vium
565 4134 839 4205 calidum,
865 4134 1255 4205 videruntque
1277 4135 1356 4190 ibi
1387 4135 1666 4192 mulieres
1681 4136 2018 4204 Amazonas,

381 4223 679 4296 speciosas
701 4223 894 4294 nimis,
929 4222 1266 4294 equitantes
1288 4223 1343 4278 in
1357 4223 1616 4280 horridis
1630 4222 2016 4278 vestimentis.

380 4315 659 4381 argentea
687 4325 844 4371 arma
868 4311 924 4367 in
958 4311 1223 4368 manibus
1251 4315 1563 4378 tenentes;
1595 4325 1676 4367 as
1719 4315 1913 4366 autem
1959 4315 2021 4366 et

2133 3163 2350 3220 Indiam
2384 3164 3158 3233 Fasiacen,ubicummagna
3175 3163 3486 3221 celeritate
3520 3165 3776 3222 vicitPo—

2134 3268 2260 3310 rum
2283 3267 2478 3322 regem
2503 3253 2838 3323 multasque
2856 3251 3344 3309 divitiasinvenit.
3373 3255 3772 3325 Apprehendit

2132 3342 2283 3400 enim
2322 3342 2620 3399 civitatem
2654 3342 2839 3412 ipsius
2853 3343 2986 3397 Pori
3017 3347 3074 3398 et
3101 3341 3332 3398 domum
3360 3341 3489 3412 ejus
3520 3344 3777 3414 magniﬁ-

2133 3447 2282 3502 cam,
2314 3431 2368 3487 in
2397 3445 2506 3502 qua
2540 3431 2774 3488 fuerunt
2798 3429 3243 3502 quadringenta
3265 3430 3552 3488 columna
3583 3447 3774 3489 aurea

2132 3535 2262 3577 cum
2293 3519 2590 3590 capitellis
2608 3519 2824 3588 aureis,
2854 3523 2910 3574 et
2948 3519 3204 3590 parietes
3233 3519 3440 3576 domus
3480 3525 3652 3576 erant
3681 3535 3773 3578 ve-

2134 3608 2262 3665 stiti
2290 3607 2750 3676 laminisanreis,
2773 3621 2900 3678 qua
2913 3607 3383 3677 erantgrossain
3396 3608 3774 3679 spissitudine

2133 3696 2290 3752 sicut
2321 3700 2414 3752 est
2439 3695 2657 3764 digitus
2675 3695 2946 3765 hominis,
2970 3695 3133 3753 vinea
3157 3711 3390 3766 quoque
3412 3711 3592 3753 aurea
3613 3703 3772 3754 etra-

2133 3785 2279 3840 cemi
2311 3783 2640 3853 cristallini,
2678 3784 2890 3856 quibus
2913 3784 3279 3855 interposita
3311 3789 3482 3842 erant
3535 3800 3774 3855 gemma

2133 3871 2330 3943 ignita
2356 3878 2412 3928 et
2429 3873 2834 3941 smaragdina.
2853 3873 3064 3929 Omnes
3079 3872 3252 3928 etiam
3278 3873 3774 3947 mansiones,qua

2135 3961 2362 4017 inerant
2396 3961 2706 4031 ei,ornata
2735 3965 2900 4016 erant
2926 3961 2996 4016 de
3039 3961 3376 4031 margaritis
3434 3967 3497 4018 et
3555 3964 3774 4020 unioni-

2135 4049 2307 4106 nibus
2335 4053 2393 4106 et
2413 4048 2808 4115 carbunculis,
2843 4055 2904 4105 et
2927 4049 3450 4118 januashabebant
3489 4053 3564 4108 de
3599 4055 3772 4110 ebore

2134 4137 2286 4208 albo,
2319 4143 2379 4194 et
2412 4136 2704 4208 laquearia
2730 4137 2954 4194 subﬁxa
2971 4137 3042 4193 de
3063 4137 3218 4208 ligno
3235 4139 3388 4209 quod
3407 4139 3633 4198 dicitur
3648 4144 3772 4199 ebe-

2133 4241 2268 4283 num
2299 4231 2359 4282 et
2388 4227 2717 4296 estnigrum
2733 4227 3112 4297 nasciturque
3131 4227 3186 4282 in
3205 4227 3361 4284 ludia
3376 4233 3438 4284 et
3459 4230 3761 4304 Ethyopia,

2132 4320 2192 4371 et
2222 4330 2467 4373 camera
2497 4323 2664 4371 erant
2697 4315 2866 4372 facta
2881 4315 3448 4387 decypressis.Foris
3466 4324 3665 4376 autem
3683 4335 3772 4376 ex-

382 4401 599 4458 ferrum
629 4401 710 4458 ibi
725 4415 837 4457 non
860 4400 1177 4458 invenitur.
1199 4402 1453 4470 Jungens
1477 4405 1669 4456 autem
1695 4414 1758 4456 se
1790 4400 2020 4456 exerci-
2047 4415 2102 4477 D
2133 4409 2225 4460 tra
2256 4402 2486 4460 domum
2513 4407 2675 4460 erant
2708 4409 2919 4460 statua
2949 4404 3019 4459 de
3051 4419 3193 4460 auro
3235 4405 3522 4475 positaet
3545 4407 3757 4480 platani

379 4493 478 4547 tus
509 4489 579 4546 ad
597 4489 786 4562 ipsum
819 4489 1077 4561 ﬂuvium,
1103 4489 1356 4545 transire
1386 4502 1497 4544 non
1527 4488 1742 4558 potuit,
1785 4488 1917 4558 quia
1941 4489 2022 4544 la-

376 4575 570 4635 titudo
600 4581 658 4634 et
689 4577 941 4634 altitudo
963 4576 1124 4633 illius
1155 4590 1358 4645 magna
1391 4579 1520 4632 erat
1552 4574 1741 4646 nimis,
1785 4573 2022 4646 plenus-

381 4680 494 4738 que
523 4672 650 4722 erat
681 4665 994 4737 reptilibus
1015 4668 1076 4720 et
1107 4663 1330 4720 bestiis.

449 4752 671 4810 Abinde
701 4753 1006 4810 venientes
1045 4751 1116 4806 ad
1150 4765 1307 4807 mare
1338 4751 1618 4822 Rubrum,
1670 4751 2019 4809 invenerunt

377 4846 632 4900 montem
654 4841 825 4898 nimis
837 4839 1040 4910 altum,
1067 4839 1123 4894 in
1149 4854 1318 4910 quem
1342 4838 1746 4910 ascendentes,
1763 4840 1868 4897 visi
1884 4847 2018 4898 sunt

378 4931 515 5001 sibi,
547 4931 715 5002 quasi
747 4934 948 4986 essent
986 4928 1043 4984 in
1067 4928 1237 4985 coelo.
1259 4928 1546 4997 Cogitavit
1569 4933 1761 4985 autem
1777 4929 2022 4986 Alexan-

377 5019 483 5076 der
513 5017 1018 5090 cumamicissuis,
1050 5023 1114 5074 ut
1143 5017 1464 5074 instrueret
1486 5016 1725 5088 aliquid,
1760 5017 1876 5074 tale
1909 5033 2022 5090 quo

377 5107 919 5179 possetascendere
936 5105 1168 5178 calum,
1203 5110 1266 5162 ut
1291 5106 1588 5178 probaret,
1627 5105 1672 5163 si
1729 5111 1887 5162 esset
1913 5107 2020 5164 hoc

379 5193 591 5251 calum
623 5195 776 5266 quod
799 5194 1254 5253 videmus.Fecit
1273 5209 1413 5264 ergo
1437 5195 1548 5250 sibi
1569 5195 1767 5251 sedem
1787 5195 2021 5265 excogi-

379 5284 584 5353 tatam,
607 5285 664 5338 et
687 5283 1130 5356 apprehendens
1155 5283 1393 5356 griphes
1414 5282 1580 5355 duos,
1604 5283 1902 5352 colligavit
1920 5299 2020 5342 eos

377 5367 624 5441 catenis,
649 5374 710 5426 et
747 5371 938 5442 posuit
954 5374 1156 5428 vectes
1185 5376 1320 5429 ante
1351 5387 1472 5443 eos,
1505 5376 1566 5428 et
1587 5371 1642 5428 in
1685 5373 2018 5430 summitate

377 5469 586 5514 eorum
611 5455 833 5516 cibaria
863 5457 1120 5514 illorum.
1138 5459 1451 5532 Coeperunt
1472 5461 1650 5530 igitur
1681 5475 1916 5520 sursum
1928 5475 2020 5518 as-

376 5540 848 5618 cendere,donec
870 5550 1031 5603 terra
1044 5548 1168 5603 tota
1189 5547 1300 5606 sibi
1319 5549 1630 5608 videbatur
1642 5548 1752 5608 sub
1773 5564 1837 5608 se
1849 5551 2018 5624 quasi

2133 4506 2346 4561 aurea,
2380 4491 2433 4547 ei
2465 4491 2616 4548 inter
2648 4491 2780 4548 illas
2800 4491 3394 4561 erantmultagenera
3411 4495 3763 4554 ancellarum

2133 4580 2276 4637 varii
2291 4577 2526 4645 coloris,
2549 4583 2608 4634 et
2623 4579 2916 4636 habebant
2939 4579 3186 4650 ungulas
3198 4585 3255 4636 et
3273 4585 3467 4639 rostra
3483 4583 3764 4652 inaurata,

2131 4673 2191 4725 et
2221 4669 2276 4723 in
2327 4665 2604 4724 auriculis
2663 4667 2992 4738 pendebant
3021 4669 3352 4738 margarita
3396 4675 3456 4726 et
3508 4673 3760 4729 uniones.

2132 4753 2305 4812 Multa
2337 4769 2568 4826 quoque
2598 4768 2736 4810 vasa
2767 4769 3025 4824 gemmea
3055 4761 3116 4811 et
3145 4756 3474 4815 cristallina
3504 4764 3566 4816 et
3595 4773 3760 4817 aurea

2132 4844 2351 4900 invenit
2383 4843 2483 4914 ibi,
2514 4848 2790 4913 argentea
2822 4859 2962 4900 vero
2994 4859 3197 4915 pauca.

2205 4933 2460 5002 Cumque
2479 4932 2668 4988 omnia
2701 4932 2757 4987 in
2791 4945 2894 4988 sua
2923 4937 3216 5002 potestate
3248 4933 3516 5005 haberet,
3551 4933 3760 4992 deside-

2133 5019 2282 5076 ravit
2313 5019 2650 5076 interiorem
2675 5020 2894 5076 Indiam
2910 5019 3108 5076 videre
3130 5021 3270 5078 etad
3320 5029 3528 5093 portas
3543 5023 3760 5094 Caspias

2133 5107 2464 5180 pervenire.
2502 5108 2626 5174 Quo
2659 5123 2791 5166 cum
2826 5108 3095 5166 tenderet
3130 5125 3258 5166 cum
3273 5111 3433 5167 omni
3474 5127 3578 5169 suo
3606 5125 3755 5168 exer-

2131 5197 2272 5266 citu,
2309 5203 2701 5268 pervenerunt
2737 5197 2807 5253 ad
2839 5198 3126 5268 quendam
3169 5199 3431 5270 ﬂuvium,
3493 5201 3551 5257 in
3603 5201 3751 5270 cujus

2130 5285 2320 5342 medio
2347 5285 2695 5342 eratcivitas
2716 5290 3015 5358 cooperta,
3051 5287 3182 5343 etin
3211 5287 3469 5346 circuitu
3511 5285 3751 5346 civitatis

2129 5377 2258 5430 erat
2271 5387 2419 5445 aqua
2443 5373 2606 5445 quasi
2629 5373 2836 5431 stadiis
2857 5369 3144 5446 quatuor;
3161 5375 3286 5447 ipsa
3300 5391 3444 5435 vero
3476 5392 3618 5450 aqua
3635 5379 3752 5433 erat

2129 5477 2323 5520 amara
2345 5461 2517 5520 nimis
2537 5461 2700 5520 velut
2717 5462 3064 5521 elleborum.
3080 5462 3266 5536 (Hist.
3281 5467 3378 5524 At.
3405 5466 3444 5522 f.
3465 5465 3629 5538 212’.)
3654 5460 3749 5521 Ubi

2129 5566 2260 5612 cum
2296 5551 2722 5626 applicuissent
2779 5552 2923 5613 hora
2978 5551 3096 5614 dici
3148 5553 3355 5627 tercia,
3414 5554 3641 5630 quidam
3690 5564 3754 5610 ex
