3898 6324
109 332 218 395 589

952 323 1391 392 CHRONICA.
1437 360 1505 374 --
1536 322 2017 390 CHRONICON
2059 326 2607 396 UNIVERSALE.

3366 339 3488 404 590

100 463 400 536 juvenibus
431 458 844 518 audacioribus
885 473 1125 517 numero
1159 463 1229 515 27
1258 459 1582 531 evaginatis
1607 460 1729 530 gla-
1755 462 1812 523 Α
1844 475 2069 531 quoque
2099 477 2298 520 omnes
2317 479 2519 521 vocem
2544 466 2712 537 quasi
2734 467 2805 523 de
2833 468 2983 525 coelo
3026 469 3136 526 sibi
3162 474 3487 545 precipien-

106 552 207 608 diis
243 551 378 608 nudi
430 549 675 617 ingressi
723 552 858 605 sunt
890 548 1144 617 (luvium,
1181 549 1281 604 sed
1315 553 1624 618 surgentes
1654 563 1727 603 ex

104 656 165 697 eo
195 639 394 696 bestiae
426 652 552 709 quae
612 636 886 693 dicuntur
941 636 1235 708 yppotami
1296 637 1723 692 devoraverunt

103 743 209 783 eos.
261 728 539 796 Gyrantes
566 729 761 780 autem
791 724 973 780 ceteri
1004 723 1218 778 milites
1252 723 1487 780 ﬂuvium
1512 738 1584 778 ex
1613 723 1724 781 alia

103 819 272 887 parte,
293 816 680 884 perrexerunt
705 812 997 883 superius,
1015 818 1074 867 et
1093 812 1723 880 inveneruntstagnnm

103 903 274 972 dulce,
320 901 514 971 ibique
542 900 928 972 applicantes,
981 900 1534 957 accederuntfocos.
1570 901 1723 955 Hora

102 1004 227 1046 vero
253 988 437 1044 noctis
469 988 651 1044 tercia
676 992 960 1044 exeuntes
991 988 1187 1043 subito
1220 1003 1290 1043 ex
1319 987 1501 1059 ipsius
1531 986 1721 1056 stagni

100 1076 426 1133 arundineto
482 1076 618 1131 ferae
677 1075 1003 1146 silvestres,
1059 1080 1344 1131 venerunt
1400 1075 1471 1130 ad
1530 1074 1721 1145 ipsum

100 1170 348 1235 stagnum
381 1164 605 1234 bibere,
631 1163 831 1220 leones
869 1163 1029 1220 mira:
1062 1163 1496 1233 magnitudinis,
1532 1161 1718 1234 pardi,

101 1253 345 1324 tigrides,
370 1252 535 1324 porci
570 1252 825 1309 silvatici
856 1252 1139 1309 habentes
1163 1253 1370 1309 dentes
1390 1253 1445 1308 in
1471 1251 1721 1321 longitu-

100 1341 218 1397 dine
244 1341 418 1398 cubiti
475 1342 669 1411 unius,
701 1340 997 1412 elephanti
1028 1355 1259 1411 quoque
1288 1347 1345 1396 et
1380 1340 1723 1411 scorpiones

98 1432 359 1487 habentes
391 1429 816 1499 longitudinem
874 1429 1047 1485 unius
1095 1429 1296 1485 cubiti.
1334 1431 1631 1485 Venerunt
1660 1433 1717 1483 et

96 1518 333 1574 homines
365 1516 644 1587 silvatici,
676 1516 957 1573 habentes
988 1531 1090 1573 sex
1114 1516 1326 1585 digitos
1359 1518 1413 1572 in
1456 1518 1723 1573 manibus

96 1612 146 1662 et
178 1606 433 1678 pedibus,
466 1605 564 1676 qui
618 1606 914 1661 incursum
945 1620 1214 1674 magnum
1247 1605 1509 1661 iecerunt
1541 1619 1721 1675 super

94 1693 316 1764 milites,
350 1694 448 1750 sed
479 1709 609 1750 cum
644 1692 862 1749 lanceis
893 1698 952 1747 et
985 1693 1218 1762 sagittis
1241 1694 1542 1764 ejecerunt
1564 1707 1665 1748 eos
1688 1707 1718 1747 a

1838 551 1975 618 tem,
1999 554 2059 604 ut
2085 550 2281 606 nullus
2312 552 2531 622 aliquid
2568 555 2857 611 incideret
2888 572 2956 612 ex
2981 557 3124 628 ipsis
3148 560 3482 632 arboribus,

1840 637 1971 707 quia
2007 637 2102 708 qui
2137 640 2351 695 faceret
2416 642 2747 698 moriretur.
2786 646 2960 700 Erant
2997 645 3074 700 ibi
3105 650 3163 700 et
3221 648 3485 703 volatilia

1837 725 2163 797 mitissima,
2198 728 2300 783 sed
2354 729 2705 802 quicumque
2764 732 3038 788 volebant
3098 749 3166 788 ea
3221 739 3481 806 tangere,

1835 814 2109 870 exiebant
2138 816 2289 885 ignis
2311 821 2368 871 et
2384 817 2865 877 incendebateos.
2886 822 3180 877 Moventes
3202 824 3377 880 etiam
3403 825 3485 879 in-

1836 903 1928 973 de,
1960 909 2244 960 Venerunt
2276 905 2331 961 in
2362 906 2506 962 fines
2539 910 2737 963 oceani
2763 910 2959 979 maris,
2992 916 3053 965 et
3081 910 3391 967 audierunt
3427 913 3481 968 in

1835 990 2023 1047 insula
2048 992 2293 1062 quadam
2318 994 2579 1050 homines
2617 995 2920 1066 loquentes
2942 1000 3179 1054 Grecam
3207 1000 3476 1069 linguam.

1836 1078 2079 1145 Quidam
2113 1096 2250 1137 vero
2279 1096 2351 1137 ex
2396 1083 2683 1141 militibus
2714 1090 2997 1142 exuentes
3029 1102 3110 1157 se,
3166 1088 3482 1144 voluerunt

1834 1166 2059 1237 ingredi
2092 1169 2163 1225 ad
2219 1170 2401 1241 ipsam
2454 1171 2722 1241 insulam,
2779 1172 2881 1227 sed
2939 1179 3243 1243 surgentes
3276 1177 3480 1232 bestiae

1834 1255 2096 1325 quaedam
2130 1257 2200 1313 de
2234 1259 2396 1329 mari,
2431 1261 2949 1331 apprehenderunt
2979 1278 3048 1319 ex
3077 1263 3163 1318 eis
3185 1263 3389 1332 viginti
3421 1268 3477 1319 et

1835 1344 2283 1401 submerserunt
2313 1346 2366 1401 in
2402 1348 2770 1418 profundum.

1905 1431 2125 1488 Exinde
2155 1441 2441 1490 venerunt
2476 1436 2531 1490 in
2563 1434 2752 1491 locum
2779 1437 3086 1511 quendam,
3121 1438 3171 1493 in
3208 1454 3322 1509 quo
3354 1444 3479 1495 erat

1834 1520 2008 1575 arbor
2034 1535 2219 1592 neque
2245 1523 2494 1579 fructum
2520 1524 2741 1580 habens
2767 1541 2953 1596 neque
2978 1526 3132 1597 folia,
3154 1532 3211 1582 et
3239 1527 3482 1583 sedebat

1834 1621 2011 1679 super
2042 1624 2167 1665 eam
2219 1610 2362 1681 avis,
2399 1613 2617 1669 habens
2647 1628 2823 1686 super
2871 1619 3046 1686 caput
3081 1631 3248 1672 suum
3281 1616 3479 1673 radios

1834 1695 2100 1752 lucentes
2134 1698 2287 1754 sicut
2317 1700 2424 1755 sol.

94 1798 172 1839 se.
208 1783 522 1839 Posuerunt
575 1787 770 1839 autem
830 1781 1019 1837 focum
1052 1782 1108 1836 in
1161 1781 1288 1853 ipsa
1321 1780 1468 1837 silva
1500 1781 1559 1850 (Γ.
1592 1782 1717 1870 213)
1749 1811 1804 1870 Β
1904 1785 2119 1841 Deinde
2153 1792 2439 1842 venerunt
2480 1788 2548 1843 ad
2584 1794 2833 1845 montem
2884 1791 3190 1861 quendam,
3224 1793 3332 1848 sub
3364 1807 3478 1864 quo

93 1871 441 1941 arundinum,
493 1875 554 1926 ut
589 1871 859 1940 fugerent
915 1870 1060 1940 ipsae
1092 1871 1248 1940 ferae,
1280 1875 1340 1925 et
1370 1884 1530 1940 ecce,
1562 1869 1721 1925 venit

92 1973 362 2031 supereos
379 1958 566 2014 bestia
583 1959 744 2014 mirae
760 1957 1368 2028 fortitudinis,t‘ortior
1381 1957 1709 2028 elephante,

94 2063 204 2119 quae
226 2047 447 2102 irruens
489 2046 705 2103 occidit
734 2060 807 2101 ex
836 2046 923 2101 eis
966 2044 1173 2115 viginti
1202 2061 1325 2115 sex,
1361 2044 1592 2117 quidam
1623 2059 1723 2100 au-

93 2140 193 2192 tem
222 2135 420 2190 armati
476 2135 823 2191 occiderunt
854 2148 1000 2189 eam.
1052 2134 1326 2204 Sequenti
1376 2148 1516 2189 vero
1548 2136 1720 2189 nocte

94 2225 336 2280 exierunt
366 2239 437 2279 ex
469 2237 649 2279 arena
681 2223 888 2294 vulpes
918 2228 976 2278 et
1007 2221 1333 2292 cocodrilli,
1360 2227 1419 2278 et
1449 2220 1722 2277 comede-

94 2314 211 2369 bant
234 2327 473 2384 corpora
516 2310 1203 2368 mortuorum.Volabant
1245 2311 1320 2366 ibi
1346 2315 1405 2366 et
1436 2310 1724 2381 vespeiti-

99 2398 264 2457 lienes
290 2404 402 2456 tam
435 2398 631 2469 magni
655 2398 807 2455 sicut
833 2398 1136 2469 columbae,
1155 2412 1401 2469 quorum
1425 2398 1631 2453 dentes
1658 2402 1717 2454 ut

107 2489 345 2558 hominis,
379 2489 473 2559 qui
529 2487 877 2543 mordebant
929 2486 1210 2558 homines,
1272 2487 1605 2543 auferentes
1633 2486 1721 2542 eis

108 2592 254 2634 nares
279 2584 335 2634 et
362 2592 537 2633 aures
570 2583 629 2632 et
660 2576 894 2647 digitos.

160 2668 432 2723 Moventes
460 2666 622 2736 inde,
668 2670 951 2722 venerunt
986 2665 1041 2720 in
1072 2678 1338 2735 campum
1371 2663 1469 2734 qui
1502 2662 1720 2719 dicitur

109 2754 268 2826 Actia,
302 2755 353 2809 in
400 2756 573 2826 cujus
628 2755 879 2810 circuitu
907 2759 1036 2809 erat
1091 2752 1237 2810 silva
1295 2752 1628 2817 condensa;
1661 2755 1721 2806 et

104 2850 250 2898 erant
274 2844 609 2900 ibiarbores
625 2843 1051 2911 fructiferae,ex
1083 2841 1295 2913 quibus
1311 2839 1721 2896 nutriebantur

103 2930 631 3002 hominesagrestes,
677 2932 961 2987 habentes
984 2932 1225 2987 formam
1266 2934 1604 3001 gygantum,
1638 2927 1721 2983 in-

108 3019 214 3076 duti
241 3023 585 3078 vestimento
636 3019 889 3093 pellicio,
925 3021 1024 3091 qui
1055 3025 1339 3076 exeuntes
1371 3032 1501 3074 cum
1535 3016 1720 3086 longis

104 3110 270 3165 contis
299 3112 645 3167 occiderunt
679 3110 961 3180 quosdam
1006 3110 1077 3166 de
1105 3109 1390 3165 exercitu.
1426 3106 1590 3174 Quod
1637 3106 1721 3162 vi-

108 3197 228 3254 dens
256 3199 603 3269 Alexander,
627 3199 892 3270 precepit
921 3214 1060 3255 suos
1082 3198 1423 3255 vociferare.
1452 3195 1556 3261 Qui
1588 3210 1718 3252 cum
1751 3170 1800 3234 Ο

109 3287 391 3344 clamarent
443 3288 674 3358 magnis
708 3289 971 3360 vocibus,
1003 3288 1324 3344 timuerunt
1358 3285 1442 3341 illi
1469 3293 1529 3340 et
1562 3285 1720 3354 fuge-

102 3382 231 3447 runt,
262 3380 388 3449 quia
419 3394 531 3434 non
580 3384 745 3434 erant
779 3377 895 3433 illis
928 3377 1178 3448 cognitae
1227 3390 1400 3432 voces
1430 3376 1713 3431 humanae.

104 3465 447 3536 lnsequentes
490 3470 692 3524 autem
724 3481 827 3523 eos
855 3466 1094 3536 milites,
1157 3465 1499 3521 occiderunt
1531 3478 1604 3518 ex
1630 3462 1718 3517 eis

104 3560 376 3612 sexcentos
405 3561 461 3612 et
488 3555 737 3625 triginta
759 3559 1037 3625 quatuor;
1068 3568 1140 3610 ex
1163 3553 1308 3625 ipsis
1330 3567 1470 3608 vero
1494 3550 1719 3607 cecide-

105 3648 219 3697 runt
247 3651 465 3701 centum
497 3645 711 3715 viginti
744 3650 988 3715 septem.
1024 3644 1358 3700 Manserunt
1393 3645 1584 3697 autem
1619 3653 1720 3711 per

108 3734 209 3786 tres
234 3732 367 3804 dies,
399 3733 780 3791 comedentes
807 3747 977 3804 poma
996 3733 1272 3789 arborum
1292 3731 1572 3802 ipsarum.

160 3820 355 3878 Deinde
404 3830 695 3879 venerunt
751 3823 821 3877 ad
883 3821 1116 3878 lluvium
1150 3820 1457 3891 quendam,
1519 3819 1572 3873 in
1605 3833 1718 3889 quo

104 3914 208 3963 erat
236 3910 432 3967 civitas
463 3909 735 3982 locuples
761 3910 951 3966 valde.
979 3912 1126 3965 liora
1158 3923 1297 3965 vero
1327 3923 1476 3963 nona
1501 3907 1721 3962 incum-

107 3996 270 4067 bente,
304 4001 452 4057 venit
489 4015 673 4071 super
694 4015 795 4055 eos
827 3998 1058 4070 quidam
1090 4012 1333 4068 magnus
1366 3999 1536 4053 homo
1559 4010 1720 4065 agre-

102 4084 208 4157 stis,
236 4088 451 4159 pilosus
482 4094 545 4146 ut
582 4103 816 4160 porcus.
868 4087 1196 4144 Alexander
1228 4088 1425 4157 itaque
1457 4083 1717 4157 precepit

103 4173 353 4235 militibus
382 4178 528 4250 suis,
557 4185 623 4235 ut
655 4176 1332 4249 apprehenderenteum.
1360 4174 1619 4241 Quicum
1643 4174 1721 4227 fe-

105 4262 298 4320 cissent
323 4266 674 4339 impetumin
690 4281 841 4337 eum,
876 4265 1178 4336 illeneque
1209 4264 1402 4321 timuit
1419 4277 1606 4333 neque
1638 4263 1721 4318 fu-

101 4351 190 4422 git,
217 4354 311 4410 sed
342 4357 506 4412 stetit
542 4357 839 4426 immotus,
868 4355 1140 4425 Precepit
1165 4358 1359 4409 autem
1391 4350 1720 4407 Alexander

103 4440 283 4499 adduci
312 4444 564 4517 puellam
593 4452 650 4500 et
686 4444 837 4499 mitti
870 4448 1004 4499 ante
1035 4443 1198 4499 illum
1230 4441 1461 4498 nudam.
1489 4439 1592 4496 Ille
1623 4455 1721 4496 au-

1832 1877 1960 1929 erat
1993 1874 2138 1945 ripa,
2175 1874 2228 1928 in
2261 1890 2370 1945 qua
2420 1876 2712 1947 pendebat
2765 1880 2970 1933 catena
3006 1893 3200 1949 aurea,
3233 1883 3288 1935 et
3352 1881 3478 1952 ipse

1834 1977 1999 2017 mons
2022 1962 2270 2017 habebat
2322 1965 2538 2032 gradus
2570 1964 2657 2020 his
2690 1965 2846 2021 mille
2878 1970 2935 2020 et
2998 1968 3349 2036 quingentos
3406 1984 3478 2023 ex

1832 2051 2084 2121 saphiro.
2112 2052 2393 2107 Ascendit
2417 2058 2609 2108 autem
2654 2053 2981 2110 Alexander
3004 2061 3254 2111 montem
3290 2056 3477 2126 ipsum

1831 2153 1959 2193 cum
1982 2138 2297 2209 aliquantis
2320 2140 2625 2209 militibus,
2650 2146 2707 2196 et
2735 2142 2955 2196 invenit
2991 2142 3067 2196 ibi
3094 2143 3393 2213 palatium,
3421 2143 3477 2198 in

1834 2241 1948 2296 quo
1971 2231 2098 2282 erat
2122 2227 2400 2298 templum
2454 2233 2638 2285 totum
2663 2245 2922 2301 aureum,
2949 2235 3007 2285 et
3032 2231 3087 2285 in
3107 2246 3175 2286 eo
3208 2236 3477 2302 tympana

1832 2320 1892 2370 et
1942 2314 2190 2370 cimbala
2222 2331 2296 2371 ex
2326 2330 2488 2387 auro,
2522 2321 2581 2372 et
2630 2317 2819 2374 lectus
2866 2334 2996 2375 cum
3028 2318 3481 2389 preciosissimis

1833 2401 2215 2460 lectisteruiis
2237 2404 2291 2459 in
2308 2404 2664 2475 quojacebat
2679 2407 2851 2461 homo
2869 2392 3480 2477 magnificentissimus

1832 2494 1892 2546 et
1912 2490 2291 2555 clarissimus.
2319 2493 2561 2549 indutus
2584 2493 2714 2549 alba
2740 2497 2900 2551 veste
2919 2494 3243 2565 bombicea,
3270 2501 3477 2554 ornata

1831 2591 1903 2634 ex
1933 2593 2077 2635 auro
2105 2584 2162 2635 et
2211 2579 2506 2651 lapidibus
2537 2581 2837 2652 preciosis,
2869 2587 2929 2637 et
2968 2598 3123 2639 eirea
3152 2599 3281 2639 eum
3313 2584 3478 2640 vinea

1832 2680 2027 2736 aurea,
2053 2668 2242 2724 ferens
2268 2669 2469 2725 botros
2493 2683 2567 2724 ex
2595 2669 2890 2740 lapidibus
2921 2672 3223 2740 preciosis.
3262 2672 3483 2728 Adera-

1831 2756 1914 2812 vit
1938 2761 2134 2826 itaque
2170 2756 2500 2813 Alexander
2522 2758 2809 2813 hominem
2836 2758 3045 2830 ipsum,
3066 2763 3123 2814 et
3149 2758 3474 2815 descendit.

1904 2845 1989 2900 Ab
2021 2844 2130 2900 hoc
2161 2843 2291 2901 loco
2348 2846 2607 2916 perrexit
2643 2862 2744 2917 per
2773 2848 3083 2903 continuos
3143 2847 3475 2916 quindecim

1832 2933 1979 3001 dies;
2012 2936 2070 2988 et
2104 2933 2256 2989 venit
2292 2934 2348 2989 in
2397 2939 2614 2990 terram
2649 2950 2775 3005 quae
2810 2934 3336 2991 diciturl’rasiaca.
3375 2936 3478 2991 Co-

1830 3026 2181 3092 gnoscentes
2212 3025 2406 3078 autem
2456 3022 2769 3079 adventum
2802 3022 2927 3092 ejus
2983 3023 3243 3079 homines
3303 3028 3478 3080 terrae

1832 3109 2011 3180 illius,
2028 3109 2399 3166 adduxerunt
2413 3110 2465 3165 ei
2481 3111 2667 3181 xenia,
2689 3111 2875 3182 pelles
2888 3126 2961 3167 ex
2976 3111 3236 3183 piscibus
3255 3111 3477 3168 similes

1831 3197 2089 3269 pellibus
2121 3198 2530 3270 leepardorum
2548 3204 2603 3255 et
2634 3200 2814 3271 pelles
2832 3215 3202 3257 murenarum
3225 3201 3479 3270 longitu-

1832 3287 1966 3343 dine
1996 3288 2326 3345 cubitorum
2380 3304 2502 3344 sex.
2556 3290 2693 3345 Erat
2724 3290 2801 3345 ibi
2832 3290 3041 3345 civitas
3097 3295 3320 3346 murata
3354 3289 3477 3346 sine

1830 3375 2013 3447 calce,
2030 3377 2276 3449 precisis
2299 3393 2369 3433 ex
2393 3383 2588 3433 monte
2613 3378 2927 3450 lapidibus.
2955 3378 3272 3433 Primatum
3296 3378 3481 3449 ipsius

1832 3466 1993 3535 regni
2028 3467 2261 3523 tenebat
2296 3466 2558 3537 quaedam
2611 3467 2817 3523 femina
2848 3467 3041 3537 vidua,
3076 3466 3307 3523 nomine
3340 3469 3482 3528 Can,

1830 3555 2012 3625 dacis,
2047 3555 2269 3612 habens
2293 3560 2416 3611 tres
2450 3556 2619 3613 filios.
2648 3556 2747 3613 Cui
2772 3557 2986 3612 direxit
3013 3555 3340 3612 Alexander
3362 3556 3480 3627 epi-

1832 3644 2040 3699 stolam
2062 3645 2234 3700 talem
2257 3664 2276 3699 .-
2290 3646 2421 3701 Rea:
2441 3646 2785 3702 Alexander
2804 3647 3029 3717 regina
3052 3645 3480 3715 Uandaeigau-

1831 3733 2013 3790 dium.
2036 3734 2254 3803 Dirige
2272 3733 2380 3789 tibi
2396 3733 2673 3804 templum
2686 3734 2744 3789 et
2755 3735 3019 3789 statuam
3033 3734 3483 3801 Hammonis,ut

1829 3822 2038 3878 venias
2059 3822 2118 3877 et
2148 3836 2350 3878 eamus
2377 3823 2567 3879 simul
2601 3821 2683 3877 ad
2699 3822 2923 3877 montes
2952 3821 3010 3876 et
3049 3820 3369 3892 oferamus
3399 3822 3472 3877 ei.

1831 3908 1934 3965 Illa
1983 3925 2123 3966 vero
2174 3910 2478 3980 rescripsit
2508 3910 2603 3966 ei:
2662 3909 2962 3966 Candacis
3004 3909 3219 3979 regina
3256 3907 3481 3964 Meroia

1828 3998 2173 4056 Aleaandro
2196 3998 2329 4069 regi
2377 3998 2690 4068 gaudium.
2727 3998 3075 4054 Reoelatum
3104 3995 3374 4068 tibi/uit
3402 3995 3475 4053 ab

1828 4088 2161 4144 Hammone
2180 4087 2284 4142 deo
2299 4087 2414 4154 tuo,
2431 4087 2503 4142 ut
2519 4088 2639 4143 ires
2661 4087 2717 4142 et
2737 4099 3111 4158 expugnans
3133 4086 3474 4156 Egyptum,

1829 4176 1990 4249 quod
2001 4175 2112 4233 tibi
2135 4189 2467 4232 concessum
2481 4175 2553 4232 ab
2568 4175 2718 4247 ipsis
2741 4175 2881 4232 diis.
2908 4176 3030 4233 Nos
3047 4175 3256 4247 itaque
3277 4175 3479 4231 claras

1830 4280 1901 4323 ac
1916 4265 2148 4322 lucidas
2161 4263 2443 4322 habemus
2455 4264 2914 4335 animas.magis
2927 4278 3109 4335 quam
3121 4264 3188 4321 lli
3200 4264 3307 4334 qui
3319 4264 3482 4334 apud

1832 4354 1885 4411 te
1900 4354 2057 4411 sunt.
2088 4355 2168 4424 (F.
2195 4356 2346 4425 214.)
2368 4353 2585 4423 Dirige
2596 4354 2795 4409 autem
2819 4352 2920 4410 deo
2940 4353 3036 4408 tuo
3051 4352 3371 4407 Hammoni
3393 4366 3482 4407 co-

1828 4457 2039 4499 ronam
2052 4456 2126 4497 ex
2141 4442 2447 4514 lapidibus
2460 4440 2772 4513 preciosis,
2786 4440 3149 4498 eidelicetea
3159 4440 3480 4511 smaragdo

106 4530 200 4584 tem
229 4532 493 4604 impetum
526 4534 748 4590 faciens
779 4532 1164 4605 apprehendit
1199 4544 1347 4601 eam,
1380 4534 1438 4586 et
1472 4529 1641 4585 stetit
1663 4529 1718 4584 in
1748 4531 1803 4593 D
1831 4532 2275 4609 etmargaritis,
2292 4531 2351 4587 et
2365 4531 2626 4587 insertas
2639 4530 3085 4587 catenasdecem
3103 4542 3178 4584 ea;
3192 4528 3481 4599 pacciosis

112 4623 266 4687 parte.
301 4622 800 4680 Concurrentibus
834 4635 975 4677 vero
1005 4620 1312 4690 militibus,
1348 4624 1410 4675 ut
1443 4623 1721 4690 raperent

109 4718 229 4778 eam,
255 4710 335 4765 illi
367 4713 570 4782 ruguit
601 4712 756 4768 sicut
788 4711 926 4766 fera.
963 4711 1103 4766 Cum
1133 4708 1380 4765 maxima
1414 4707 1594 4777 igitur
1625 4722 1721 4762 an-

106 4797 270 4863 gustia
290 4800 805 4872 apprehenderunt
834 4812 986 4869 eum,
1020 4803 1083 4854 et
1104 4797 1280 4869 jussit
1312 4811 1443 4853 eum
1472 4795 1721 4851 Alexan-

109 4883 194 4941 der
217 4887 375 4958 ligari
405 4895 462 4947 et
494 4890 554 4945 in
584 4890 770 4960 ignem
801 4887 1164 4960 precipitari.

165 4976 287 5032 lude
318 4985 639 5050 moventes,
689 4984 978 5036 venerunt
1008 4978 1066 5034 in
1094 4976 1269 5034 alium
1298 4988 1585 5048 campum,
1619 4971 1718 5029 ubi

105 5061 167 5117 ab
188 5064 315 5121 hora
344 5068 477 5124 diei'
507 5067 694 5140 prima
750 5068 1027 5125 exiebant
1053 5068 1298 5124 arbores
1354 5065 1425 5121 de
1470 5068 1628 5119 terra
1660 5066 1718 5117 et

106 5157 413 5213 crescebant
442 5172 632 5229 usque
661 5159 719 5214 in
751 5160 953 5215 horam
1002 5164 1249 5228 sextam,
1282 5156 1354 5212 ab
1383 5156 1523 5211 hora
1554 5158 1718 5210 sexta

110 5256 265 5314 usque
291 5247 359 5303 ad
405 5263 677 5307 occasum
710 5249 851 5306 solis
897 5250 1336 5307 descendebant
1364 5248 1421 5303 in
1451 5251 1669 5303 terram
1702 5264 1715 5301 :

112 5329 345 5392 ferebant
373 5342 571 5395 autem
607 5338 832 5396 fructus
874 5338 1042 5397 valde
1069 5335 1722 5423 odoriferos..Precepit

112 5424 278 5480 autem
308 5426 636 5483 Alexander
655 5427 938 5485 militibus
957 5428 1328 5500 quibusdam,
1355 5431 1418 5483 ut
1442 5426 1723 5483 tollerent

113 5505 170 5562 de
192 5511 465 5573 fructibus
495 5514 640 5588 ipsis
662 5533 676 5582 ;
697 5516 801 5573 sed
824 5532 957 5574 mox
981 5522 1044 5574 ut
1074 5517 1433 5575 accedebant
1454 5513 1719 5588 propius,

114 5597 352 5660 exiebant
407 5604 698 5663 daemones
725 5610 787 5663 et
816 5606 1190 5678 ﬂagellabant
1236 5621 1380 5675 eos;
1409 5603 1722 5662 audierunt

1835 4620 2156 4693 lapidibus.
2184 4619 2319 4676 Tibi
2360 4618 2543 4676 etiam
2565 4619 2763 4690 dirigo
2801 4616 3143 4690 infantulos
3163 4615 3479 4685 Etbyopes

1830 4709 2146 4779 centmn,et
2154 4707 2571 4779 intelligibiles
2582 4706 3045 4777 aoespsgtllacos
3059 4703 3480 4773 ducentos,spi-

1828 4813 1981 4872 ngas
1995 4797 2297 4867 ducentas,
2310 4794 2668 4853 rinocerotes
2679 4793 2995 4863 octoginta,
3008 4790 3339 4862 pantheras
3356 4789 3480 4847 tria

1826 4888 2025 4957 milia,
2040 4884 2226 4957 pelles
2261 4883 2689 4956 pardaleonum
2707 4878 3209 4951 quadringentas,
3232 4877 3481 4938 cantha-

1827 4990 1934 5035 ταις
1964 4986 2183 5032 aureas
2205 4972 2484 5045 triginta,
2507 4970 2695 5026 vectes
2715 4982 2789 5025 ea:
2810 4967 2980 5024 ebeno
3000 4965 3169 5023 mille
3188 4968 3482 5037 quingen-

1834 5066 1938 5135 tos,
1974 5062 2315 5134 elephantos
2362 5058 2829 5132 quadringentos
2882 5056 3354 5128 quinquaginta.
3395 5056 3483 5112 Tu

1828 5167 1964 5211 vero
1991 5151 2283 5209 remanda
2303 5149 2490 5220 nobis,
2522 5148 2574 5203 si
2606 5148 2791 5204 totum
2808 5146 3094 5203 mundum
3112 5144 3475 5217 subjugasti.

1832 5245 1989 5300 Inter
2011 5241 2236 5311 legatos
2266 5245 2461 5296 autem
2491 5253 2631 5295 suos
2662 5237 2819 5293 misit
2862 5236 3144 5308 pictorem
3193 5235 3482 5307 peritissi-

1834 5348 2010 5404 mum,
2028 5330 2127 5403 qui
2141 5328 2455 5400 diligenter
2483 5325 2889 5384 consideraret
2907 5327 2965 5379 et
2982 5322 3327 5395 depingeret
3341 5323 3483 5393 ﬁgu-

1834 5437 1955 5479 ram
1971 5426 2030 5479 et
2055 5421 2296 5477 formam
2343 5415 2653 5473 Alexandri
2676 5419 2734 5471 et
2761 5413 2997 5471 afferret
3017 5425 3143 5469 eam
3162 5411 3295 5469 sibi.
3314 5411 3481 5478 Quod

1834 5515 1891 5569 et
1917 5512 2133 5567 factum
2155 5513 2267 5567 est.
2291 5508 2452 5564 Unus
2474 5508 2668 5563 autem
2681 5517 2755 5561 ex
2777 5502 2915 5560 ﬂliis
2938 5501 3220 5561 Candacis
3236 5500 3478 5572 reginae,

1834 5602 1928 5663 cui
1959 5615 2166 5659 nomen
2213 5596 2543 5667 Candaulis,
2579 5609 2710 5653 cum
2742 5593 2947 5669 paucis
3004 5591 3305 5665 equitibus
3334 5588 3482 5648 abiit
