3898 6340
451 339 563 414 591

1613 311 2097 401 EKKEHARDI
2141 328 2696 399 UHAUGIENSIS
3691 342 3778 411 592

452 486 523 550 ad
546 477 994 546 tabernaculum
1027 473 1374 546 Alexandri;
1399 471 1677 535 custodes
1707 486 1870 542 vero,
1906 484 2002 543 qui
2023 467 2106 527 vi-
2137 471 2190 534 Α
2222 469 2497 544 palatium
2523 469 2799 528 currebat
2833 470 3063 543 ﬂuvius,
3090 470 3306 532 habens
3329 470 3631 535 claritatem
3657 493 3780 553 aqua:

451 580 710 652 gilabant
743 589 920 646 super
942 571 1282 640 exercitum,
1330 565 1842 639 apprchenderth
1864 576 2014 632 eum,
2047 575 2105 652 et

451 649 748 727 duxerunt
791 663 860 718 ad
913 660 1341 724 Ptholemeum,
1405 655 1500 725 qui
1551 653 1845 710 secundus
1875 649 2105 705 eratab

454 753 804 815 Alexandro.
833 750 933 806 Cui
951 747 1324 804 Ptholemeus
1347 744 1456 799 ait:
1491 743 1634 807 Quis
1661 742 1751 797 est
1770 736 2064 797 tuPEtille
2090 754 2102 788 ε

458 845 678 914 Filius,
734 839 942 910 inquit,
993 851 1126 894 sum
1155 833 1454 891 Candacis
1481 833 1724 901 reginae.
1752 832 1820 886 At
1847 828 1946 883 ille
1979 828 2058 882 ait
2091 829 2102 863 ε

453 934 655 1000 Quare
679 931 794 988 huc
811 926 1064 984 venisti?
1087 923 1193 990 Qui
1215 921 1361 978 dixit
1383 940 1394 974 :
1418 920 1608 977 Exivi
1629 933 1760 976 cum
1778 929 2104 974 uxoremea

450 1032 722 1078 exercere
732 1029 824 1073 me
845 1027 978 1071 cum
993 1012 1214 1085 paucis
1225 1007 1546 1080 equitibus,
1581 1008 1642 1062 et
1668 1020 1780 1062 rex
1819 1003 2102 1060 Bebrixo-

446 1122 604 1176 rum,
631 1107 825 1176 sciens
827 1099 1344 1174 pulchritudinem
1355 1097 1565 1154 uxoris
1577 1109 1730 1163 ηιθιε,
1744 1095 1912 1151 venit
1925 1108 2102 1164 super

449 1209 542 1252 me
557 1175 690 1251 cum
709 1175 922 1249 valida
949 1201 1135 1245 manu
1147 1185 1208 1242 et
1231 1184 1623 1242 abstuliteam
1655 1181 1858 1250 michi,
1887 1183 2100 1252 etquid

455 1279 723 1336 voluime
737 1275 1072 1350 defendere,
1107 1271 1327 1330 occidit
1360 1269 1957 1328 etiammilitesmeos.
1997 1269 2097 1324 Cui

450 1365 826 1423 Ptholemeus
841 1385 859 1420 .-
874 1361 1162 1434 Expecta,
1179 1359 1387 1429 inquit,
1405 1358 1740 1414 interim.Et
1756 1357 2002 1413 exiliens
2027 1356 2097 1412 de

450 1449 834 1508 tabernaculo
893 1463 1020 1517 suo,
1055 1446 1196 1501 abiit
1229 1445 1299 1500 ad
1354 1443 1797 1498 tabernaculum
1827 1444 2006 1514 regis,
2039 1450 2100 1500 et

451 1539 718 1596 excitans
749 1553 898 1607 eum,
935 1534 1190 1591 narravit
1237 1533 1289 1588 ei
1323 1531 1509 1587 omnia
1545 1547 1672 1602 quae
1703 1531 1923 1587 audivit
1957 1547 1986 1586 a
2011 1531 2100 1601 ju-

450 1641 618 1684 vene.
656 1627 779 1692 Quo
811 1625 1032 1694 audito,
1081 1621 1336 1678 surrexit
1371 1619 1716 1689 Alexander,
1768 1619 2099 1690 tollensque

453 1715 720 1772 diadema
741 1713 952 1786 capitis
975 1712 1080 1780 sui,
1107 1709 1404 1766 coronavit
1431 1708 1852 1778 Ptholomeum,
1869 1713 1926 1764 et
1951 1708 2096 1764 dixit

447 1803 498 1859 ei
529 1822 542 1858 :
571 1803 883 1861 Revertere
902 1803 968 1858 in
989 1798 1435 1856 tabernaculum
1453 1797 1634 1862 tuum,
1653 1797 1708 1852 et
1718 1798 1852 1853 sede
1869 1799 1934 1853 in
1953 1797 2098 1854 solio
2129 1826 2182 1885 B

445 1891 668 1964 regali,
695 1891 754 1948 et
773 1891 886 1958 dic,
913 1890 1062 1960 quia
1085 1889 1150 1943 tu
1169 1887 1258 1944 sis
1278 1887 1640 1953 Alexander,
1665 1887 1726 1940 et
1728 1887 1972 1956 precipe
1993 1887 2102 1941 ali-

447 1980 546 2037 cui
568 1979 796 2036 homini
813 1979 929 2046 tuo,
953 1975 1244 2048 utfaciat
1259 1976 1460 2030 venire
1477 1973 1560 2030 ad
1580 1973 1634 2028 te
1654 1974 1834 2042 quasi
1855 1973 2099 2044 Antigo-

442 2081 588 2123 num
619 2066 913 2122 hominem
973 2065 1138 2120 tuum
1163 2063 1482 2131 veniatque
1529 2061 1611 2116 ad
1635 2075 1725 2116 me
1753 2062 1814 2116 et
1839 2061 2104 2117 adducat

443 2168 538 2211 me
566 2155 746 2226 quasi
772 2154 1155 2224 Antigonum,
1208 2150 1267 2205 et
1294 2151 1430 2206 dum
1461 2163 1669 2205 venero
1696 2150 1888 2204 recita
1915 2149 2100 2205 michi

445 2255 647 2299 coram
659 2244 788 2312 ipso
791 2244 1013 2312 juvene
1050 2252 1432 2310 qudcumque
1445 2237 1555 2292 tibi
1568 2237 1750 2306 dixit,
1773 2238 1830 2292 et
1847 2237 2099 2293 interro-

437 2343 630 2401 game
657 2328 778 2386 sub.
787 2341 1040 2398 persona
1069 2327 1377 2398 Antigoni,
1398 2326 1468 2381 ut
1496 2325 1624 2380 dem
1646 2325 1754 2382 tibi
1783 2327 2100 2382 consilium

447 2417 520 2474 de
539 2417 653 2474 hac
676 2431 759 2474 re.
793 2419 863 2472 Et
886 2416 962 2470 ita
986 2416 1199 2471 factum
1230 2419 1340 2469 est.
1379 2414 1530 2468 Dixit
1553 2419 1746 2468 autem
1773 2413 2099 2470 Alexander

447 2505 558 2560 sub
580 2519 825 2576 persona
861 2502 1133 2572 Antigoni
1153 2521 1165 2556 :
1184 2505 1448 2572 Domine,
1471 2505 1527 2560 si
1547 2503 1822 2573 precipis,
1850 2516 1951 2572 ego
1961 2517 2099 2574 per-

440 2605 588 2662 qam
615 2597 778 2650 nocte
796 2606 972 2664 super
987 2593 1182 2664 ipsam
1211 2591 1514 2648 civitatem
1535 2592 1948 2647 etsuccendam
1968 2605 2098 2646 eam

445 2680 968 2752 sgni,faciamque
983 2694 1096 2752 per
1123 2679 1428 2736 vimreddi
1448 2693 1692 2735 uxorem
1713 2681 1859 2750 ejus.
1888 2680 2095 2736 Statim

445 2768 718 2824 adoravit
751 2781 879 2825 eum
917 2767 1245 2837 Candaulis,
1278 2771 1334 2822 et
1367 2767 1513 2822 dixit
1551 2785 1563 2821 :
1592 2767 2099 2840 Osapientissime

446 2857 756 2928 Antigone,
806 2857 1092 2928 optimum
1105 2856 1357 2929 fuisset,
1409 2857 1481 2911 ut
1507 2857 1570 2911 tu
1595 2870 1707 2911 rex
1757 2857 2098 2912 Alexander

445 2944 786 3002 esses.Abiit
805 2950 996 3002 autem
1026 2945 1510 3000 Alexanderhora
1525 2944 1716 2999 noctis
1749 2945 1804 2998 in
1836 2945 2091 3014 silentio,

445 3036 502 3090 et
527 3035 832 3090 succendit
869 3033 1166 3090 civitatem
1195 3031 1371 3086 illam.
1396 3031 1750 3100 Evigilantes
1774 3039 1965 3088 autem
1999 3033 2096 3089 ho-

445 3121 630 3178 mines
652 3122 841 3194 ipsius
863 3121 1142 3190 civitatis,
1170 3121 1572 3176 clamavrrunt
1605 3120 1868 3176 dicentes
1896 3141 1908 3176 :
1940 3121 2098 3187 Quid

443 3209 683 3269 esthoc?
697 3210 1026 3267 Alexander
1039 3209 1214 3264 dixit:
1237 3209 1482 3265 Candau
1491 3209 1568 3266 lis
1589 3209 1819 3265 estcum
1827 3211 2094 3281 plurimo

441 3299 730 3370 exercitu,
744 3299 945 3356 volens
959 3297 1152 3354 utsibi
1171 3297 1464 3353 reddatur
1475 3311 1629 3354 uxor
1643 3299 1775 3368 ejus
1784 3299 2096 3370 ,°alioquin

439 3387 784 3444 moriemini
824 3387 1361 3458 omnesperignem,
1382 3387 1674 3441 lrruentes
1689 3391 1881 3442 autem
1916 3387 2096 3442 homi-

442 3489 548 3532 nes
571 3475 969 3546 illifregerunt
986 3479 1189 3546 portas
1213 3472 1432 3545 palatii,
1451 3477 1506 3529 et
1531 3475 1943 3530 abstrahentes
1960 3476 2092 3531 inde

443 3579 688 3620 uxorem
740 3563 1068 3634 Candaulis,
1105 3562 1488 3619 reddiderunt
1521 3577 1646 3618 eam
1705 3563 1808 3618 illi.
1838 3563 1943 3629 Qui
1975 3564 2092 3621 vol-

441 3665 583 3708 vens
614 3667 678 3710 se
697 3651 1028 3708 Alexandro
1073 3651 1248 3706 dixit:
1291 3650 1384 3708 111i
1430 3653 1749 3710 harissime
1775 3653 2088 3724 Antigone,

437 3754 578 3814 rogo
600 3741 674 3811 te,
699 3741 835 3798 veni
845 3754 1071 3798 mecum
1091 3741 1173 3796 ad
1181 3741 1432 3797 matrem
1443 3755 1652 3809 meam,
1669 3742 1960 3810 quatinus
1981 3741 2093 3798 tibi

439 3831 662 3891 reddat
671 3830 860 3902 digna
869 3829 1105 3886 meritis
1118 3830 1256 3887 tuis.
1286 3830 1362 3884 Ga
1373 3830 1554 3885 udens
1570 3828 1898 3884 Alexander
1911 3829 2086 3885 dixit:

437 3923 668 3980 Eamus
680 3919 762 3976 ad
772 3920 818 3974 A
829 3917 1514 3990 lexandrum,etpostula
1526 3917 1702 3974 rneab
1715 3932 1776 3974 eo
1791 3917 2092 3974 etveniam

440 4009 494 4068 te
522 4023 674 4066 cum.
719 4007 1078 4076 Significavit
1111 4013 1303 4064 autem
1355 4007 1466 4064 hoc
1499 4012 1666 4063 antea
1725 4006 2084 4064 Ptholomeo.

439 4096 598 4154 Abiit
631 4110 772 4164 ergo
797 4094 1110 4152 Candaulis
1149 4101 1209 4152 et
1242 4095 1410 4168 petiit
1433 4111 1562 4152 cum
1596 4097 1668 4150 ab
1699 4111 1798 4162 eo;
1823 4099 2088 4167 accepta-

439 4199 551 4256 que
583 4183 841 4255 licentia,
869 4183 1014 4239 abiit
1059 4199 1190 4240 eum
1213 4198 1300 4240 eo.
1352 4185 1489 4240 Cum
1539 4187 1731 4241 autem
1783 4185 1960 4241 issent
1985 4201 2088 4257 per

435 4273 610 4344 viam,
636 4271 838 4328 videns
888 4271 1216 4328 Alexander
1248 4273 1401 4328 altos
1433 4279 1660 4329 montes
1685 4274 2086 4344 pertingentes

439 4375 626 4438 usque
657 4359 725 4416 ad
761 4361 966 4431 nubes,
1029 4361 1275 4418 miratus
1326 4365 1438 4431 est,
1499 4361 1762 4431 viditque
1821 4363 2086 4419 excelsas

437 4449 680 4506 arbores
718 4464 884 4521 poma
922 4449 1165 4520 grandia
1219 4453 1542 4520 portantes,
1578 4453 1638 4505 et
1667 4449 1818 4506 vites
1849 4465 2084 4520 magnos

2220 561 2382 630 quasi
2407 576 2478 616 ex
2506 577 2666 617 auro.
2693 561 2798 617 Illo
2831 562 3024 632 itaque
3049 563 3142 618 die
3165 565 3494 622 comedebat
3517 567 3780 627 Alexander

2217 663 2346 705 cum
2373 649 2506 704 ﬂliis
2530 650 2763 720 regium,
2781 649 2961 706 altera
2983 666 3124 707 vero
3148 652 3240 707 die
3260 655 3672 724 apprehendens
3687 673 3780 716 eum

2218 738 2497 794 Candacis
2527 753 2630 808 per
2689 755 2936 808 manum,
2999 739 3317 795 introduxit
3373 757 3494 798 eum
3528 744 3576 798 in
3622 747 3781 804 cubicu

2217 824 2352 894 lum,
2381 827 2532 896 quod
2584 830 2709 882 erat
2757 832 3159 883 constructum
3192 842 3262 883 ex
3293 827 3571 900 lapidibus
3599 846 3783 891 aureum

2213 913 2468 969 colorem
2493 915 2859 984 habentibus,
2887 915 3236 987 lucebatque
3262 917 3415 974 intus
3438 919 3494 990 (f.
3517 923 3630 988 215)
3653 925 3777 992 quasi

2215 1001 2304 1055 sol
2337 1001 2414 1056 ibi
2445 1003 2793 1072 refulsissel,
2844 1009 3088 1074 eratque
3127 1003 3202 1059 ibi
3237 1005 3542 1062 triclinium
3573 1021 3635 1063 ex
3656 1007 3786 1078 lignis

2213 1089 2434 1159 asiptis.
2466 1105 2592 1160 quae
2617 1105 2728 1147 non
2755 1091 3143 1147 incendentur
3164 1093 3235 1148 ab
3271 1093 3418 1162 igne,
3443 1093 3586 1149 aliud
3608 1109 3786 1166 quoque

2213 1177 2547 1233 cubiculum
2601 1193 2782 1248 super
2811 1178 2962 1248 ligna
3015 1180 3260 1235 maxima
3291 1197 3418 1236 cum
3468 1181 3620 1252 rotis,
3670 1185 3788 1253 quod

2213 1266 2556 1322 trahebatur
2613 1281 2640 1322 a
2699 1267 2904 1335 viginti
2928 1267 3272 1339 elephantis.
3321 1271 3448 1326 Haec
3492 1269 3670 1328 videns
3695 1271 3788 1327 Ale-

2209 1355 2452 1423 xander,
2489 1355 2731 1410 miratus
2787 1359 2896 1423 est,
2932 1361 2992 1410 et
3026 1356 3170 1411 dixit
3200 1358 3414 1426 reginae
3447 1377 3459 1411 :
3491 1358 3618 1416 Iste
3640 1373 3789 1417 causa

2211 1443 2630 1498 ammiratione
2652 1443 2848 1513 dignee
2868 1443 3078 1513 essent,
3093 1447 3148 1501 si
3161 1445 3325 1515 apud
3345 1445 3546 1503 Grecos
3551 1447 3784 1518 fuissent.

2209 1531 2362 1585 Irata
2380 1530 2576 1600 regina
2603 1530 2750 1584 dixit
2780 1549 2792 1584 :
2829 1531 3148 1588 Veritatem
3168 1533 3344 1603 dicis,
3368 1533 3692 1590 Alexander.
3710 1535 3787 1599 Qui

2211 1617 2307 1672 ubi
2361 1632 2565 1672 nomen
2604 1632 2766 1674 suum
2791 1619 3038 1690 audivit,
3070 1621 3443 1676 vehementer
3463 1622 3690 1692 expavit.
3715 1623 3788 1678 Cui

2211 1704 2308 1760 illa
2334 1705 2444 1760 ait:
2480 1706 2678 1770 Quare
2694 1708 2930 1763 mutata
2951 1708 3041 1764 est
3043 1709 3248 1780 facies
3271 1708 3542 1781 tua,quia
3558 1711 3731 1766 vocari
3752 1711 3788 1766 te

2210 1792 2620 1850 Alexandrum
2637 1799 2664 1850 .9
2677 1797 2746 1850 At
2771 1795 2870 1850 ille
2895 1796 3003 1850 ait:
3026 1798 3300 1867 Domina,
3315 1798 3632 1869 Antigonus
3647 1799 3787 1867 dicor,

2207 1883 2697 1941 nonAlexander.
2732 1886 2801 1939 At
2845 1883 2941 1939 illa
2977 1885 3117 1939 dixit
3147 1904 3166 1940 .-
3199 1885 3512 1942 Ostendam
3540 1885 3656 1954 tibi,
3681 1888 3790 1958 quia

2212 1970 2552 2026 Alexander
2590 1986 2668 2027 es.
2721 1973 3171 2042 Introduxitque
3219 1987 3349 2028 eum
3407 1973 3461 2028 in
3517 1973 3788 2030 cubiculum

2210 2073 2400 2129 suum,
2443 2064 2501 2114 et
2553 2064 2890 2116 monstrans
2947 2061 2998 2115 ei
3060 2061 3367 2130 imaginem
3423 2075 3593 2132 suam,
3647 2061 3786 2116 dixit:

2209 2148 2660 2217 Agnoscis/(anc
2672 2149 3022 2219 imaginem!
3056 2149 3154 2205 ille
3186 2155 3377 2205 autem
3397 2150 3567 2221 coepit
3593 2153 3790 2205 tremere

2207 2241 2263 2290 et
2293 2236 2630 2306 pallescere.
2655 2239 2720 2292 Et
2748 2237 2876 2292 illa:
2903 2238 3796 2304 Quaremutatusesicolortuusct

2207 2325 2565 2394 expavescis,
2583 2325 2914 2382 destructor
2941 2325 3122 2382 totius
3140 2327 3428 2396 Persida,
3446 2327 3735 2384 destructor
3754 2325 3796 2380 et

2206 2413 2776 2484 1ndire?Superasti
2799 2415 2982 2470 Indos
3021 2415 3206 2484 atque
3227 2415 3508 2484 Parthos,
3536 2417 3682 2470 modo
3696 2416 3794 2471 sine

2205 2499 2504 2557 militibus
2526 2501 2722 2558 etsine
2743 2502 2950 2574 aliquo
2974 2502 3256 2574 conflictu
3269 2502 3534 2560 cecidisti
3552 2504 3612 2559 in
3627 2515 3792 2558 manus

2203 2587 2429 2658 regina:
2453 2588 2774 2646 Candacis.
2795 2591 2959 2646 Unde
2969 2591 3514 2661 scias,Alexander,
3531 2590 3794 2662 quianullo

2205 2675 2373 2730 modo
2399 2676 2564 2732 debet
2584 2677 2808 2734 elevari
2831 2693 2930 2735 cor
2952 2677 3214 2736 hominis
3260 2681 3327 2736 in
3348 2679 3661 2750 elationem,
3685 2692 3792 2749 qua-

2208 2761 2465 2835 liacumq
2475 2779 2548 2820 ue
2566 2768 2898 2836 sequantur
2920 2781 3050 2822 eum
3058 2781 3374 2840 prospera,
3393 2769 3452 2824 et
3465 2783 3535 2826 ne
3553 2767 3736 2838 cogitet
3747 2769 3792 2823 in

2206 2853 2376 2907 corde
2386 2866 2510 2920 suo,
2532 2854 2691 2924 quod
2709 2869 2823 2910 non
2835 2855 3108 2912 inveniat
3130 2854 3428 2912 hominem
3433 2856 3720 2928 fortiorem
3733 2866 3789 2920 se,

2206 2940 2314 3009 qui
2345 2955 2476 2996 eum
2513 2943 2966 3012 superabundet.
3003 2943 3106 3000 llle
3161 2948 3361 3001 autem
3394 2943 3566 3016 erepit
3593 2941 3792 3000 stridere

2207 3029 2483 3085 dentibus
2514 3034 2568 3085 ct
2600 3035 2836 3086 tornare
2861 3047 2923 3086 se
2947 3031 3002 3086 iu
3035 3031 3205 3088 aliam
3235 3037 3480 3104 partem.
3507 3030 3673 3087 Atilla
3695 3029 3792 3084 ait?

2209 3117 2332 3174 Cur
2363 3119 2670 3188 irasceris,
2701 3121 2761 3175 et
2776 3134 2966 3190 quare
2987 3120 3267 3179 turbatus
3297 3122 3392 3178 es?
3409 3120 3561 3187 Quid
3577 3117 3793 3189 mnufe-

2126 3177 2176 3240 Ο
2205 3219 2334 3262 cere
2357 3207 2556 3276 potest
2593 3177 2935 3278 imperialis
2958 3209 3164 3280 gloria
3222 3177 3366 3266 tua?
3392 3177 3458 3264 Et
3489 3208 3578 3264 ille
3608 3177 3790 3276 inquit:

2203 3295 2462 3364 Irascor,
2497 3297 2647 3365 quia
2663 3310 2778 3352 non
2809 3296 2992 3354 habeo
3016 3297 3318 3367 gladium.
3345 3297 3445 3354 llla
3474 3295 3642 3352 dixit:
3673 3291 3795 3352 Etsi

2202 3381 2624 3454 haberes,quid
2627 3385 2908 3456 faceres?
2943 3385 3077 3440 Ait:
3114 3386 3274 3451 Quia
3297 3387 3558 3443 traditus
3585 3397 3701 3442 sunt
3717 3380 3796 3437 tibi

2190 3486 2304 3544 per
2322 3487 2514 3529 meam
2525 3474 2904 3544 voluntatem,
2927 3477 3082 3546 prim
3091 3491 3190 3532 um
3231 3477 3552 3534 occiderem
3569 3475 3632 3544 te,
3636 3469 3793 3546 postea

2200 3561 2632 3632 memetipsum.
2663 3563 2760 3619 Cui
2787 3563 2884 3619 illa
2911 3563 3031 3620 :Et
3047 3565 3153 3620 hoc
3180 3564 3797 3636 sicutsapiensirnpera-

2205 3649 2294 3706 tor
2307 3650 2546 3707 dixisti.
2567 3651 2960 3708 Veruntamen
2971 3667 3044 3708 ne
3055 3653 3455 3724 contristeris,
3463 3655 3604 3726 quia
3614 3647 3798 3708 sicuti-tt

2205 3737 2479 3796 liberasti
2508 3753 2750 3796 uxorem
2765 3742 2898 3812 ﬁlii
2918 3743 3034 3798 mei
3063 3741 3134 3798 de
3156 3743 3444 3800 manibus
3479 3742 3795 3798 inimicoru.»

2199 3841 2459 3897 suorum,
2474 3828 2563 3884 sic
2577 3843 2681 3900 ego
2706 3829 2966 3886 liberabo
2985 3830 3040 3885 te
3052 3831 3122 3886 de
3147 3833 3320 3888 mani
3327 3831 3433 3889 bus
3445 3829 3794 3890 barbarorum,

2199 3915 2417 3987 quibus
2453 3916 2930 3987 sinotumfuerit
2962 3919 3308 3978 deadventu
3331 3921 3447 3987 tuo,
3486 3915 3724 3976 occident
3743 3914 3794 3979 ΐιι

2198 4006 2484 4077 quomodo
2507 4007 2572 4062 tu
2583 4007 2853 4064 occidisti
2867 4009 3088 4065 Porum
3099 4022 3303 4080 regem
3314 4004 3742 4077 Indoraem,quia
3758 4009 3798 4055 et

2197 4093 2758 4168 uxorjunioris/llii
2797 4098 2912 4152 mei
2924 4097 3072 4169 ﬁlia
3100 4097 3192 4154 est
3230 4099 3382 4154 Pori
3404 4097 3579 4169 regis.
3607 4095 3717 4150 Haec
3737 4089 3796 4144 di-

2198 4196 2356 4252 cens,
2383 4183 2523 4238 exiit
2544 4188 2750 4240 tenens
2790 4184 3179 4240 Alexandrum
3195 4201 3308 4256 per
3331 4189 3646 4254 manum,et
3683 4177 3792 4236 dixit

2199 4270 2230 4324 ii
2241 4269 2334 4326 liis
2357 4271 2477 4328 suis
2494 4290 2506 4324 :
2525 4272 2681 4344 Oﬂli
2713 4272 3048 4330 Candaulis
3061 4273 3212 4342 ettu,
3233 4275 3416 4345 oﬂlia
3428 4265 3796 4344 Marpissaﬂt-

2193 4373 2326 4416 mus
2346 4359 2600 4430 aliquod
2614 4359 2823 4418 bonum
2839 4361 2980 4417 huic
2995 4363 3178 4419 misso
3199 4362 3557 4420 Alexandri.
3583 4361 3793 4428 Respon-

2198 4447 2342 4503 dens
2357 4447 2506 4504 alius
2530 4447 2684 4504 filius
2701 4449 2828 4518 ejus
2853 4450 3096 4505 Carator
3118 4449 3268 4504 dixit
3299 4470 3310 4504 :
3337 4449 3604 4518 Omater,
3627 4455 3789 4503 om

436 4538 641 4596 botros
672 4538 978 4608 habentes,
1010 4537 1066 4592 in
1098 4540 1320 4592 tantum
1357 4539 1415 4592 ut
1442 4537 1608 4592 homo
1639 4553 1790 4594 unus
1814 4553 1926 4594 non
1956 4555 2084 4610 pos-
2112 4531 2166 4592 D
2197 4536 2287 4593 est
2303 4536 2562 4607 quidem,
2595 4538 2744 4608 quia
2759 4537 3180 4595 direxitistum
3207 4533 3796 4596 Alexanderetlibera-

435 4630 526 4684 set
557 4632 796 4698 portare
819 4640 994 4682 unum
1019 4639 1092 4680 ex
1140 4624 1290 4692 illis;
1314 4625 1458 4680 vidit
1483 4630 1539 4681 et
1565 4641 1744 4682 nuces
1765 4641 1894 4696 quae
1916 4632 2084 4683 erant

431 4714 584 4772 sicut
619 4728 894 4786 pepones,
945 4715 1002 4768 et
1037 4713 1322 4769 dracones
1368 4719 1535 4769 erant
1570 4715 1622 4769 in
1687 4715 1834 4785 ipsis
1861 4715 2084 4771 arbori-

432 4803 544 4860 bus
573 4808 634 4860 et
666 4802 848 4859 SlmitB
878 4801 1096 4856 multae.
1157 4802 1298 4857 Post
1328 4816 1547 4873 paucos
1581 4803 1705 4858 dies
1731 4818 1861 4860 cum
1894 4805 2084 4861 venis-

429 4895 560 4950 sent
595 4891 649 4948 in
682 4891 984 4948 civitatem
1013 4890 1294 4947 Candacis
1325 4891 1560 4962 reginae,
1596 4891 1736 4948 exiit
1769 4892 1896 4963 ipsa
1927 4894 2084 4950 foras

430 4981 659 5038 obviam
693 4979 834 5050 illis,
869 4979 1042 5050 longa
1075 4984 1134 5035 et
1161 4979 1402 5051 pulchra
1429 4980 1619 5050 nimis,
1649 4985 1888 5052 portans
1915 4997 2081 5040 coro-

429 5082 561 5125 nam
595 5066 848 5140 aurear’n,
885 5072 945 5122 et
975 5067 1276 5140 excipiens
1305 5082 1406 5124 eos
1439 5068 1686 5138 benigne
1718 5069 1882 5125 duxit
1908 5071 1962 5125 in
1986 5086 2080 5143 pa-

430 5154 634 5212 latium
666 5172 856 5228 suum,
889 5156 1043 5228 quod
1095 5161 1224 5213 erat
1254 5157 1560 5228 optimum,
1591 5161 1648 5212 et
1707 5157 1966 5228 fulgebat
1998 5165 2080 5216 te-

430 5247 590 5300 ctum
621 5244 746 5313 ejus
789 5245 956 5316 quasi
1019 5249 1180 5302 esset
1237 5259 1497 5315 aureum,
1556 5245 1922 5304 lectisternia
1954 5247 2080 5318 ejus

429 5335 638 5388 ornata
668 5345 742 5388 ex
771 5347 913 5388 auro
942 5333 1277 5405 purissimo,
1299 5333 1557 5390 triclinia
1587 5335 1716 5406 ejus
1737 5340 2077 5394 constructa

427 5433 502 5476 ex
526 5417 720 5489 lapide
776 5419 1071 5492 onichino,
1135 5420 1422 5478 columnae.
1454 5437 1594 5480 vero
1653 5423 1842 5495 ipsius
1876 5424 2076 5496 palatii

427 5507 600 5566 erant
629 5520 703 5563 ex
730 5506 950 5576 ebeno;
1011 5522 1227 5566 mensae
1255 5513 1423 5566 erant
1475 5509 1884 5584 elephantinse,
1929 5513 2076 5570 ﬁala:

427 5596 746 5681 ceteraque
767 5606 906 5652 vasa
918 5593 1303 5668 exlapidibus
1325 5597 1628 5674 prcciosis.
1656 5599 2076 5677 Subtusipsum

2194 4624 2284 4680 vit
2296 4639 2532 4680 uxorem
2565 4624 2785 4682 fratris
2801 4628 2917 4683 mei
2931 4627 3002 4682 de
3028 4626 3312 4684 manibus
3324 4629 3686 4685 inimicorum
3698 4631 3794 4678 stto-

2191 4726 2327 4770 rum
2337 4714 2721 4784 reddiditque
2729 4713 2848 4772 sibi
2861 4729 3010 4786 eam,
3030 4715 3134 4772 sed
3143 4729 3300 4772 uxor
3309 4731 3444 4774 mea
3455 4709 3796 4785 compellitur:

2193 4803 2455 4860 occidere
2477 4803 2634 4860 hunc
2657 4803 3019 4875 Antigonum
3026 4819 3142 4876 pro
3163 4806 3530 4876 Alexandro,
3555 4801 3690 4875 quia
3700 4799 3794 4868 ipse

2193 4892 2414 4948 occidit
2431 4893 2655 4950 Porum
2655 4893 2898 4964 patrem
2917 4893 3066 4964 ejus,
3097 4894 3171 4950 ut
3183 4896 3452 4966 recipiat
3469 4894 3700 4950 dolorem
3705 4896 3793 4957 pro

2189 4995 2248 5036 eo
2263 4981 2619 5038 Alexander.
2655 4981 2936 5038 Candacis
2957 4981 3134 5038 dixit:
3165 4983 3334 5048 Quod
3351 4995 3558 5038 nomen
3579 4971 3792 5048 acquiri-

2188 5084 2340 5139 mus,
2365 5071 2422 5128 si
2441 5070 2600 5127 hunc
2633 5071 3059 5128 occiderimus?
3077 5070 3160 5126 Ad
3184 5071 3310 5127 haec
3358 5068 3648 5141 respondit
3687 5063 3792 5118 Can-

2189 5157 2418 5216 daulis:
2473 5157 2570 5216 Me
2601 5159 2717 5217 iste
2757 5160 3039 5230 suleavit,
3066 5161 3128 5216 et
3169 5173 3418 5217 uxorem
3441 5169 3624 5214 meam
3646 5144 3789 5208 michi

2187 5248 2488 5316 reddidit;
2504 5249 2570 5304 in
2579 5249 2708 5318 ﬁde
2735 5248 2971 5306 adduxi
3001 5261 3132 5304 eum
3161 5247 3279 5305 huc
3296 5249 3639 5317 salvumque
3651 5232 3788 5297 mli;

2191 5335 2357 5392 tuam
2377 5338 2444 5394 in
2463 5335 2656 5394 locum
2677 5351 2868 5394 suum.
2897 5338 3140 5392 Carator
3157 5336 3237 5392 ait
3257 5355 3270 5390 :
3293 5333 3656 5402 Quidesthoc
3669 5319 3789 5400 quod

2189 5425 2376 5482 dicis?
2399 5423 2574 5483 Modo
2594 5425 2788 5483 inisto
2809 5425 2928 5482 loco
2945 5427 3268 5483 moriemur
3305 5424 3495 5482 ambo.
3523 5410 3787 5478 Candaulis

2189 5513 2372 5570 dixit:
2399 5515 2530 5586 Ego
2549 5515 2684 5572 nolo
2727 5513 2868 5584 hoc;
2903 5513 3064 5586 quod
3081 5515 3138 5572 si
3159 5513 3224 5570 tu
3243 5515 3360 5583 vis,
3373 5511 3630 5586 paratus
3667 5511 3785 5561 M-

2187 5601 2406 5662 Videns
2437 5603 2636 5676 itaque
2687 5601 2992 5677 Candacis,
3044 5601 3178 5677 quia
3207 5599 3316 5660 ﬁlii
3348 5599 3442 5660 sui
3469 5594 3715 5660 volebant
3740 5597 3789 5646 se
