3898 6306
102 342 215 409 598

971 341 1409 409 CHRONICA.
1456 381 1520 392 -
1551 341 2030 409 CHRONICON
2076 341 2619 410 UNIVERSALE.

3391 336 3509 407 594

104 478 344 535 ἱηνιοθω
367 476 665 547 occidere,
680 475 1013 549 angustiata
1026 484 1137 550 est,
1155 479 1484 551 tollensque
1503 478 1742 537 Alexan-
1777 480 1831 540 A
1862 477 2143 538 habemus
2164 480 2487 551 angustum
2507 476 2843 536 introitum.
2860 476 3191 537 Suntinter
3203 493 3308 538 nos
3328 493 3510 552 quisa

103 567 281 637 drum,
298 573 539 624 secreto
552 567 701 623 dixit
723 586 734 621 :
765 567 1124 635 Alexander,
1149 582 1267 626 non
1286 569 1553 627 ostendis
1567 569 1630 625 in
1644 570 1751 628 lioc

103 657 369 726 aliquam
396 657 785 729 sapientiam,
812 657 883 713 ut
906 671 1024 713 non
1054 658 1403 715 caedantur
1416 672 1529 728 pro
1553 658 1607 714 te
1616 659 1748 730 ﬁlii

100 742 357 798 mei?Cui
386 742 718 799 Alexander
741 742 852 798 ait:
870 744 1119 800 Dimitte
1144 759 1234 800 me
1253 744 1344 800 ire
1357 746 1416 801 et
1433 747 1596 815 loqui
1618 760 1750 804 cum

101 832 200 888 eis.
222 830 342 897 Qua
368 831 773 901 permittente,
791 832 933 887 abiit
960 835 1027 887 ad
1053 847 1172 901 eos,
1190 839 1246 888 et
1269 833 1416 889 dixit
1435 853 1446 890 :
1468 835 1747 902 Carator,

101 919 154 977 si
172 918 465 976 occideris
481 933 591 987 me,
607 918 837 976 liabetA
849 920 1137 975 leaander
1158 936 1268 977 rea-
1288 923 1507 979 multos
1527 924 1751 981 milites

70 1007 367 1083 ‘nteliores
408 1021 523 1077 me,
553 1006 659 1065 sed
682 1010 740 1065 si
763 1008 953 1066 vultis
983 1010 1054 1064 ut
1080 1009 1321 1065 tradam
1349 1010 1511 1069 vobis
1551 1011 1751 1083 ipsum

103 1095 706 1165 inimicumvestrum,
724 1096 861 1153 date
872 1097 1055 1154 michi
1069 1098 1230 1168 quod
1227 1100 1404 1169 postu
1414 1101 1465 1155 Io
1479 1119 1498 1154 .-
1517 1102 1751 1157 tantum

103 1183 431 1256 utpaciﬂci
448 1184 591 1241 sitis
614 1184 771 1240 inter
791 1198 911 1254 vos,
932 1185 1139 1255 etjuro
1161 1186 1345 1255 vobis,
1371 1188 1522 1257 quia
1544 1188 1659 1247 huc
1684 1191 1750 1246 in

94 1274 397 1345 palatium
412 1273 683 1330 vestrum
699 1273 996 1330 adducam
1018 1276 1447 1333 Alexandrum.
1477 1279 1621 1333 Cred
1632 1279 1748 1335 ide-

107 1364 231 1417 runt
260 1361 311 1416 ei
346 1362 588 1430 fratres,
622 1368 680 1417 et
708 1362 996 1432 paciﬁcati
1031 1368 1185 1431 sunt,
1212 1368 1268 1418 et
1301 1364 1449 1420 dona
1482 1365 1660 1422 multa
1693 1368 1744 1422 ei

107 1449 515 1519 promiserunt.
566 1450 804 1505 Vocavit
867 1455 1059 1507 autem
1103 1466 1233 1508 eum
1287 1453 1499 1509 iterum
1546 1455 1744 1523 regina

109 1536 381 1593 Candacis
410 1537 664 1607 occulte,
697 1543 757 1594 et
787 1538 933 1593 dixit
964 1540 1015 1594 ci
1048 1559 1059 1594 :
1112 1541 1303 1598 Beata
1351 1556 1551 1611 essem,
1587 1543 1643 1600 si
1694 1544 1747 1599 te

107 1625 342 1682 cottidie
358 1639 488 1697 prce
516 1626 707 1683 oculis
753 1626 968 1684 habere
1002 1642 1267 1699 possem;
1295 1644 1408 1700 per
1447 1631 1501 1687 te
1530 1632 1747 1702 quippe

104 1713 378 1771 vicissem
405 1727 600 1771 omnes
631 1715 905 1772 inimicos
932 1730 1107 1773 meos.
1144 1717 1310 1773 Dedit
1338 1732 1478 1787 ergo
1510 1719 1564 1775 ei
1596 1720 1743 1775 dona

1859 570 2012 626 viris
2038 569 2183 625 sunt
2209 569 2452 625 intacta
2482 570 2693 624 214000
2720 586 2746 637 ,-
2788 567 2909 623 viri
2954 569 3113 625 enim
3152 570 3319 626 nullo
3342 572 3510 626 modo

1862 656 2145 715 habitant
2162 657 2321 716 inter
2341 658 2593 727 nos,-sed
2616 658 2780 712 ultra
2788 657 3057 727 ﬂuvium
3074 658 3142 714 in
3160 658 3295 715 alia
3306 660 3505 730 parte.

1860 748 1980 802 Per
2000 759 2476 816 unumquemque
2496 760 2717 801 annum
2743 744 3512 818 celebramusfestivitatem

1859 833 2023 889 Jovis
2034 847 2147 904 per
2165 834 2417 904 triginta
2436 834 2581 901 dies,
2601 834 2754 890 etsic
2777 834 3107 892 transimus
3126 833 3329 891 videre
3347 836 3509 894 viros

1858 923 2108 991 nostros,
2141 924 2197 979 et
2219 924 2489 992 gaudent
2516 922 2817 979 nobiscum
2869 923 3127 993 triginta
3176 923 3400 981 diebus.
3431 924 3509 982 Si

1859 1011 1998 1081 quis
2026 1013 2161 1068 vult
2179 1015 2245 1068 in
2270 1012 2492 1069 laticia
2523 1026 2763 1068 manere
2794 1026 2924 1069 cum
2960 1026 3146 1069 uxore
3183 1027 3315 1083 sua,
3353 1014 3509 1070 tenet

1860 1114 1989 1155 eam
2005 1114 2118 1171 per
2144 1115 2325 1158 unum
2359 1115 2600 1156 annum.
2634 1100 2798 1165 Quod
2812 1100 2867 1156 si
2886 1099 3107 1155 mulier
3127 1100 3508 1173 impregnata

1846 1188 2089 1258 peperit
2109 1190 2466 1257 masculum,
2484 1189 2641 1245 tenet
2655 1202 2785 1243 eum
2787 1188 2967 1259 pater
2978 1202 3191 1259 sec-um,
3207 1190 3326 1246 etsi
3323 1189 3509 1262 femi-

1858 1289 2000 1332 nam
2017 1290 2184 1346 pepei
2204 1276 2272 1345 it,
2306 1276 2509 1332 nutrit
2536 1290 2664 1332 eam
2688 1277 2863 1347 pater
2881 1290 2996 1347 per
3035 1290 3222 1334 annos
3265 1278 3503 1348 septem,

1855 1365 2057 1433 postea
2086 1364 2298 1421 reddet
2324 1378 2453 1419 eam
2480 1364 2668 1420 matri
2692 1378 2832 1421 suee.
2870 1363 3019 1421 Cum
3048 1366 3245 1421 autem
3276 1380 3508 1437 pugna-

1860 1452 2007 1508 tura
2035 1452 2370 1508 venerimus
2398 1466 2529 1508 cum
2557 1452 2786 1522 aliquo,
2807 1466 3015 1511 sumus
3042 1465 3285 1508 numero
3313 1452 3507 1511 decies

1859 1541 2011 1597 dena
2032 1542 2213 1598 milia
2235 1542 2594 1612 equitantes,
2613 1542 2754 1599 alite
2766 1542 2963 1598 autem
2984 1542 3329 1599 custodiunt
3341 1541 3507 1600 insu-

1861 1630 1981 1685 lam
1994 1630 2292 1699 nostram;
2306 1629 2679 1686 etobviamus
2698 1629 2961 1687 inimicis
2982 1632 3206 1688 nostris
3225 1630 3509 1701 usquead

1855 1718 2015 1786 ipsos
2028 1719 2420 1787 montes;viri
2442 1707 2846 1775 autemnostri
2864 1720 3209 1775 insecuntur
3218 1718 3362 1789 post
3376 1733 3503 1787 nos,

109 1800 346 1871 regalia,
374 1802 525 1857 inter
554 1816 681 1872 quae
704 1818 980 1860 coronam
1006 1819 1074 1860 ex
1100 1805 1294 1875 lapide
1318 1806 1741 1863 adamantiuam
1775 1832 1826 1891 Β
1858 1806 1915 1860 et
1930 1821 2059 1861 cum
2080 1821 2328 1862 reserva;
2335 1806 2648 1877 fuerimus
2671 1821 2802 1861 cum
2823 1809 3096 1874 victoria,
3122 1807 3384 1864 adorant
3400 1820 3505 1863 nos

106 1894 161 1943 et
217 1890 480 1945 bruniam
526 1895 585 1945 et
627 1890 932 1946 clamidem
981 1892 1294 1949 stellatam.
1332 1896 1468 1950 Inde
1520 1896 1739 1959 abiens,

109 1977 202 2032 ivit
237 1979 288 2033 in
321 1979 575 2049 eripiam
621 1993 791 2048 quam
835 1982 1178 2037 monstravit
1213 1983 1264 2037 ei
1299 1984 1629 2051 Candaulis,
1662 1985 1745 2041 di-

109 2079 234 2120 cens
264 2065 419 2136 quod
471 2066 555 2121 ibi
603 2066 996 2122 comedissent
1044 2068 1143 2122 dii.
1194 2070 1379 2138 Igitur
1436 2076 1741 2141 antequam

110 2153 506 2224 ingrederetur
546 2156 681 2211 fecit
713 2156 1088 2227 oblationem,
1113 2162 1172 2213 et
1196 2159 1281 2213 sic
1310 2159 1607 2223 ingressus
1630 2165 1739 2227 est,

109 2243 315 2298 etvidit
343 2244 422 2298 ibi
457 2244 775 2313 caliginem
807 2260 1090 2315 magnam,
1117 2252 1177 2301 et
1205 2247 1357 2302 inter
1397 2248 1578 2319 ipsam
1610 2249 1744 2303 cali-

111 2331 282 2400 ginem
296 2331 439 2387 vidit
468 2332 765 2388 lucentcm
792 2333 1020 2389 stellam
1043 2340 1101 2388 et
1125 2336 1525 2406 apparitiones
1550 2337 1746 2408 ydolo-

112 2433 243 2489 rum,
266 2419 411 2474 vidit
445 2425 509 2475 et
548 2422 826 2489 quosdam
855 2424 1279 2489 recumbentes,
1298 2423 1525 2480 lucidos
1547 2425 1747 2481 oculos

113 2506 249 2562 sicut
271 2507 553 2564 lucernas
575 2508 883 2577 habentes,
901 2525 1144 2579 quorum
1174 2526 1321 2566 unus
1342 2511 1488 2567 dixit
1505 2514 1555 2568 ei
1576 2517 1740 2581 :Ave,

109 2595 443 2652 Alexander.
479 2596 590 2651 Cui
625 2597 707 2651 ait
739 2616 750 2650 :
792 2598 937 2662 Quis
967 2613 1025 2655 es
1056 2601 1143 2667 tu,
1178 2600 1409 2655 domine
1433 2608 1458 2657 ν
1508 2603 1573 2656 Et
1606 2602 1740 2658 ille:

116 2684 222 2755 Ego
265 2699 394 2743 sum
437 2686 862 2756 Sesoneliosis,
887 2701 1140 2757 regnum
1184 2689 1394 2744 mundi
1436 2690 1657 2759 tenens,
1692 2692 1749 2746 et

112 2774 374 2830 mundum
401 2774 765 2845 subjugans,
782 2776 841 2831 et
860 2776 1093 2836 faciens
1109 2792 1302 2833 omnes
1324 2777 1630 2847 subjectos,
1644 2780 1748 2836 sed

117 2860 291 2918 tamen
307 2863 495 2920 michi
522 2876 643 2919 non
660 2863 752 2919 est
769 2877 977 2919 nomen
1000 2865 1121 2919 tale
1141 2866 1323 2933 quale
1342 2866 1405 2920 tu
1426 2866 1669 2923 liabebis
1684 2868 1747 2922 in

113 2949 204 3005 tua
230 2964 405 3021 quam
420 2950 853 3023 fabricaberis
885 2954 1281 3010 Alexandria.
1308 2954 1629 3022 Ingredere
1660 2956 1747 3011 ta-

110 3049 224 3093 men
241 3040 530 3109 amplius,
546 3040 601 3094 et
619 3039 865 3095 videbis.
887 3042 952 3094 Et
968 3040 1110 3095 vidit
1131 3041 1337 3096 iterum
1356 3041 1463 3096 alia
1477 3058 1523 3096 ill
1547 3041 1745 3111 caligi-

113 3132 311 3196 nem,et
339 3127 638 3198 quendam
664 3128 962 3183 sedentem
987 3129 1150 3198 quasi
1176 3128 1229 3183 in
1254 3131 1392 3185 sede
1420 3130 1621 3200 regali,
1649 3131 1741 3188 cui
1776 3180 1819 3200 η

115 3213 274 3269 dixit:
301 3217 447 3281 Quis
469 3229 562 3284 es,
589 3216 856 3271 domine?
885 3217 989 3281 Qui
1016 3217 1092 3272 ait
1124 3236 1135 3270 :
1169 3218 1481 3274 Nat'vitas
1505 3219 1745 3276 deorum
1778 3212 1821 3235 “

109 3314 196 3370 ego
214 3316 356 3360 sum.
405 3304 562 3360 Vidi
594 3304 647 3359 te
670 3304 735 3359 in
764 3304 926 3361 terra
954 3304 1152 3375 Lybiae
1181 3306 1238 3360 et
1264 3307 1431 3362 modo
1478 3307 1577 3364 llic
1621 3321 1744 3364 esse

107 3390 325 3450 videris.
352 3394 453 3449 Cui
489 3392 829 3447 Alexander
858 3394 938 3446 ait
969 3411 980 3445 :
1019 3394 1131 3449 Dic
1153 3394 1360 3462 miclii,
1386 3400 1527 3464 quot
1556 3409 1742 3453 annos

107 3478 348 3538 victurus
373 3496 535 3538 sum.
569 3480 671 3534 Ille
708 3480 1053 3551 respOndit:
1089 3483 1264 3537 Hanc
1294 3496 1540 3539 causam
1559 3498 1742 3553 quam

107 3566 416 3639 interrogas
437 3568 680 3640 oportet
694 3569 939 3625 utnemo
958 3571 1309 3626 mortalium
1328 3570 1501 3637 sciat,
1520 3573 1667 3641 quia
1684 3574 1740 3629 si

110 3656 353 3724 cognitus
366 3657 615 3730 fuisset
643 3656 863 3714 limini
897 3658 1024 3714 dies
1044 3660 1252 3715 mortis
1272 3673 1413 3729 sua,
1440 3659 1609 3717 tanta
1633 3662 1737 3717 tri-

112 3741 312 3800 bulatio
344 3747 398 3802 ei
428 3745 754 3813 accideret,
788 3746 969 3815 quasi
999 3747 1243 3803 cottidie
1286 3747 1441 3803 mori
1487 3748 1732 3805 deberet.

111 3830 177 3895 (F.
200 3835 339 3905 216.)
362 3834 670 3891 Facturus
693 3848 752 3889 es
769 3834 1091 3903 civitatem,
1109 3850 1239 3906 qua!
1248 3837 1521 3907 gloriosa
1543 3839 1737 3894 easta-

112 3917 186 3974 bit
216 3924 276 3977 in
315 3923 427 3979 toto
460 3922 735 3991 mundo;
782 3922 871 3978 ibi
904 3923 1322 3996 fabricabitur
1368 3925 1737 3995 sepulclsrum

112 4006 271 4078 tuum,
295 4010 504 4083 ibique
534 4011 871 4081 requiescet
895 4025 1107 4083 corpus
1139 4013 1322 4068 tuum.

166 4096 360 4154 Exiens
414 4098 578 4167 inde,
610 4100 764 4154 venit
812 4099 881 4154 ad
928 4099 1142 4154 milites
1179 4114 1339 4169 suos,
1384 4115 1736 4171 movensque

106 4185 419 4256 exercitum,
442 4186 736 4258 applicuit
769 4187 836 4221 ³1³
883 4188 952 4243 ad
997 4190 1332 4259 Amazones,
1362 4189 1619 4258 dirigens
1647 4190 1734 4245 eis

107 4272 385 4341 epistolam
413 4276 593 4330 talem
622 4294 633 4328 :
658 4276 788 4331 Rev
816 4276 1154 4332 Alexander
1178 4277 1571 4335 Amaionibus
1584 4292 1734 4348 gau-

109 4357 266 4415 dium.
292 4361 569 4432 P-ugnam
590 4376 772 4432 quam
806 4377 937 4419 cum
956 4363 1146 4419 Dario
1152 4364 1417 4435 fecimus
1436 4363 1599 4421 vobis
1619 4380 1734 4421 non

107 4446 449 4519 incognitam
487 4451 804 4520 credimus,
835 4453 891 4507 et
928 4452 1210 4523 quomodo
1258 4453 1733 4523 expugnas-imus

1856 1896 1977 1951 viri
2000 1896 2207 1951 nostri.
2233 1897 2308 1951 Si
2331 1909 2453 1965 qua
2476 1908 2549 1949 ea:
2571 1893 2738 1950 nobis
2758 1894 3063 1962 ceciderit,
3083 1894 3511 1951 bereditabunt

1857 1998 1985 2038 eam
2016 1997 2146 2053 quae
2173 1982 2639 2053 supervixerint.
2682 1984 2831 2038 Ecce
2874 1982 3353 2053 signiﬁcavimus
3392 1981 3503 2038 tibi

1856 2064 2337 2127 consuetudinem
2358 2071 2621 2127 nostram
2652 2084 2835 2140 quam
2835 2071 3109 2141 facimus
3129 2071 3287 2127 omni
3309 2084 3465 2126 anno
3479 2089 3505 2140 ;

1858 2160 1921 2214 tu
1941 2162 2137 2214 autem
2151 2159 2459 2215 considera
2473 2159 2529 2213 et
2524 2160 2640 2228 fac
2653 2158 2809 2229 quod
2819 2159 3059 2229 oportet,
3075 2158 3133 2213 et
3143 2156 3507 2214 scribeillud

1855 2246 2039 2303 nobis.
2080 2247 2247 2312 Quod
2273 2248 2328 2303 si
2348 2259 2629 2317 pugnare
2657 2245 2936 2314 volueris,
2963 2246 3043 2301 ad
3062 2246 3220 2315 ipsos
3240 2247 3503 2302 eziemus

1855 2333 2088 2390 obviam
2119 2334 2265 2403 tibi;
2286 2334 2514 2404 oportet
2538 2336 2693 2389 enim
2736 2334 2806 2388 ut
2850 2334 3068 2389 stemus
3097 2332 3156 2388 et
3169 2346 3504 2403 pugnemus

1856 2423 2169 2479 adversum
2192 2437 2309 2479 vos.
2324 2422 2401 2478 Si
2420 2422 2617 2477 autem
2635 2422 2907 2478 viceritis
2928 2433 3052 2489 nos,
3077 2420 3313 2476 nullam
3331 2420 3504 2477 liabe-

1858 2510 1997 2567 bitis
2031 2512 2286 2579 laudem,
2319 2514 2469 2582 quia
2502 2512 2776 2583 feminas
2822 2509 3080 2577 vicistis,
3112 2509 3216 2565 sed
3264 2509 3323 2565 et
3346 2508 3507 2578 quod

1858 2599 2086 2655 tollatis
2117 2614 2155 2655 a
2186 2599 2354 2655 nobis
2386 2615 2501 2654 non
2538 2599 2876 2655 invenietis.
2916 2597 3083 2653 Unde
3126 2610 3284 2665 cave,
3318 2598 3501 2667 impe-

1855 2688 2041 2755 rator,
2076 2702 2148 2742 ne
2177 2688 2328 2756 quid
2355 2687 2465 2743 tibi
2495 2688 2732 2743 adversi
2760 2686 3085 2756 contingat.

1928 2777 2149 2843 Legens
2198 2776 2526 2831 Alexander
2558 2773 2868 2844 epistolam
2921 2774 3085 2841 hanc,
3122 2772 3273 2842 risit,
3308 2777 3369 2828 et
3419 2772 3498 2828 ita

1857 2864 2163 2933 rescripsit
2183 2882 2194 2916 :
2230 2864 2580 2931 Trespartes
2592 2861 2801 2917 mundi
2814 2860 3331 2933 appreteendimus.
3349 2861 3502 2917 etvi-

1855 2951 2105 3007 ctoriam
2103 2952 2368 3023 fecimus
2378 2968 2401 3017 ,ο
2416 2952 2567 3007 unde
2578 2952 2633 3006 si
2648 2949 2807 3006 vobis
2827 2948 3244 3005 resistentibus
3260 2963 3379 3005 non
3385 2963 3502 3019 pu-

1848 3042 2237 3111 gnaverimus
2256 3040 2570 3107 vobiscum,
2599 3041 2767 3109 turpe
2789 3039 2908 3095 erit
2921 3037 3105 3095 nobis.
3130 3039 3409 3094 Attamen
3429 3038 3501 3093 do

1852 3127 2016 3184 vobis
2028 3129 2364 3185 consilium.
2378 3129 2456 3184 Si
2470 3128 2649 3185 vultis
2659 3128 2858 3197 perire
2878 3127 2938 3184 et
2957 3125 3256 3183 dimittere
3277 3125 3501 3183 terram

1852 3216 2109 3271 vestram
2122 3217 2313 3272 utnon
2327 3216 2630 3272 liabitetur
2643 3214 3294 3287 amplius,venitesicut
3307 3213 3501 3272 dimis-

1854 3304 1933 3360 tis
1945 3303 2047 3359 obv
2058 3304 2177 3360 iam
2190 3305 2358 3361 nobis
2369 3306 2449 3360 ad
2461 3305 2698 3361 montes.
2717 3304 2793 3361 Si
2805 3303 3005 3360 autem
3017 3315 3131 3359 non
3143 3301 3332 3359 vultis
3334 3303 3500 3373 peri-

1849 3404 1931 3459 re,
1960 3393 2346 3461 ingredimini
2356 3392 2640 3463 ﬂuvium,
2663 3392 2723 3448 et
2749 3392 2839 3449 sic
2869 3392 3186 3461 loquamur
3206 3389 3271 3447 in
3291 3403 3493 3447 unm».

1849 3480 1998 3536 Juro
2020 3482 2217 3537 autem
2238 3480 2401 3537 vobis
2416 3495 2524 3551 per
2549 3481 2702 3549 deos,
2728 3481 2878 3551 quia
2897 3481 3131 3535 nullum
3151 3479 3379 3535 malum
3386 3491 3500 3549 pa-

1852 3567 2087 3625 tiemini
2112 3584 2148 3625 a
2178 3569 2367 3626 nobis.
2402 3570 2656 3639 Equites
2700 3569 2898 3625 autem
2925 3568 3201 3639 feminas
3234 3566 3498 3637 quantas

1848 3658 2034 3713 vults
2052 3658 2302 3727 dirigite
2324 3656 2509 3725 nobis,
2532 3657 2589 3712 et
2606 3655 2955 3712 donabimus
2976 3655 3274 3725 singulas,
3296 3653 3502 3728 etpost

1850 3745 2075 3815 tempus
2098 3746 2386 3802 dimittem
2397 3761 2463 3801 us
2486 3759 2585 3800 eas
2605 3744 2802 3799 redire
2826 3743 2892 3798 in
2914 3742 3139 3798 terram
3157 3755 3349 3798 suam.
3376 3743 3497 3798 Da-

1850 3835 1973 3889 tum
1990 3835 2187 3889 autem
2209 3834 2367 3900 quod
2390 3834 2571 3889 vultis
2593 3833 2730 3887 date
2752 3830 2934 3885 nobis.
2955 3830 3340 3886 Considerate
3358 3843 3496 3900 ergo

1847 3922 1904 3977 et
1921 3921 2166 3977 scribite
2186 3920 2370 3977 nobis.
2403 3921 2519 3976 “[38
2547 3924 2739 3974 autem
2773 3918 3239 3986 considerantes,
3267 3916 3496 3971 direxe-

1849 4014 1981 4065 runt
2007 4010 2058 4063 ci
2085 4008 2362 4079 polcdros
2394 4008 2596 4063 decem
2629 4013 2686 4062 et
2716 4005 2999 4073 caballos,
3026 4012 3082 4060 et
3108 4004 3241 4060 inde
3267 4005 3496 4075 profec-

1848 4102 1944 4154 tus
1968 4102 2075 4152 est.
2096 4098 2292 4165 (Ouos.
2321 4112 2402 4165 III,
2424 4097 2532 4165 t3.)
2551 4096 2786 4165 Legitur
2814 4101 3003 4150 tamen
3028 4094 3181 4164 quod
3207 4092 3494 4149 Halestris

1846 4187 1969 4243 sive
1983 4185 2267 4241 Minothea
2289 4200 2495 4256 procax
2512 4187 2766 4239 Amazon
2781 4187 3020 4239 eun1300
3033 4182 3260 4237 feminis
3275 4182 3345 4237 ad
3360 4194 3491 4237 eum

1846 4274 2299 4343 venerit,gratia
2332 4273 2718 4344 suscipienda)
2755 4274 2825 4327 ab
2858 4287 2926 4328 eo
2958 4271 3178 4327 sobolis
3211 4270 3487 4327 excitata.

1918 4364 2136 4433 (Epist.
2171 4363 2525 4420 alAristot.
2563 4362 2701 4417 Cod.
2737 4360 2929 4416 Bamb.
2968 4362 3003 4416 Γ.
3039 4361 3182 4429 229.)
3229 4360 3365 4416 Cum
3395 4373 3494 4414 au-

1847 4456 1960 4507 tem
1992 4451 2328 4522 perveniret
2355 4451 2682 4507 Alexander
2704 4451 2775 4506 ad
2800 4453 3002 4521 portas
3029 4448 3289 4520 Caspias,
3311 4449 3367 4502 et
3392 4446 3494 4501 mi-

109 4533 327 4593 Indiam
357 4541 645 4609 aliasque
669 4541 895 4611 gentes,
922 4554 1053 4611 qua
1071 4542 1347 4597 resistere
1375 4541 1543 4599 nobis
1567 4542 1731 4599 nullo
1761 4536 1813 4595 D
1848 4545 2078 4594 raretur
2111 4544 2325 4595 terram
2362 4540 2518 4594 illam
2554 4539 2685 4609 quia
2717 4544 2849 4594 erat
2898 4540 3066 4606 bona,
3099 4534 3375 4606 cognovit
3408 4534 3491 4590 ibi

109 4624 248 4680 modo
252 4627 592 4696 potuerunt.
617 4629 984 4700 Quapropter
994 4630 1312 4687 scribimus
1324 4631 1506 4701 vobis,
1525 4632 1595 4687 ut
1593 4646 1732 4702 per-

109 4711 331 4773 solvatis
346 4716 518 4774 nobis
540 4718 767 4786 datum,
809 4720 957 4789 quia
985 4734 1101 4775 non
1124 4721 1418 4777 veniemus
1439 4734 1614 4791 super
1634 4735 1731 4778 vos

110 4798 334 4871 aliquod
350 4807 583 4862 malum
600 4806 761 4863 varis
785 4807 1033 4868 inferre.
1054 4808 1135 4863 Ad
1153 4808 1276 4864 haec
1290 4808 1574 4879 rescripta
1595 4815 1731 4865 sunt

110 4886 233 4944 ista:
251 4895 967 4965 Amazonespotentissim
994 4914 1016 4930 ιι
1042 4897 1221 4966 atque
1227 4898 1527 4968 fortiores
1548 4899 1732 4954 omni-

111 4974 200 5033 bus
212 4982 452 5040 miiitiis
474 4984 819 5039 Alexandro
828 4999 948 5054 gau
959 4984 1140 5040 dium.
1164 4987 1536 5056 Si-ripsimus
1547 4988 1732 5057 etsig-

107 5065 465 5136 niﬂcavimus
479 5070 611 5141 tibi,
628 5072 943 5141 antequam
954 5075 1164 5131 venias
1174 5076 1399 5145 iuﬂnes
1411 5075 1735 5139 nostros,ut

108 5155 248 5211 scias
259 5159 541 5227 quomodo
553 5160 1290 5231 venias,nefortepatiaris
1304 5163 1731 5233 turpitudinem

108 5240 267 5300 Scias
279 5247 557 5314 quoniam
571 5246 869 5303 habitatio
880 5249 1086 5305 nostra
1109 5249 1197 5305 est
1220 5250 1652 5319 ultra/luvium
1670 5252 1733 5306 in

109 5331 350 5396 quadam
368 5335 596 5404 insula,
622 5349 805 5405 quam
825 5336 1021 5408 cingit
1042 5338 1408 5408 ipse/iuvius
1431 5340 1495 5395 in
1512 5352 1733 5409 gyrum

109 5427 208 5472 non
232 5418 449 5478 habens
471 5422 723 5479 iniciam
752 5437 939 5495 neque
956 5425 1163 5495 ﬁnem,
1199 5425 1256 5481 et
1281 5439 1356 5481 ea:
1398 5440 1521 5482 uita
1556 5426 1733 5496 parte

1843 4627 2035 4696 aliqua
2073 4643 2197 4697 qua)
2233 4628 2343 4683 sibi
2379 4628 2729 4683 videbantur
2761 4626 2985 4681 odiosa.
3022 4627 3199 4680 Erant
3247 4622 3399 4678 enim
3433 4622 3489 4678 in

1844 4716 1987 4787 ipsis
2011 4715 2155 4771 locis
2179 4716 2395 4771 diversi
2422 4721 2729 4785 serpentes
2752 4719 2809 4768 ct
2838 4712 3061 4779 bestiae,
3080 4712 3150 4766 de
3172 4710 3384 4781 quibus
3408 4709 3493 4765 di-

1844 4809 2049 4860 xerunt
2083 4804 2346 4859 homines
2379 4803 2486 4859 loci
2522 4803 2678 4857 illius
2710 4806 2766 4857 ut
2801 4804 3077 4856 caverent
3106 4815 3186 4855 se.
3208 4797 3357 4854 Tulit
3392 4812 3492 4854 au-

1846 4899 1958 4949 tem
1989 4898 2221 4948 centum
2257 4890 2675 4962 quinquaginta
2706 4890 2929 4959 peritos
2963 4887 3221 4944 locorum
3252 4886 3350 4957 qui
3374 4886 3487 4942 sibi

1843 4980 2116 5037 ducatum
2140 4982 2475 5052 prebet-ent,
2499 4983 2556 5033 ct
2585 4978 2841 5049 perrexit
2876 4992 3003 5033 cum
3035 4976 3185 5030 omni
3220 4974 3487 5032 exercitu

1844 5084 2038 5125 mense
2072 5072 2336 5140 Augusto
2373 5084 2473 5139 per
2524 5065 2998 5124 ardentissimum
3048 5064 3231 5120 solem
3283 5068 3340 5119 ct
3385 5079 3489 5134 per

1843 5174 2085 5214 arenosa
2110 5157 2254 5227 locu,
2274 5157 2624 5229 promittens
2639 5154 2859 5225 premia
2875 5153 3244 5223 ductoribus,
3262 5152 3309 5209 si
3325 5152 3485 5209 illum

1844 5247 2063 5303 salvum
2085 5246 2385 5301 ducerent.
2404 5248 2801 5301 Pet-venerunt
2821 5247 3012 5299 autem
3038 5242 3092 5297 in
3120 5242 3483 5310 Bactriacen,

1843 5337 1938 5392 ubi
1972 5343 2107 5391 sunt
2133 5339 2340 5404 gentes
2381 5349 2508 5404 quae
2557 5334 2834 5389 dicuntur
2883 5332 3074 5400 Seres,
3112 5336 3173 5387 et
3214 5335 3347 5388 sunt
3405 5330 3485 5386 ibi

1844 5427 2087 5479 arbores
2117 5424 2399 5478 habentes
2432 5421 2566 5477 folia
2597 5420 2759 5477 velut
2791 5420 2999 5492 lanam,
3039 5421 3188 5477 unde
3222 5418 3486 5477 homines

1441 5541 1674 5596 VARLE
1719 5538 2115 5607 LECTIONES,

172 5599 211 5633 ’ί
238 5606 389 5662 venit
423 5614 483 5663 et
525 5621 573 5664 a.
608 5613 658 5664 5.
