3898 6312
403 351 524 414 595

1569 347 2049 412 EKKEHARDI
2093 347 2651 417 URAUGIENSIS
3665 359 3758 426 596

411 485 566 546 illius
590 491 763 546 terrae
787 485 1006 546 faciunt
1030 486 1141 545 sibi
1163 490 1384 546 vestes.
1409 485 1517 544 Sed
1541 490 1602 544 et
1621 486 1802 544 duces
1821 485 2048 544 itineris
2075 481 2132 544 A
2163 485 2810 562 quingentos,boraque
2823 488 3126 548 undecima
3142 495 3758 567 casnaveruntﬁnmque

407 577 775 648 collegerunt
803 593 877 633 ex
907 591 994 634 ea.
1029 577 1286 644 Quadam
1320 591 1458 632 vero
1486 576 1578 633 die
1612 575 1745 633 dum
1778 577 1892 632 iter
1919 591 2048 646 age-

409 673 562 732 rent,
597 671 906 737 coeperunt
937 665 1096 722 sitim
1131 667 1346 722 habere
1379 665 1671 735 majorem.
1707 665 1885 732 Quam
1918 681 2047 722 cum

409 753 740 810 Alexander
768 755 1016 810 suﬂ'erre
1047 769 1157 810 non
1191 758 1415 826 posset,
1461 754 1692 825 quidam
1734 755 1901 810 miles
1953 755 2050 810 Ze-

409 843 605 914 philus
637 843 866 899 nomine
897 842 1117 898 invenit
1148 857 1354 913 aquam
1401 841 1455 897 in
1503 845 1671 914 petra
1721 846 1946 912 cavata,
1979 842 2050 899 de

409 945 520 1000 qua
550 931 813 1002 implevit
835 929 1120 990 cassidem
1146 946 1310 986 suum
1338 935 1398 986 et
1425 931 1626 987 attulit
1648 930 1790 1000 regi,
1819 929 1948 1002 plus
1969 929 2054 984 di-

411 1017 597 1088 ligens
627 1019 754 1089 ejus
784 1019 960 1076 vitam
985 1033 1156 1090 quam
1181 1035 1360 1076 suam.
1386 1019 1486 1076 Ille
1511 1023 1702 1076 autem
1725 1033 2053 1076 convocans

409 1109 754 1179 exercitum,
793 1123 990 1165 coram
1023 1109 1293 1166 omnibus
1321 1109 1470 1165 fudit
1512 1107 1696 1180 ipsam
1739 1123 1944 1179 aquam
1995 1109 2051 1164 in

407 1199 647 1267 terram,
681 1213 772 1267 ne,
805 1196 940 1254 dum
969 1197 1198 1254 videret
1227 1197 1524 1253 exercitus
1577 1197 1725 1267 quod
1763 1196 1860 1252 ille
1893 1198 2056 1255 solus

411 1285 663 1356 biberet,
686 1285 816 1356 plus
847 1285 1016 1342 sitire
1040 1285 1348 1357 inciperet.
1379 1285 1658 1343 Laudavit
1677 1290 1870 1341 autem
1895 1287 2054 1342 boni-

411 1381 591 1429 tatem
621 1373 840 1445 Zephili
875 1389 1043 1445 quam
1077 1375 1282 1430 habuit
1313 1375 1369 1429 in
1401 1389 1552 1443 eum,
1578 1379 1636 1429 et
1659 1375 1876 1445 optima
1903 1375 2052 1431 dona

412 1461 573 1517 dedit
603 1461 676 1518 ei.
715 1463 1092 1518 Confortatus
1122 1476 1262 1518 vero
1293 1462 1366 1518 de
1397 1462 1502 1518 hoc
1534 1463 1832 1519 exercitus
1873 1463 2055 1534 coepit

414 1550 517 1605 ire.
546 1551 828 1621 Apparuit
861 1555 1052 1606 autem
1072 1564 1183 1606 non
1208 1550 1378 1620 longe
1402 1550 1610 1607 ﬂumen
1636 1550 1691 1606 in
1713 1551 1970 1621 deserto,
1998 1551 2051 1606 in

413 1638 582 1708 cujus
609 1639 736 1710 ripa
767 1643 936 1695 erant
966 1654 1165 1696 cannaa
1198 1638 1331 1696 altae
1379 1639 1683 1708 sexaginta
1715 1639 1962 1710 pedibus
1994 1644 2052 1694 et

413 1741 637 1795 grossae
670 1727 822 1784 sicut
851 1727 1042 1798 pinus,
1069 1743 1140 1782 ex
1171 1727 1382 1797 quibus
1407 1727 1622 1783 fiebant
1645 1729 1860 1785 tabulas
1883 1727 1951 1783 ad
1977 1729 2054 1784 fa-

2160 577 2294 632 luna
2330 577 2528 634 lucere
2563 579 2866 652 inciperet,
2903 581 3099 638 subito
3137 587 3420 638 venerunt
3461 585 3761 656 scorpiones

2159 671 2216 721 et
2248 673 2557 738 serpentes
2591 669 2836 740 aliaeque
2873 671 3006 727 fera;
3038 671 3240 726 bibere
3291 672 3360 726 de
3407 671 3529 744 ipso
3559 673 3692 745 lacu,
3716 682 3761 732 et

2158 757 2280 810 tota
2297 759 2455 810 terra
2483 755 2578 812 illa
2607 759 2916 814 resonabat
2938 759 3008 814 de
3025 757 3216 814 sibilis
3232 760 3600 830 serpentium.
3615 763 3760 820 Pone-

2161 841 2300 897 bant
2317 857 2456 912 ergo
2481 842 2698 901 milites
2715 850 2877 902 scuta
2901 845 2955 900 in
2980 847 3170 903 fronte
3191 852 3516 904 castrorum
3529 864 3625 920 per
3644 851 3762 906 ordi'

2161 943 2310 1001 nem,
2336 936 2396 986 et
2419 933 2697 988 tenebant
2721 932 2953 990 lanceas
2977 935 3032 989 in
3053 934 3337 1007 manibus,
3363 940 3424 992 et
3454 937 3537 993 sic
3557 939 3761 1010 recipie-

2163 1019 2303 1074 bant
2335 1024 2640 1091 serpentes
2671 1026 2872 1077 contra
2905 1037 2966 1078 se
3011 1022 3330 1092 venientes,
3365 1029 3424 1079 et
3473 1025 3762 1095 aliquantus

2162 1107 2508 1164 occiderunt
2539 1124 2611 1164 ex
2635 1109 2740 1164 eis.
2767 1111 3199 1166 Recedentibus
3219 1116 3410 1167 autem
3433 1115 3762 1184 serpentibus

2165 1195 2321 1251 circa
2357 1197 2599 1252 terciam
2634 1198 2822 1254 noctis
2855 1199 3074 1268 horam,
3109 1214 3236 1256 cum
3264 1201 3379 1270 jam
3413 1207 3694 1272 sperarent
3714 1219 3763 1260 se

2165 1285 2422 1353 requiem
2472 1285 2802 1356 habituros,
2855 1301 2994 1342 ecce
3042 1286 3112 1342 de
3160 1287 3454 1344 montibus
3497 1290 3764 1345 veniebant

2166 1371 2262 1426 alii
2295 1378 2602 1443 serpentes
2632 1373 2916 1430 columnis
2947 1375 3298 1444 grossiores,
3331 1377 3544 1432 erectis
3561 1379 3764 1448 pectori-

2166 1460 2295 1530 bus,
2320 1461 2543 1531 apertis
2578 1462 2796 1530 buccis,
2823 1461 2893 1518 de
2917 1477 3162 1532 quorum
3184 1463 3396 1534 [oculis
3416 1463 3502 1536 ω]
3531 1465 3764 1522 scintilla-

2166 1550 2265 1604 bat
2295 1563 2602 1622 venenum,
2633 1549 2926 1622 alitusque
2955 1565 3156 1608 eorum
3189 1555 3317 1608 erat
3348 1553 3638 1620 mortifer;
3665 1569 3763 1611 cum

2166 1637 2378 1708 quibus
2415 1639 2746 1708 pugnabant
2779 1638 2913 1710 plus
2946 1653 3115 1709 quam
3149 1653 3320 1696 unam
3366 1641 3563 1696 horam
3593 1643 3761 1710 noctis,

2165 1729 2222 1781 et
2255 1725 2434 1782 occisi
2467 1730 2600 1782 sunt
2633 1725 2702 1780 ab
2726 1726 2814 1782 eis
2835 1726 3073 1796 triginta
3094 1729 3246 1784 servi
3269 1732 3332 1784 et
3349 1728 3552 1798 viginti
3570 1729 3762 1784 milites.
3855 1725 3857 1798 ε

413 1815 651 1872 ciendas
676 1829 865 1871 casas.
897 1815 978 1870 Ibi
1011 1830 1152 1885 ergo
1199 1819 1522 1886 posuerunt
1553 1819 1766 1871 castra.
1799 1818 2053 1888 Cumque
2082 1834 2138 1896 Β
2169 1817 2239 1870 At
2265 1819 2574 1884 postquam
2609 1820 2984 1870 recesserunt
3020 1819 3340 1886 serpentes,
3377 1819 3645 1872 venerunt
3663 1830 3767 1872 cau-

411 1916 481 1957 ex
511 1905 712 1960 eadem
745 1918 890 1974 aqua
926 1903 1124 1959 bibere
1157 1903 1391 1972 vellent,
1413 1907 1543 1959 erat
1565 1917 1756 1960 amara
1777 1905 1928 1960 sicut
1956 1904 2048 1960 fel.

413 1991 870 2061 Angustiabatur
899 1991 1097 2062 itaque
1129 2006 1229 2047 rex
1259 1991 1392 2063 plus
1423 1991 1493 2048 de
1511 1992 1858 2048 animalibus
1883 2008 2052 2064 quam

411 2077 480 2134 de
510 2079 862 2148 hominibus,
889 2080 1024 2150 quia
1057 2079 1155 2136 illa
1191 2080 1346 2136 sitim
1380 2084 1705 2151 temperare
1737 2081 1927 2138 minus
1956 2096 2055 2138 no-

412 2173 633 2237 verant,
661 2169 720 2236 (f.
756 2171 882 2240 230)
907 2168 1125 2225 milites
1150 2175 1340 2224 autem
1365 2168 1461 2224 alii
1488 2167 1784 2238 lingebant
1812 2170 2050 2239 ferrum,

411 2255 507 2312 alii
534 2256 810 2311 bibebant
833 2256 1048 2326 oleum,
1067 2256 1162 2311 alii
1185 2271 1324 2312 vero
1341 2256 1410 2312 ad
1433 2259 1652 2312 tantam
1669 2263 2054 2328 pervenerant

413 2344 843 2410 necessitatem,
880 2348 940 2398 ut
976 2344 1200 2400 urinam
1231 2359 1390 2400 suam
1422 2343 1708 2399 biberent.
1737 2347 2054 2416 Pergentes

413 2429 592 2500 igitur
620 2431 784 2500 juxta
819 2429 999 2501 ripam
1049 2431 1307 2500 ejusdam
1359 2431 1539 2486 amari
1592 2432 1863 2501 ﬂuminis,
1898 2434 2053 2489 circa

413 2521 679 2574 octavam
711 2517 822 2574 diei
855 2519 1053 2574 horam
1086 2523 1370 2576 venerunt
1399 2519 1469 2575 ad
1519 2519 1822 2576 castellum
1858 2535 2051 2591 unum,

414 2605 468 2660 in
503 2605 694 2662 insula
723 2607 985 2677 ejusdem
1013 2607 1268 2663 ﬂuminis
1289 2607 1566 2678 positum,
1591 2607 1743 2678 quod
1772 2622 1844 2675 ex
1866 2609 2056 2680 predi-

409 2694 522 2750 etis
555 2695 756 2751 cannis
775 2699 904 2751 erat
923 2695 1290 2752 :ediﬂcatum.
1319 2697 1400 2751 lbi
1423 2695 1694 2753 viderunt
1719 2712 1938 2768 paucos
1958 2697 2057 2754 ho-

413 2781 599 2838 mines
631 2783 836 2852 nudos,
874 2783 970 2854 qui
1018 2784 1217 2839 statim
1271 2788 1331 2840 ut
1388 2784 1710 2842 exercitum
1759 2785 2051 2856 viderunt,

413 2870 846 2926 absconderunt
861 2885 945 2926 se.
966 2870 1292 2926 Alexander
1306 2875 1495 2928 autem
1518 2872 1721 2929 volens
1747 2873 1903 2944 loqui
1925 2889 2055 2930 cum

413 2957 498 3013 eis
530 2962 592 3014 ut
625 2973 832 3029 aquam
880 2959 992 3016 sibi
1037 2959 1434 3030 ostenderent,
1467 2975 1598 3016 cum
1631 2961 1826 3018 nullus
1853 2976 2056 3018 eorum

413 3047 936 3118 appareret,jussit
963 3063 1179 3119 paucas
1195 3047 1407 3118 jactari
1431 3049 1700 3120 sagittas,
1731 3054 1793 3106 ut
1814 3049 1904 3106 vel
1925 3065 2058 3122 pro-

411 3139 542 3206 pter
571 3135 845 3190 timorem
877 3135 1225 3206 sagittarum
1257 3137 1528 3204 exirent;
1559 3137 1662 3193 sed
1695 3137 1778 3192 illi
1814 3137 1946 3208 plus
1993 3153 2058 3195 se

411 3223 1047 3280 absconderantﬂ‘unc
1070 3223 1226 3278 misit
1248 3223 1302 3278 in
1327 3225 1516 3295 ipsum
1541 3225 1750 3280 ﬂumen
1773 3225 2059 3283 ducentos

410 3326 480 3366 ex
510 3310 922 3367 Macedonibus
950 3327 1077 3367 cum
1113 3310 1340 3368 levibus
1367 3311 1564 3368 armis.
1600 3312 1705 3378 Qui
1753 3329 1884 3370 cum
1941 3315 2056 3385 jam

412 3403 686 3468 quartam
711 3402 935 3470 partem
961 3398 1214 3455 ﬂuminis
1235 3404 1662 3471 pernatassent,
1679 3416 1816 3459 ecce
1834 3401 1904 3458 de
1928 3418 2062 3475 pro-

413 3487 588 3542 fundo
619 3491 994 3543 emerserunt
1021 3487 1315 3559 yppotami
1346 3487 1415 3522 ’1‘
1443 3489 1720 3545 fortiores
1752 3505 1922 3561 quam
1945 3491 2061 3548 ele-

412 3575 634 3646 phanti,
655 3579 714 3630 et
747 3573 1082 3632 videntibus
1111 3576 1328 3632 ceteris
1351 3580 1408 3632 et
1428 3576 1861 3648 plangentibus,
1887 3579 2059 3637 devo-

413 3666 688 3719 raverunt
719 3677 840 3719 eos.
867 3663 1173 3735 Yppotami
1201 3667 1394 3720 autem
1430 3665 1602 3720 medii
1637 3670 1770 3722 sunt
1797 3666 2061 3726 homines

408 3756 468 3808 et
499 3751 670 3808 medii
703 3751 935 3808 caballi.
967 3753 1158 3808 Iratus
1181 3757 1375 3808 autem
1401 3752 1731 3809 Alexander
1754 3753 1808 3809 in
1833 3769 1936 3812 eos
1961 3755 2056 3826 qui

407 3841 730 3898 exercitum
763 3855 866 3914 per
897 3840 1036 3898 talia
1059 3841 1188 3898 loca
1209 3839 1280 3874 '1‘
1303 3840 1615 3912 ducebant,
1629 3843 1806 3914 jussit
1825 3848 2056 3902 centum

407 3944 478 3984 ex
507 3929 594 3986 eis
623 3929 774 3985 mitti
808 3944 865 3985 Ill
897 3930 1130 4000 ﬂumen,
1153 3935 1213 3986 et
1235 3936 1541 4002 cmperunt
1571 3932 1866 4003 yppotami
1897 3932 2061 3990 ebul-

409 4017 517 4074 lire
548 4018 698 4075 sicut
734 4019 1012 4087 formica},
1035 4023 1094 4074 et
1119 4019 1548 4076 devoraverunt
1581 4033 1706 4076 eos.
1731 4020 1870 4076 Inde
1893 4022 2052 4092 moti,

409 4106 477 4161 ad
517 4105 880 4162 undecimam
910 4104 1025 4162 diei
1059 4105 1256 4162 horam
1286 4105 1558 4162 viderunt
1582 4107 1640 4162 in
1665 4109 1793 4180 ipso
1818 4109 2056 4164 ﬂumine

409 4193 673 4248 homines
705 4193 760 4247 in
794 4192 1081 4250 naviculis
1114 4193 1385 4252 rotundis
1427 4195 1497 4250 de
1541 4210 1725 4252 canna
1773 4195 1962 4266 factis,
1995 4200 2052 4250 et

412 4282 922 4350 interrogaverunt
946 4297 1068 4353 eos,
1097 4283 1192 4340 ubi
1218 4297 1424 4354 aquam
1449 4283 1675 4340 dulcem
1701 4283 2052 4340 invenirent.

411 4369 517 4435 Qui
552 4368 954 4426 indicaverunt
989 4370 1076 4426 eis
1107 4371 1295 4428 lacum
1329 4371 1518 4428 dulcis
1543 4387 1707 4442 aquae
1734 4372 1788 4428 in
1811 4375 1943 4428 ante
1969 4386 2056 4428 re-

411 4457 772 4529 periendum.
800 4459 965 4515 ibant
988 4472 1128 4530 ergo
1149 4465 1274 4516 tota
1294 4465 1465 4516 nocte
1490 4460 1715 4530 fatigati
1750 4460 1820 4516 de
1849 4461 1967 4531 siti,
1993 4465 2051 4517 et

2090 3185 2138 3247 Ο

2167 1901 2274 1970 cri,
2303 1901 2588 1958 habentes
2605 1900 2780 1958 dorsa
2803 1902 2947 1958 dura
2971 1903 3123 1958 sicut
3140 1903 3467 1974 cocodrilli,
3493 1918 3614 1974 qua
3629 1903 3766 1973 jactis

2169 1987 2388 2046 lanceis
2418 1991 2713 2060 perforata
2748 2005 2861 2046 non
2891 1996 3061 2055 sunt;
3094 1991 3309 2048 multos
3360 1996 3548 2048 tamen
3588 2007 3652 2048 ex
3678 1992 3766 2047 illis

2169 2077 2511 2134 occiderunt
2530 2079 2584 2133 in
2603 2079 2756 2149 igne,
2775 2079 2984 2150 reliqui
2999 2079 3371 2137 intraverunt
3394 2080 3574 2138 lacum
3597 2082 3762 2152 ipsum.
3855 2077 3857 2152 Ὺ

2243 2165 2323 2235 (F.
2350 2167 2502 2238 231.)
2523 2168 2643 2222 Jam
2675 2172 2916 2221 venerat
2944 2167 3144 2237 quinta
3176 2166 3379 2237 vigilia
3409 2167 3610 2238 noctis,
3627 2172 3679 2223 et
3702 2181 3767 2222 re-

2171 2255 2476 2325 quiescere
2495 2253 2728 2310 volebat
2743 2255 3060 2324 exercitus,
3079 2260 3134 2312 et
3150 2270 3285 2312 ecce
3309 2261 3588 2313 venerunt
3611 2255 3767 2312 leones

2172 2342 2286 2398 albi
2317 2342 2564 2411 majores
2593 2341 2800 2412 tauris,
2836 2347 2893 2397 et
2925 2343 3340 2400 concutientes
3373 2345 3623 2401 cervices
3642 2358 3766 2412 suas,

2169 2445 2300 2486 cum
2351 2430 2812 2486 murmuratione
2861 2445 3062 2500 magna
3123 2431 3389 2487 fecerunt
3448 2433 3695 2504 impetum
3727 2431 3767 2486 in

2169 2531 2312 2583 eos;
2347 2518 2455 2589 ipsi
2491 2522 2684 2573 autem
2715 2523 3075 2589 exceperunt
3103 2533 3204 2575 eos
3249 2519 3556 2576 venabulis
3583 2519 3702 2588 suis,
3725 2520 3767 2573 et

2171 2605 2382 2662 mortui
2412 2611 2566 2662 sunt.
2592 2607 2728 2662 Post
2754 2606 2874 2662 haec
2897 2611 3182 2663 venerunt
3205 2608 3369 2678 porci
3406 2607 3561 2664 mirae
3597 2606 3769 2676 magni-
3855 2605 3857 2664 ἰ

2168 2693 2408 2762 tudinis,
2433 2693 2714 2748 habentes
2732 2693 2996 2750 diversos
3018 2694 3269 2765 colores,
3292 2699 3356 2751 et
3381 2710 3509 2752 cum
3532 2693 3638 2750 illis
3652 2693 3770 2750 simi-
3855 2743 3857 2765 ἓ

2171 2781 2310 2838 liter
2339 2787 2764 2852 pugnaverunt.
2796 2782 3022 2838 Interea
3055 2783 3334 2854 apparuit
3382 2784 3562 2840 bestia
3593 2796 3686 2840 una
3712 2781 3770 2836 si-

2171 2869 2326 2926 milis
2357 2867 2605 2939 caballo,
2639 2867 2824 2938 major
2849 2868 3182 2940 elephanto,
3204 2871 3321 2926 tria
3351 2871 3566 2928 habens
3591 2881 3768 2927 cornua

2171 2961 2412 3027 armata,
2457 2957 2781 3028 vidensque
2838 2962 3052 3028 castra,
3098 2963 3416 3029 antequam
3475 2959 3678 3016 biberet
3717 2957 3768 3013 de

2172 3044 2322 3108 lacu,
2349 3045 2510 3102 dedit
2531 3046 2807 3116 impetum
2844 3045 2897 3100 in
2920 3050 3132 3116 castra,
3158 3047 3678 3118 resistentibusque
3696 3043 3770 3099 mi-

2174 3133 2623 3203 litibus,occidit
2639 3149 2709 3190 ex
2724 3133 2872 3205 ipsis
2884 3134 3089 3203 viginti
3105 3139 3384 3207 quatuor,
3401 3134 3768 3208 quinquaginta

2171 3222 2580 3286 conculcavit;
2616 3227 2805 3278 tamen
2837 3222 3181 3279 occiderunt
3226 3237 3380 3282 eam.
3413 3224 3616 3280 Deinde
3639 3234 3769 3278 vene-

2173 3315 2306 3366 runt
2339 3315 2394 3367 et
2427 3310 2900 3382 vespertiliones,
2921 3311 3074 3367 sicut
3106 3315 3165 3367 et
3188 3325 3368 3384 supra
3393 3313 3660 3384 scriptum
3677 3315 3762 3376 est,
3853 3310 3857 3384 j

2171 3399 2335 3469 quasi
2369 3397 2671 3467 columbae,
2707 3399 2992 3454 habentes
3021 3398 3228 3456 dentes
3259 3401 3416 3458 sicut
3442 3401 3696 3468 homines,
3721 3401 3764 3452 et

2172 3487 2458 3542 feriebant
2491 3485 2707 3542 milites
2740 3486 2794 3541 in
2831 3487 3008 3543 facies
3027 3502 3181 3558 suas,
3201 3493 3261 3544 et
3284 3489 3583 3559 plagaseis
3602 3487 3768 3542 infere-

2171 3575 2326 3630 bant.
2364 3575 2660 3631 Venerunt
2686 3579 2745 3630 et
2777 3575 3000 3631 surices
3023 3576 3175 3632 sicut
3200 3577 3430 3648 vulpes,
3453 3582 3510 3633 et
3531 3587 3772 3647 quacum-

2171 3678 2282 3734 que
2313 3663 2582 3719 animalia
2618 3663 2982 3734 mordebant,
3019 3665 3216 3720 statim
3263 3666 3666 3733 moriebantur,
3693 3660 3768 3716 ho-

2170 3751 2355 3808 mines
2382 3756 2574 3808 autem
2606 3765 2678 3806 ex
2710 3751 3002 3808 morsibus
3032 3766 3232 3808 eorum
3267 3767 3384 3809 non
3415 3752 3614 3808 mortui
3644 3752 3764 3806 sunt.

2173 3839 2691 3910 Appropinquante
2733 3844 2926 3895 autem
2955 3839 3088 3896 luce
3117 3845 3404 3897 venerunt
3433 3854 3564 3896 aves
3590 3835 3768 3896 similes

2168 3927 2526 3998 vulturibus,
2555 3929 2841 3984 habentes
2887 3929 3140 3984 colorem
3192 3929 3592 3998 rubicundum,
3623 3925 3766 3998 pedes

2167 4031 2308 4072 vero
2339 4021 2398 4072 et
2429 4020 2619 4072 rostra
2653 4017 2836 4087 nigra,
2869 4019 2925 4072 et
2957 4015 3354 4088 impleverunt
3399 4023 3576 4074 totam
3618 4013 3765 4084 ripam

2167 4103 2302 4174 laci,
2327 4107 2384 4159 et
2413 4105 2794 4160 extrahentes
2827 4104 3020 4176 pisces
3039 4105 3110 4160 de
3133 4104 3264 4162 lacu
3288 4106 3671 4170 comederunt,
3692 4101 3766 4154 ho-

2169 4193 2351 4248 mines
2381 4207 2520 4249 vero
2545 4208 2658 4249 non
2682 4199 3026 4250 nocuerunt.
3054 4194 3244 4250 Iratus
3267 4199 3462 4251 autem
3485 4187 3766 4249 Alexander

2165 4285 2372 4338 contra
2404 4282 2586 4338 duces
2616 4281 2742 4352 vim,
2771 4281 2906 4338 fecit
2938 4283 3026 4338 eis
3058 4282 3280 4338 abscidi
3307 4297 3510 4338 manus
3527 4285 3580 4336 et
3603 4276 3762 4350 pedes,

2169 4374 2230 4426 ut
2262 4370 2377 4426 vivi
2411 4385 2440 4426 a
2487 4371 2863 4442 serpentibus
2911 4371 3382 4442 comedereutur,
3424 4371 3762 4434 hortatusque

2165 4463 2254 4514 est
2289 4459 2522 4528 milites,
2556 4465 2621 4516 ut
2653 4459 2836 4516 fortes
2864 4464 3063 4516 essent
3104 4474 3209 4516 nec
3256 4459 3312 4515 in
3363 4456 3618 4515 adversis
3643 4451 3764 4510 sicut

407 4551 534 4602 erat
555 4546 643 4602 eis
667 4547 958 4618 angustia,
977 4547 1111 4618 quia
1136 4549 1513 4604 omnesibant
1530 4549 1756 4604 armati.
1776 4549 2054 4606 Oecurre-
2083 4537 2135 4598 D
2168 4547 2394 4604 feminae
2441 4547 2784 4604 deficerent.

409 4635 548 4690 bant
579 4639 773 4690 autem
805 4635 892 4691 eis
922 4635 1140 4706 leones,
1177 4636 1320 4706 ursi,
1354 4635 1636 4706 tygrides,
1660 4642 1717 4692 et
1744 4651 1847 4709 per
1868 4641 2052 4693 totam

409 4727 635 4778 noctem
671 4724 1005 4794 pugnabant
1031 4739 1162 4779 eum
1191 4723 1294 4779 eis.
1325 4722 1448 4778 Alia
1479 4739 1618 4780 vero
1649 4724 1762 4796 die,
1788 4725 2050 4796 cumjam

409 4808 543 4868 lassi
566 4815 790 4881 essent,
807 4812 946 4867 hora
971 4809 1134 4882 quasi
1149 4813 1358 4866 octava
1375 4817 1764 4882 pervenerunt
1778 4812 1850 4870 ad
1865 4813 2050 4884 ipsum

409 4897 618 4954 lacum.
647 4899 979 4954 Posuerunt
1003 4896 1294 4969 itaqueibi
1317 4903 1511 4954 castra
1534 4899 1590 4954 in
1613 4899 1978 4970 longitudine
1993 4905 2050 4956 et

407 4985 721 5042 latitudine
738 4986 810 5043 ad
827 4986 937 5043 tria
955 4986 1201 5042 miliaria
1221 5003 1235 5051 ;
1253 4985 1414 5043 lacus
1431 5001 1572 5044 vero
1593 4994 1719 5043 erat
1745 4989 2053 5060 spaciosus

411 5075 479 5128 ad
515 5075 830 5131 miliarium
865 5089 1059 5132 unum.
1080 5077 1234 5132 Tunc
1265 5075 1606 5133 locaverunt
1628 5076 1973 5149 elephantos
1997 5077 2052 5134 iu

412 5162 598 5218 media
625 5167 791 5234 parte
812 5169 1161 5236 castrorum,
1178 5169 1238 5221 ut
1259 5165 1560 5222 continere
1583 5180 1646 5222 se
1671 5171 1874 5238 posset
1895 5183 2056 5223 exer-

414 5248 590 5320 citus,
619 5249 666 5306 si
702 5251 839 5320 quid
871 5253 958 5310 eis
989 5261 1163 5310 nocte
1195 5254 1624 5325 superveniret,
1647 5259 1708 5311 et
1731 5255 2054 5314 incidentes

415 5334 620 5390 silvam
651 5351 780 5407 qua)
806 5345 931 5396 erat
957 5341 1114 5397 circa
1146 5340 1356 5412 laeum,
1393 5341 1680 5399 faciebant
1714 5343 1872 5400 focos
1897 5344 2053 5400 mille

2237 4636 2318 4706 (Ρ.
2352 4636 2502 4706 232.)
2531 4635 2698 4692 Motis
2737 4635 2868 4691 inde
2917 4636 3149 4704 castris,
3185 4633 3512 4690 Alexander
3553 4623 3760 4686 tetendit

2168 4739 2350 4796 usque
2383 4724 2454 4780 ad
2504 4739 2682 4794 mare,
2717 4725 2966 4795 probare
2997 4724 3220 4794 volens,
3255 4722 3302 4778 si
3357 4724 3555 4794 posset
3597 4716 3758 4806 orbein

2164 4813 2414 4870 circuire
2462 4828 2564 4884 per
2612 4825 2913 4882 oceanum,
2954 4816 3012 4867 et
3067 4811 3336 4882 quoniam
3384 4808 3632 4866 homines
3672 4801 3758 4857 loci

2165 4902 2323 4958 illius
2343 4901 2614 4957 dicebant
2634 4903 2940 4958 tenebrosa
2965 4900 3044 4956 ibi
3075 4899 3220 4970 loca,
3246 4903 3302 4954 et
3338 4899 3487 4970 quod
3521 4889 3756 4950 Hercules

2164 4994 2220 5046 et
2254 4989 2423 5046 Liber
2454 5005 2565 5045 non
2596 4989 2718 5045 ausi
2748 4992 2942 5045 essent
2972 4987 3042 5044 ad
3077 4986 3208 5044 illas
3254 4990 3452 5058 partes
3497 4978 3752 5039 accedere.

2163 5078 2454 5134 ordinavit
2484 5077 2779 5134 sinistram
2810 5082 3034 5147 partem
3063 5075 3240 5131 Indiae
3293 5073 3558 5141 circuire,
3590 5071 3643 5124 ut
3670 5074 3754 5118 non
3855 5065 3857 5070 “

2163 5171 2318 5223 esset
2349 5166 2514 5223 locus
2539 5165 2649 5222 sibi
2676 5164 3028 5234 incognitus.
3057 5165 3400 5220 Invenerunt
3425 5165 3608 5218 autem
3630 5149 3755 5226 palu-

2163 5256 2290 5311 dem
2323 5255 2559 5326 siccam,
2586 5269 2715 5326 quaa
2745 5253 2997 5309 habebat
3018 5266 3232 5309 cannas
3249 5250 3479 5318 multas,
3506 5261 3600 5319 per
3620 5250 3752 5326 quam

2164 5359 2293 5401 cum
2325 5325 2654 5402 voluissent
2685 5342 2958 5412 transire,
2988 5341 3173 5397 exivit
3201 5339 3338 5404 inde,
3364 5337 3548 5395 bestia
3583 5325 3752 5388 similis

1771 5465 2009 5521 VARUE
2049 5466 2344 5522 LECTION
2351 5467 2450 5522 ES.

1771 5468 2009 5521 VARUE
2049 5468 2450 5523 LECTIONES.

480 5549 565 5680 Ξὲιέ
580 5553 1210 5683 γρὲἓέἓῗιὶ11.νέιῗίυὶιιδ
1235 5560 1394 5628 quod
1415 5575 1500 5620 an
1523 5563 1888 5632 yperpotami
1918 5563 2226 5635 legendum
2253 5565 2340 5622 sit
2363 5562 2586 5622 dubito.
2621 5561 2690 5596 ’1‘
2728 5562 2858 5618 loco
2890 5567 2939 5617 1.
2988 5559 3056 5594 ²ί⁶
3104 5560 3197 5618 ita
3241 5558 3364 5618 cod.
3396 5552 3574 5615 Bamb
3621 5541 3751 5606 Hi“-

409 5623 584 5680 Alew.
603 5622 634 5696 ,3
660 5622 840 5680 deest.
877 5631 925 5681 1.
957 5640 1025 5684 re
