3898 6310
124 353 237 416 597

994 348 1436 413 CHRONICA.
1470 384 1550 395 --
1579 346 2056 413 CHRONICON
2099 349 2649 415 UNIVERSALE.

3403 355 3525 420 598

122 497 463 565 yppotamo,
502 492 718 549 habens
754 495 961 564 pectus
1002 492 1152 550 sicut
1193 493 1567 563 cocodrillus,
1610 498 1667 552 et
1712 493 1764 550 in
1796 481 1851 546 A
1890 490 2143 560 Videbis,
2184 504 2315 557 rem,
2359 490 2511 549 duas
2546 489 2803 557 arbores,
2846 503 3032 549 unam
3060 491 3226 562 solis,
3268 492 3527 550 alteram

128 582 299 640 dorso
323 583 602 652 gestabat
633 582 797 652 quasi
832 596 1071 651 serram,
1104 583 1311 638 dentes
1331 583 1551 639 habens
1578 584 1769 641 fortis-

130 673 323 741 simos,
380 672 695 742 subitoque
743 672 958 728 occidit
995 673 1064 728 de
1110 672 1393 729 militibus
1444 674 1608 743 duos,
1661 690 1767 732 nec

131 761 312 834 potuit
345 760 703 816 transforari
737 761 985 829 lanceis;
1017 776 1147 817 cum
1181 761 1405 818 malleis
1434 766 1626 819 tamen
1663 764 1770 820 fer-

132 850 242 905 reis
285 849 636 905 occiderunt
667 864 810 905 eam.

196 937 413 993 Deinde
445 937 748 993 venientes
770 936 838 992 ad
866 936 1101 993 ultimas
1130 938 1305 994 Indiae
1337 938 1533 1007 silvas,
1569 955 1770 1010 posue-

131 1030 261 1083 runt
291 1029 494 1081 castra
528 1025 583 1079 in
614 1024 972 1094 longitudine
1005 1025 1382 1082 miliariorum
1416 1042 1537 1091 sex,
1564 1028 1618 1083 in
1644 1028 1771 1084 lati-

134 1113 327 1170 tudine
357 1127 505 1169 vero
538 1113 784 1169 duorum
821 1118 878 1169 et
912 1113 1155 1182 dimidii,
1194 1130 1372 1186 prope
1406 1115 1639 1171 ﬂuvium
1673 1116 1768 1186 qui

135 1200 346 1257 dicitur
383 1202 652 1256 Bucmar.
694 1202 834 1256 Erat
870 1207 1062 1257 autem
1102 1202 1244 1257 hora
1289 1202 1402 1257 diei
1443 1203 1765 1259 undecima.

133 1289 199 1343 Et
227 1304 355 1344 cum
384 1289 504 1358 jam
536 1303 771 1344 coenare
801 1289 1039 1356 vellent,
1072 1305 1207 1345 ecce
1232 1292 1429 1349 subito
1462 1292 1772 1348 veniebant

135 1381 397 1446 pastores
426 1380 489 1431 et
522 1376 619 1446 qui
654 1376 805 1445 ligna
858 1379 1187 1445 trahebant,
1224 1379 1570 1434 nunciantes
1616 1380 1770 1450 quod

136 1464 446 1519 multitudo
493 1463 937 1535 elephantorum
978 1466 1049 1521 de
1081 1466 1225 1522 silva
1276 1467 1544 1522 venirent
1594 1482 1771 1538 super

136 1567 246 1607 eos.
282 1552 615 1607 Alexander
644 1567 783 1607 vero
818 1553 1078 1624 precepit
1109 1554 1406 1623 equitibus
1434 1554 1504 1610 de
1534 1555 1772 1611 Thessa-

136 1639 228 1707 lia,
258 1642 317 1695 ut
341 1638 620 1695 tollerent
652 1654 848 1695 secum
873 1655 1088 1711 porcos
1110 1646 1168 1695 et
1190 1646 1570 1697 occurrerent
1598 1643 1681 1697 eis
1716 1642 1770 1697 in

136 1727 320 1797 equis,
362 1727 551 1783 sciens
589 1727 742 1796 quod
783 1729 1120 1797 grunnitum
1154 1744 1461 1799 porcorum
1494 1730 1772 1786 timerent

1881 581 2052 647 luna,
2080 580 2138 635 et
2154 579 2333 636 arbor
2357 581 2501 637 solis
2530 579 2799 651 loquitur
2828 579 3043 637 Indica
3078 579 3311 649 lingua,
3345 580 3524 637 arbor

1874 684 2010 726 vero
2042 668 2199 727 luna
2219 670 2484 741 loquitur
2509 670 2689 730 Greco
2709 682 2994 738 sermone,
3019 668 3079 724 et
3095 666 3168 725 ab
3190 670 3343 740 ipsis
3360 669 3526 740 pote-

1873 760 1965 816 ris
1983 760 2139 816 seire
2158 773 2290 829 qua
2307 758 2416 814 tibi
2435 758 2686 815 debeant
2704 759 2954 814 evenire.
2985 759 3241 828 Cumque
3259 773 3380 813 rem
3403 761 3521 814 tam

1878 846 2276 903 incredibilem
2302 846 2553 915 audiret,
2574 846 2842 915 cogitans
2862 844 3013 915 quod
3039 844 3354 916 perjocum
3379 845 3520 902 talia

1878 934 2142 989 dicerent
2163 934 2295 989 fecit
2317 949 2416 989 eos
2436 934 2582 989 male
2603 933 2866 1003 tractari,
2884 933 3086 989 dicens
3104 953 3115 988 :
3131 934 3529 1005 Siepervenit

1872 1023 2075 1093 gloria
2095 1037 2226 1079 mea
2244 1022 2315 1079 ab
2335 1025 2456 1080 oeci
2463 1023 2632 1078 dente
2650 1024 2717 1079 in
2739 1023 3040 1091 orientem,
3061 1022 3130 1078 ut
3144 1023 3251 1079 isti
3266 1036 3434 1080 senes
3454 1023 3526 1079 de

1876 1124 1967 1167 me
1994 1111 2185 1168 risum
2202 1112 2491 1182 faciant?
2524 1112 2609 1166 llli
2645 1116 2837 1166 autem
2872 1110 3522 1181 aﬂlrmabantjurando,

1881 1199 2033 1270 quod
2052 1199 2266 1255 nullam
2287 1199 2568 1254 fallaciam
2591 1199 2873 1267 dicerent,
2892 1198 2993 1254 sed
3009 1212 3206 1254 verum
3222 1213 3353 1255 esse
3367 1199 3523 1270 quod

1880 1289 2155 1345 dicebant
2192 1288 2589 1344 ostenderent.
2634 1290 2936 1357 Rogabant
2965 1288 3144 1357 igitur
3182 1302 3312 1343 eum
3353 1287 3523 1342 amici

1880 1376 2002 1445 ejus
2021 1382 2080 1431 et
2098 1377 2361 1445 comites,
2386 1382 2445 1431 ut
2467 1376 2624 1432 nullo
2647 1377 2814 1432 modo
2833 1365 3299 1448 pretermitteret
3324 1374 3524 1431 videre

1882 1464 2054 1519 talem
2075 1478 2326 1520 causam.
2353 1464 2502 1520 Tulit
2523 1479 2662 1533 ergo
2683 1469 2857 1520 30000
2874 1464 3136 1534 equitum
3156 1478 3371 1532 secum,
3395 1464 3525 1518 mit-

1882 1558 2126 1622 tensque
2160 1557 2420 1608 ceterum
2450 1552 2770 1609 exercitum
2797 1553 2851 1607 in
2878 1553 3148 1608 Fasiacen
3181 1567 3312 1608 cum
3345 1551 3525 1608 omni-

1884 1642 1991 1696 bus
2012 1640 2231 1695 divitiis
2251 1654 2395 1710 quas
2418 1640 2759 1709 collegerat,
2788 1626 2909 1710 ipse
2928 1656 3056 1696 cum
3081 1640 3302 1696 delecta
3323 1638 3526 1709 juven-

1882 1732 2009 1785 tute
2034 1732 2274 1784 secutus
2289 1732 2375 1783 est
2394 1741 2563 1783 senes
2578 1728 2710 1783 illos
2734 1743 2834 1799 per
2850 1728 2972 1784 loca
2993 1726 3135 1783 dura
3152 1734 3209 1783 et
3229 1727 3520 1783 districta.

135 1812 448 1883 elephanti,
473 1815 669 1884 sicque
693 1816 871 1883 fugati
894 1820 1046 1870 sunt.
1074 1815 1286 1871 Milites
1301 1821 1493 1872 autem
1517 1818 1771 1873 sonanti-
1800 1831 1852 1890 Β
1882 1817 2192 1871 Venientes
2216 1822 2406 1871 autem
2434 1816 2530 1871 ubi
2556 1817 2798 1871 arbores
2820 1822 3009 1885 erant,
3032 1817 3306 1872 viderunt
3332 1815 3522 1871 locum

136 1899 240 1954 bus
254 1899 517 1956 buccinis
535 1902 830 1971 persecuti
846 1906 979 1958 sunt
993 1917 1114 1970 eos,
1132 1909 1186 1958 et
1204 1905 1632 1960 subnervantes
1646 1920 1766 1973 eos,

134 1987 466 2044 occiderunt
481 2004 552 2045 ex
568 1990 651 2044 eis
670 1994 990 2059 nongentos
1009 1991 1329 2061 octoginta,
1349 1999 1407 2046 et
1427 1978 1769 2048 tuleruntex

135 2074 215 2129 eis
233 2074 439 2132 dentes
452 2083 770 2146 etcornua,
787 2080 845 2131 et
866 2077 1165 2134 redierunt
1187 2078 1240 2133 in
1261 2084 1477 2149 castra,
1501 2079 1771 2151 illamque

135 2165 350 2218 noctem
382 2163 677 2219 habentes
707 2164 982 2234 quietam,
1014 2165 1124 2220 alia
1158 2167 1250 2223 die
1280 2172 1585 2237 coeperunt
1609 2169 1693 2224 ire
1717 2169 1770 2223 in

136 2247 269 2304 alias
303 2254 505 2319 partes
547 2250 743 2307 ludite.
789 2253 1157 2307 Invenientes
1188 2257 1379 2309 autem
1411 2269 1646 2325 campos
1681 2270 1774 2326 pa-

136 2339 338 2405 tentes,
382 2337 664 2393 viderunt
707 2338 785 2393 ibi
831 2339 1090 2393 homines
1128 2340 1413 2395 masculos
1442 2346 1500 2395 et
1532 2342 1772 2397 feminas

140 2424 329 2493 nudos,
356 2439 613 2494 quorum
640 2425 941 2496 longitudo
961 2430 1085 2481 erat
1111 2442 1312 2482 novem
1344 2429 1569 2498 pedum,
1596 2434 1653 2485 et
1679 2431 1774 2484 ha-

142 2511 340 2567 bebant
374 2513 869 2569 consuetudinem
901 2519 955 2568 et
994 2515 1045 2569 in
1079 2520 1233 2569 terra
1264 2521 1320 2570 et
1355 2516 1407 2570 in
1443 2517 1775 2573 ﬂuminibus

141 2600 362 2655 morari.
390 2602 531 2656 Nam
560 2600 696 2656 dum
723 2602 953 2671 quidam
974 2603 1045 2657 de
1066 2604 1329 2658 exercitu
1352 2603 1569 2659 vellent
1595 2605 1678 2659 ire
1702 2606 1770 2661 ad

138 2698 245 2754 eos,
278 2687 474 2743 subito
504 2687 920 2745 immerserunt
949 2705 1007 2745 se
1041 2690 1094 2744 in
1126 2690 1379 2746 ﬂumine.

201 2773 409 2830 Deinde
447 2781 744 2831 venerunt
786 2776 841 2830 in
880 2776 1082 2832 silvam
1127 2778 1195 2831 de
1236 2777 1629 2848 cinocephalis
1658 2779 1774 2850 ple-

138 2872 274 2928 nam,
307 2862 413 2917 hoc
444 2866 542 2918 est
578 2862 908 2919 hominibus
937 2864 1139 2919 canina
1173 2865 1366 2935 capita
1398 2865 1768 2922 habentibus.

140 2945 233 3011 Qui
256 2963 380 3003 cum
404 2964 509 3005 eos
541 2954 856 3020 percutere
888 2949 1126 3020 vellent,
1153 2968 1282 3007 cum
1307 2952 1540 3021 sagittis
1567 2968 1667 3009 eos
1692 2955 1774 3010 fu-

138 3040 427 3101 gaverunt.
480 3038 628 3093 Post
677 3037 799 3094 haec
848 3037 1177 3093 dicentibus
1225 3039 1341 3094 illis
1383 3040 1477 3109 qui
1516 3055 1645 3095 cum
1688 3042 1774 3096 eis

140 3127 291 3176 erant
323 3122 393 3177 de
428 3127 597 3179 terra
626 3123 743 3193 illa,
776 3124 928 3195 quod
962 3124 1136 3180 nichil
1166 3126 1280 3195 jam
1314 3128 1444 3182 novi
1480 3129 1769 3198 reperturi

140 3216 338 3278 essent,
364 3215 656 3281 ceperunt
680 3212 873 3267 redire
892 3213 944 3267 in
969 3214 1261 3283 Fasiacen,
1290 3216 1439 3270 unde
1462 3221 1767 3286 venerunt,

140 3298 505 3368 precepitque
527 3298 878 3368 Alexander,
898 3302 1356 3357 uttenderentur
1372 3307 1567 3357 castra
1585 3318 1689 3373 per
1708 3308 1773 3358 12

143 3382 391 3440 miliaria.
427 3387 692 3456 Cumque
722 3388 911 3442 omnia
937 3388 1320 3457 tentoriajam
1345 3394 1540 3445 erecta
1573 3396 1772 3446 essent

140 3472 189 3521 et
219 3471 375 3526 multi
402 3471 516 3528 foci
544 3473 801 3537 accensi,
826 3474 1020 3529 subito
1053 3478 1211 3529 tanta
1238 3474 1324 3529 vis
1348 3461 1472 3529 e'uri
1499 3476 1636 3531 ﬂare
1659 3491 1773 3532 coe-

143 3556 238 3625 pit,
270 3563 329 3613 ut
358 3559 553 3615 omnia
593 3560 849 3616 tentoria
890 3560 1189 3632 dejiceret,
1235 3562 1498 3617 animalia
1541 3578 1771 3633 quoquo

143 3643 370 3700 multum
408 3650 792 3717 vexarentur,
835 3649 970 3718 quia
1010 3648 1281 3705 scintillae
1313 3649 1382 3704 de
1417 3650 1558 3705 focis
1600 3652 1768 3706 dorsa

142 3744 325 3786 eorum
352 3734 647 3789 feriebant
669 3735 868 3805 eisque
894 3735 1057 3792 valde
1082 3737 1387 3792 nocebant.
1416 3735 1770 3807 Colligentes

142 3829 267 3887 ergo
298 3822 577 3890 tentoria,
614 3822 957 3879 invenerunt
990 3823 1198 3880 vallem
1230 3824 1537 3895 quandam,
1574 3826 1770 3895 ibique

142 3910 319 3962 castra
353 3907 634 3965 locabant
659 3929 670 3963 :
699 3910 798 3965 sed
833 3911 1167 3967 ceciderant
1190 3913 1352 3967 nives
1376 3927 1595 3981 magna:
1618 3912 1771 3968 sicut

144 3987 277 4047 lana.
313 3995 648 4050 Alexander
677 4010 815 4052 vero
837 3996 1046 4052 timens
1070 4011 1140 4052 ne
1164 3996 1405 4053 multum
1432 4002 1767 4053 crescerent

142 4078 292 4137 nives
314 4082 365 4137 in
389 4083 627 4152 castris,
652 4085 933 4154 praecepit
961 4084 1247 4141 militibus
1271 4090 1332 4141 ut
1352 4085 1770 4141 conculcarent

143 4179 248 4238 eas,
270 4174 326 4224 et
346 4175 541 4227 tamen
569 4171 731 4227 multi
756 4186 824 4226 ex
849 4172 908 4241 (f.
934 4174 1062 4244 233)
1088 4173 1317 4229 nivibus
1340 4174 1586 4229 extincti
1611 4177 1766 4243 sunt,

144 4256 427 4326 quingenti
454 4258 690 4315 scilicet
712 4259 947 4329 milites,
976 4260 1070 4329 qui
1090 4265 1144 4315 et
1167 4260 1243 4315 ibi
1268 4261 1480 4331 sepulti
1507 4266 1661 4317 sunt.

206 4343 500 4403 Venerunt
526 4351 659 4419 post
685 4348 806 4403 haec
828 4348 898 4403 ad
924 4349 1260 4419 speluncam
1287 4348 1383 4405 ubi
1410 4350 1577 4405 Liber
1608 4354 1773 4420 pater

140 4428 377 4503 jacebat,
422 4435 765 4505 dictumque
803 4441 913 4505 est,
960 4436 1008 4491 si
1043 4436 1255 4506 aliquis
1287 4438 1339 4492 in
1371 4439 1611 4494 eandem
1645 4454 1774 4509 spe-

1884 1904 2104 1970 largum
2137 1909 2194 1957 ct
2229 1905 2399 1958 thure
2426 1907 2484 1958 et
2517 1902 2893 1973 opobalsamo
2934 1903 3196 1973 plenum;
3242 1909 3334 1958 est
3370 1902 3523 1957 enim

1884 1990 1960 2045 ibi
1993 1990 2138 2047 silva
2171 1992 2265 2046 ubi
2310 1991 2430 2046 hzec
2473 1995 2809 2061 nascuntur,
2841 1995 2897 2046 et
2928 1991 3192 2047 homines
3222 1991 3333 2046 loci
3366 1990 3525 2047 illius

1882 2077 1971 2133 his
2006 2077 2361 2134 nutriuntur.
2408 2080 2698 2133 lntrantes
2743 2078 2937 2147 itaque
2976 2078 3165 2133 locum
3205 2081 3520 2146 sacratum,

1882 2165 2225 2221 invenerunt
2274 2166 2639 2221 sacerdotem
2683 2165 2794 2221 loci
2838 2166 3044 2236 ipsius,
3085 2165 3252 2234 cujus
3295 2170 3522 2222 statura

1881 2258 2009 2308 erat
2030 2253 2163 2321 plus
2181 2252 2379 2308 decem
2405 2254 2668 2323 pedibus,
2687 2257 2743 2307 et
2765 2253 3013 2308 habebat
3037 2268 3252 2323 corpus
3273 2252 3522 2322 nigrum,

1880 2340 2087 2395 dentes
2110 2341 2366 2405 caninos,
2392 2348 2450 2395 et
2468 2355 2539 2395 ex
2563 2342 2803 2396 auribus
2825 2340 2951 2409 ejus
2977 2340 3289 2411 perforatis
3316 2340 3527 2411 pende-

1884 2428 2022 2483 bant
2053 2443 2311 2497 gemmaa.
2347 2430 2523 2493 Quem
2554 2444 2683 2484 cum
2708 2428 3025 2484 salutasset
3062 2427 3408 2493 Alexander,
3444 2428 3527 2483 in-

1884 2517 2199 2585 terrogavit
2225 2531 2377 2584 eum,
2398 2531 2500 2587 pro
2515 2531 2625 2586 qua
2641 2530 2818 2571 causa
2844 2516 3088 2572 veniret.
3117 2515 3222 2571 Ille
3243 2530 3382 2571 vero
3407 2515 3523 2570 ait:

1894 2603 2053 2670 Veni,
2088 2603 2159 2658 ut
2182 2604 2416 2659 videam
2443 2617 2644 2660 sacras
2675 2603 2917 2661 arbores
2946 2604 3093 2660 solis
3115 2604 3177 2659 et
3192 2603 3363 2659 luna.
3393 2603 3526 2657 Bar-

1883 2688 2060 2745 barus
2085 2690 2385 2760 respondit
2403 2709 2414 2743 :
2430 2692 2503 2746 Si
2524 2691 2779 2748 mundus
2800 2706 2859 2747 es
2880 2705 2918 2746 a
2925 2690 3360 2763 fornicatione,
3389 2690 3533 2747 licet

1881 2779 1952 2833 ut
1970 2778 2156 2833 intres
2176 2778 2447 2833 diuinum
2470 2778 2674 2833 locum.
2712 2778 2906 2832 Secuti
2938 2782 3074 2833 sunt
3102 2782 3295 2833 autem
3330 2792 3525 2846 regem

1881 2879 1949 2919 ex
1984 2865 2186 2920 amicis
2229 2865 2351 2920 suis
2383 2865 2649 2931 trecenti,
2686 2864 2899 2933 quibus
2930 2864 3193 2936 precepit
3225 2864 3523 2934 sacerdos,

1882 2957 1948 3007 ut
1974 2952 2333 3022 deponerent
2378 2952 2583 3007 anulos
2612 2958 2671 3007 et
2704 2951 3104 3007 calciamenta.
3148 2953 3283 3006 Erat
3331 2958 3525 3007 autem

1882 3040 2026 3095 liora
2056 3040 2166 3095 diei
2203 3039 2527 3108 undecima,
2554 3044 2608 3095 et
2634 3040 3017 3110 exspectabat
3044 3038 3319 3095 sacerdos
3339 3037 3526 3094 donec

1882 3127 2177 3183 occideret
2212 3126 2328 3191 sol;
2361 3141 2488 3182 nam
2523 3127 2755 3182 dicebat
2798 3141 2927 3181 eum
2969 3131 3105 3182 tunc
3138 3126 3330 3182 solere
3364 3124 3520 3197 loqui

1880 3217 1937 3268 et
1973 3229 2316 3285 responsum
2357 3215 2515 3285 dare,
2557 3214 2810 3285 itemque
2841 3215 2910 3270 de
2940 3215 3147 3271 arbore
3188 3213 3339 3269 lunae
3369 3211 3523 3268 dice-

1883 3304 2001 3372 bat,
2038 3302 2191 3374 quod
2223 3302 2449 3357 oriente
2481 3307 2539 3356 et
2574 3302 2890 3357 irradiante
2922 3301 3056 3357 luna
3087 3302 3210 3372 ipsa
3243 3301 3409 3357 daret
3432 3315 3523 3355 re-

1882 3405 2179 3459 sponsum.
2221 3391 2405 3459 lgitur
2445 3394 2751 3461 coeperunt
2782 3389 3157 3446 deambulare
3197 3403 3298 3460 per
3340 3389 3521 3459 ipsam

1882 3477 2107 3543 silvam,
2139 3491 2266 3547 qua:
2290 3488 2416 3533 erat
2439 3493 2602 3533 muro
2627 3477 2871 3545 inclusa,
2898 3481 2956 3533 et
2980 3476 3252 3533 viderunt
3284 3474 3523 3548 opobal-

1881 3578 2101 3619 samum
2134 3564 2459 3633 largissime
2488 3578 2726 3620 currere
2751 3564 2820 3620 de
2844 3563 3191 3620 ramusculis
3221 3563 3518 3620 arborum.

1882 3652 1940 3705 In
1967 3650 2150 3706 media
2174 3666 2313 3707 vero
2336 3652 2479 3707 silva
2504 3657 2671 3707 erant
2691 3652 2936 3707 arbores
2960 3651 3180 3706 similes
3200 3648 3520 3720 cypressis,

1880 3738 2015 3793 altae
2043 3739 2286 3809 pedibus
2301 3744 2553 3794 centum.
2585 3738 2839 3807 Cumque
2861 3738 3173 3793 miraretur
3196 3736 3526 3791 Alexander

1880 3826 1951 3880 de
1980 3825 2209 3881 illarum
2248 3825 2558 3881 altitudine
2586 3824 2674 3894 υτ,
2709 3830 2769 3879 et
2800 3823 3022 3880 diceret
3053 3822 3209 3894 quod
3242 3822 3314 3877 de
3345 3821 3519 3876 nimia

1874 3912 2072 3983 ‘pluvia
2096 3918 2322 3968 tantum
2345 3917 2699 3979 crescerent,
2718 3912 2777 3981 (Γ.
2802 3912 2952 3982 234.)
2968 3911 3197 3965 dicebat
3218 3910 3516 3979 sacerdos,

1881 4014 2173 4069 nunquam
2199 4000 2254 4054 in
2280 3999 2440 4055 illum
2472 3998 2659 4055 locum
2694 3998 2915 4070 pluere,
2942 4012 3127 4068 neque
3150 4011 3311 4052 avem
3336 4009 3523 4066 neque

1883 4089 2063 4142 feram
2107 4101 2293 4157 neque
2335 4092 2665 4158 serpentem
2699 4086 2753 4141 in
2787 4086 2947 4158 ipsos
2986 4085 3264 4141 terminos
3304 4084 3523 4139 intrare

1883 4175 2015 4245 quia
2046 4173 2369 4245 antiquitus
2392 4188 2420 4228 a
2448 4173 2764 4243 majoribus
2788 4173 3053 4229 Indorum
3080 4172 3245 4229 locus
3268 4170 3364 4227 ille
3387 4185 3525 4228 con-

1878 4265 2153 4317 secratus
2172 4264 2328 4317 esset
2353 4260 2463 4317 soli
2484 4266 2541 4317 et
2566 4261 2735 4318 lunae.
2753 4259 2951 4318 Voluit
2973 4265 3164 4316 autem
3194 4257 3521 4315 Alexander

1886 4349 2184 4405 immolare
2205 4349 2503 4415 victimas;
2527 4348 2629 4405 sed
2655 4348 2949 4421 prohibuit
2974 4363 3103 4404 eum
3123 4348 3418 4416 sacerdos,
3440 4346 3525 4403 di-

1884 4452 2041 4506 cens,
2085 4452 2194 4491 non
2235 4437 2411 4493 licere
2446 4437 2501 4491 in
2534 4436 2661 4507 ipso
2701 4435 2829 4491 loco
2872 4436 3279 4506 quodcumque
3310 4431 3524 4489 animal

145 4516 355 4577 luncam
380 4523 535 4579 intra
547 4527 656 4592 ret,
679 4524 831 4594 quod
860 4524 1038 4579 tercia
1060 4505 1154 4580 die
1174 4526 1333 4581 febre
1360 4526 1595 4596 periret.
1620 4505 1772 4583 Tunc
1804 4505 1854 4563 D
1885 4505 2265 4581 occidereaut
2282 4505 2576 4581 incensum
2592 4524 2661 4578 de
2677 4524 2847 4579 thure
2872 4505 3092 4586 facere;
3116 4526 3340 4577 tantum
3357 4535 3527 4576 oscu-

148 4609 404 4675 quosdam
440 4610 797 4682 dijudicatos
821 4611 899 4667 ibi
923 4612 1228 4683 miserunt,
1259 4619 1317 4669 et
1341 4619 1405 4669 ut
1429 4614 1645 4670 dictum
1681 4622 1768 4671 est

146 4706 257 4750 esse
306 4696 673 4754 invenerunt.

210 4782 458 4855 Cumque
475 4785 594 4854 jam
618 4785 1124 4857 apprehenderent
1144 4787 1292 4843 viam
1311 4788 1483 4844 eundi
1506 4788 1561 4843 in
1582 4790 1776 4845 Fasia-

146 4881 258 4939 con,
301 4878 692 4929 occurrerunt
719 4873 803 4929 eis
835 4874 949 4929 duo
980 4888 1168 4945 senes,
1211 4889 1358 4945 quos
1390 4876 1768 4946 interrogavit

145 4955 480 5029 Alexander,
516 4960 565 5015 si
598 4961 736 5031 quid
773 4962 904 5017 novi
948 4962 1166 5018 scirent
1198 4964 1308 5041 sibi
1344 4965 1766 5020 demonstrare.

146 5041 241 5107 Qui
269 5045 565 5118 dixerunt,
599 5049 919 5105 mirabilem
950 5065 1184 5106 causam
1210 5066 1271 5107 se
1296 5052 1468 5120 scire,
1494 5052 1594 5107 sed
1618 5053 1769 5108 viam

146 5128 358 5201 longam
381 5148 536 5204 esse,
556 5135 781 5192 scilicet
803 5136 999 5193 decem
1024 5137 1269 5205 dierum,
1295 5139 1406 5193 iter
1426 5154 1657 5209 quoque
1675 5154 1771 5196 an-

144 5223 364 5285 gustum
386 5227 451 5277 et
478 5237 657 5292 aquas
686 5223 898 5280 multas
924 5228 981 5279 et
1011 5223 1136 5280 loca
1170 5226 1544 5296 serpentibus
1578 5226 1764 5297 plena.

146 5305 386 5378 Cumque
439 5309 651 5365 blando
700 5325 961 5368 sermone
1002 5311 1411 5368 sciscitaretur
1440 5313 1579 5383 quid
1610 5320 1767 5370 esset

149 5387 281 5447 illud
310 5398 426 5451 tam
459 5410 747 5467 magnum,
782 5412 932 5454 unus
961 5412 1033 5454 ex
1064 5398 1149 5454 eis
1178 5414 1306 5455 cum
1338 5399 1549 5468 gaudio
1578 5400 1725 5455 dixit
1753 5420 1765 5455 :

1886 4613 2148 4668 larentur
2171 4612 2329 4684 ipsas
2351 4613 2613 4680 arbores,
2631 4616 2687 4665 et
2716 4613 2989 4679 rogarent
3013 4609 3195 4664 solem
3218 4612 3277 4661 et
3302 4606 3519 4675 lunam,

1886 4705 1946 4756 ut
1970 4713 2109 4756 vera
2134 4699 2243 4755 sibi
2270 4712 2549 4769 responsa
2578 4698 2803 4769 darent.
2831 4698 2970 4751 Post
2994 4694 3115 4750 haec
3137 4692 3407 4748 viderunt
3435 4706 3523 4747 ra-

1884 4788 2013 4844 dios
2035 4787 2176 4843 solis
2203 4786 2575 4857 reSplendere
2596 4798 2829 4839 sursum
2855 4783 2910 4836 in
2935 4780 3335 4837 cacuminibus
3354 4779 3524 4834 arbo-

1884 4890 2030 4945 rum,
2055 4879 2111 4929 et
2138 4872 2415 4930 sacerdos
2438 4872 2518 4927 ait
2542 4890 2556 4925 :
2579 4871 2840 4927 Sursum
2866 4868 3164 4940 reapieite,
3196 4867 3257 4922 et
3276 4867 3348 4921 de
3375 4879 3524 4937 gua-

1880 4964 2179 5034 lieumgue
2216 4973 2401 5017 causa
2430 4958 2803 5026 interrogare
2832 4956 2971 5027 guis
2996 4952 3273 5021 voluerit,
3309 4952 3528 5022 cogitet

1878 5051 1946 5105 in
1983 5049 2155 5106 corde
2191 5062 2316 5117 suo,
2348 5047 2562 5118 palam
2599 5059 2717 5101 non
2757 5043 2936 5099 dicat.
2968 5044 3121 5098 Tunc
3153 5055 3281 5097 cum
3317 5053 3520 5109 magna

1881 5152 2019 5193 cura
2039 5140 2345 5206 coeperunt
2367 5134 2680 5205 respicere,
2700 5145 2769 5187 ne
2794 5131 2943 5187 forte
2966 5130 3119 5186 inter
3141 5143 3332 5184 ramos
3354 5127 3524 5183 arbo-

1884 5240 2005 5279 rum
2050 5224 2176 5295 pica
2215 5226 2311 5278 aut
2354 5222 2658 5292 psithacus
2698 5222 2880 5288 esset,
2926 5218 3058 5289 quia
3102 5215 3295 5273 solent
3325 5216 3524 5271 huma-

1882 5326 2009 5367 nam
2051 5309 2377 5381 exprimere
2418 5324 2645 5364 vocem.
2686 5310 2942 5377 Cumque
2981 5304 3061 5368 nil
3102 5302 3325 5361 fraudis
3363 5302 3524 5358 vide-

1884 5402 2032 5467 rent,
2076 5396 2252 5467 coepit
2301 5394 2629 5451 Alexandcr
2673 5395 2933 5465 cogitare
2975 5393 3031 5449 in
3073 5392 3266 5448 animo
3300 5404 3427 5459 suo,
3472 5389 3521 5444 si

1486 5521 1721 5577 VARIE
1761 5520 2158 5576 LECTIONES.

212 5582 277 5618 “7
308 5585 677 5645 altitudinem
710 5592 756 5645 l.
