  <div class='ocr_page' id='page_1' title='image "/cluster/home/n/w/nwhite01/storage/ocr_20150623/154/uva.x000829797/306.png"; bbox 0 0 3898 6312; ppageno 0'>
   <div class='ocr_carea' id='block_1_1' title="bbox 105 350 203 417">
    <p class='ocr_par' dir='ltr' id='par_1_1' title="bbox 105 350 203 417">
     <span class='ocr_line' id='line_1_1' title="bbox 105 350 203 417; baseline -0.01 0"><span class='ocrx_word' id='word_1_1' title='bbox 105 350 203 417; x_wconf 72' lang='grc'><strong>601</strong></span> 
     </span>
    </p>
   </div>
   <div class='ocr_carea' id='block_1_2' title="bbox 958 351 2620 423">
    <p class='ocr_par' dir='ltr' id='par_1_2' title="bbox 958 351 2620 423">
     <span class='ocr_line' id='line_1_2' title="bbox 958 351 2620 423; baseline 0.002 -4"><span class='ocrx_word' id='word_1_2' title='bbox 958 353 1402 422; x_wconf 86' lang='lat' dir='ltr'><strong>CHRONICA.</strong></span> <span class='ocrx_word' id='word_1_3' title='bbox 1436 390 1514 405; x_wconf 86' lang='lat'><strong>—-</strong></span> <span class='ocrx_word' id='word_1_4' title='bbox 1546 351 2024 420; x_wconf 83' lang='lat' dir='ltr'><strong>CHRONICON</strong></span> <span class='ocrx_word' id='word_1_5' title='bbox 2066 354 2620 423; x_wconf 83' lang='lat' dir='ltr'><strong>UNIVERSALE.</strong></span> 
     </span>
    </p>
   </div>
   <div class='ocr_carea' id='block_1_3' title="bbox 3386 360 3506 429">
    <p class='ocr_par' dir='ltr' id='par_1_3' title="bbox 3386 360 3506 429">
     <span class='ocr_line' id='line_1_3' title="bbox 3386 360 3506 429; baseline 0.017 -1"><span class='ocrx_word' id='word_1_6' title='bbox 3386 360 3506 429; x_wconf 75' lang='lat'><strong>602</strong></span> 
     </span>
    </p>
   </div>
   <div class='ocr_carea' id='block_1_4' title="bbox 104 489 3505 573">
    <p class='ocr_par' dir='ltr' id='par_1_4' title="bbox 104 489 3505 573">
     <span class='ocr_line' id='line_1_4' title="bbox 104 489 3505 573; baseline 0.004 -27"><span class='ocrx_word' id='word_1_7' title='bbox 104 491 254 550; x_wconf 73' lang='lat' dir='ltr'><strong>rimze</strong></span> <span class='ocrx_word' id='word_1_8' title='bbox 277 504 517 563; x_wconf 91' lang='lat' dir='ltr'><strong>quoque</strong></span> <span class='ocrx_word' id='word_1_9' title='bbox 540 491 723 564; x_wconf 91' lang='lat' dir='ltr'><strong>partis</strong></span> <span class='ocrx_word' id='word_1_10' title='bbox 755 489 953 553; x_wconf 64' lang='lat' dir='ltr'><strong>Italiae.</strong></span> <span class='ocrx_word' id='word_1_11' title='bbox 981 494 1197 554; x_wconf 87' lang='lat' dir='ltr'><strong>Tantus</strong></span> <span class='ocrx_word' id='word_1_12' title='bbox 1219 497 1368 553; x_wconf 90' lang='lat' dir='ltr'><strong>enim</strong></span> <span class='ocrx_word' id='word_1_13' title='bbox 1399 496 1578 554; x_wconf 83' lang='lat' dir='ltr'><strong>timor</strong></span> <span class='ocrx_word' id='word_1_14' title='bbox 1613 511 1745 554; x_wconf 83' lang='lat' dir='ltr'><strong>con-</strong></span> <span class='ocrx_word' id='word_1_15' title='bbox 1776 490 1833 550; x_wconf 85' lang='lat' dir='ltr'><strong>A</strong></span> <span class='ocrx_word' id='word_1_16' title='bbox 1859 502 2025 548; x_wconf 85' lang='lat' dir='ltr'><strong>nemo</strong></span> <span class='ocrx_word' id='word_1_17' title='bbox 2050 492 2214 551; x_wconf 80' lang='lat' dir='ltr'><strong>sciat</strong></span> <span class='ocrx_word' id='word_1_18' title='bbox 2222 494 2412 564; x_wconf 63' lang='lat' dir='ltr'><strong>ﬁnem</strong></span> <span class='ocrx_word' id='word_1_19' title='bbox 2438 507 2648 564; x_wconf 85' lang='lat' dir='ltr'><strong>meum,</strong></span> <span class='ocrx_word' id='word_1_20' title='bbox 2682 508 2813 553; x_wconf 83' lang='lat' dir='ltr'><strong>eum</strong></span> <span class='ocrx_word' id='word_1_21' title='bbox 2840 494 2904 554; x_wconf 88' lang='lat' dir='ltr'><strong>tu</strong></span> <span class='ocrx_word' id='word_1_22' title='bbox 2930 510 3048 555; x_wconf 85' lang='lat' dir='ltr'><strong>non</strong></span> <span class='ocrx_word' id='word_1_23' title='bbox 3058 497 3267 570; x_wconf 80' lang='lat' dir='ltr'><strong>fueris</strong></span> <span class='ocrx_word' id='word_1_24' title='bbox 3316 498 3505 573; x_wconf 78' lang='lat' dir='ltr'><strong>digna</strong></span> 
     </span>
    </p>
   </div>
   <div class='ocr_carea' id='block_1_5' title="bbox 107 579 1748 657">
    <p class='ocr_par' dir='ltr' id='par_1_5' title="bbox 107 579 1748 657">
     <span class='ocr_line' id='line_1_5' title="bbox 107 579 1748 657; baseline 0.004 -20"><span class='ocrx_word' id='word_1_25' title='bbox 107 579 282 637; x_wconf 88' lang='lat' dir='ltr'><strong>stituti</strong></span> <span class='ocrx_word' id='word_1_26' title='bbox 317 579 369 635; x_wconf 90' lang='lat' dir='ltr'><strong>in</strong></span> <span class='ocrx_word' id='word_1_27' title='bbox 398 595 623 637; x_wconf 90' lang='lat' dir='ltr'><strong>summo</strong></span> <span class='ocrx_word' id='word_1_28' title='bbox 656 581 879 639; x_wconf 82' lang='lat' dir='ltr'><strong>oriente</strong></span> <span class='ocrx_word' id='word_1_29' title='bbox 915 583 1075 641; x_wconf 87' lang='lat' dir='ltr'><strong>ducis</strong></span> <span class='ocrx_word' id='word_1_30' title='bbox 1110 586 1359 657; x_wconf 92' lang='lat' dir='ltr'><strong>populos</strong></span> <span class='ocrx_word' id='word_1_31' title='bbox 1395 586 1748 644; x_wconf 90' lang='lat' dir='ltr'><strong>ultimiocci-</strong></span> 
     </span>
    </p>
   </div>
   <div class='ocr_carea' id='block_1_6' title="bbox 104 668 1747 743">
    <p class='ocr_par' dir='ltr' id='par_1_6' title="bbox 104 668 1747 743">
     <span class='ocr_line' id='line_1_6' title="bbox 104 668 1747 743; baseline 0.005 -20"><span class='ocrx_word' id='word_1_32' title='bbox 104 668 278 725; x_wconf 81' lang='lat' dir='ltr'><strong>dentis</strong></span> <span class='ocrx_word' id='word_1_33' title='bbox 308 669 631 739; x_wconf 82' lang='lat' dir='ltr'><strong>invaserat,</strong></span> <span class='ocrx_word' id='word_1_34' title='bbox 660 675 722 727; x_wconf 91' lang='lat' dir='ltr'><strong>ut</strong></span> <span class='ocrx_word' id='word_1_35' title='bbox 756 671 888 727; x_wconf 91' lang='lat' dir='ltr'><strong>inde</strong></span> <span class='ocrx_word' id='word_1_36' title='bbox 923 674 1291 743; x_wconf 87' lang='lat' dir='ltr'><strong>peregrinam</strong></span> <span class='ocrx_word' id='word_1_37' title='bbox 1323 690 1599 732; x_wconf 89' lang='lat' dir='ltr'><strong>cernercs</strong></span> <span class='ocrx_word' id='word_1_38' title='bbox 1625 682 1747 732; x_wconf 90' lang='lat' dir='ltr'><strong>toto</strong></span> 
     </span>
    </p>
   </div>
   <div class='ocr_carea' id='block_1_7' title="bbox 107 757 1748 836">
    <p class='ocr_par' dir='ltr' id='par_1_7' title="bbox 107 757 1748 836">
     <span class='ocr_line' id='line_1_7' title="bbox 107 757 1748 836; baseline 0.005 -23"><span class='ocrx_word' id='word_1_39' title='bbox 107 757 302 814; x_wconf 87' lang='lat' dir='ltr'><strong>mundo</strong></span> <span class='ocrx_word' id='word_1_40' title='bbox 344 758 718 829; x_wconf 78' lang='lat' dir='ltr'><strong>legationem,</strong></span> <span class='ocrx_word' id='word_1_41' title='bbox 766 762 990 831; x_wconf 89' lang='lat' dir='ltr'><strong>quovix</strong></span> <span class='ocrx_word' id='word_1_42' title='bbox 1012 762 1748 836; x_wconf 88' lang='lat' dir='ltr'><strong>crederespervenisscru-</strong></span> 
     </span>
    </p>
   </div>
   <div class='ocr_carea' id='block_1_8' title="bbox 107 848 1747 925">
    <p class='ocr_par' dir='ltr' id='par_1_8' title="bbox 107 848 1747 925">
     <span class='ocr_line' id='line_1_8' title="bbox 107 848 1747 925; baseline 0.004 -23"><span class='ocrx_word' id='word_1_43' title='bbox 107 861 304 902; x_wconf 86' lang='lat' dir='ltr'><strong>morem</strong></span> <span class='ocrx_word' id='word_1_44' title='bbox 333 848 505 904; x_wconf 81' lang='lat' dir='ltr'><strong>Hist.</strong></span> <span class='ocrx_word' id='word_1_45' title='bbox 554 849 763 919; x_wconf 57' lang='lat' dir='ltr'><strong>Aleae.)</strong></span> <span class='ocrx_word' id='word_1_46' title='bbox 818 851 956 906; x_wconf 86' lang='lat' dir='ltr'><strong>Erat</strong></span> <span class='ocrx_word' id='word_1_47' title='bbox 1017 856 1210 909; x_wconf 90' lang='lat' dir='ltr'><strong>autem</strong></span> <span class='ocrx_word' id='word_1_48' title='bbox 1263 868 1335 909; x_wconf 92' lang='lat' dir='ltr'><strong>ex</strong></span> <span class='ocrx_word' id='word_1_49' title='bbox 1386 854 1747 925; x_wconf 79' lang='lat' dir='ltr'><strong>principibus</strong></span> 
     </span>
    </p>
   </div>
   <div class='ocr_carea' id='block_1_9' title="bbox 107 936 1751 1009">
    <p class='ocr_par' dir='ltr' id='par_1_9' title="bbox 107 936 1751 1009">
     <span class='ocr_line' id='line_1_9' title="bbox 107 936 1751 1009; baseline 0.004 -19"><span class='ocrx_word' id='word_1_50' title='bbox 107 936 218 1005; x_wconf 86' lang='lat' dir='ltr'><strong>ejus</strong></span> <span class='ocrx_word' id='word_1_51' title='bbox 244 936 471 1005; x_wconf 89' lang='lat' dir='ltr'><strong>quidam</strong></span> <span class='ocrx_word' id='word_1_52' title='bbox 506 937 837 1009; x_wconf 77' lang='lat' dir='ltr'><strong>Antipater,</strong></span> <span class='ocrx_word' id='word_1_53' title='bbox 872 941 1099 997; x_wconf 84' lang='lat' dir='ltr'><strong>habens</strong></span> <span class='ocrx_word' id='word_1_54' title='bbox 1137 943 1283 998; x_wconf 91' lang='lat' dir='ltr'><strong>duos</strong></span> <span class='ocrx_word' id='word_1_55' title='bbox 1314 943 1464 999; x_wconf 84' lang='lat' dir='ltr'><strong>filios</strong></span> <span class='ocrx_word' id='word_1_56' title='bbox 1512 944 1751 998; x_wconf 87' lang='lat' dir='ltr'><strong>Cassan-</strong></span> 
     </span>
    </p>
   </div>
   <div class='ocr_carea' id='block_1_10' title="bbox 108 1024 1742 1102">
    <p class='ocr_par' dir='ltr' id='par_1_10' title="bbox 108 1024 1742 1102">
     <span class='ocr_line' id='line_1_10' title="bbox 108 1024 1742 1102; baseline 0.004 -23"><span class='ocrx_word' id='word_1_57' title='bbox 108 1024 255 1080; x_wconf 88' lang='lat' dir='ltr'><strong>drum</strong></span> <span class='ocrx_word' id='word_1_58' title='bbox 277 1030 337 1080; x_wconf 84' lang='lat' dir='ltr'><strong>et</strong></span> <span class='ocrx_word' id='word_1_59' title='bbox 364 1025 590 1096; x_wconf 83' lang='lat' dir='ltr'><strong>Yolum,</strong></span> <span class='ocrx_word' id='word_1_60' title='bbox 628 1042 871 1097; x_wconf 92' lang='lat' dir='ltr'><strong>quorum</strong></span> <span class='ocrx_word' id='word_1_61' title='bbox 896 1029 1074 1086; x_wconf 87' lang='lat' dir='ltr'><strong>Yolus</strong></span> <span class='ocrx_word' id='word_1_62' title='bbox 1097 1032 1379 1102; x_wconf 89' lang='lat' dir='ltr'><strong>pincerna</strong></span> <span class='ocrx_word' id='word_1_63' title='bbox 1414 1037 1543 1088; x_wconf 89' lang='lat' dir='ltr'><strong>erat</strong></span> <span class='ocrx_word' id='word_1_64' title='bbox 1567 1030 1742 1100; x_wconf 52' lang='lat' dir='ltr'><strong>regis,</strong></span> 
     </span>
    </p>
   </div>
   <div class='ocr_carea' id='block_1_11' title="bbox 108 1111 1744 1185">
    <p class='ocr_par' dir='ltr' id='par_1_11' title="bbox 108 1111 1744 1185">
     <span class='ocr_line' id='line_1_11' title="bbox 108 1111 1744 1185; baseline 0.006 -21"><span class='ocrx_word' id='word_1_65' title='bbox 108 1111 195 1166; x_wconf 87' lang='lat' dir='ltr'><strong>Hic</strong></span> <span class='ocrx_word' id='word_1_66' title='bbox 214 1125 349 1182; x_wconf 84' lang='lat' dir='ltr'><strong>ergo</strong></span> <span class='ocrx_word' id='word_1_67' title='bbox 373 1113 700 1185; x_wconf 80' lang='lat' dir='ltr'><strong>Antipater,</strong></span> <span class='ocrx_word' id='word_1_68' title='bbox 720 1117 962 1173; x_wconf 81' lang='lat' dir='ltr'><strong>absente</strong></span> <span class='ocrx_word' id='word_1_69' title='bbox 988 1116 1320 1175; x_wconf 89' lang='lat' dir='ltr'><strong>Alexandro</strong></span> <span class='ocrx_word' id='word_1_70' title='bbox 1345 1119 1524 1176; x_wconf 89' lang='lat' dir='ltr'><strong>multa</strong></span> <span class='ocrx_word' id='word_1_71' title='bbox 1540 1123 1744 1175; x_wconf 88' lang='lat' dir='ltr'><strong>contra</strong></span> 
     </span>
    </p>
   </div>
   <div class='ocr_carea' id='block_1_12' title="bbox 107 1198 1747 1279">
    <p class='ocr_par' dir='ltr' id='par_1_12' title="bbox 107 1198 1747 1279">
     <span class='ocr_line' id='line_1_12' title="bbox 107 1198 1747 1279; baseline 0.005 -26"><span class='ocrx_word' id='word_1_72' title='bbox 107 1212 221 1254; x_wconf 88' lang='lat' dir='ltr'><strong>eum</strong></span> <span class='ocrx_word' id='word_1_73' title='bbox 242 1198 387 1255; x_wconf 91' lang='lat' dir='ltr'><strong>clam</strong></span> <span class='ocrx_word' id='word_1_74' title='bbox 444 1201 818 1273; x_wconf 81' lang='lat' dir='ltr'><strong>moliebatur,</strong></span> <span class='ocrx_word' id='word_1_75' title='bbox 854 1204 975 1274; x_wconf 86' lang='lat' dir='ltr'><strong>(fol.</strong></span> <span class='ocrx_word' id='word_1_76' title='bbox 1012 1209 1146 1279; x_wconf 85' lang='grc'>217)</span> <span class='ocrx_word' id='word_1_77' title='bbox 1185 1207 1256 1263; x_wconf 92' lang='lat' dir='ltr'><strong>de</strong></span> <span class='ocrx_word' id='word_1_78' title='bbox 1314 1209 1526 1277; x_wconf 83' lang='lat' dir='ltr'><strong>quibus</strong></span> <span class='ocrx_word' id='word_1_79' title='bbox 1562 1214 1747 1263; x_wconf 88' lang='lat' dir='ltr'><strong>mater</strong></span> 
     </span>
    </p>
   </div>
   <div class='ocr_carea' id='block_1_13' title="bbox 107 1285 1749 1365">
    <p class='ocr_par' dir='ltr' id='par_1_13' title="bbox 107 1285 1749 1365">
     <span class='ocr_line' id='line_1_13' title="bbox 107 1285 1749 1365; baseline 0.007 -25"><span class='ocrx_word' id='word_1_80' title='bbox 107 1285 219 1353; x_wconf 89' lang='lat' dir='ltr'><strong>ejus</strong></span> <span class='ocrx_word' id='word_1_81' title='bbox 248 1286 541 1360; x_wconf 85' lang='lat' dir='ltr'><strong>Olympias</strong></span> <span class='ocrx_word' id='word_1_82' title='bbox 573 1289 773 1347; x_wconf 90' lang='lat' dir='ltr'><strong>multis</strong></span> <span class='ocrx_word' id='word_1_83' title='bbox 800 1292 1025 1349; x_wconf 87' lang='lat' dir='ltr'><strong>vicibus</strong></span> <span class='ocrx_word' id='word_1_84' title='bbox 1046 1295 1372 1365; x_wconf 81' lang='lat' dir='ltr'><strong>scripserat</strong></span> <span class='ocrx_word' id='word_1_85' title='bbox 1402 1296 1451 1351; x_wconf 93' lang='lat' dir='ltr'><strong>ei</strong></span> <span class='ocrx_word' id='word_1_86' title='bbox 1484 1301 1542 1351; x_wconf 91' lang='lat' dir='ltr'><strong>et</strong></span> <span class='ocrx_word' id='word_1_87' title='bbox 1570 1310 1749 1364; x_wconf 87' lang='lat' dir='ltr'><strong>angu-</strong></span> 
     </span>
    </p>
   </div>
   <div class='ocr_carea' id='block_1_14' title="bbox 109 1373 1746 1453">
    <p class='ocr_par' dir='ltr' id='par_1_14' title="bbox 109 1373 1746 1453">
     <span class='ocr_line' id='line_1_14' title="bbox 109 1373 1746 1453; baseline 0.005 -25"><span class='ocrx_word' id='word_1_88' title='bbox 109 1373 404 1431; x_wconf 88' lang='lat' dir='ltr'><strong>stiabatur.</strong></span> <span class='ocrx_word' id='word_1_89' title='bbox 445 1379 582 1433; x_wconf 89' lang='lat' dir='ltr'><strong>Cum</strong></span> <span class='ocrx_word' id='word_1_90' title='bbox 612 1384 803 1434; x_wconf 88' lang='lat' dir='ltr'><strong>autem</strong></span> <span class='ocrx_word' id='word_1_91' title='bbox 839 1386 1171 1437; x_wconf 76' lang='lat' dir='ltr'><strong>moraretur</strong></span> <span class='ocrx_word' id='word_1_92' title='bbox 1204 1384 1532 1440; x_wconf 86' lang='lat' dir='ltr'><strong>Alexander</strong></span> <span class='ocrx_word' id='word_1_93' title='bbox 1571 1384 1746 1453; x_wconf 72' lang='lat' dir='ltr'><strong>Baby—</strong></span> 
     </span>
    </p>
   </div>
   <div class='ocr_carea' id='block_1_15' title="bbox 107 1460 1743 1541">
    <p class='ocr_par' dir='ltr' id='par_1_15' title="bbox 107 1460 1743 1541">
     <span class='ocr_line' id='line_1_15' title="bbox 107 1460 1743 1541; baseline 0.008 -26"><span class='ocrx_word' id='word_1_94' title='bbox 107 1460 279 1529; x_wconf 70' lang='lat' dir='ltr'><strong>Ioniae,</strong></span> <span class='ocrx_word' id='word_1_95' title='bbox 306 1463 460 1520; x_wconf 83' lang='lat' dir='ltr'><strong>misit</strong></span> <span class='ocrx_word' id='word_1_96' title='bbox 484 1467 794 1537; x_wconf 78' lang='lat' dir='ltr'><strong>Antipater</strong></span> <span class='ocrx_word' id='word_1_97' title='bbox 816 1468 884 1523; x_wconf 89' lang='lat' dir='ltr'><strong>ad</strong></span> <span class='ocrx_word' id='word_1_98' title='bbox 918 1470 1238 1526; x_wconf 78' lang='lat' dir='ltr'><strong>maleficum</strong></span> <span class='ocrx_word' id='word_1_99' title='bbox 1273 1472 1743 1541; x_wconf 84' lang='lat' dir='ltr'><strong>quendam,egit-</strong></span> 
     </span>
    </p>
   </div>
   <div class='ocr_carea' id='block_1_16' title="bbox 108 1555 1738 1631">
    <p class='ocr_par' dir='ltr' id='par_1_16' title="bbox 108 1555 1738 1631">
     <span class='ocr_line' id='line_1_16' title="bbox 108 1555 1738 1631; baseline 0.007 -28"><span class='ocrx_word' id='word_1_100' title='bbox 108 1564 207 1619; x_wconf 91' lang='lat' dir='ltr'><strong>que</strong></span> <span class='ocrx_word' id='word_1_101' title='bbox 237 1565 361 1607; x_wconf 89' lang='lat' dir='ltr'><strong>cum</strong></span> <span class='ocrx_word' id='word_1_102' title='bbox 394 1566 484 1621; x_wconf 93' lang='lat' dir='ltr'><strong>eo,</strong></span> <span class='ocrx_word' id='word_1_103' title='bbox 504 1557 565 1609; x_wconf 90' lang='lat' dir='ltr'><strong>ut</strong></span> <span class='ocrx_word' id='word_1_104' title='bbox 590 1555 755 1610; x_wconf 90' lang='lat' dir='ltr'><strong>daret</strong></span> <span class='ocrx_word' id='word_1_105' title='bbox 791 1555 903 1611; x_wconf 90' lang='lat' dir='ltr'>sibi</span> <span class='ocrx_word' id='word_1_106' title='bbox 925 1572 1271 1614; x_wconf 86' lang='lat' dir='ltr'><strong>venenosam</strong></span> <span class='ocrx_word' id='word_1_107' title='bbox 1298 1559 1610 1631; x_wconf 84' lang='lat' dir='ltr'><strong>potionem.</strong></span> <span class='ocrx_word' id='word_1_108' title='bbox 1633 1561 1738 1627; x_wconf 89' lang='lat' dir='ltr'><strong>Qui</strong></span> 
     </span>
    </p>
   </div>
   <div class='ocr_carea' id='block_1_17' title="bbox 106 1636 1740 1717">
    <p class='ocr_par' dir='ltr' id='par_1_17' title="bbox 106 1636 1740 1717">
     <span class='ocr_line' id='line_1_17' title="bbox 106 1636 1740 1717; baseline 0.008 -27"><span class='ocrx_word' id='word_1_109' title='bbox 106 1636 234 1693; x_wconf 87' lang='lat' dir='ltr'><strong>fecit</strong></span> <span class='ocrx_word' id='word_1_110' title='bbox 261 1639 313 1693; x_wconf 92' lang='lat' dir='ltr'><strong>ei</strong></span> <span class='ocrx_word' id='word_1_111' title='bbox 334 1640 504 1696; x_wconf 84' lang='lat' dir='ltr'><strong>talem</strong></span> <span class='ocrx_word' id='word_1_112' title='bbox 533 1642 849 1712; x_wconf 90' lang='lat' dir='ltr'><strong>potionem,</strong></span> <span class='ocrx_word' id='word_1_113' title='bbox 868 1649 931 1699; x_wconf 91' lang='lat' dir='ltr'><strong>ut</strong></span> <span class='ocrx_word' id='word_1_114' title='bbox 954 1659 1066 1701; x_wconf 91' lang='lat' dir='ltr'><strong>non</strong></span> <span class='ocrx_word' id='word_1_115' title='bbox 1090 1651 1243 1701; x_wconf 87' lang='lat' dir='ltr'><strong>esset</strong></span> <span class='ocrx_word' id='word_1_116' title='bbox 1272 1661 1375 1703; x_wconf 89' lang='lat' dir='ltr'><strong>vas</strong></span> <span class='ocrx_word' id='word_1_117' title='bbox 1399 1649 1546 1717; x_wconf 83' lang='lat' dir='ltr'><strong>quod</strong></span> <span class='ocrx_word' id='word_1_118' title='bbox 1566 1649 1740 1704; x_wconf 89' lang='lat' dir='ltr'><strong>susti-</strong></span> 
     </span>
    </p>
   </div>
   <div class='ocr_carea' id='block_1_18' title="bbox 105 1726 1737 1799">
    <p class='ocr_par' dir='ltr' id='par_1_18' title="bbox 105 1726 1737 1799">
     <span class='ocr_line' id='line_1_18' title="bbox 105 1726 1737 1799; baseline 0.007 -20"><span class='ocrx_word' id='word_1_119' title='bbox 105 1729 263 1781; x_wconf 88' lang='lat' dir='ltr'><strong>neret</strong></span> <span class='ocrx_word' id='word_1_120' title='bbox 292 1726 461 1782; x_wconf 81' lang='lat' dir='ltr'><strong>illam.</strong></span> <span class='ocrx_word' id='word_1_121' title='bbox 488 1729 647 1784; x_wconf 87' lang='lat' dir='ltr'><strong>Fecit</strong></span> <span class='ocrx_word' id='word_1_122' title='bbox 680 1744 820 1799; x_wconf 86' lang='lat' dir='ltr'><strong>ergo</strong></span> <span class='ocrx_word' id='word_1_123' title='bbox 841 1733 1258 1789; x_wconf 88' lang='lat' dir='ltr'><strong>cantharellam</strong></span> <span class='ocrx_word' id='word_1_124' title='bbox 1289 1736 1532 1790; x_wconf 87' lang='lat' dir='ltr'><strong>ferream</strong></span> <span class='ocrx_word' id='word_1_125' title='bbox 1557 1742 1614 1791; x_wconf 93' lang='lat' dir='ltr'><strong>et</strong></span> <span class='ocrx_word' id='word_1_126' title='bbox 1641 1738 1737 1791; x_wconf 88' lang='lat' dir='ltr'><strong>mi-</strong></span> 
     </span>
    </p>
   </div>
   <div class='ocr_carea' id='block_1_19' title="bbox 1853 581 3499 653">
    <p class='ocr_par' dir='ltr' id='par_1_19' title="bbox 1853 581 3499 653">
     <span class='ocr_line' id='line_1_19' title="bbox 1853 581 3499 653; baseline 0.005 -17"><span class='ocrx_word' id='word_1_127' title='bbox 1853 581 2119 651; x_wconf 76' lang='lat' dir='ltr'><strong>gaudere</strong></span> <span class='ocrx_word' id='word_1_128' title='bbox 2142 595 2383 639; x_wconf 83' lang='lat' dir='ltr'><strong>mecum.</strong></span> <span class='ocrx_word' id='word_1_129' title='bbox 2411 583 2548 648; x_wconf 65' lang='lat' dir='ltr'><strong>Quae</strong></span> <span class='ocrx_word' id='word_1_130' title='bbox 2574 585 2835 653; x_wconf 81' lang='lat' dir='ltr'><strong>quamvis</strong></span> <span class='ocrx_word' id='word_1_131' title='bbox 2854 584 3095 642; x_wconf 89' lang='lat' dir='ltr'><strong>invitum</strong></span> <span class='ocrx_word' id='word_1_132' title='bbox 3118 587 3352 643; x_wconf 87' lang='lat' dir='ltr'><strong>reduxit</strong></span> <span class='ocrx_word' id='word_1_133' title='bbox 3371 604 3499 645; x_wconf 91' lang='lat' dir='ltr'><strong>eum</strong></span> 
     </span>
    </p>
   </div>
   <div class='ocr_carea' id='block_1_20' title="bbox 1859 669 3506 745">
    <p class='ocr_par' dir='ltr' id='par_1_20' title="bbox 1859 669 3506 745">
     <span class='ocr_line' id='line_1_20' title="bbox 1859 669 3506 745; baseline 0.007 -22"><span class='ocrx_word' id='word_1_134' title='bbox 1859 669 1927 723; x_wconf 90' lang='lat' dir='ltr'><strong>ad</strong></span> <span class='ocrx_word' id='word_1_135' title='bbox 1960 669 2174 725; x_wconf 90' lang='lat' dir='ltr'><strong>lectum</strong></span> <span class='ocrx_word' id='word_1_136' title='bbox 2196 686 2383 739; x_wconf 91' lang='lat' dir='ltr'><strong>suum,</strong></span> <span class='ocrx_word' id='word_1_137' title='bbox 2412 671 2724 728; x_wconf 83' lang='lat' dir='ltr'><strong>dicens:Si</strong></span> <span class='ocrx_word' id='word_1_138' title='bbox 2744 674 3077 744; x_wconf 76' lang='lat' dir='ltr'><strong>renitﬁnis</strong></span> <span class='ocrx_word' id='word_1_139' title='bbox 3109 675 3265 745; x_wconf 88' lang='lat' dir='ltr'><strong>tuus,</strong></span> <span class='ocrx_word' id='word_1_140' title='bbox 3290 678 3506 734; x_wconf 84' lang='lat' dir='ltr'><strong>ordina</strong></span> 
     </span>
    </p>
   </div>
   <div class='ocr_carea' id='block_1_21' title="bbox 1853 759 3504 830">
    <p class='ocr_par' dir='ltr' id='par_1_21' title="bbox 1853 759 3504 830">
     <span class='ocr_line' id='line_1_21' title="bbox 1853 759 3504 830; baseline 0.004 -17"><span class='ocrx_word' id='word_1_141' title='bbox 1853 759 2115 827; x_wconf 83' lang='lat' dir='ltr'><strong>primum</strong></span> <span class='ocrx_word' id='word_1_142' title='bbox 2145 759 2216 815; x_wconf 81' lang='lat' dir='ltr'><strong>(te</strong></span> <span class='ocrx_word' id='word_1_143' title='bbox 2238 759 2426 817; x_wconf 83' lang='lat' dir='ltr'><strong>nobis.</strong></span> <span class='ocrx_word' id='word_1_144' title='bbox 2460 760 2547 830; x_wconf 85' lang='lat' dir='ltr'><strong>(F.</strong></span> <span class='ocrx_word' id='word_1_145' title='bbox 2577 760 2725 829; x_wconf 88' lang='grc'>117.)</span> <span class='ocrx_word' id='word_1_146' title='bbox 2758 762 2963 816; x_wconf 84' lang='lat' dir='ltr'><strong>Statim</strong></span> <span class='ocrx_word' id='word_1_147' title='bbox 2992 763 3124 819; x_wconf 90' lang='lat' dir='ltr'><strong>fecit</strong></span> <span class='ocrx_word' id='word_1_148' title='bbox 3152 764 3345 819; x_wconf 91' lang='lat' dir='ltr'><strong>venire</strong></span> <span class='ocrx_word' id='word_1_149' title='bbox 3370 769 3504 820; x_wconf 90' lang='lat' dir='ltr'><strong>nota</strong></span> 
     </span>
    </p>
   </div>
   <div class='ocr_carea' id='block_1_22' title="bbox 1857 844 3509 914">
    <p class='ocr_par' dir='ltr' id='par_1_22' title="bbox 1857 844 3509 914">
     <span class='ocr_line' id='line_1_22' title="bbox 1857 844 3509 914; baseline 0.007 -16"><span class='ocrx_word' id='word_1_150' title='bbox 1857 844 2027 914; x_wconf 90' lang='lat' dir='ltr'><strong>rium,</strong></span> <span class='ocrx_word' id='word_1_151' title='bbox 2058 850 2115 900; x_wconf 89' lang='lat' dir='ltr'><strong>et</strong></span> <span class='ocrx_word' id='word_1_152' title='bbox 2142 846 2437 902; x_wconf 89' lang='lat' dir='ltr'><strong>ordinavit</strong></span> <span class='ocrx_word' id='word_1_153' title='bbox 2473 850 2882 904; x_wconf 87' lang='lat' dir='ltr'><strong>testamentum</strong></span> <span class='ocrx_word' id='word_1_154' title='bbox 2913 852 3025 908; x_wconf 72' lang='grc' dir='ltr'><strong>τιςνί</strong></span> <span class='ocrx_word' id='word_1_155' title='bbox 3058 852 3301 908; x_wconf 65' lang='grc' dir='ltr'><strong>ἂρα)αηὶ</strong></span> <span class='ocrx_word' id='word_1_156' title='bbox 3351 866 3509 909; x_wconf 72' lang='lat' dir='ltr'><strong>uzor</strong></span> 
     </span>
    </p>
   </div>
   <div class='ocr_carea' id='block_1_23' title="bbox 1853 935 3513 1010">
    <p class='ocr_par' dir='ltr' id='par_1_23' title="bbox 1853 935 3513 1010">
     <span class='ocr_line' id='line_1_23' title="bbox 1853 935 3513 1010; baseline 0.004 -20"><span class='ocrx_word' id='word_1_157' title='bbox 1853 947 1985 990; x_wconf 84' lang='lat' dir='ltr'><strong>mea</strong></span> <span class='ocrx_word' id='word_1_158' title='bbox 2008 935 2295 1004; x_wconf 84' lang='lat' dir='ltr'><strong>genuerit</strong></span> <span class='ocrx_word' id='word_1_159' title='bbox 2321 949 2396 991; x_wconf 72' lang='lat' dir='ltr'><strong>ea:</strong></span> <span class='ocrx_word' id='word_1_160' title='bbox 2413 950 2505 991; x_wconf 84' lang='lat' dir='ltr'><strong>me</strong></span> <span class='ocrx_word' id='word_1_161' title='bbox 2533 937 2747 1005; x_wconf 72' lang='lat' dir='ltr'><strong>filium,</strong></span> <span class='ocrx_word' id='word_1_162' title='bbox 2781 938 2915 1008; x_wconf 88' lang='lat' dir='ltr'><strong>ipse</strong></span> <span class='ocrx_word' id='word_1_163' title='bbox 2940 939 3137 994; x_wconf 87' lang='lat' dir='ltr'><strong>teneat</strong></span> <span class='ocrx_word' id='word_1_164' title='bbox 3160 953 3426 1010; x_wconf 82' lang='lat' dir='ltr'><strong>regnum,</strong></span> <span class='ocrx_word' id='word_1_165' title='bbox 3452 941 3513 996; x_wconf 87' lang='lat' dir='ltr'><strong>et</strong></span> 
     </span>
    </p>
   </div>
   <div class='ocr_carea' id='block_1_24' title="bbox 1854 1022 3507 1097">
    <p class='ocr_par' dir='ltr' id='par_1_24' title="bbox 1854 1022 3507 1097">
     <span class='ocr_line' id='line_1_24' title="bbox 1854 1022 3507 1097; baseline 0.005 -19"><span class='ocrx_word' id='word_1_166' title='bbox 1854 1022 2196 1091; x_wconf 86' lang='lat' dir='ltr'><strong>imponatur</strong></span> <span class='ocrx_word' id='word_1_167' title='bbox 2218 1025 2272 1079; x_wconf 88' lang='lat' dir='ltr'><strong>ei</strong></span> <span class='ocrx_word' id='word_1_168' title='bbox 2300 1037 2508 1079; x_wconf 88' lang='lat' dir='ltr'><strong>nomen</strong></span> <span class='ocrx_word' id='word_1_169' title='bbox 2527 1024 2685 1093; x_wconf 74' lang='lat' dir='ltr'><strong>quod</strong></span> <span class='ocrx_word' id='word_1_170' title='bbox 2696 1025 3079 1096; x_wconf 72' lang='lat' dir='ltr'><strong>principibus</strong></span> <span class='ocrx_word' id='word_1_171' title='bbox 3098 1028 3507 1097; x_wconf 73' lang='lat' dir='ltr'><strong>placueritSi</strong></span> 
     </span>
    </p>
   </div>
   <div class='ocr_carea' id='block_1_25' title="bbox 1855 1110 3507 1187">
    <p class='ocr_par' dir='ltr' id='par_1_25' title="bbox 1855 1110 3507 1187">
     <span class='ocr_line' id='line_1_25' title="bbox 1855 1110 3507 1187; baseline 0.005 -22"><span class='ocrx_word' id='word_1_172' title='bbox 1855 1110 2055 1166; x_wconf 85' lang='lat' dir='ltr'><strong>autem</strong></span> <span class='ocrx_word' id='word_1_173' title='bbox 2054 1110 2261 1181; x_wconf 72' lang='lat' dir='ltr'><strong>ﬁliam</strong></span> <span class='ocrx_word' id='word_1_174' title='bbox 2273 1112 2938 1182; x_wconf 73' lang='lat' dir='ltr'><strong>genuerit,eligantsibi</strong></span> <span class='ocrx_word' id='word_1_175' title='bbox 2950 1113 3299 1173; x_wconf 75' lang='lat' dir='ltr'><strong>Macedones</strong></span> <span class='ocrx_word' id='word_1_176' title='bbox 3308 1129 3507 1187; x_wconf 87' lang='lat' dir='ltr'><strong>regem</strong></span> 
     </span>
    </p>
   </div>
   <div class='ocr_carea' id='block_1_26' title="bbox 1853 1199 3506 1273">
    <p class='ocr_par' dir='ltr' id='par_1_26' title="bbox 1853 1199 3506 1273">
     <span class='ocr_line' id='line_1_26' title="bbox 1853 1199 3506 1273; baseline 0.005 -21"><span class='ocrx_word' id='word_1_177' title='bbox 1853 1212 2028 1267; x_wconf 76' lang='lat' dir='ltr'><strong>quem</strong></span> <span class='ocrx_word' id='word_1_178' title='bbox 2052 1199 2367 1256; x_wconf 78' lang='lat' dir='ltr'><strong>voluerint.</strong></span> <span class='ocrx_word' id='word_1_179' title='bbox 2392 1199 2602 1255; x_wconf 80' lang='lat' dir='ltr'><strong>Custos</strong></span> <span class='ocrx_word' id='word_1_180' title='bbox 2623 1202 2888 1270; x_wconf 84' lang='lat' dir='ltr'><strong>corporis</strong></span> <span class='ocrx_word' id='word_1_181' title='bbox 2914 1203 3031 1258; x_wconf 85' lang='lat' dir='ltr'><strong>mei</strong></span> <span class='ocrx_word' id='word_1_182' title='bbox 3063 1203 3120 1258; x_wconf 85' lang='lat' dir='ltr'><strong>et</strong></span> <span class='ocrx_word' id='word_1_183' title='bbox 3140 1202 3506 1273; x_wconf 71' lang='lat' dir='ltr'><strong>gubernator</strong></span> 
     </span>
    </p>
   </div>
   <div class='ocr_carea' id='block_1_27' title="bbox 1853 1286 3507 1362">
    <p class='ocr_par' dir='ltr' id='par_1_27' title="bbox 1853 1286 3507 1362">
     <span class='ocr_line' id='line_1_27' title="bbox 1853 1286 3507 1362; baseline 0.003 -21"><span class='ocrx_word' id='word_1_184' title='bbox 1853 1286 2103 1355; x_wconf 47' lang='grc' dir='ltr'><strong>,Ἐπίλυιὶ</strong></span> <span class='ocrx_word' id='word_1_185' title='bbox 2135 1286 2516 1343; x_wconf 65' lang='lat' dir='ltr'><strong>Ptholomeus</strong></span> <span class='ocrx_word' id='word_1_186' title='bbox 2547 1287 2688 1343; x_wconf 84' lang='lat' dir='ltr'><strong>erit.</strong></span> <span class='ocrx_word' id='word_1_187' title='bbox 2726 1288 2982 1345; x_wconf 88' lang='lat' dir='ltr'><strong>Aliarum</strong></span> <span class='ocrx_word' id='word_1_188' title='bbox 3013 1304 3243 1359; x_wconf 88' lang='lat' dir='ltr'><strong>quoque</strong></span> <span class='ocrx_word' id='word_1_189' title='bbox 3276 1291 3507 1362; x_wconf 90' lang='lat' dir='ltr'><strong>provin-</strong></span> 
     </span>
    </p>
   </div>
   <div class='ocr_carea' id='block_1_28' title="bbox 1855 1371 3503 1448">
    <p class='ocr_par' dir='ltr' id='par_1_28' title="bbox 1855 1371 3503 1448">
     <span class='ocr_line' id='line_1_28' title="bbox 1855 1371 3503 1448; baseline 0.005 -23"><span class='ocrx_word' id='word_1_190' title='bbox 1855 1371 2075 1426; x_wconf 88' lang='lat' dir='ltr'><strong>ciarum</strong></span> <span class='ocrx_word' id='word_1_191' title='bbox 2139 1372 2581 1442; x_wconf 88' lang='lat' dir='ltr'><strong>dispositionem</strong></span> <span class='ocrx_word' id='word_1_192' title='bbox 2653 1375 3058 1446; x_wconf 88' lang='lat' dir='ltr'><strong>fccit,casque</strong></span> <span class='ocrx_word' id='word_1_193' title='bbox 3117 1377 3314 1447; x_wconf 86' lang='lat' dir='ltr'><strong>pueris</strong></span> <span class='ocrx_word' id='word_1_194' title='bbox 3360 1378 3503 1448; x_wconf 88' lang='lat' dir='ltr'><strong>suis,</strong></span> 
     </span>
    </p>
   </div>
   <div class='ocr_carea' id='block_1_29' title="bbox 1853 1459 3508 1535">
    <p class='ocr_par' dir='ltr' id='par_1_29' title="bbox 1853 1459 3508 1535">
     <span class='ocr_line' id='line_1_29' title="bbox 1853 1459 3508 1535; baseline 0.004 -22"><span class='ocrx_word' id='word_1_195' title='bbox 1853 1462 2024 1529; x_wconf 88' lang='lat' dir='ltr'><strong>prout</strong></span> <span class='ocrx_word' id='word_1_196' title='bbox 2060 1459 2315 1515; x_wconf 83' lang='lat' dir='ltr'><strong>voluerit</strong></span> <span class='ocrx_word' id='word_1_197' title='bbox 2350 1459 2481 1515; x_wconf 90' lang='lat' dir='ltr'><strong>dum</strong></span> <span class='ocrx_word' id='word_1_198' title='bbox 2516 1461 2705 1516; x_wconf 89' lang='lat' dir='ltr'><strong>adhuc</strong></span> <span class='ocrx_word' id='word_1_199' title='bbox 2736 1462 2977 1533; x_wconf 79' lang='lat' dir='ltr'><strong>viveret,</strong></span> <span class='ocrx_word' id='word_1_200' title='bbox 3016 1463 3233 1531; x_wconf 83' lang='lat' dir='ltr'><strong>divisit,</strong></span> <span class='ocrx_word' id='word_1_201' title='bbox 3259 1479 3403 1535; x_wconf 91' lang='lat' dir='ltr'><strong>quas</strong></span> <span class='ocrx_word' id='word_1_202' title='bbox 3426 1465 3508 1520; x_wconf 91' lang='lat' dir='ltr'><strong>di-</strong></span> 
     </span>
    </p>
   </div>
   <div class='ocr_carea' id='block_1_30' title="bbox 1853 1546 3507 1622">
    <p class='ocr_par' dir='ltr' id='par_1_30' title="bbox 1853 1546 3507 1622">
     <span class='ocr_line' id='line_1_30' title="bbox 1853 1546 3507 1622; baseline 0.005 -23"><span class='ocrx_word' id='word_1_203' title='bbox 1853 1546 2115 1603; x_wconf 82' lang='lat' dir='ltr'><strong>visiones</strong></span> <span class='ocrx_word' id='word_1_204' title='bbox 2137 1547 2270 1617; x_wconf 85' lang='lat' dir='ltr'><strong>quia</strong></span> <span class='ocrx_word' id='word_1_205' title='bbox 2293 1548 2526 1605; x_wconf 82' lang='lat' dir='ltr'><strong>diverse</strong></span> <span class='ocrx_word' id='word_1_206' title='bbox 2550 1550 2806 1619; x_wconf 86' lang='lat' dir='ltr'><strong>scriptas</strong></span> <span class='ocrx_word' id='word_1_207' title='bbox 2849 1552 3228 1622; x_wconf 86' lang='lat' dir='ltr'><strong>reperi,velut</strong></span> <span class='ocrx_word' id='word_1_208' title='bbox 3253 1554 3507 1609; x_wconf 86' lang='lat' dir='ltr'><strong>incertas</strong></span> 
     </span>
    </p>
   </div>
   <div class='ocr_carea' id='block_1_31' title="bbox 1853 1635 3508 1711">
    <p class='ocr_par' dir='ltr' id='par_1_31' title="bbox 1853 1635 3508 1711">
     <span class='ocr_line' id='line_1_31' title="bbox 1853 1635 3508 1711; baseline 0.005 -23"><span class='ocrx_word' id='word_1_209' title='bbox 1853 1635 2201 1704; x_wconf 84' lang='lat' dir='ltr'><strong>pretermisi.</strong></span> <span class='ocrx_word' id='word_1_210' title='bbox 2228 1636 2306 1705; x_wconf 84' lang='lat' dir='ltr'><strong>(F.</strong></span> <span class='ocrx_word' id='word_1_211' title='bbox 2340 1635 2509 1707; x_wconf 79' lang='lat'><strong>218’.)</strong></span> <span class='ocrx_word' id='word_1_212' title='bbox 2544 1636 2905 1693; x_wconf 85' lang='lat' dir='ltr'><strong>Diffamatum</strong></span> <span class='ocrx_word' id='word_1_213' title='bbox 2930 1644 3018 1693; x_wconf 90' lang='lat' dir='ltr'><strong>est</strong></span> <span class='ocrx_word' id='word_1_214' title='bbox 3042 1645 3231 1695; x_wconf 89' lang='lat' dir='ltr'><strong>autem</strong></span> <span class='ocrx_word' id='word_1_215' title='bbox 3252 1656 3351 1711; x_wconf 88' lang='lat' dir='ltr'><strong>per</strong></span> <span class='ocrx_word' id='word_1_216' title='bbox 3372 1656 3508 1697; x_wconf 89' lang='lat' dir='ltr'><strong>cun-</strong></span> 
     </span>
    </p>
   </div>
   <div class='ocr_carea' id='block_1_32' title="bbox 1851 1723 3508 1792">
    <p class='ocr_par' dir='ltr' id='par_1_32' title="bbox 1851 1723 3508 1792">
     <span class='ocr_line' id='line_1_32' title="bbox 1851 1723 3508 1792; baseline 0.005 -16"><span class='ocrx_word' id='word_1_217' title='bbox 1851 1726 2009 1777; x_wconf 87' lang='lat' dir='ltr'><strong>ctum</strong></span> <span class='ocrx_word' id='word_1_218' title='bbox 2044 1723 2318 1792; x_wconf 86' lang='lat' dir='ltr'><strong>populum</strong></span> <span class='ocrx_word' id='word_1_219' title='bbox 2389 1728 2681 1781; x_wconf 86' lang='lat' dir='ltr'><strong>mortuum</strong></span> <span class='ocrx_word' id='word_1_220' title='bbox 2743 1741 2873 1781; x_wconf 83' lang='lat' dir='ltr'><strong>esse</strong></span> <span class='ocrx_word' id='word_1_221' title='bbox 2935 1727 3349 1783; x_wconf 87' lang='lat' dir='ltr'><strong>Alexandrum.</strong></span> <span class='ocrx_word' id='word_1_222' title='bbox 3383 1731 3508 1785; x_wconf 85' lang='lat' dir='ltr'><strong>Mox</strong></span> 
     </span>
    </p>
   </div>
   <div class='ocr_carea' id='block_1_33' title="bbox 105 1810 3501 1898">
    <p class='ocr_par' dir='ltr' id='par_1_33' title="bbox 105 1810 3501 1898">
     <span class='ocr_line' id='line_1_33' title="bbox 105 1810 3501 1898; baseline 0.005 -43"><span class='ocrx_word' id='word_1_223' title='bbox 105 1811 177 1866; x_wconf 63' lang='lat' dir='ltr'><strong>sit</strong></span> <span class='ocrx_word' id='word_1_224' title='bbox 204 1813 490 1883; x_wconf 75' lang='grc' dir='ltr'><strong>ροιίοηθηι</strong></span> <span class='ocrx_word' id='word_1_225' title='bbox 521 1816 574 1870; x_wconf 72' lang='lat' dir='ltr'><strong>in</strong></span> <span class='ocrx_word' id='word_1_226' title='bbox 609 1829 734 1871; x_wconf 73' lang='lat' dir='ltr'><strong>eam</strong></span> <span class='ocrx_word' id='word_1_227' title='bbox 772 1818 1038 1889; x_wconf 71' lang='lat' dir='ltr'><strong>dansque</strong></span> <span class='ocrx_word' id='word_1_228' title='bbox 1088 1820 1205 1877; x_wconf 79' lang='lat' dir='ltr'><strong>ﬁlio</strong></span> <span class='ocrx_word' id='word_1_229' title='bbox 1234 1837 1339 1877; x_wconf 71' lang='lat' dir='ltr'><strong>suo</strong></span> <span class='ocrx_word' id='word_1_230' title='bbox 1384 1824 1731 1895; x_wconf 57' lang='lat' dir='ltr'><strong>Cassandro,</strong></span> <span class='ocrx_word' id='word_1_231' title='bbox 1765 1838 1818 1898; x_wconf 84' lang='lat' dir='ltr'>B</span> <span class='ocrx_word' id='word_1_232' title='bbox 1847 1810 2041 1864; x_wconf 90' lang='lat' dir='ltr'><strong>cuncti</strong></span> <span class='ocrx_word' id='word_1_233' title='bbox 2066 1810 2410 1898; x_wconf 83' lang='lat' dir='ltr'><strong>Macedones</strong></span> <span class='ocrx_word' id='word_1_234' title='bbox 2436 1812 2735 1866; x_wconf 81' lang='lat' dir='ltr'><strong>vociferati</strong></span> <span class='ocrx_word' id='word_1_235' title='bbox 2767 1818 2919 1880; x_wconf 88' lang='lat' dir='ltr'><strong>sunt,</strong></span> <span class='ocrx_word' id='word_1_236' title='bbox 2949 1812 3234 1884; x_wconf 87' lang='lat' dir='ltr'><strong>dicentes,</strong></span> <span class='ocrx_word' id='word_1_237' title='bbox 3263 1815 3501 1872; x_wconf 89' lang='lat' dir='ltr'><strong>cubicu-</strong></span> 
     </span>
    </p>
   </div>
   <div class='ocr_carea' id='block_1_34' title="bbox 105 1898 1732 1981">
    <p class='ocr_par' dir='ltr' id='par_1_34' title="bbox 105 1898 1732 1981">
     <span class='ocr_line' id='line_1_34' title="bbox 105 1898 1732 1981; baseline 0.009 -28"><span class='ocrx_word' id='word_1_238' title='bbox 105 1898 303 1954; x_wconf 88' lang='lat' dir='ltr'><strong>direxit</strong></span> <span class='ocrx_word' id='word_1_239' title='bbox 333 1916 459 1956; x_wconf 91' lang='lat' dir='ltr'><strong>eum</strong></span> <span class='ocrx_word' id='word_1_240' title='bbox 490 1903 544 1958; x_wconf 93' lang='lat' dir='ltr'><strong>in</strong></span> <span class='ocrx_word' id='word_1_241' title='bbox 579 1905 890 1961; x_wconf 90' lang='lat' dir='ltr'><strong>servicium</strong></span> <span class='ocrx_word' id='word_1_242' title='bbox 926 1908 1260 1977; x_wconf 85' lang='lat' dir='ltr'><strong>Alexandri,</strong></span> <span class='ocrx_word' id='word_1_243' title='bbox 1297 1911 1624 1981; x_wconf 72' lang='lat' dir='ltr'><strong>preciptens</strong></span> <span class='ocrx_word' id='word_1_244' title='bbox 1671 1920 1732 1968; x_wconf 87' lang='lat' dir='ltr'><strong>ut</strong></span> 
     </span>
    </p>
   </div>
   <div class='ocr_carea' id='block_1_35' title="bbox 107 1986 1730 2067">
    <p class='ocr_par' dir='ltr' id='par_1_35' title="bbox 107 1986 1730 2067">
     <span class='ocr_line' id='line_1_35' title="bbox 107 1986 1730 2067; baseline 0.009 -27"><span class='ocrx_word' id='word_1_245' title='bbox 107 1986 428 2056; x_wconf 88' lang='lat' dir='ltr'><strong>loqueretur</strong></span> <span class='ocrx_word' id='word_1_246' title='bbox 462 1990 934 2063; x_wconf 86' lang='lat' dir='ltr'><strong>fratrisquolo,</strong></span> <span class='ocrx_word' id='word_1_247' title='bbox 968 1997 1242 2065; x_wconf 89' lang='lat' dir='ltr'><strong>quatinus</strong></span> <span class='ocrx_word' id='word_1_248' title='bbox 1259 1999 1544 2067; x_wconf 90' lang='lat' dir='ltr'><strong>potionem</strong></span> <span class='ocrx_word' id='word_1_249' title='bbox 1576 2000 1730 2055; x_wconf 91' lang='lat' dir='ltr'><strong>illam</strong></span> 
     </span>
    </p>
   </div>
   <div class='ocr_carea' id='block_1_36' title="bbox 108 2074 1730 2156">
    <p class='ocr_par' dir='ltr' id='par_1_36' title="bbox 108 2074 1730 2156">
     <span class='ocr_line' id='line_1_36' title="bbox 108 2074 1730 2156; baseline 0.009 -28"><span class='ocrx_word' id='word_1_250' title='bbox 108 2074 256 2129; x_wconf 89' lang='lat' dir='ltr'><strong>daret</strong></span> <span class='ocrx_word' id='word_1_251' title='bbox 283 2075 632 2135; x_wconf 87' lang='lat' dir='ltr'><strong>Alexandro.</strong></span> <span class='ocrx_word' id='word_1_252' title='bbox 670 2079 895 2136; x_wconf 84' lang='lat' dir='ltr'><strong>Accidit</strong></span> <span class='ocrx_word' id='word_1_253' title='bbox 922 2087 1113 2138; x_wconf 89' lang='lat' dir='ltr'><strong>autem</strong></span> <span class='ocrx_word' id='word_1_254' title='bbox 1147 2084 1246 2140; x_wconf 95' lang='lat' dir='ltr'><strong>illo</strong></span> <span class='ocrx_word' id='word_1_255' title='bbox 1278 2085 1331 2140; x_wconf 92' lang='lat' dir='ltr'><strong>in</strong></span> <span class='ocrx_word' id='word_1_256' title='bbox 1359 2090 1643 2156; x_wconf 88' lang='lat' dir='ltr'><strong>tempore,</strong></span> <span class='ocrx_word' id='word_1_257' title='bbox 1670 2094 1730 2143; x_wconf 90' lang='lat' dir='ltr'><strong>ut</strong></span> 
     </span>
    </p>
   </div>
   <div class='ocr_carea' id='block_1_37' title="bbox 112 2165 1728 2242">
    <p class='ocr_par' dir='ltr' id='par_1_37' title="bbox 112 2165 1728 2242">
     <span class='ocr_line' id='line_1_37' title="bbox 112 2165 1728 2242; baseline 0.009 -26"><span class='ocrx_word' id='word_1_258' title='bbox 112 2168 416 2231; x_wconf 85' lang='lat' dir='ltr'><strong>percuteret</strong></span> <span class='ocrx_word' id='word_1_259' title='bbox 433 2165 764 2223; x_wconf 87' lang='lat' dir='ltr'><strong>Alexander</strong></span> <span class='ocrx_word' id='word_1_260' title='bbox 778 2168 979 2225; x_wconf 89' lang='lat' dir='ltr'><strong>Yolum</strong></span> <span class='ocrx_word' id='word_1_261' title='bbox 996 2170 1052 2225; x_wconf 90' lang='lat' dir='ltr'><strong>in</strong></span> <span class='ocrx_word' id='word_1_262' title='bbox 1067 2185 1210 2242; x_wconf 88' lang='lat' dir='ltr'><strong>capu</strong></span> <span class='ocrx_word' id='word_1_263' title='bbox 1223 2177 1407 2242; x_wconf 90' lang='lat' dir='ltr'><strong>t,,non</strong></span> <span class='ocrx_word' id='word_1_264' title='bbox 1424 2173 1728 2231; x_wconf 90' lang='lat' dir='ltr'><strong>habentem</strong></span> 
     </span>
    </p>
   </div>
   <div class='ocr_carea' id='block_1_38' title="bbox 112 2249 1726 2329">
    <p class='ocr_par' dir='ltr' id='par_1_38' title="bbox 112 2249 1726 2329">
     <span class='ocr_line' id='line_1_38' title="bbox 112 2249 1726 2329; baseline 0.008 -25"><span class='ocrx_word' id='word_1_265' title='bbox 112 2249 340 2322; x_wconf 88' lang='lat' dir='ltr'><strong>culpam.</strong></span> <span class='ocrx_word' id='word_1_266' title='bbox 383 2256 462 2322; x_wconf 87' lang='lat' dir='ltr'><strong>(F.</strong></span> <span class='ocrx_word' id='word_1_267' title='bbox 494 2258 662 2327; x_wconf 91' lang='grc'>218.)</span> <span class='ocrx_word' id='word_1_268' title='bbox 696 2258 856 2313; x_wconf 93' lang='lat' dir='ltr'><strong>Unde</strong></span> <span class='ocrx_word' id='word_1_269' title='bbox 880 2259 1113 2328; x_wconf 87' lang='lat' dir='ltr'><strong>juvenis</strong></span> <span class='ocrx_word' id='word_1_270' title='bbox 1146 2260 1345 2317; x_wconf 89' lang='lat' dir='ltr'><strong>dolore</strong></span> <span class='ocrx_word' id='word_1_271' title='bbox 1381 2270 1726 2329; x_wconf 88' lang='lat' dir='ltr'><strong>commotus,</strong></span> 
     </span>
    </p>
   </div>
   <div class='ocr_carea' id='block_1_39' title="bbox 111 2340 1728 2415">
    <p class='ocr_par' dir='ltr' id='par_1_39' title="bbox 111 2340 1728 2415">
     <span class='ocr_line' id='line_1_39' title="bbox 111 2340 1728 2415; baseline 0.008 -23"><span class='ocrx_word' id='word_1_272' title='bbox 111 2340 309 2409; x_wconf 87' lang='lat' dir='ltr'><strong>accepit</strong></span> <span class='ocrx_word' id='word_1_273' title='bbox 331 2341 629 2412; x_wconf 88' lang='lat' dir='ltr'><strong>potionem</strong></span> <span class='ocrx_word' id='word_1_274' title='bbox 649 2345 838 2401; x_wconf 88' lang='lat' dir='ltr'><strong>animo</strong></span> <span class='ocrx_word' id='word_1_275' title='bbox 867 2352 1056 2415; x_wconf 86' lang='lat' dir='ltr'><strong>grato.</strong></span> <span class='ocrx_word' id='word_1_276' title='bbox 1095 2348 1230 2402; x_wconf 89' lang='lat' dir='ltr'><strong>Cum</strong></span> <span class='ocrx_word' id='word_1_277' title='bbox 1258 2354 1449 2404; x_wconf 90' lang='lat' dir='ltr'><strong>autem</strong></span> <span class='ocrx_word' id='word_1_278' title='bbox 1475 2351 1728 2405; x_wconf 79' lang='lat' dir='ltr'><strong>sedisset</strong></span> 
     </span>
    </p>
   </div>
   <div class='ocr_carea' id='block_1_40' title="bbox 113 2425 1732 2506">
    <p class='ocr_par' dir='ltr' id='par_1_40' title="bbox 113 2425 1732 2506">
     <span class='ocr_line' id='line_1_40' title="bbox 113 2425 1732 2506; baseline 0.01 -27"><span class='ocrx_word' id='word_1_279' title='bbox 113 2425 408 2485; x_wconf 81' lang='lat' dir='ltr'><strong>Alexander</strong></span> <span class='ocrx_word' id='word_1_280' title='bbox 440 2431 493 2485; x_wconf 92' lang='lat' dir='ltr'><strong>in</strong></span> <span class='ocrx_word' id='word_1_281' title='bbox 529 2433 943 2489; x_wconf 91' lang='lat' dir='ltr'><strong>conviviocum</strong></span> <span class='ocrx_word' id='word_1_282' title='bbox 970 2435 1333 2506; x_wconf 89' lang='lat' dir='ltr'><strong>principibus</strong></span> <span class='ocrx_word' id='word_1_283' title='bbox 1356 2452 1421 2491; x_wconf 90' lang='lat' dir='ltr'><strong>ac</strong></span> <span class='ocrx_word' id='word_1_284' title='bbox 1449 2438 1732 2495; x_wconf 87' lang='lat' dir='ltr'><strong>militibus</strong></span> 
     </span>
    </p>
   </div>
   <div class='ocr_carea' id='block_1_41' title="bbox 112 2513 1727 2590">
    <p class='ocr_par' dir='ltr' id='par_1_41' title="bbox 112 2513 1727 2590">
     <span class='ocr_line' id='line_1_41' title="bbox 112 2513 1727 2590; baseline 0.008 -22"><span class='ocrx_word' id='word_1_285' title='bbox 112 2513 410 2588; x_wconf 72' lang='lat' dir='ltr'><strong>suis,caapit</strong></span> <span class='ocrx_word' id='word_1_286' title='bbox 441 2516 635 2575; x_wconf 65' lang='lat' dir='ltr'><strong>laetari</strong></span> <span class='ocrx_word' id='word_1_287' title='bbox 668 2521 1040 2590; x_wconf 85' lang='lat' dir='ltr'><strong>etjocundus</strong></span> <span class='ocrx_word' id='word_1_288' title='bbox 1063 2538 1194 2579; x_wconf 88' lang='lat' dir='ltr'><strong>esse</strong></span> <span class='ocrx_word' id='word_1_289' title='bbox 1227 2524 1377 2579; x_wconf 90' lang='lat' dir='ltr'><strong>ultra</strong></span> <span class='ocrx_word' id='word_1_290' title='bbox 1411 2526 1727 2581; x_wconf 73' lang='lat' dir='ltr'><strong>modumin</strong></span> 
     </span>
    </p>
   </div>
   <div class='ocr_carea' id='block_1_42' title="bbox 112 2602 1732 2685">
    <p class='ocr_par' dir='ltr' id='par_1_42' title="bbox 112 2602 1732 2685">
     <span class='ocr_line' id='line_1_42' title="bbox 112 2602 1732 2685; baseline 0.01 -29"><span class='ocrx_word' id='word_1_291' title='bbox 112 2602 274 2660; x_wconf 89' lang='lat' dir='ltr'><strong>medio</strong></span> <span class='ocrx_word' id='word_1_292' title='bbox 295 2609 483 2661; x_wconf 88' lang='lat' dir='ltr'><strong>autem</strong></span> <span class='ocrx_word' id='word_1_293' title='bbox 514 2609 788 2665; x_wconf 78' lang='lat' dir='ltr'><strong>conviVIo</strong></span> <span class='ocrx_word' id='word_1_294' title='bbox 815 2625 943 2665; x_wconf 92' lang='lat' dir='ltr'><strong>cum</strong></span> <span class='ocrx_word' id='word_1_295' title='bbox 977 2612 1224 2682; x_wconf 88' lang='lat' dir='ltr'><strong>amplius</strong></span> <span class='ocrx_word' id='word_1_296' title='bbox 1244 2613 1608 2685; x_wconf 83' lang='lat' dir='ltr'><strong>ampliusque</strong></span> <span class='ocrx_word' id='word_1_297' title='bbox 1637 2614 1732 2671; x_wconf 66' lang='lat' dir='ltr'><strong>la)-</strong></span> 
     </span>
    </p>
   </div>
   <div class='ocr_carea' id='block_1_43' title="bbox 112 2692 1733 2773">
    <p class='ocr_par' dir='ltr' id='par_1_43' title="bbox 112 2692 1733 2773">
     <span class='ocr_line' id='line_1_43' title="bbox 112 2692 1733 2773; baseline 0.009 -30"><span class='ocrx_word' id='word_1_298' title='bbox 112 2692 310 2773; x_wconf 83' lang='lat' dir='ltr'><strong>taretur</strong></span> <span class='ocrx_word' id='word_1_299' title='bbox 331 2693 632 2765; x_wconf 88' lang='lat' dir='ltr'><strong>multaque</strong></span> <span class='ocrx_word' id='word_1_300' title='bbox 658 2697 725 2752; x_wconf 89' lang='lat' dir='ltr'><strong>ad</strong></span> <span class='ocrx_word' id='word_1_301' title='bbox 740 2698 1012 2753; x_wconf 89' lang='lat' dir='ltr'><strong>convivas</strong></span> <span class='ocrx_word' id='word_1_302' title='bbox 1038 2698 1396 2770; x_wconf 89' lang='lat' dir='ltr'><strong>loqueretur,</strong></span> <span class='ocrx_word' id='word_1_303' title='bbox 1416 2702 1612 2757; x_wconf 92' lang='lat' dir='ltr'><strong>subito</strong></span> <span class='ocrx_word' id='word_1_304' title='bbox 1638 2717 1733 2773; x_wconf 79' lang='lat' dir='ltr'><strong>pe-</strong></span> 
     </span>
    </p>
   </div>
   <div class='ocr_carea' id='block_1_44' title="bbox 112 2771 1734 2860">
    <p class='ocr_par' dir='ltr' id='par_1_44' title="bbox 112 2771 1734 2860">
     <span class='ocr_line' id='line_1_44' title="bbox 112 2771 1734 2860; baseline 0.01 -31"><span class='ocrx_word' id='word_1_305' title='bbox 112 2777 191 2833; x_wconf 87' lang='lat' dir='ltr'><strong>tiit</strong></span> <span class='ocrx_word' id='word_1_306' title='bbox 216 2771 317 2835; x_wconf 80' lang='lat' dir='ltr'>sibi</span> <span class='ocrx_word' id='word_1_307' title='bbox 346 2781 468 2838; x_wconf 84' lang='lat' dir='ltr'><strong>dari</strong></span> <span class='ocrx_word' id='word_1_308' title='bbox 503 2787 735 2855; x_wconf 88' lang='lat' dir='ltr'><strong>potum.</strong></span> <span class='ocrx_word' id='word_1_309' title='bbox 762 2784 937 2840; x_wconf 88' lang='lat' dir='ltr'><strong>Yolus</strong></span> <span class='ocrx_word' id='word_1_310' title='bbox 969 2786 1218 2842; x_wconf 81' lang='lat' dir='ltr'><strong>infector</strong></span> <span class='ocrx_word' id='word_1_311' title='bbox 1252 2789 1396 2844; x_wconf 91' lang='lat' dir='ltr'><strong>tanti</strong></span> <span class='ocrx_word' id='word_1_312' title='bbox 1435 2789 1569 2844; x_wconf 90' lang='lat' dir='ltr'><strong>mali</strong></span> <span class='ocrx_word' id='word_1_313' title='bbox 1602 2771 1734 2860; x_wconf 83' lang='lat' dir='ltr'><strong>por-</strong></span> 
     </span>
    </p>
   </div>
   <div class='ocr_carea' id='block_1_45' title="bbox 113 2866 1733 2944">
    <p class='ocr_par' dir='ltr' id='par_1_45' title="bbox 113 2866 1733 2944">
     <span class='ocr_line' id='line_1_45' title="bbox 113 2866 1733 2944; baseline 0.009 -25"><span class='ocrx_word' id='word_1_314' title='bbox 113 2866 238 2921; x_wconf 81' lang='lat' dir='ltr'><strong>rexit</strong></span> <span class='ocrx_word' id='word_1_315' title='bbox 256 2868 304 2924; x_wconf 92' lang='lat' dir='ltr'><strong>ei</strong></span> <span class='ocrx_word' id='word_1_316' title='bbox 330 2883 640 2926; x_wconf 88' lang='lat' dir='ltr'><strong>venenum.</strong></span> <span class='ocrx_word' id='word_1_317' title='bbox 668 2871 832 2937; x_wconf 88' lang='lat' dir='ltr'><strong>Quod</strong></span> <span class='ocrx_word' id='word_1_318' title='bbox 861 2887 990 2929; x_wconf 91' lang='lat' dir='ltr'><strong>cum</strong></span> <span class='ocrx_word' id='word_1_319' title='bbox 1026 2874 1293 2944; x_wconf 87' lang='lat' dir='ltr'><strong>bibisset,</strong></span> <span class='ocrx_word' id='word_1_320' title='bbox 1314 2877 1511 2932; x_wconf 91' lang='lat' dir='ltr'><strong>subito</strong></span> <span class='ocrx_word' id='word_1_321' title='bbox 1542 2877 1733 2933; x_wconf 84' lang='lat' dir='ltr'><strong>excla-</strong></span> 
     </span>
    </p>
   </div>
   <div class='ocr_carea' id='block_1_46' title="bbox 114 2954 1730 3033">
    <p class='ocr_par' dir='ltr' id='par_1_46' title="bbox 114 2954 1730 3033">
     <span class='ocr_line' id='line_1_46' title="bbox 114 2954 1730 3033; baseline 0.007 -24"><span class='ocrx_word' id='word_1_322' title='bbox 114 2954 266 3011; x_wconf 88' lang='lat' dir='ltr'><strong>mavit</strong></span> <span class='ocrx_word' id='word_1_323' title='bbox 284 2972 421 3014; x_wconf 91' lang='lat' dir='ltr'><strong>voce</strong></span> <span class='ocrx_word' id='word_1_324' title='bbox 454 2973 690 3029; x_wconf 88' lang='lat' dir='ltr'><strong>magna,</strong></span> <span class='ocrx_word' id='word_1_325' title='bbox 724 2961 888 3030; x_wconf 90' lang='lat' dir='ltr'><strong>quasi</strong></span> <span class='ocrx_word' id='word_1_326' title='bbox 931 2962 1144 3033; x_wconf 89' lang='lat' dir='ltr'><strong>aliquis</strong></span> <span class='ocrx_word' id='word_1_327' title='bbox 1178 2964 1432 3021; x_wconf 71' lang='lat' dir='ltr'><strong>misisset</strong></span> <span class='ocrx_word' id='word_1_328' title='bbox 1472 2964 1730 3021; x_wconf 88' lang='lat' dir='ltr'><strong>lanceam</strong></span> 
     </span>
    </p>
   </div>
   <div class='ocr_carea' id='block_1_47' title="bbox 114 3039 1732 3115">
    <p class='ocr_par' dir='ltr' id='par_1_47' title="bbox 114 3039 1732 3115">
     <span class='ocr_line' id='line_1_47' title="bbox 114 3039 1732 3115; baseline 0.01 -22"><span class='ocrx_word' id='word_1_329' title='bbox 114 3039 159 3095; x_wconf 90' lang='lat' dir='ltr'><strong>in</strong></span> <span class='ocrx_word' id='word_1_330' title='bbox 183 3040 334 3109; x_wconf 89' lang='lat' dir='ltr'><strong>jecur</strong></span> <span class='ocrx_word' id='word_1_331' title='bbox 360 3047 501 3115; x_wconf 87' lang='lat' dir='ltr'><strong>ejus.</strong></span> <span class='ocrx_word' id='word_1_332' title='bbox 530 3046 839 3103; x_wconf 88' lang='lat' dir='ltr'><strong>Paululum</strong></span> <span class='ocrx_word' id='word_1_333' title='bbox 865 3053 1057 3105; x_wconf 91' lang='lat' dir='ltr'><strong>autem</strong></span> <span class='ocrx_word' id='word_1_334' title='bbox 1084 3052 1388 3107; x_wconf 84' lang='lat' dir='ltr'><strong>continens</strong></span> <span class='ocrx_word' id='word_1_335' title='bbox 1405 3068 1463 3108; x_wconf 83' lang='lat' dir='ltr'><strong>se</strong></span> <span class='ocrx_word' id='word_1_336' title='bbox 1487 3057 1543 3107; x_wconf 90' lang='lat' dir='ltr'><strong>et</strong></span> <span class='ocrx_word' id='word_1_337' title='bbox 1565 3054 1732 3109; x_wconf 77' lang='lat' dir='ltr'><strong>suffe-</strong></span> 
     </span>
    </p>
   </div>
   <div class='ocr_carea' id='block_1_48' title="bbox 116 3131 1810 3240">
    <p class='ocr_par' dir='ltr' id='par_1_48' title="bbox 116 3131 1810 3240">
     <span class='ocr_line' id='line_1_48' title="bbox 116 3131 1807 3240; baseline 0.012 -59"><span class='ocrx_word' id='word_1_338' title='bbox 116 3142 230 3186; x_wconf 86' lang='lat' dir='ltr'><strong>rens</strong></span> <span class='ocrx_word' id='word_1_339' title='bbox 257 3131 532 3203; x_wconf 89' lang='lat' dir='ltr'><strong>dolorem,</strong></span> <span class='ocrx_word' id='word_1_340' title='bbox 556 3136 815 3192; x_wconf 83' lang='lat' dir='ltr'><strong>surrexit</strong></span> <span class='ocrx_word' id='word_1_341' title='bbox 839 3152 868 3193; x_wconf 90' lang='lat' dir='ltr'><strong>a</strong></span> <span class='ocrx_word' id='word_1_342' title='bbox 900 3137 1409 3208; x_wconf 82' lang='lat' dir='ltr'><strong>convivio,rogans</strong></span> <span class='ocrx_word' id='word_1_343' title='bbox 1440 3141 1735 3213; x_wconf 84' lang='lat' dir='ltr'><strong>principes</strong></span> <span class='ocrx_word' id='word_1_344' title='bbox 1766 3184 1807 3240; x_wconf 56' lang='grc' dir='ltr'><strong>(η</strong></span> 
     </span>
     <span class='ocr_line' id='line_1_49' title="bbox 118 3219 1810 3240; baseline 0.012 -12"><span class='ocrx_word' id='word_1_345' title='bbox 118 3219 390 3240; x_wconf 47' lang='grc' dir='ltr'><strong>,Λ-ΔειεΑΑ,</strong></span> <span class='ocrx_word' id='word_1_346' title='bbox 430 3222 632 3240; x_wconf 39' lang='lat' dir='ltr'><strong>A_j-,_4</strong></span> <span class='ocrx_word' id='word_1_347' title='bbox 669 3228 712 3240; x_wconf 68' lang='grc' dir='ltr'><strong>,ι</strong></span> <span class='ocrx_word' id='word_1_348' title='bbox 761 3237 773 3240; x_wconf 70' lang='grc'><em>,</em></span> <span class='ocrx_word' id='word_1_349' title='bbox 841 3225 946 3240; x_wconf 29' lang='grc' dir='ltr'>..ι</span> <span class='ocrx_word' id='word_1_350' title='bbox 1049 3225 1062 3240; x_wconf 79' lang='grc' dir='ltr'><strong>ι</strong></span> <span class='ocrx_word' id='word_1_351' title='bbox 1234 3228 1311 3240; x_wconf 75' lang='grc' dir='ltr'><strong>ιη</strong></span> <span class='ocrx_word' id='word_1_352' title='bbox 1432 3228 1444 3240; x_wconf 76' lang='grc'><strong>·</strong></span> <span class='ocrx_word' id='word_1_353' title='bbox 1510 3228 1522 3240; x_wconf 74' lang='grc' dir='ltr'><strong>ι</strong></span> <span class='ocrx_word' id='word_1_354' title='bbox 1588 3234 1596 3240; x_wconf 87' lang='lat'><strong><em>-</em></strong></span> <span class='ocrx_word' id='word_1_355' title='bbox 1682 3230 1692 3240; x_wconf 76' lang='grc' dir='ltr'><strong>ο</strong></span> <span class='ocrx_word' id='word_1_356' title='bbox 1797 3221 1810 3238; x_wconf 79' lang='grc'><em>¹</em></span> 
     </span>
    </p>
   </div>
   <div class='ocr_carea' id='block_1_49' title="bbox 118 3219 1718 3285">
    <p class='ocr_par' dir='ltr' id='par_1_49' title="bbox 118 3219 1718 3285">
     <span class='ocr_line' id='line_1_50' title="bbox 118 3219 1718 3285; baseline 0.009 -15"><span class='ocrx_word' id='word_1_357' title='bbox 118 3230 171 3271; x_wconf 87' lang='lat' dir='ltr'><strong>ac</strong></span> <span class='ocrx_word' id='word_1_358' title='bbox 197 3219 395 3277; x_wconf 87' lang='lat' dir='ltr'><strong>milites</strong></span> <span class='ocrx_word' id='word_1_359' title='bbox 425 3222 640 3278; x_wconf 90' lang='lat' dir='ltr'><strong>sedere</strong></span> <span class='ocrx_word' id='word_1_360' title='bbox 659 3228 719 3278; x_wconf 87' lang='lat' dir='ltr'><strong>et</strong></span> <span class='ocrx_word' id='word_1_361' title='bbox 750 3225 1105 3281; x_wconf 89' lang='lat' dir='ltr'><strong>comedendo</strong></span> <span class='ocrx_word' id='word_1_362' title='bbox 1138 3241 1202 3281; x_wconf 93' lang='lat' dir='ltr'><strong>ac</strong></span> <span class='ocrx_word' id='word_1_363' title='bbox 1234 3228 1485 3284; x_wconf 91' lang='lat' dir='ltr'><strong>bibendo</strong></span> <span class='ocrx_word' id='word_1_364' title='bbox 1510 3228 1718 3285; x_wconf 57' lang='lat' dir='ltr'><strong>laetari.</strong></span> 
     </span>
    </p>
   </div>
   <div class='ocr_carea' id='block_1_50' title="bbox 118 3303 1731 3386">
    <p class='ocr_par' dir='ltr' id='par_1_50' title="bbox 118 3303 1731 3386">
     <span class='ocr_line' id='line_1_51' title="bbox 118 3303 1731 3386; baseline 0.009 -29"><span class='ocrx_word' id='word_1_365' title='bbox 118 3303 367 3365; x_wconf 89' lang='lat' dir='ltr'><strong>llliverbo</strong></span> <span class='ocrx_word' id='word_1_366' title='bbox 381 3310 1067 3376; x_wconf 88' lang='lat' dir='ltr'><strong>turbati,surrexerunta</strong></span> <span class='ocrx_word' id='word_1_367' title='bbox 1093 3319 1731 3386; x_wconf 90' lang='lat' dir='ltr'><strong>mensa,steteruntque</strong></span> 
     </span>
    </p>
   </div>
   <div class='ocr_carea' id='block_1_51' title="bbox 118 3392 1733 3467">
    <p class='ocr_par' dir='ltr' id='par_1_51' title="bbox 118 3392 1733 3467">
     <span class='ocr_line' id='line_1_52' title="bbox 118 3392 1733 3467; baseline 0.009 -23"><span class='ocrx_word' id='word_1_368' title='bbox 118 3392 427 3467; x_wconf 82' lang='lat' dir='ltr'><strong>forinsecus,</strong></span> <span class='ocrx_word' id='word_1_369' title='bbox 462 3402 524 3453; x_wconf 91' lang='lat' dir='ltr'><strong>ut</strong></span> <span class='ocrx_word' id='word_1_370' title='bbox 561 3397 831 3453; x_wconf 87' lang='lat' dir='ltr'><strong>viderent</strong></span> <span class='ocrx_word' id='word_1_371' title='bbox 869 3404 1140 3456; x_wconf 88' lang='lat' dir='ltr'><strong>eventum</strong></span> <span class='ocrx_word' id='word_1_372' title='bbox 1164 3401 1614 3458; x_wconf 88' lang='lat' dir='ltr'><strong>rei.Alexandcr</strong></span> <span class='ocrx_word' id='word_1_373' title='bbox 1636 3419 1733 3459; x_wconf 90' lang='lat' dir='ltr'><strong>au-</strong></span> 
     </span>
    </p>
   </div>
   <div class='ocr_carea' id='block_1_52' title="bbox 116 3482 1729 3558">
    <p class='ocr_par' dir='ltr' id='par_1_52' title="bbox 116 3482 1729 3558">
     <span class='ocr_line' id='line_1_53' title="bbox 116 3482 1729 3558; baseline 0.007 -24"><span class='ocrx_word' id='word_1_374' title='bbox 116 3482 211 3535; x_wconf 85' lang='lat' dir='ltr'><strong>tem</strong></span> <span class='ocrx_word' id='word_1_375' title='bbox 239 3483 429 3541; x_wconf 85' lang='lat' dir='ltr'><strong>volens</strong></span> <span class='ocrx_word' id='word_1_376' title='bbox 454 3499 714 3555; x_wconf 88' lang='lat' dir='ltr'><strong>vomere,</strong></span> <span class='ocrx_word' id='word_1_377' title='bbox 733 3486 984 3555; x_wconf 85' lang='lat' dir='ltr'><strong>quesivit</strong></span> <span class='ocrx_word' id='word_1_378' title='bbox 1018 3502 1286 3558; x_wconf 89' lang='lat' dir='ltr'><strong>pennam,</strong></span> <span class='ocrx_word' id='word_1_379' title='bbox 1309 3493 1370 3544; x_wconf 90' lang='lat' dir='ltr'><strong>ut</strong></span> <span class='ocrx_word' id='word_1_380' title='bbox 1401 3489 1729 3546; x_wconf 85' lang='lat' dir='ltr'><strong>mitterctin</strong></span> 
     </span>
    </p>
   </div>
   <div class='ocr_carea' id='block_1_53' title="bbox 114 3571 1730 3643">
    <p class='ocr_par' dir='ltr' id='par_1_53' title="bbox 114 3571 1730 3643">
     <span class='ocr_line' id='line_1_54' title="bbox 114 3571 1730 3643; baseline 0.008 -22"><span class='ocrx_word' id='word_1_381' title='bbox 114 3571 289 3634; x_wconf 79' lang='lat' dir='ltr'><strong>guttur</strong></span> <span class='ocrx_word' id='word_1_382' title='bbox 315 3586 477 3628; x_wconf 91' lang='lat' dir='ltr'><strong>suum</strong></span> <span class='ocrx_word' id='word_1_383' title='bbox 494 3573 568 3628; x_wconf 90' lang='lat' dir='ltr'><strong>ad</strong></span> <span class='ocrx_word' id='word_1_384' title='bbox 587 3575 1019 3643; x_wconf 90' lang='lat' dir='ltr'><strong>provocandum</strong></span> <span class='ocrx_word' id='word_1_385' title='bbox 1046 3576 1324 3631; x_wconf 90' lang='lat' dir='ltr'><strong>vomitum</strong></span> <span class='ocrx_word' id='word_1_386' title='bbox 1349 3593 1363 3642; x_wconf 92' lang='lat'><strong>;</strong></span> <span class='ocrx_word' id='word_1_387' title='bbox 1394 3577 1564 3633; x_wconf 79' lang='lat' dir='ltr'><strong>Yolus</strong></span> <span class='ocrx_word' id='word_1_388' title='bbox 1590 3594 1730 3634; x_wconf 88' lang='lat' dir='ltr'><strong>vero</strong></span> 
     </span>
    </p>
   </div>
   <div class='ocr_carea' id='block_1_54' title="bbox 117 3652 1732 3734">
    <p class='ocr_par' dir='ltr' id='par_1_54' title="bbox 117 3652 1732 3734">
     <span class='ocr_line' id='line_1_55' title="bbox 117 3652 1732 3734; baseline 0.009 -27"><span class='ocrx_word' id='word_1_389' title='bbox 117 3652 378 3715; x_wconf 85' lang='lat' dir='ltr'><strong>inveniens</strong></span> <span class='ocrx_word' id='word_1_390' title='bbox 409 3674 661 3731; x_wconf 87' lang='lat' dir='ltr'><strong>pennam</strong></span> <span class='ocrx_word' id='word_1_391' title='bbox 712 3660 900 3716; x_wconf 90' lang='lat' dir='ltr'><strong>linivit</strong></span> <span class='ocrx_word' id='word_1_392' title='bbox 927 3676 1051 3717; x_wconf 91' lang='lat' dir='ltr'><strong>eam</strong></span> <span class='ocrx_word' id='word_1_393' title='bbox 1082 3677 1326 3733; x_wconf 91' lang='lat' dir='ltr'><strong>veneno,</strong></span> <span class='ocrx_word' id='word_1_394' title='bbox 1354 3668 1412 3719; x_wconf 91' lang='lat' dir='ltr'><strong>et</strong></span> <span class='ocrx_word' id='word_1_395' title='bbox 1460 3666 1732 3734; x_wconf 83' lang='lat' dir='ltr'><strong>porrexit</strong></span> 
     </span>
    </p>
   </div>
   <div class='ocr_carea' id='block_1_55' title="bbox 114 3740 1730 3821">
    <p class='ocr_par' dir='ltr' id='par_1_55' title="bbox 114 3740 1730 3821">
     <span class='ocr_line' id='line_1_56' title="bbox 114 3740 1730 3821; baseline 0.009 -27"><span class='ocrx_word' id='word_1_396' title='bbox 114 3740 208 3796; x_wconf 91' lang='lat' dir='ltr'><strong>illi.</strong></span> <span class='ocrx_word' id='word_1_397' title='bbox 244 3744 412 3811; x_wconf 85' lang='lat' dir='ltr'><strong>Quam</strong></span> <span class='ocrx_word' id='word_1_398' title='bbox 460 3764 597 3804; x_wconf 90' lang='lat' dir='ltr'><strong>cum</strong></span> <span class='ocrx_word' id='word_1_399' title='bbox 630 3748 727 3803; x_wconf 91' lang='lat' dir='ltr'><strong>ille</strong></span> <span class='ocrx_word' id='word_1_400' title='bbox 758 3749 813 3804; x_wconf 92' lang='lat' dir='ltr'><strong>in</strong></span> <span class='ocrx_word' id='word_1_401' title='bbox 844 3754 1053 3820; x_wconf 85' lang='lat' dir='ltr'><strong>guttur</strong></span> <span class='ocrx_word' id='word_1_402' title='bbox 1112 3750 1374 3806; x_wconf 90' lang='lat' dir='ltr'><strong>mitteret</strong></span> <span class='ocrx_word' id='word_1_403' title='bbox 1426 3752 1606 3821; x_wconf 87' lang='lat' dir='ltr'><strong>magis</strong></span> <span class='ocrx_word' id='word_1_404' title='bbox 1665 3768 1730 3810; x_wconf 93' lang='lat' dir='ltr'><strong>ac</strong></span> 
     </span>
    </p>
   </div>
   <div class='ocr_carea' id='block_1_56' title="bbox 116 3830 1729 3908">
    <p class='ocr_par' dir='ltr' id='par_1_56' title="bbox 116 3830 1729 3908">
     <span class='ocr_line' id='line_1_57' title="bbox 116 3830 1729 3908; baseline 0.007 -25"><span class='ocrx_word' id='word_1_405' title='bbox 116 3830 269 3901; x_wconf 83' lang='lat' dir='ltr'><strong>magis</strong></span> <span class='ocrx_word' id='word_1_406' title='bbox 316 3837 563 3905; x_wconf 77' lang='lat' dir='ltr'><strong>urgebat</strong></span> <span class='ocrx_word' id='word_1_407' title='bbox 612 3851 740 3892; x_wconf 91' lang='lat' dir='ltr'><strong>eum</strong></span> <span class='ocrx_word' id='word_1_408' title='bbox 800 3853 1100 3908; x_wconf 80' lang='lat' dir='ltr'><strong>venenum,</strong></span> <span class='ocrx_word' id='word_1_409' title='bbox 1144 3842 1439 3907; x_wconf 87' lang='lat' dir='ltr'><strong>totamque</strong></span> <span class='ocrx_word' id='word_1_410' title='bbox 1500 3844 1729 3895; x_wconf 88' lang='lat' dir='ltr'><strong>noctem</strong></span> 
     </span>
    </p>
   </div>
   <div class='ocr_carea' id='block_1_57' title="bbox 115 3916 1729 3985">
    <p class='ocr_par' dir='ltr' id='par_1_57' title="bbox 115 3916 1729 3985">
     <span class='ocr_line' id='line_1_58' title="bbox 115 3916 1729 3985; baseline 0.009 -16"><span class='ocrx_word' id='word_1_411' title='bbox 115 3916 245 3974; x_wconf 87' lang='lat' dir='ltr'><strong>illam</strong></span> <span class='ocrx_word' id='word_1_412' title='bbox 263 3920 421 3977; x_wconf 87' lang='lat' dir='ltr'><strong>duxit</strong></span> <span class='ocrx_word' id='word_1_413' title='bbox 438 3924 760 3981; x_wconf 89' lang='lat' dir='ltr'><strong>insomnem</strong></span> <span class='ocrx_word' id='word_1_414' title='bbox 776 3968 789 3980; x_wconf 95' lang='lat'><strong>.</strong></span> <span class='ocrx_word' id='word_1_415' title='bbox 812 3926 1009 3981; x_wconf 86' lang='lat' dir='ltr'><strong>Altera</strong></span> <span class='ocrx_word' id='word_1_416' title='bbox 1036 3941 1173 3981; x_wconf 86' lang='lat' dir='ltr'><strong>vero</strong></span> <span class='ocrx_word' id='word_1_417' title='bbox 1187 3926 1279 3982; x_wconf 89' lang='lat' dir='ltr'><strong>die</strong></span> <span class='ocrx_word' id='word_1_418' title='bbox 1301 3943 1428 3983; x_wconf 88' lang='lat' dir='ltr'><strong>cum</strong></span> <span class='ocrx_word' id='word_1_419' title='bbox 1450 3929 1729 3985; x_wconf 86' lang='lat' dir='ltr'><strong>sensisset</strong></span> 
     </span>
    </p>
   </div>
   <div class='ocr_carea' id='block_1_58' title="bbox 115 4009 1728 4084">
    <p class='ocr_par' dir='ltr' id='par_1_58' title="bbox 115 4009 1728 4084">
     <span class='ocr_line' id='line_1_59' title="bbox 115 4009 1728 4084; baseline 0.011 -26"><span class='ocrx_word' id='word_1_420' title='bbox 115 4018 164 4059; x_wconf 84' lang='lat' dir='ltr'><strong>se</strong></span> <span class='ocrx_word' id='word_1_421' title='bbox 193 4009 434 4078; x_wconf 90' lang='lat' dir='ltr'><strong>positum</strong></span> <span class='ocrx_word' id='word_1_422' title='bbox 462 4012 518 4067; x_wconf 92' lang='lat' dir='ltr'><strong>in</strong></span> <span class='ocrx_word' id='word_1_423' title='bbox 548 4012 1079 4082; x_wconf 89' lang='lat' dir='ltr'><strong>malo,convocavit</strong></span> <span class='ocrx_word' id='word_1_424' title='bbox 1115 4028 1315 4071; x_wconf 91' lang='lat' dir='ltr'><strong>omnes</strong></span> <span class='ocrx_word' id='word_1_425' title='bbox 1342 4015 1555 4071; x_wconf 89' lang='lat' dir='ltr'><strong>milites</strong></span> <span class='ocrx_word' id='word_1_426' title='bbox 1571 4031 1728 4084; x_wconf 88' lang='lat' dir='ltr'><strong>suos,</strong></span> 
     </span>
    </p>
   </div>
   <div class='ocr_carea' id='block_1_59' title="bbox 113 4094 1731 4173">
    <p class='ocr_par' dir='ltr' id='par_1_59' title="bbox 113 4094 1731 4173">
     <span class='ocr_line' id='line_1_60' title="bbox 113 4094 1731 4173; baseline 0.009 -27"><span class='ocrx_word' id='word_1_427' title='bbox 113 4094 161 4145; x_wconf 87' lang='lat' dir='ltr'><strong>et</strong></span> <span class='ocrx_word' id='word_1_428' title='bbox 187 4099 485 4154; x_wconf 85' lang='lat' dir='ltr'><strong>ammonuit</strong></span> <span class='ocrx_word' id='word_1_429' title='bbox 532 4114 657 4169; x_wconf 91' lang='lat' dir='ltr'><strong>eos,</strong></span> <span class='ocrx_word' id='word_1_430' title='bbox 694 4105 757 4171; x_wconf 88' lang='lat' dir='ltr'><strong>ut</strong></span> <span class='ocrx_word' id='word_1_431' title='bbox 787 4101 932 4157; x_wconf 89' lang='lat' dir='ltr'><strong>bene</strong></span> <span class='ocrx_word' id='word_1_432' title='bbox 963 4103 1019 4156; x_wconf 91' lang='lat' dir='ltr'><strong>et</strong></span> <span class='ocrx_word' id='word_1_433' title='bbox 1046 4102 1288 4173; x_wconf 86' lang='lat' dir='ltr'><strong>pacifiee</strong></span> <span class='ocrx_word' id='word_1_434' title='bbox 1323 4103 1474 4158; x_wconf 90' lang='lat' dir='ltr'><strong>inter</strong></span> <span class='ocrx_word' id='word_1_435' title='bbox 1497 4118 1557 4159; x_wconf 88' lang='lat' dir='ltr'><strong>se</strong></span> <span class='ocrx_word' id='word_1_436' title='bbox 1581 4105 1731 4161; x_wconf 89' lang='lat' dir='ltr'><strong>vive-</strong></span> 
     </span>
    </p>
   </div>
   <div class='ocr_carea' id='block_1_60' title="bbox 113 4184 1734 4261">
    <p class='ocr_par' dir='ltr' id='par_1_60' title="bbox 113 4184 1734 4261">
     <span class='ocr_line' id='line_1_61' title="bbox 113 4184 1734 4261; baseline 0.011 -28"><span class='ocrx_word' id='word_1_437' title='bbox 113 4184 420 4242; x_wconf 86' lang='lat' dir='ltr'><strong>rent.Facta</strong></span> <span class='ocrx_word' id='word_1_438' title='bbox 445 4201 590 4244; x_wconf 85' lang='lat' dir='ltr'><strong>vero</strong></span> <span class='ocrx_word' id='word_1_439' title='bbox 620 4192 813 4260; x_wconf 91' lang='lat' dir='ltr'><strong>nocte,</strong></span> <span class='ocrx_word' id='word_1_440' title='bbox 849 4190 1099 4261; x_wconf 90' lang='lat' dir='ltr'><strong>precipit</strong></span> <span class='ocrx_word' id='word_1_441' title='bbox 1130 4205 1332 4247; x_wconf 91' lang='lat' dir='ltr'><strong>omnes</strong></span> <span class='ocrx_word' id='word_1_442' title='bbox 1365 4192 1525 4248; x_wconf 90' lang='lat' dir='ltr'><strong>exire</strong></span> <span class='ocrx_word' id='word_1_443' title='bbox 1545 4193 1616 4249; x_wconf 92' lang='lat' dir='ltr'><strong>de</strong></span> <span class='ocrx_word' id='word_1_444' title='bbox 1638 4210 1734 4250; x_wconf 90' lang='lat' dir='ltr'><strong>cu-</strong></span> 
     </span>
    </p>
   </div>
   <div class='ocr_carea' id='block_1_61' title="bbox 113 4266 1732 4350">
    <p class='ocr_par' dir='ltr' id='par_1_61' title="bbox 113 4266 1732 4350">
     <span class='ocr_line' id='line_1_62' title="bbox 113 4266 1732 4350; baseline 0.012 -30"><span class='ocrx_word' id='word_1_445' title='bbox 113 4266 296 4341; x_wconf 83' lang='lat' dir='ltr'><strong>biculo,</strong></span> <span class='ocrx_word' id='word_1_446' title='bbox 316 4273 483 4331; x_wconf 90' lang='lat' dir='ltr'><strong>simul</strong></span> <span class='ocrx_word' id='word_1_447' title='bbox 514 4279 575 4331; x_wconf 87' lang='lat' dir='ltr'><strong>et</strong></span> <span class='ocrx_word' id='word_1_448' title='bbox 610 4277 834 4332; x_wconf 84' lang='lat' dir='ltr'><strong>Roxani</strong></span> <span class='ocrx_word' id='word_1_449' title='bbox 865 4293 1105 4334; x_wconf 86' lang='lat' dir='ltr'><strong>uxorem</strong></span> <span class='ocrx_word' id='word_1_450' title='bbox 1130 4292 1310 4335; x_wconf 90' lang='lat' dir='ltr'><strong>suam.</strong></span> <span class='ocrx_word' id='word_1_451' title='bbox 1336 4280 1592 4350; x_wconf 88' lang='lat' dir='ltr'><strong>Cumque</strong></span> <span class='ocrx_word' id='word_1_452' title='bbox 1615 4297 1732 4339; x_wconf 91' lang='lat' dir='ltr'><strong>om-</strong></span> 
     </span>
    </p>
   </div>
   <div class='ocr_carea' id='block_1_62' title="bbox 111 4358 1731 4438">
    <p class='ocr_par' dir='ltr' id='par_1_62' title="bbox 111 4358 1731 4438">
     <span class='ocr_line' id='line_1_63' title="bbox 111 4358 1731 4438; baseline 0.01 -31"><span class='ocrx_word' id='word_1_453' title='bbox 111 4368 195 4410; x_wconf 86' lang='lat' dir='ltr'><strong>nes</strong></span> <span class='ocrx_word' id='word_1_454' title='bbox 213 4358 480 4432; x_wconf 86' lang='lat' dir='ltr'><strong>exissent,</strong></span> <span class='ocrx_word' id='word_1_455' title='bbox 499 4363 763 4433; x_wconf 91' lang='lat' dir='ltr'><strong>precepit</strong></span> <span class='ocrx_word' id='word_1_456' title='bbox 789 4364 1016 4420; x_wconf 91' lang='lat' dir='ltr'><strong>cuidam</strong></span> <span class='ocrx_word' id='word_1_457' title='bbox 1044 4365 1308 4422; x_wconf 89' lang='lat' dir='ltr'><strong>familiari</strong></span> <span class='ocrx_word' id='word_1_458' title='bbox 1333 4381 1439 4421; x_wconf 92' lang='lat' dir='ltr'><strong>suo</strong></span> <span class='ocrx_word' id='word_1_459' title='bbox 1464 4370 1525 4422; x_wconf 90' lang='lat' dir='ltr'><strong>ut</strong></span> <span class='ocrx_word' id='word_1_460' title='bbox 1547 4370 1731 4438; x_wconf 86' lang='lat' dir='ltr'><strong>aperi-</strong></span> 
     </span>
    </p>
   </div>
   <div class='ocr_carea' id='block_1_63' title="bbox 112 4446 1726 4523">
    <p class='ocr_par' dir='ltr' id='par_1_63' title="bbox 112 4446 1726 4523">
     <span class='ocr_line' id='line_1_64' title="bbox 112 4446 1726 4523; baseline 0.009 -27"><span class='ocrx_word' id='word_1_461' title='bbox 112 4446 183 4495; x_wconf 85' lang='lat' dir='ltr'><strong>ret</strong></span> <span class='ocrx_word' id='word_1_462' title='bbox 212 4446 411 4516; x_wconf 77' lang='lat' dir='ltr'><strong>regiam</strong></span> <span class='ocrx_word' id='word_1_463' title='bbox 441 4449 595 4519; x_wconf 87' lang='grc'>(211)</span> <span class='ocrx_word' id='word_1_464' title='bbox 631 4465 760 4520; x_wconf 58' lang='lat' dir='ltr'><strong>quae</strong></span> <span class='ocrx_word' id='word_1_465' title='bbox 788 4455 920 4507; x_wconf 88' lang='lat' dir='ltr'><strong>erat</strong></span> <span class='ocrx_word' id='word_1_466' title='bbox 954 4466 1131 4523; x_wconf 87' lang='lat' dir='ltr'><strong>super</strong></span> <span class='ocrx_word' id='word_1_467' title='bbox 1181 4453 1524 4510; x_wconf 90' lang='lat' dir='ltr'><strong>descensum</strong></span> <span class='ocrx_word' id='word_1_468' title='bbox 1571 4456 1726 4511; x_wconf 84' lang='lat' dir='ltr'><strong>ﬂuvii</strong></span> 
     </span>
    </p>
   </div>
   <div class='ocr_carea' id='block_1_64' title="bbox 110 4526 1727 4609">
    <p class='ocr_par' dir='ltr' id='par_1_64' title="bbox 110 4528 1725 4609">
     <span class='ocr_line' id='line_1_65' title="bbox 110 4528 1725 4609; baseline 0.012 -28"><span class='ocrx_word' id='word_1_469' title='bbox 110 4528 352 4603; x_wconf 85' lang='lat' dir='ltr'><strong>Eufratis,</strong></span> <span class='ocrx_word' id='word_1_470' title='bbox 375 4541 433 4591; x_wconf 88' lang='lat' dir='ltr'><strong>et</strong></span> <span class='ocrx_word' id='word_1_471' title='bbox 468 4551 601 4593; x_wconf 91' lang='lat' dir='ltr'><strong>cum</strong></span> <span class='ocrx_word' id='word_1_472' title='bbox 634 4551 802 4595; x_wconf 90' lang='lat' dir='ltr'><strong>nemo</strong></span> <span class='ocrx_word' id='word_1_473' title='bbox 837 4538 915 4594; x_wconf 94' lang='lat' dir='ltr'><strong>ibi</strong></span> <span class='ocrx_word' id='word_1_474' title='bbox 933 4543 1111 4609; x_wconf 88' lang='lat' dir='ltr'><strong>esset,</strong></span> <span class='ocrx_word' id='word_1_475' title='bbox 1130 4540 1318 4596; x_wconf 89' lang='lat' dir='ltr'><strong>erexit</strong></span> <span class='ocrx_word' id='word_1_476' title='bbox 1356 4556 1414 4597; x_wconf 91' lang='lat' dir='ltr'><strong>se</strong></span> <span class='ocrx_word' id='word_1_477' title='bbox 1444 4540 1515 4597; x_wconf 91' lang='lat' dir='ltr'><strong>de</strong></span> <span class='ocrx_word' id='word_1_478' title='bbox 1537 4546 1725 4601; x_wconf 89' lang='lat' dir='ltr'><strong>stratu</strong></span> 
     </span>
    </p>
   </div>
   <div class='ocr_carea' id='block_1_65' title="bbox 1911 4526 3230 4609">
    <p class='ocr_par' dir='ltr' id='par_1_65' title="bbox 1911 4526 3230 4609">
     <span class='ocr_line' id='line_1_66' title="bbox 1911 4526 3230 4609; baseline 0.003 -25"><span class='ocrx_word' id='word_1_479' title='bbox 1911 4526 2440 4609; x_wconf 29' lang='lat' dir='ltr'><strong>elementorumluti</strong></span> <span class='ocrx_word' id='word_1_480' title='bbox 2458 4531 2774 4609; x_wconf 77' lang='lat' dir='ltr'><strong>_legel_etur</strong></span> <span class='ocrx_word' id='word_1_481' title='bbox 2796 4531 2850 4587; x_wconf 93' lang='lat' dir='ltr'><strong>in</strong></span> <span class='ocrx_word' id='word_1_482' title='bbox 2866 4526 2953 4609; x_wconf 73' lang='lat' dir='ltr'><strong>eis</strong></span> <span class='ocrx_word' id='word_1_483' title='bbox 2970 4552 2982 4586; x_wconf 90' lang='lat'><strong>:</strong></span> <span class='ocrx_word' id='word_1_484' title='bbox 2999 4534 3230 4609; x_wconf 66' lang='lat' dir='ltr'><strong>Alewan</strong></span> 
     </span>
    </p>
   </div>
   <div class='ocr_carea' id='block_1_66' title="bbox 112 4622 1726 4702">
    <p class='ocr_par' dir='ltr' id='par_1_66' title="bbox 112 4622 1726 4702">
     <span class='ocr_line' id='line_1_67' title="bbox 112 4622 1726 4702; baseline 0.011 -32"><span class='ocrx_word' id='word_1_485' title='bbox 112 4628 197 4674; x_wconf 82' lang='lat' dir='ltr'><strong>suo</strong></span> <span class='ocrx_word' id='word_1_486' title='bbox 225 4622 400 4680; x_wconf 91' lang='lat' dir='ltr'><strong>media</strong></span> <span class='ocrx_word' id='word_1_487' title='bbox 451 4629 644 4695; x_wconf 87' lang='lat' dir='ltr'><strong>nocte,</strong></span> <span class='ocrx_word' id='word_1_488' title='bbox 676 4631 735 4682; x_wconf 91' lang='lat' dir='ltr'><strong>et</strong></span> <span class='ocrx_word' id='word_1_489' title='bbox 764 4627 1051 4683; x_wconf 85' lang='lat' dir='ltr'><strong>exstinxit</strong></span> <span class='ocrx_word' id='word_1_490' title='bbox 1110 4627 1429 4699; x_wconf 89' lang='lat' dir='ltr'><strong>lucernam,</strong></span> <span class='ocrx_word' id='word_1_491' title='bbox 1474 4635 1531 4686; x_wconf 92' lang='lat' dir='ltr'><strong>et</strong></span> <span class='ocrx_word' id='word_1_492' title='bbox 1593 4632 1726 4702; x_wconf 88' lang='lat' dir='ltr'><strong>quia</strong></span> 
     </span>
    </p>
   </div>
   <div class='ocr_carea' id='block_1_67' title="bbox 114 4708 1729 4788">
    <p class='ocr_par' dir='ltr' id='par_1_67' title="bbox 114 4708 1729 4788">
     <span class='ocr_line' id='line_1_68' title="bbox 114 4708 1729 4788; baseline 0.012 -33"><span class='ocrx_word' id='word_1_493' title='bbox 114 4716 204 4759; x_wconf 89' lang='lat' dir='ltr'><strong>non</strong></span> <span class='ocrx_word' id='word_1_494' title='bbox 227 4708 449 4766; x_wconf 89' lang='lat' dir='ltr'><strong>valebat</strong></span> <span class='ocrx_word' id='word_1_495' title='bbox 471 4717 708 4770; x_wconf 88' lang='lat' dir='ltr'><strong>erectus</strong></span> <span class='ocrx_word' id='word_1_496' title='bbox 734 4713 838 4785; x_wconf 89' lang='lat' dir='ltr'><strong>ire,</strong></span> <span class='ocrx_word' id='word_1_497' title='bbox 857 4714 1126 4771; x_wconf 90' lang='lat' dir='ltr'><strong>manibus</strong></span> <span class='ocrx_word' id='word_1_498' title='bbox 1148 4715 1513 4786; x_wconf 87' lang='lat' dir='ltr'><strong>pedibusque</strong></span> <span class='ocrx_word' id='word_1_499' title='bbox 1537 4722 1729 4788; x_wconf 87' lang='lat' dir='ltr'><strong>repta-</strong></span> 
     </span>
    </p>
   </div>
   <div class='ocr_carea' id='block_1_68' title="bbox 110 4790 1728 4874">
    <p class='ocr_par' dir='ltr' id='par_1_68' title="bbox 110 4790 1728 4874">
     <span class='ocr_line' id='line_1_69' title="bbox 110 4790 1728 4874; baseline 0.014 -33"><span class='ocrx_word' id='word_1_500' title='bbox 110 4790 175 4845; x_wconf 81' lang='lat' dir='ltr'><strong>vit</strong></span> <span class='ocrx_word' id='word_1_501' title='bbox 203 4810 295 4865; x_wconf 91' lang='lat' dir='ltr'><strong>per</strong></span> <span class='ocrx_word' id='word_1_502' title='bbox 321 4804 534 4857; x_wconf 89' lang='lat' dir='ltr'><strong>terram</strong></span> <span class='ocrx_word' id='word_1_503' title='bbox 565 4801 635 4858; x_wconf 90' lang='lat' dir='ltr'><strong>ad</strong></span> <span class='ocrx_word' id='word_1_504' title='bbox 668 4802 974 4874; x_wconf 81' lang='lat' dir='ltr'><strong>ﬂumen,ut</strong></span> <span class='ocrx_word' id='word_1_505' title='bbox 1009 4809 1375 4872; x_wconf 81' lang='lat' dir='ltr'><strong>mergeretur</strong></span> <span class='ocrx_word' id='word_1_506' title='bbox 1425 4805 1481 4861; x_wconf 93' lang='lat' dir='ltr'><strong>in</strong></span> <span class='ocrx_word' id='word_1_507' title='bbox 1510 4809 1728 4863; x_wconf 81' lang='lat' dir='ltr'><strong>eo.Ro-</strong></span> 
     </span>
    </p>
   </div>
   <div class='ocr_carea' id='block_1_69' title="bbox 110 4882 1728 4961">
    <p class='ocr_par' dir='ltr' id='par_1_69' title="bbox 110 4882 1728 4961">
     <span class='ocr_line' id='line_1_70' title="bbox 110 4882 1728 4961; baseline 0.012 -30"><span class='ocrx_word' id='word_1_508' title='bbox 110 4882 217 4936; x_wconf 86' lang='lat' dir='ltr'><strong>xani</strong></span> <span class='ocrx_word' id='word_1_509' title='bbox 246 4890 427 4942; x_wconf 89' lang='lat' dir='ltr'><strong>autem</strong></span> <span class='ocrx_word' id='word_1_510' title='bbox 459 4904 604 4945; x_wconf 88' lang='lat' dir='ltr'><strong>uxor</strong></span> <span class='ocrx_word' id='word_1_511' title='bbox 635 4891 762 4961; x_wconf 87' lang='lat' dir='ltr'><strong>ejus</strong></span> <span class='ocrx_word' id='word_1_512' title='bbox 795 4890 1068 4961; x_wconf 83' lang='lat' dir='ltr'><strong>vigilans,</strong></span> <span class='ocrx_word' id='word_1_513' title='bbox 1103 4894 1162 4946; x_wconf 90' lang='lat' dir='ltr'><strong>et</strong></span> <span class='ocrx_word' id='word_1_514' title='bbox 1196 4891 1402 4948; x_wconf 89' lang='lat' dir='ltr'><strong>videns</strong></span> <span class='ocrx_word' id='word_1_515' title='bbox 1443 4908 1571 4949; x_wconf 87' lang='lat' dir='ltr'><strong>eum</strong></span> <span class='ocrx_word' id='word_1_516' title='bbox 1607 4899 1728 4951; x_wconf 92' lang='lat' dir='ltr'><strong>ten-</strong></span> 
     </span>
    </p>
   </div>
   <div class='ocr_carea' id='block_1_70' title="bbox 110 4963 1727 5038">
    <p class='ocr_par' dir='ltr' id='par_1_70' title="bbox 110 4963 1727 5038">
     <span class='ocr_line' id='line_1_71' title="bbox 110 4963 1727 5038; baseline 0.013 -21"><span class='ocrx_word' id='word_1_517' title='bbox 110 4963 310 5026; x_wconf 89' lang='lat' dir='ltr'><strong>dentem</strong></span> <span class='ocrx_word' id='word_1_518' title='bbox 336 4975 406 5029; x_wconf 89' lang='lat' dir='ltr'><strong>ad</strong></span> <span class='ocrx_word' id='word_1_519' title='bbox 440 4976 674 5038; x_wconf 76' lang='lat' dir='ltr'><strong>flumen.</strong></span> <span class='ocrx_word' id='word_1_520' title='bbox 706 4982 908 5034; x_wconf 90' lang='lat' dir='ltr'><strong>secuta</strong></span> <span class='ocrx_word' id='word_1_521' title='bbox 942 4984 1035 5034; x_wconf 90' lang='lat' dir='ltr'><strong>est</strong></span> <span class='ocrx_word' id='word_1_522' title='bbox 1070 4993 1199 5034; x_wconf 91' lang='lat' dir='ltr'><strong>eum</strong></span> <span class='ocrx_word' id='word_1_523' title='bbox 1247 4994 1425 5035; x_wconf 90' lang='lat' dir='ltr'><strong>cursu</strong></span> <span class='ocrx_word' id='word_1_524' title='bbox 1480 4980 1727 5038; x_wconf 86' lang='lat' dir='ltr'><strong>velocis-</strong></span> 
     </span>
    </p>
   </div>
   <div class='ocr_carea' id='block_1_71' title="bbox 110 5052 1724 5139">
    <p class='ocr_par' dir='ltr' id='par_1_71' title="bbox 110 5052 1724 5139">
     <span class='ocr_line' id='line_1_72' title="bbox 110 5052 1724 5139; baseline 0.011 -30"><span class='ocrx_word' id='word_1_525' title='bbox 110 5052 251 5127; x_wconf 80' lang='lat' dir='ltr'><strong>Simo,</strong></span> <span class='ocrx_word' id='word_1_526' title='bbox 284 5065 341 5116; x_wconf 91' lang='lat' dir='ltr'><strong>et</strong></span> <span class='ocrx_word' id='word_1_527' title='bbox 370 5078 500 5119; x_wconf 89' lang='lat' dir='ltr'><strong>cum</strong></span> <span class='ocrx_word' id='word_1_528' title='bbox 527 5064 643 5133; x_wconf 88' lang='lat' dir='ltr'><strong>jam</strong></span> <span class='ocrx_word' id='word_1_529' title='bbox 704 5080 888 5137; x_wconf 91' lang='lat' dir='ltr'><strong>prope</strong></span> <span class='ocrx_word' id='word_1_530' title='bbox 921 5066 1131 5122; x_wconf 86' lang='lat' dir='ltr'><strong>ﬂumen</strong></span> <span class='ocrx_word' id='word_1_531' title='bbox 1152 5066 1588 5139; x_wconf 87' lang='lat' dir='ltr'><strong>seadvolveret,</strong></span> <span class='ocrx_word' id='word_1_532' title='bbox 1609 5085 1724 5126; x_wconf 91' lang='lat' dir='ltr'><strong>am-</strong></span> 
     </span>
    </p>
   </div>
   <div class='ocr_carea' id='block_1_72' title="bbox 1849 1895 3505 1971">
    <p class='ocr_par' dir='ltr' id='par_1_72' title="bbox 1849 1895 3505 1971">
     <span class='ocr_line' id='line_1_73' title="bbox 1849 1895 3505 1971; baseline 0.007 -22"><span class='ocrx_word' id='word_1_533' title='bbox 1849 1895 2012 1951; x_wconf 88' lang='lat' dir='ltr'><strong>lariis</strong></span> <span class='ocrx_word' id='word_1_534' title='bbox 2035 1916 2054 1951; x_wconf 85' lang='lat'><strong>.-</strong></span> <span class='ocrx_word' id='word_1_535' title='bbox 2084 1896 2330 1967; x_wconf 81' lang='lat' dir='ltr'><strong>Scitote,</strong></span> <span class='ocrx_word' id='word_1_536' title='bbox 2365 1900 2515 1968; x_wconf 77' lang='lat' dir='ltr'><strong>quia</strong></span> <span class='ocrx_word' id='word_1_537' title='bbox 2538 1913 2734 1955; x_wconf 80' lang='lat' dir='ltr'><strong>omnes</strong></span> <span class='ocrx_word' id='word_1_538' title='bbox 2759 1914 2861 1957; x_wconf 78' lang='lat' dir='ltr'><strong>eos</strong></span> <span class='ocrx_word' id='word_1_539' title='bbox 2895 1902 3243 1971; x_wconf 83' lang='lat' dir='ltr'><strong>ocoidemus,</strong></span> <span class='ocrx_word' id='word_1_540' title='bbox 3263 1904 3387 1959; x_wconf 85' lang='lat' dir='ltr'><strong>nisi</strong></span> <span class='ocrx_word' id='word_1_541' title='bbox 3410 1903 3505 1959; x_wconf 75' lang='lat' dir='ltr'><strong>cte-</strong></span> 
     </span>
    </p>
   </div>
   <div class='ocr_carea' id='block_1_73' title="bbox 1843 1985 3504 2060">
    <p class='ocr_par' dir='ltr' id='par_1_73' title="bbox 1843 1985 3504 2060">
     <span class='ocr_line' id='line_1_74' title="bbox 1843 1985 3504 2060; baseline 0.004 -21"><span class='ocrx_word' id='word_1_542' title='bbox 1843 1985 2322 2042; x_wconf 77' lang='lat' dir='ltr'><strong>monstraoeritis</strong></span> <span class='ocrx_word' id='word_1_543' title='bbox 2339 1985 2505 2042; x_wconf 76' lang='lat' dir='ltr'><strong>nobis</strong></span> <span class='ocrx_word' id='word_1_544' title='bbox 2529 1987 2831 2043; x_wconf 83' lang='lat' dir='ltr'><strong>dominum</strong></span> <span class='ocrx_word' id='word_1_545' title='bbox 2841 1988 3130 2044; x_wconf 85' lang='lat' dir='ltr'><strong>nostrum.</strong></span> <span class='ocrx_word' id='word_1_546' title='bbox 3142 1988 3160 2058; x_wconf 96' lang='lat'>(</span> <span class='ocrx_word' id='word_1_547' title='bbox 3172 1990 3297 2043; x_wconf 75' lang='lat' dir='ltr'><strong>F.21</strong></span> <span class='ocrx_word' id='word_1_548' title='bbox 3309 1990 3386 2060; x_wconf 85' lang='lat'><strong>9.)</strong></span> <span class='ocrx_word' id='word_1_549' title='bbox 3402 1988 3504 2045; x_wconf 92' lang='lat' dir='ltr'><strong>Ille</strong></span> 
     </span>
    </p>
   </div>
   <div class='ocr_carea' id='block_1_74' title="bbox 1844 2073 3503 2146">
    <p class='ocr_par' dir='ltr' id='par_1_74' title="bbox 1844 2073 3503 2146">
     <span class='ocr_line' id='line_1_75' title="bbox 1844 2073 3503 2146; baseline 0.003 -19"><span class='ocrx_word' id='word_1_550' title='bbox 1844 2077 2038 2127; x_wconf 88' lang='lat' dir='ltr'><strong>autem</strong></span> <span class='ocrx_word' id='word_1_551' title='bbox 2053 2073 2295 2128; x_wconf 89' lang='lat' dir='ltr'><strong>audiens</strong></span> <span class='ocrx_word' id='word_1_552' title='bbox 2310 2078 2366 2127; x_wconf 89' lang='lat' dir='ltr'><strong>et</strong></span> <span class='ocrx_word' id='word_1_553' title='bbox 2382 2088 2739 2142; x_wconf 85' lang='lat' dir='ltr'><strong>cognoscens</strong></span> <span class='ocrx_word' id='word_1_554' title='bbox 2752 2088 2953 2130; x_wconf 92' lang='lat' dir='ltr'><strong>eorum</strong></span> <span class='ocrx_word' id='word_1_555' title='bbox 2971 2076 3503 2146; x_wconf 81' lang='lat' dir='ltr'><strong>perturbationem,</strong></span> 
     </span>
    </p>
   </div>
   <div class='ocr_carea' id='block_1_75' title="bbox 1846 2160 3499 2233">
    <p class='ocr_par' dir='ltr' id='par_1_75' title="bbox 1846 2160 3499 2233">
     <span class='ocr_line' id='line_1_76' title="bbox 1846 2160 3499 2233; baseline 0.003 -19"><span class='ocrx_word' id='word_1_556' title='bbox 1846 2160 2126 2229; x_wconf 88' lang='lat' dir='ltr'><strong>precepit,</strong></span> <span class='ocrx_word' id='word_1_557' title='bbox 2163 2165 2223 2216; x_wconf 90' lang='lat' dir='ltr'><strong>ut</strong></span> <span class='ocrx_word' id='word_1_558' title='bbox 2249 2161 2521 2215; x_wconf 85' lang='lat' dir='ltr'><strong>tollerent</strong></span> <span class='ocrx_word' id='word_1_559' title='bbox 2551 2175 2679 2216; x_wconf 86' lang='lat' dir='ltr'><strong>eum</strong></span> <span class='ocrx_word' id='word_1_560' title='bbox 2703 2176 2832 2217; x_wconf 89' lang='lat' dir='ltr'><strong>cum</strong></span> <span class='ocrx_word' id='word_1_561' title='bbox 2858 2162 2982 2233; x_wconf 88' lang='lat' dir='ltr'><strong>ipso</strong></span> <span class='ocrx_word' id='word_1_562' title='bbox 3004 2161 3156 2218; x_wconf 90' lang='lat' dir='ltr'><strong>lecto</strong></span> <span class='ocrx_word' id='word_1_563' title='bbox 3181 2162 3236 2217; x_wconf 92' lang='lat' dir='ltr'><strong>in</strong></span> <span class='ocrx_word' id='word_1_564' title='bbox 3272 2178 3387 2233; x_wconf 90' lang='lat' dir='ltr'><strong>quo</strong></span> <span class='ocrx_word' id='word_1_565' title='bbox 3413 2163 3499 2233; x_wconf 89' lang='lat' dir='ltr'><strong>ja-</strong></span> 
     </span>
    </p>
   </div>
   <div class='ocr_carea' id='block_1_76' title="bbox 1843 2249 3499 2322">
    <p class='ocr_par' dir='ltr' id='par_1_76' title="bbox 1843 2249 3499 2322">
     <span class='ocr_line' id='line_1_77' title="bbox 1843 2249 3499 2322; baseline 0.003 -20"><span class='ocrx_word' id='word_1_566' title='bbox 1843 2249 2035 2317; x_wconf 89' lang='lat' dir='ltr'><strong>cebat,</strong></span> <span class='ocrx_word' id='word_1_567' title='bbox 2070 2252 2129 2302; x_wconf 92' lang='lat' dir='ltr'><strong>et</strong></span> <span class='ocrx_word' id='word_1_568' title='bbox 2161 2254 2448 2318; x_wconf 89' lang='lat' dir='ltr'><strong>ponerent</strong></span> <span class='ocrx_word' id='word_1_569' title='bbox 2476 2263 2606 2304; x_wconf 91' lang='lat' dir='ltr'><strong>eum</strong></span> <span class='ocrx_word' id='word_1_570' title='bbox 2668 2249 2721 2303; x_wconf 93' lang='lat' dir='ltr'><strong>in</strong></span> <span class='ocrx_word' id='word_1_571' title='bbox 2752 2250 3119 2305; x_wconf 88' lang='lat' dir='ltr'><strong>eminentiori</strong></span> <span class='ocrx_word' id='word_1_572' title='bbox 3152 2256 3211 2306; x_wconf 93' lang='lat' dir='ltr'><strong>et</strong></span> <span class='ocrx_word' id='word_1_573' title='bbox 3231 2251 3499 2322; x_wconf 93' lang='lat' dir='ltr'><strong>spacioso</strong></span> 
     </span>
    </p>
   </div>
   <div class='ocr_carea' id='block_1_77' title="bbox 1844 2334 3497 2406">
    <p class='ocr_par' dir='ltr' id='par_1_77' title="bbox 1844 2334 3497 2406">
     <span class='ocr_line' id='line_1_78' title="bbox 1844 2334 3497 2406; baseline 0.004 -18"><span class='ocrx_word' id='word_1_574' title='bbox 1844 2334 1995 2405; x_wconf 89' lang='lat' dir='ltr'><strong>loco,</strong></span> <span class='ocrx_word' id='word_1_575' title='bbox 2020 2338 2080 2391; x_wconf 90' lang='lat' dir='ltr'><strong>ut</strong></span> <span class='ocrx_word' id='word_1_576' title='bbox 2115 2342 2314 2406; x_wconf 90' lang='lat' dir='ltr'><strong>posset</strong></span> <span class='ocrx_word' id='word_1_577' title='bbox 2345 2335 2529 2390; x_wconf 91' lang='lat' dir='ltr'><strong>videri</strong></span> <span class='ocrx_word' id='word_1_578' title='bbox 2562 2337 2633 2391; x_wconf 89' lang='lat' dir='ltr'><strong>ab</strong></span> <span class='ocrx_word' id='word_1_579' title='bbox 2667 2337 2936 2393; x_wconf 88' lang='lat' dir='ltr'><strong>omnibus</strong></span> <span class='ocrx_word' id='word_1_580' title='bbox 2961 2354 2974 2401; x_wconf 91' lang='lat'><strong>;</strong></span> <span class='ocrx_word' id='word_1_581' title='bbox 2999 2343 3059 2393; x_wconf 89' lang='lat' dir='ltr'><strong>et</strong></span> <span class='ocrx_word' id='word_1_582' title='bbox 3091 2337 3303 2394; x_wconf 92' lang='lat' dir='ltr'><strong>sedens</strong></span> <span class='ocrx_word' id='word_1_583' title='bbox 3336 2339 3392 2393; x_wconf 93' lang='lat' dir='ltr'><strong>in</strong></span> <span class='ocrx_word' id='word_1_584' title='bbox 3416 2339 3497 2395; x_wconf 91' lang='lat' dir='ltr'><strong>le-</strong></span> 
     </span>
    </p>
   </div>
   <div class='ocr_carea' id='block_1_78' title="bbox 1841 2424 3497 2496">
    <p class='ocr_par' dir='ltr' id='par_1_78' title="bbox 1841 2424 3497 2496">
     <span class='ocr_line' id='line_1_79' title="bbox 1841 2424 3497 2496; baseline 0.002 -17"><span class='ocrx_word' id='word_1_585' title='bbox 1841 2426 1961 2492; x_wconf 89' lang='lat' dir='ltr'><strong>cto,</strong></span> <span class='ocrx_word' id='word_1_586' title='bbox 1996 2424 2290 2493; x_wconf 85' lang='lat' dir='ltr'><strong>percussit</strong></span> <span class='ocrx_word' id='word_1_587' title='bbox 2319 2426 2526 2494; x_wconf 91' lang='lat' dir='ltr'><strong>pectus</strong></span> <span class='ocrx_word' id='word_1_588' title='bbox 2550 2439 2734 2494; x_wconf 88' lang='lat' dir='ltr'><strong>suum,</strong></span> <span class='ocrx_word' id='word_1_589' title='bbox 2774 2425 2917 2480; x_wconf 86' lang='lat' dir='ltr'><strong>flens</strong></span> <span class='ocrx_word' id='word_1_590' title='bbox 2940 2426 3235 2496; x_wconf 88' lang='lat' dir='ltr'><strong>amariter,</strong></span> <span class='ocrx_word' id='word_1_591' title='bbox 3264 2431 3323 2483; x_wconf 90' lang='lat' dir='ltr'><strong>et</strong></span> <span class='ocrx_word' id='word_1_592' title='bbox 3352 2441 3497 2483; x_wconf 90' lang='lat' dir='ltr'><strong>voce</strong></span> 
     </span>
    </p>
   </div>
   <div class='ocr_carea' id='block_1_79' title="bbox 1844 2510 3500 2583">
    <p class='ocr_par' dir='ltr' id='par_1_79' title="bbox 1844 2510 3500 2583">
     <span class='ocr_line' id='line_1_80' title="bbox 1844 2510 3500 2583; baseline 0.005 -19"><span class='ocrx_word' id='word_1_593' title='bbox 1844 2525 2046 2579; x_wconf 86' lang='lat' dir='ltr'><strong>magna</strong></span> <span class='ocrx_word' id='word_1_594' title='bbox 2102 2510 2407 2567; x_wconf 90' lang='lat' dir='ltr'><strong>clamavit:</strong></span> <span class='ocrx_word' id='word_1_595' title='bbox 2438 2513 2698 2582; x_wconf 80' lang='lat' dir='ltr'><strong>IIeume,</strong></span> <span class='ocrx_word' id='word_1_596' title='bbox 2731 2514 3076 2570; x_wconf 65' lang='lat' dir='ltr'><strong>Alemander</strong></span> <span class='ocrx_word' id='word_1_597' title='bbox 3128 2514 3405 2583; x_wconf 85' lang='lat' dir='ltr'><strong>moritur,</strong></span> <span class='ocrx_word' id='word_1_598' title='bbox 3440 2517 3500 2572; x_wconf 88' lang='lat' dir='ltr'><strong>et</strong></span> 
     </span>
    </p>
   </div>
   <div class='ocr_carea' id='block_1_80' title="bbox 1842 2597 3497 2660">
    <p class='ocr_par' dir='ltr' id='par_1_80' title="bbox 1842 2597 3497 2660">
     <span class='ocr_line' id='line_1_81' title="bbox 1842 2597 3497 2660; baseline 0.004 -7"><span class='ocrx_word' id='word_1_599' title='bbox 1842 2597 2195 2654; x_wconf 78' lang='lat' dir='ltr'><strong>Macedonia</strong></span> <span class='ocrx_word' id='word_1_600' title='bbox 2214 2601 2549 2656; x_wconf 82' lang='lat' dir='ltr'><strong>minuetur!</strong></span> <span class='ocrx_word' id='word_1_601' title='bbox 2566 2600 2972 2659; x_wconf 79' lang='lat' dir='ltr'><strong>OMacedones</strong></span> <span class='ocrx_word' id='word_1_602' title='bbox 2998 2615 3208 2659; x_wconf 88' lang='lat' dir='ltr'><strong>nomen</strong></span> <span class='ocrx_word' id='word_1_603' title='bbox 3233 2604 3497 2660; x_wconf 57' lang='lat' dir='ltr'><strong>oestrum</strong></span> 
     </span>
    </p>
   </div>
   <div class='ocr_carea' id='block_1_81' title="bbox 1844 2686 3499 2755">
    <p class='ocr_par' dir='ltr' id='par_1_81' title="bbox 1844 2686 3499 2755">
     <span class='ocr_line' id='line_1_82' title="bbox 1844 2686 3499 2755; baseline 0.002 -14"><span class='ocrx_word' id='word_1_604' title='bbox 1844 2686 2052 2741; x_wconf 67' lang='lat' dir='ltr'><strong>amotio</strong></span> <span class='ocrx_word' id='word_1_605' title='bbox 2079 2700 2258 2755; x_wconf 87' lang='lat' dir='ltr'><strong>super</strong></span> <span class='ocrx_word' id='word_1_606' title='bbox 2290 2686 2576 2743; x_wconf 85' lang='lat' dir='ltr'><strong>barbaros</strong></span> <span class='ocrx_word' id='word_1_607' title='bbox 2596 2701 2712 2743; x_wconf 85' lang='lat' dir='ltr'><strong>non</strong></span> <span class='ocrx_word' id='word_1_608' title='bbox 2724 2689 3147 2746; x_wconf 80' lang='lat' dir='ltr'><strong>dominabitur.</strong></span> <span class='ocrx_word' id='word_1_609' title='bbox 3163 2691 3317 2745; x_wconf 92' lang='lat' dir='ltr'><strong>Tunc</strong></span> <span class='ocrx_word' id='word_1_610' title='bbox 3340 2690 3499 2746; x_wconf 83' lang='lat' dir='ltr'><strong>dixe-</strong></span> 
     </span>
    </p>
   </div>
   <div class='ocr_carea' id='block_1_82' title="bbox 1844 2774 3499 2848">
    <p class='ocr_par' dir='ltr' id='par_1_82' title="bbox 1844 2774 3499 2848">
     <span class='ocr_line' id='line_1_83' title="bbox 1844 2774 3499 2848; baseline 0.003 -20"><span class='ocrx_word' id='word_1_611' title='bbox 1844 2780 1982 2828; x_wconf 87' lang='lat' dir='ltr'><strong>runt</strong></span> <span class='ocrx_word' id='word_1_612' title='bbox 2013 2774 2360 2829; x_wconf 86' lang='lat' dir='ltr'><strong>Macedones</strong></span> <span class='ocrx_word' id='word_1_613' title='bbox 2374 2789 2575 2829; x_wconf 89' lang='lat' dir='ltr'><strong>omnes</strong></span> <span class='ocrx_word' id='word_1_614' title='bbox 2606 2775 2703 2844; x_wconf 91' lang='lat' dir='ltr'><strong>qui</strong></span> <span class='ocrx_word' id='word_1_615' title='bbox 2720 2777 3046 2832; x_wconf 89' lang='lat' dir='ltr'><strong>asstabant:</strong></span> <span class='ocrx_word' id='word_1_616' title='bbox 3065 2776 3499 2848; x_wconf 73' lang='lat' dir='ltr'><strong>Meliusfuerit</strong></span> 
     </span>
    </p>
   </div>
   <div class='ocr_carea' id='block_1_83' title="bbox 1842 2850 3496 2933">
    <p class='ocr_par' dir='ltr' id='par_1_83' title="bbox 1842 2850 3496 2933">
     <span class='ocr_line' id='line_1_84' title="bbox 1842 2850 3496 2933; baseline 0.004 -18"><span class='ocrx_word' id='word_1_617' title='bbox 1842 2860 2011 2916; x_wconf 86' lang='lat' dir='ltr'><strong>nobis</strong></span> <span class='ocrx_word' id='word_1_618' title='bbox 2033 2860 2302 2918; x_wconf 64' lang='lat' dir='ltr'><strong>omnibus</strong></span> <span class='ocrx_word' id='word_1_619' title='bbox 2327 2850 2480 2917; x_wconf 78' lang='lat' dir='ltr'><strong>mori</strong></span> <span class='ocrx_word' id='word_1_620' title='bbox 2511 2862 2891 2933; x_wconf 47' lang='lat' dir='ltr'><strong>teoum,guia</strong></span> <span class='ocrx_word' id='word_1_621' title='bbox 2906 2864 3042 2933; x_wconf 87' lang='lat' dir='ltr'><strong>post</strong></span> <span class='ocrx_word' id='word_1_622' title='bbox 3055 2863 3301 2920; x_wconf 82' lang='lat' dir='ltr'><strong>mortem</strong></span> <span class='ocrx_word' id='word_1_623' title='bbox 3331 2865 3496 2921; x_wconf 86' lang='lat' dir='ltr'><strong>tuam</strong></span> 
     </span>
    </p>
   </div>
   <div class='ocr_carea' id='block_1_84' title="bbox 1842 2948 3496 3021">
    <p class='ocr_par' dir='ltr' id='par_1_84' title="bbox 1842 2948 3496 3021">
     <span class='ocr_line' id='line_1_85' title="bbox 1842 2948 3496 3021; baseline 0.002 -16"><span class='ocrx_word' id='word_1_624' title='bbox 1842 2963 1960 3005; x_wconf 86' lang='lat' dir='ltr'><strong>non</strong></span> <span class='ocrx_word' id='word_1_625' title='bbox 1983 2948 2171 3006; x_wconf 86' lang='lat' dir='ltr'><strong>stabit</strong></span> <span class='ocrx_word' id='word_1_626' title='bbox 2192 2948 2558 3007; x_wconf 69' lang='lat' dir='ltr'><strong>Macedoniae</strong></span> <span class='ocrx_word' id='word_1_627' title='bbox 2583 2963 2852 3021; x_wconf 87' lang='lat' dir='ltr'><strong>regnum.</strong></span> <span class='ocrx_word' id='word_1_628' title='bbox 2886 2951 3020 3006; x_wconf 84' lang='lat' dir='ltr'><strong>Post</strong></span> <span class='ocrx_word' id='word_1_629' title='bbox 3062 2951 3185 3006; x_wconf 75' lang='lat' dir='ltr'><strong>haec</strong></span> <span class='ocrx_word' id='word_1_630' title='bbox 3232 2956 3496 3008; x_wconf 89' lang='lat' dir='ltr'><strong>mortuus</strong></span> 
     </span>
    </p>
   </div>
   <div class='ocr_carea' id='block_1_85' title="bbox 1844 3036 3491 3109">
    <p class='ocr_par' dir='ltr' id='par_1_85' title="bbox 1844 3036 3491 3109">
     <span class='ocr_line' id='line_1_86' title="bbox 1844 3036 3491 3109; baseline 0.002 -17"><span class='ocrx_word' id='word_1_631' title='bbox 1844 3042 1931 3092; x_wconf 92' lang='lat' dir='ltr'><strong>est</strong></span> <span class='ocrx_word' id='word_1_632' title='bbox 1968 3036 2318 3106; x_wconf 86' lang='lat' dir='ltr'><strong>Alexander,</strong></span> <span class='ocrx_word' id='word_1_633' title='bbox 2354 3043 2412 3091; x_wconf 91' lang='lat' dir='ltr'><strong>et</strong></span> <span class='ocrx_word' id='word_1_634' title='bbox 2448 3043 2774 3109; x_wconf 90' lang='lat' dir='ltr'><strong>posuerunt</strong></span> <span class='ocrx_word' id='word_1_635' title='bbox 2807 3053 2935 3094; x_wconf 90' lang='lat' dir='ltr'><strong>eum</strong></span> <span class='ocrx_word' id='word_1_636' title='bbox 2966 3038 3021 3093; x_wconf 90' lang='lat' dir='ltr'><strong>in</strong></span> <span class='ocrx_word' id='word_1_637' title='bbox 3051 3052 3287 3095; x_wconf 89' lang='lat' dir='ltr'><strong>currum</strong></span> <span class='ocrx_word' id='word_1_638' title='bbox 3302 3052 3491 3109; x_wconf 91' lang='lat' dir='ltr'><strong>suum,</strong></span> 
     </span>
    </p>
   </div>
   <div class='ocr_carea' id='block_1_86' title="bbox 1847 3124 3496 3195">
    <p class='ocr_par' dir='ltr' id='par_1_86' title="bbox 1847 3124 3496 3195">
     <span class='ocr_line' id='line_1_87' title="bbox 1847 3124 3496 3195; baseline 0.002 -16"><span class='ocrx_word' id='word_1_639' title='bbox 1847 3125 2255 3195; x_wconf 87' lang='lat' dir='ltr'><strong>duxeruntque</strong></span> <span class='ocrx_word' id='word_1_640' title='bbox 2286 3138 2316 3180; x_wconf 93' lang='lat' dir='ltr'><strong>a</strong></span> <span class='ocrx_word' id='word_1_641' title='bbox 2350 3124 2665 3195; x_wconf 81' lang='lat' dir='ltr'><strong>Babylonia</strong></span> <span class='ocrx_word' id='word_1_642' title='bbox 2699 3126 2753 3180; x_wconf 92' lang='lat' dir='ltr'><strong>in</strong></span> <span class='ocrx_word' id='word_1_643' title='bbox 2789 3126 3226 3182; x_wconf 86' lang='lat' dir='ltr'><strong>Alexandriam.</strong></span> <span class='ocrx_word' id='word_1_644' title='bbox 3259 3126 3496 3183; x_wconf 86' lang='lat' dir='ltr'><strong>Ptholo-</strong></span> 
     </span>
    </p>
   </div>
   <div class='ocr_carea' id='block_1_87' title="bbox 1845 3213 3495 3285">
    <p class='ocr_par' dir='ltr' id='par_1_87' title="bbox 1845 3213 3495 3285">
     <span class='ocr_line' id='line_1_88' title="bbox 1845 3213 3495 3285; baseline 0.002 -17"><span class='ocrx_word' id='word_1_645' title='bbox 1845 3228 2008 3269; x_wconf 91' lang='lat' dir='ltr'><strong>meus</strong></span> <span class='ocrx_word' id='word_1_646' title='bbox 2039 3218 2228 3270; x_wconf 82' lang='lat' dir='ltr'><strong>autem</strong></span> <span class='ocrx_word' id='word_1_647' title='bbox 2266 3213 2420 3269; x_wconf 85' lang='lat' dir='ltr'><strong>filius</strong></span> <span class='ocrx_word' id='word_1_648' title='bbox 2444 3214 2595 3284; x_wconf 82' lang='lat' dir='ltr'><strong>Lagi,</strong></span> <span class='ocrx_word' id='word_1_649' title='bbox 2625 3215 2906 3284; x_wconf 79' lang='lat' dir='ltr'><strong>pergebat</strong></span> <span class='ocrx_word' id='word_1_650' title='bbox 2936 3219 3070 3270; x_wconf 89' lang='lat' dir='ltr'><strong>ante</strong></span> <span class='ocrx_word' id='word_1_651' title='bbox 3087 3230 3320 3271; x_wconf 91' lang='lat' dir='ltr'><strong>currum</strong></span> <span class='ocrx_word' id='word_1_652' title='bbox 3345 3213 3495 3285; x_wconf 89' lang='lat' dir='ltr'><strong>ejus,</strong></span> 
     </span>
    </p>
   </div>
   <div class='ocr_carea' id='block_1_88' title="bbox 1844 3299 3500 3374">
    <p class='ocr_par' dir='ltr' id='par_1_88' title="bbox 1844 3299 3500 3374">
     <span class='ocr_line' id='line_1_89' title="bbox 1844 3299 3500 3374; baseline 0.003 -20"><span class='ocrx_word' id='word_1_653' title='bbox 1844 3299 2085 3372; x_wconf 89' lang='lat' dir='ltr'><strong>plorans</strong></span> <span class='ocrx_word' id='word_1_654' title='bbox 2114 3306 2174 3356; x_wconf 92' lang='lat' dir='ltr'><strong>et</strong></span> <span class='ocrx_word' id='word_1_655' title='bbox 2206 3300 2436 3358; x_wconf 88' lang='lat' dir='ltr'><strong>dicens:</strong></span> <span class='ocrx_word' id='word_1_656' title='bbox 2474 3304 2518 3357; x_wconf 94' lang='lat'><em>0</em></span> <span class='ocrx_word' id='word_1_657' title='bbox 2529 3303 2877 3374; x_wconf 85' lang='lat' dir='ltr'><strong>fortissime</strong></span> <span class='ocrx_word' id='word_1_658' title='bbox 2894 3303 3259 3372; x_wconf 66' lang='lat' dir='ltr'><strong>Alexander,</strong></span> <span class='ocrx_word' id='word_1_659' title='bbox 3283 3316 3500 3359; x_wconf 84' lang='lat' dir='ltr'><strong>noneo-</strong></span> 
     </span>
    </p>
   </div>
   <div class='ocr_carea' id='block_1_89' title="bbox 1842 3389 3498 3461">
    <p class='ocr_par' dir='ltr' id='par_1_89' title="bbox 1842 3389 3498 3461">
     <span class='ocr_line' id='line_1_90' title="bbox 1842 3389 3498 3461; baseline 0 -15"><span class='ocrx_word' id='word_1_660' title='bbox 1842 3389 2049 3446; x_wconf 84' lang='lat' dir='ltr'><strong>oidisti</strong></span> <span class='ocrx_word' id='word_1_661' title='bbox 2070 3390 2265 3446; x_wconf 86' lang='lat' dir='ltr'><strong>tantos</strong></span> <span class='ocrx_word' id='word_1_662' title='bbox 2285 3393 2351 3447; x_wconf 89' lang='lat' dir='ltr'><strong>in</strong></span> <span class='ocrx_word' id='word_1_663' title='bbox 2370 3391 2500 3445; x_wconf 70' lang='lat' dir='ltr'><strong>vita</strong></span> <span class='ocrx_word' id='word_1_664' title='bbox 2522 3390 2910 3461; x_wconf 84' lang='lat' dir='ltr'><strong>tua,guantos</strong></span> <span class='ocrx_word' id='word_1_665' title='bbox 2930 3393 2998 3448; x_wconf 87' lang='lat' dir='ltr'><strong>in</strong></span> <span class='ocrx_word' id='word_1_666' title='bbox 3018 3391 3204 3447; x_wconf 88' lang='lat' dir='ltr'><strong>morte</strong></span> <span class='ocrx_word' id='word_1_667' title='bbox 3226 3390 3498 3447; x_wconf 85' lang='lat' dir='ltr'><strong>tua.Fue-</strong></span> 
     </span>
    </p>
   </div>
   <div class='ocr_carea' id='block_1_90' title="bbox 1845 3478 3493 3548">
    <p class='ocr_par' dir='ltr' id='par_1_90' title="bbox 1845 3478 3493 3548">
     <span class='ocr_line' id='line_1_91' title="bbox 1845 3478 3493 3548; baseline 0.001 -17"><span class='ocrx_word' id='word_1_668' title='bbox 1845 3482 1983 3532; x_wconf 89' lang='lat' dir='ltr'><strong>runt</strong></span> <span class='ocrx_word' id='word_1_669' title='bbox 2013 3482 2202 3534; x_wconf 89' lang='lat' dir='ltr'><strong>autem</strong></span> <span class='ocrx_word' id='word_1_670' title='bbox 2237 3478 2361 3533; x_wconf 86' lang='lat' dir='ltr'><strong>dies</strong></span> <span class='ocrx_word' id='word_1_671' title='bbox 2406 3478 2539 3534; x_wconf 73' lang='lat' dir='ltr'><strong>vitae</strong></span> <span class='ocrx_word' id='word_1_672' title='bbox 2596 3479 2725 3548; x_wconf 89' lang='lat' dir='ltr'><strong>ejus</strong></span> <span class='ocrx_word' id='word_1_673' title='bbox 2782 3482 2869 3548; x_wconf 89' lang='lat'><strong>33,</strong></span> <span class='ocrx_word' id='word_1_674' title='bbox 2898 3479 3058 3548; x_wconf 87' lang='lat' dir='ltr'><strong>regni</strong></span> <span class='ocrx_word' id='word_1_675' title='bbox 3104 3494 3246 3534; x_wconf 91' lang='lat' dir='ltr'><strong>vero</strong></span> <span class='ocrx_word' id='word_1_676' title='bbox 3271 3482 3354 3546; x_wconf 87' lang='grc'>12,</span> <span class='ocrx_word' id='word_1_677' title='bbox 3392 3492 3493 3534; x_wconf 91' lang='lat' dir='ltr'><strong>sex</strong></span> 
     </span>
    </p>
   </div>
   <div class='ocr_carea' id='block_1_91' title="bbox 1845 3564 3495 3638">
    <p class='ocr_par' dir='ltr' id='par_1_91' title="bbox 1845 3564 3495 3638">
     <span class='ocr_line' id='line_1_92' title="bbox 1845 3564 3495 3638; baseline 0.005 -19"><span class='ocrx_word' id='word_1_678' title='bbox 1845 3570 1980 3620; x_wconf 91' lang='lat' dir='ltr'><strong>ante</strong></span> <span class='ocrx_word' id='word_1_679' title='bbox 2010 3564 2468 3621; x_wconf 86' lang='lat' dir='ltr'><strong>destructionem</strong></span> <span class='ocrx_word' id='word_1_680' title='bbox 2506 3566 2665 3636; x_wconf 90' lang='lat' dir='ltr'><strong>regni</strong></span> <span class='ocrx_word' id='word_1_681' title='bbox 2698 3568 3031 3636; x_wconf 88' lang='lat' dir='ltr'><strong>Persarum,</strong></span> <span class='ocrx_word' id='word_1_682' title='bbox 3058 3567 3111 3622; x_wconf 90' lang='lat' dir='ltr'><strong>in</strong></span> <span class='ocrx_word' id='word_1_683' title='bbox 3138 3566 3387 3638; x_wconf 90' lang='lat' dir='ltr'><strong>septimo</strong></span> <span class='ocrx_word' id='word_1_684' title='bbox 3413 3566 3495 3627; x_wconf 89' lang='lat' dir='ltr'><strong>in-</strong></span> 
     </span>
    </p>
   </div>
   <div class='ocr_carea' id='block_1_92' title="bbox 1842 3653 3494 3725">
    <p class='ocr_par' dir='ltr' id='par_1_92' title="bbox 1842 3653 3494 3725">
     <span class='ocr_line' id='line_1_93' title="bbox 1842 3653 3494 3725; baseline 0.002 -17"><span class='ocrx_word' id='word_1_685' title='bbox 1842 3654 2094 3709; x_wconf 90' lang='lat' dir='ltr'><strong>terfecto</strong></span> <span class='ocrx_word' id='word_1_686' title='bbox 2126 3654 2298 3709; x_wconf 90' lang='lat' dir='ltr'><strong>Dario</strong></span> <span class='ocrx_word' id='word_1_687' title='bbox 2328 3653 2471 3709; x_wconf 91' lang='lat' dir='ltr'><strong>illud</strong></span> <span class='ocrx_word' id='word_1_688' title='bbox 2506 3654 2819 3723; x_wconf 88' lang='lat' dir='ltr'><strong>destruxit,</strong></span> <span class='ocrx_word' id='word_1_689' title='bbox 2856 3654 3111 3725; x_wconf 91' lang='lat' dir='ltr'><strong>quinque</strong></span> <span class='ocrx_word' id='word_1_690' title='bbox 3140 3660 3347 3725; x_wconf 90' lang='lat' dir='ltr'><strong>postea</strong></span> <span class='ocrx_word' id='word_1_691' title='bbox 3404 3669 3494 3711; x_wconf 91' lang='lat' dir='ltr'><strong>re-</strong></span> 
     </span>
    </p>
   </div>
   <div class='ocr_carea' id='block_1_93' title="bbox 1842 3740 2096 3810">
    <p class='ocr_par' dir='ltr' id='par_1_93' title="bbox 1842 3740 2096 3810">
     <span class='ocr_line' id='line_1_94' title="bbox 1842 3740 2096 3810; baseline -0.004 -14"><span class='ocrx_word' id='word_1_692' title='bbox 1842 3740 2096 3810; x_wconf 70' lang='lat' dir='ltr'><strong>gnavit‘.</strong></span> 
     </span>
    </p>
   </div>
   <div class='ocr_carea' id='block_1_94' title="bbox 1842 3827 3495 3898">
    <p class='ocr_par' dir='ltr' id='par_1_94' title="bbox 1842 3827 3495 3898">
     <span class='ocr_line' id='line_1_95' title="bbox 1842 3827 3495 3898; baseline 0.001 -14"><span class='ocrx_word' id='word_1_693' title='bbox 1842 3828 2357 3884; x_wconf 74' lang='lat' dir='ltr'><strong>‘Add.5.Condidit</strong></span> <span class='ocrx_word' id='word_1_694' title='bbox 2376 3832 2569 3883; x_wconf 88' lang='lat' dir='ltr'><strong>autem</strong></span> <span class='ocrx_word' id='word_1_695' title='bbox 2598 3827 2774 3884; x_wconf 85' lang='lat' dir='ltr'><strong>urbes</strong></span> <span class='ocrx_word' id='word_1_696' title='bbox 2800 3831 2884 3883; x_wconf 85' lang='grc'><strong>12.</strong></span> <span class='ocrx_word' id='word_1_697' title='bbox 2915 3842 3058 3898; x_wconf 88' lang='lat' dir='ltr'><strong>quas</strong></span> <span class='ocrx_word' id='word_1_698' title='bbox 3079 3843 3279 3885; x_wconf 89' lang='lat' dir='ltr'><strong>omnes</strong></span> <span class='ocrx_word' id='word_1_699' title='bbox 3295 3844 3399 3885; x_wconf 91' lang='lat' dir='ltr'><strong>suo</strong></span> <span class='ocrx_word' id='word_1_700' title='bbox 3424 3828 3495 3885; x_wconf 92' lang='lat' dir='ltr'><strong>de</strong></span> 
     </span>
    </p>
   </div>
   <div class='ocr_carea' id='block_1_95' title="bbox 1914 3898 3495 3969">
    <p class='ocr_par' dir='ltr' id='par_1_95' title="bbox 1914 3898 3495 3969">
     <span class='ocr_line' id='line_1_96' title="bbox 1914 3898 3495 3969; baseline 0.001 -16"><span class='ocrx_word' id='word_1_701' title='bbox 1914 3898 2143 3969; x_wconf 85' lang='lat' dir='ltr'><strong>nomine</strong></span> <span class='ocrx_word' id='word_1_702' title='bbox 2175 3899 2554 3954; x_wconf 83' lang='lat' dir='ltr'><strong>Alexandrias</strong></span> <span class='ocrx_word' id='word_1_703' title='bbox 2588 3899 2965 3969; x_wconf 85' lang='lat' dir='ltr'><strong>nuncupavit,</strong></span> <span class='ocrx_word' id='word_1_704' title='bbox 2996 3899 3344 3955; x_wconf 84' lang='lat' dir='ltr'><strong>Alexandria</strong></span> <span class='ocrx_word' id='word_1_705' title='bbox 3366 3913 3495 3969; x_wconf 66' lang='lat' dir='ltr'><strong>qua:</strong></span> 
     </span>
    </p>
   </div>
   <div class='ocr_carea' id='block_1_96' title="bbox 1913 3966 3498 4039">
    <p class='ocr_par' dir='ltr' id='par_1_96' title="bbox 1913 3966 3498 4039">
     <span class='ocr_line' id='line_1_97' title="bbox 1913 3966 3498 4039; baseline 0.001 -17"><span class='ocrx_word' id='word_1_706' title='bbox 1913 3968 2149 4039; x_wconf 84' lang='lat' dir='ltr'><strong>condita</strong></span> <span class='ocrx_word' id='word_1_707' title='bbox 2181 3974 2273 4023; x_wconf 90' lang='lat' dir='ltr'><strong>est</strong></span> <span class='ocrx_word' id='word_1_708' title='bbox 2323 3969 2431 4024; x_wconf 89' lang='lat' dir='ltr'><strong>sub</strong></span> <span class='ocrx_word' id='word_1_709' title='bbox 2478 3966 2736 4039; x_wconf 75' lang='lat' dir='ltr'><strong>nomine</strong></span> <span class='ocrx_word' id='word_1_710' title='bbox 2765 3966 3016 4024; x_wconf 87' lang='lat' dir='ltr'><strong>Bucefali</strong></span> <span class='ocrx_word' id='word_1_711' title='bbox 3069 3971 3225 4039; x_wconf 91' lang='lat' dir='ltr'><strong>equi,</strong></span> <span class='ocrx_word' id='word_1_712' title='bbox 3251 3966 3498 4026; x_wconf 74' lang='lat' dir='ltr'><strong>Alexan-</strong></span> 
     </span>
    </p>
   </div>
   <div class='ocr_carea' id='block_1_97' title="bbox 1914 4036 3497 4110">
    <p class='ocr_par' dir='ltr' id='par_1_97' title="bbox 1914 4036 3497 4110">
     <span class='ocr_line' id='line_1_98' title="bbox 1914 4036 3497 4110; baseline 0.002 -18"><span class='ocrx_word' id='word_1_713' title='bbox 1914 4036 2037 4110; x_wconf 83' lang='lat' dir='ltr'><strong>dria</strong></span> <span class='ocrx_word' id='word_1_714' title='bbox 2071 4043 2393 4110; x_wconf 77' lang='lat' dir='ltr'><strong>montuosa,</strong></span> <span class='ocrx_word' id='word_1_715' title='bbox 2428 4037 2775 4110; x_wconf 79' lang='lat' dir='ltr'><strong>Alexandria</strong></span> <span class='ocrx_word' id='word_1_716' title='bbox 2806 4038 2959 4109; x_wconf 89' lang='lat' dir='ltr'><strong>apud</strong></span> <span class='ocrx_word' id='word_1_717' title='bbox 2991 4036 3223 4110; x_wconf 83' lang='lat' dir='ltr'><strong>Porum,</strong></span> <span class='ocrx_word' id='word_1_718' title='bbox 3251 4039 3497 4096; x_wconf 90' lang='lat' dir='ltr'><strong>Alexan-</strong></span> 
     </span>
    </p>
   </div>
   <div class='ocr_carea' id='block_1_98' title="bbox 1914 4106 3495 4179">
    <p class='ocr_par' dir='ltr' id='par_1_98' title="bbox 1914 4106 3495 4179">
     <span class='ocr_line' id='line_1_99' title="bbox 1914 4106 3495 4179; baseline 0.002 -18"><span class='ocrx_word' id='word_1_719' title='bbox 1914 4107 2037 4179; x_wconf 82' lang='lat' dir='ltr'><strong>dria</strong></span> <span class='ocrx_word' id='word_1_720' title='bbox 2099 4108 2151 4161; x_wconf 87' lang='lat' dir='ltr'><strong>iu</strong></span> <span class='ocrx_word' id='word_1_721' title='bbox 2211 4106 2422 4179; x_wconf 78' lang='lat' dir='ltr'><strong>Scytia,</strong></span> <span class='ocrx_word' id='word_1_722' title='bbox 2458 4106 2806 4179; x_wconf 86' lang='lat' dir='ltr'><strong>Alexandria</strong></span> <span class='ocrx_word' id='word_1_723' title='bbox 2842 4106 3217 4179; x_wconf 46' lang='lat' dir='ltr'><strong>’Babylonis,</strong></span> <span class='ocrx_word' id='word_1_724' title='bbox 3252 4110 3495 4166; x_wconf 87' lang='lat' dir='ltr'><strong>Alexan-</strong></span> 
     </span>
    </p>
   </div>
   <div class='ocr_carea' id='block_1_99' title="bbox 1914 4176 3496 4252">
    <p class='ocr_par' dir='ltr' id='par_1_99' title="bbox 1914 4176 3496 4252">
     <span class='ocr_line' id='line_1_100' title="bbox 1914 4176 3496 4252; baseline 0.013 -20"><span class='ocrx_word' id='word_1_725' title='bbox 1914 4176 2037 4233; x_wconf 86' lang='lat' dir='ltr'><strong>dria</strong></span> <span class='ocrx_word' id='word_1_726' title='bbox 2088 4177 2240 4252; x_wconf 83' lang='lat' dir='ltr'><strong>apud</strong></span> <span class='ocrx_word' id='word_1_727' title='bbox 2298 4176 3070 4252; x_wconf 77' lang='lat' dir='ltr'><strong>Massagetas,_A_lexandria</strong></span> <span class='ocrx_word' id='word_1_728' title='bbox 3130 4176 3283 4252; x_wconf 83' lang='lat' dir='ltr'><strong>apud</strong></span> <span class='ocrx_word' id='word_1_729' title='bbox 3327 4182 3496 4252; x_wconf 63' lang='grc' dir='ltr'><strong>Εςγτ</strong></span> 
     </span>
    </p>
   </div>
   <div class='ocr_carea' id='block_1_100' title="bbox 1916 4248 3487 4321">
    <p class='ocr_par' dir='ltr' id='par_1_100' title="bbox 1916 4248 3487 4321">
     <span class='ocr_line' id='line_1_101' title="bbox 1916 4248 3487 4321; baseline 0.003 -19"><span class='ocrx_word' id='word_1_730' title='bbox 1916 4253 2098 4321; x_wconf 78' lang='lat' dir='ltr'><strong>ptum,</strong></span> <span class='ocrx_word' id='word_1_731' title='bbox 2123 4248 2471 4321; x_wconf 84' lang='lat' dir='ltr'><strong>Alexandria</strong></span> <span class='ocrx_word' id='word_1_732' title='bbox 2497 4248 2648 4319; x_wconf 89' lang='lat' dir='ltr'><strong>apud</strong></span> <span class='ocrx_word' id='word_1_733' title='bbox 2673 4248 2928 4321; x_wconf 83' lang='lat' dir='ltr'><strong>Origala,</strong></span> <span class='ocrx_word' id='word_1_734' title='bbox 2955 4248 3304 4308; x_wconf 80' lang='lat' dir='ltr'><strong>Alexandria</strong></span> <span class='ocrx_word' id='word_1_735' title='bbox 3334 4248 3487 4321; x_wconf 76' lang='lat' dir='ltr'><strong>apud</strong></span> 
     </span>
    </p>
   </div>
   <div class='ocr_carea' id='block_1_101' title="bbox 1916 4318 3490 4393">
    <p class='ocr_par' dir='ltr' id='par_1_101' title="bbox 1916 4318 3490 4393">
     <span class='ocr_line' id='line_1_102' title="bbox 1916 4318 3490 4393; baseline 0.003 -21"><span class='ocrx_word' id='word_1_736' title='bbox 1916 4318 2241 4393; x_wconf 76' lang='lat' dir='ltr'><strong>Granicum,</strong></span> <span class='ocrx_word' id='word_1_737' title='bbox 2259 4318 2609 4393; x_wconf 81' lang='lat' dir='ltr'><strong>Alexandria</strong></span> <span class='ocrx_word' id='word_1_738' title='bbox 2637 4320 2790 4393; x_wconf 83' lang='lat' dir='ltr'><strong>apud</strong></span> <span class='ocrx_word' id='word_1_739' title='bbox 2821 4321 3117 4393; x_wconf 88' lang='lat' dir='ltr'><strong>Troadem,</strong></span> <span class='ocrx_word' id='word_1_740' title='bbox 3140 4318 3490 4393; x_wconf 77' lang='lat' dir='ltr'><strong>Alexandria</strong></span> 
     </span>
    </p>
   </div>
   <div class='ocr_carea' id='block_1_102' title="bbox 1916 4388 3487 4464">
    <p class='ocr_par' dir='ltr' id='par_1_102' title="bbox 1916 4388 3487 4464">
     <span class='ocr_line' id='line_1_103' title="bbox 1916 4388 3487 4464; baseline 0 -18"><span class='ocrx_word' id='word_1_741' title='bbox 1916 4390 2067 4464; x_wconf 67' lang='lat' dir='ltr'><strong>apud</strong></span> <span class='ocrx_word' id='word_1_742' title='bbox 2082 4389 2368 4464; x_wconf 78' lang='lat' dir='ltr'><strong>Tigridem</strong></span> <span class='ocrx_word' id='word_1_743' title='bbox 2394 4388 3014 4464; x_wconf 82' lang='lat' dir='ltr'><strong>fluvium,Alexandria</strong></span> <span class='ocrx_word' id='word_1_744' title='bbox 3037 4388 3187 4464; x_wconf 90' lang='lat' dir='ltr'><strong>apud</strong></span> <span class='ocrx_word' id='word_1_745' title='bbox 3222 4393 3487 4464; x_wconf 82' lang='lat' dir='ltr'><strong>Xantum.</strong></span> 
     </span>
    </p>
   </div>
   <div class='ocr_carea' id='block_1_103' title="bbox 1916 4459 3493 4533">
    <p class='ocr_par' dir='ltr' id='par_1_103' title="bbox 1916 4459 3493 4533">
     <span class='ocr_line' id='line_1_104' title="bbox 1916 4459 3493 4533; baseline 0.004 -21"><span class='ocrx_word' id='word_1_746' title='bbox 1916 4459 2215 4533; x_wconf 78' lang='lat' dir='ltr'><strong>insignivit</strong></span> <span class='ocrx_word' id='word_1_747' title='bbox 2245 4474 2385 4528; x_wconf 84' lang='lat' dir='ltr'><strong>ergo</strong></span> <span class='ocrx_word' id='word_1_748' title='bbox 2426 4475 2623 4533; x_wconf 84' lang='lat' dir='ltr'><strong>earum</strong></span> <span class='ocrx_word' id='word_1_749' title='bbox 2656 4475 2855 4533; x_wconf 88' lang='lat' dir='ltr'><strong>muros</strong></span> <span class='ocrx_word' id='word_1_750' title='bbox 2885 4459 3202 4533; x_wconf 77' lang='lat' dir='ltr'><strong>primorum</strong></span> <span class='ocrx_word' id='word_1_751' title='bbox 3236 4461 3493 4533; x_wconf 90' lang='lat' dir='ltr'><strong>quinque</strong></span> 
     </span>
    </p>
   </div>
   <div class='ocr_carea' id='block_1_104' title="bbox 1903 4544 3494 4672">
    <p class='ocr_par' dir='ltr' id='par_1_104' title="bbox 1903 4544 3494 4672">
     <span class='ocr_line' id='line_1_105' title="bbox 1909 4544 3481 4601; baseline 0.001 -17"><span class='ocrx_word' id='word_1_752' title='bbox 1909 4544 2328 4585; x_wconf 71' lang='lat' dir='ltr'><strong>elementorum</strong></span> <span class='ocrx_word' id='word_1_753' title='bbox 2355 4544 2440 4586; x_wconf 77' lang='lat' dir='ltr'><strong>uti</strong></span> <span class='ocrx_word' id='word_1_754' title='bbox 2475 4544 2774 4601; x_wconf 76' lang='lat' dir='ltr'><strong>legeretur</strong></span> <span class='ocrx_word' id='word_1_755' title='bbox 2796 4547 2850 4587; x_wconf 86' lang='grc' dir='ltr'>ιη</span> <span class='ocrx_word' id='word_1_756' title='bbox 2866 4544 3481 4599; x_wconf 70' lang='grc' dir='ltr'><strong>θιεεΑιθωαηιιθνγεω,</strong></span> 
     </span>
     <span class='ocr_line' id='line_1_106' title="bbox 1903 4600 3494 4672; baseline 0.001 -17"><span class='ocrx_word' id='word_1_757' title='bbox 1903 4613 2094 4668; x_wconf 83' lang='lat' dir='ltr'><strong>genus</strong></span> <span class='ocrx_word' id='word_1_758' title='bbox 2113 4600 2297 4668; x_wconf 82' lang='lat' dir='ltr'><strong>Jobis,</strong></span> <span class='ocrx_word' id='word_1_759' title='bbox 2322 4602 2484 4672; x_wconf 79' lang='lat' dir='ltr'><strong>fecit,</strong></span> <span class='ocrx_word' id='word_1_760' title='bbox 2504 4606 2571 4659; x_wconf 85' lang='lat' dir='ltr'><strong>A.</strong></span> <span class='ocrx_word' id='word_1_761' title='bbox 2598 4604 2667 4658; x_wconf 86' lang='lat' dir='ltr'><strong>B.</strong></span> <span class='ocrx_word' id='word_1_762' title='bbox 2698 4612 2759 4660; x_wconf 86' lang='grc' dir='ltr'>Γ.</span> <span class='ocrx_word' id='word_1_763' title='bbox 2791 4619 2853 4664; x_wconf 84' lang='grc' dir='ltr'>Α.</span> <span class='ocrx_word' id='word_1_764' title='bbox 2880 4603 3088 4671; x_wconf 83' lang='lat' dir='ltr'><strong>H.,vel</strong></span> <span class='ocrx_word' id='word_1_765' title='bbox 3114 4602 3245 4657; x_wconf 90' lang='lat' dir='ltr'><strong>aliis</strong></span> <span class='ocrx_word' id='word_1_766' title='bbox 3277 4600 3494 4657; x_wconf 86' lang='lat' dir='ltr'><strong>litteris</strong></span> 
     </span>
    </p>
   </div>
   <div class='ocr_carea' id='block_1_105' title="bbox 1905 4680 3494 4755">
    <p class='ocr_par' dir='ltr' id='par_1_105' title="bbox 1905 4680 3494 4755">
     <span class='ocr_line' id='line_1_107' title="bbox 1905 4680 3494 4755; baseline -0.004 -14"><span class='ocrx_word' id='word_1_767' title='bbox 1905 4704 1961 4743; x_wconf 81' lang='grc' dir='ltr'>α.</span> <span class='ocrx_word' id='word_1_768' title='bbox 1996 4688 2056 4741; x_wconf 92' lang='grc' dir='ltr'>Ρ.</span> <span class='ocrx_word' id='word_1_769' title='bbox 2092 4688 2149 4741; x_wconf 92' lang='lat' dir='ltr'><strong>C.</strong></span> <span class='ocrx_word' id='word_1_770' title='bbox 2183 4688 2246 4742; x_wconf 87' lang='grc' dir='ltr'>Η.</span> <span class='ocrx_word' id='word_1_771' title='bbox 2282 4693 2345 4741; x_wconf 86' lang='grc' dir='ltr'>Θ.</span> <span class='ocrx_word' id='word_1_772' title='bbox 2399 4688 2465 4742; x_wconf 89' lang='lat' dir='ltr'><strong>Et</strong></span> <span class='ocrx_word' id='word_1_773' title='bbox 2524 4701 2689 4755; x_wconf 90' lang='lat' dir='ltr'><strong>quem</strong></span> <span class='ocrx_word' id='word_1_774' title='bbox 2745 4684 2906 4739; x_wconf 90' lang='lat' dir='ltr'><strong>orbis</strong></span> <span class='ocrx_word' id='word_1_775' title='bbox 2960 4682 3266 4738; x_wconf 90' lang='lat' dir='ltr'><strong>universus</strong></span> <span class='ocrx_word' id='word_1_776' title='bbox 3338 4680 3494 4735; x_wconf 88' lang='lat' dir='ltr'><strong>ferro</strong></span> 
     </span>
    </p>
   </div>
   <div class='ocr_carea' id='block_1_106' title="bbox 1908 4754 3487 4828">
    <p class='ocr_par' dir='ltr' id='par_1_106' title="bbox 1908 4754 3487 4828">
     <span class='ocr_line' id='line_1_108' title="bbox 1908 4754 3487 4828; baseline -0.005 -14"><span class='ocrx_word' id='word_1_777' title='bbox 1908 4772 2188 4828; x_wconf 89' lang='lat' dir='ltr'><strong>superare</strong></span> <span class='ocrx_word' id='word_1_778' title='bbox 2221 4772 2331 4828; x_wconf 86' lang='lat' dir='ltr'><strong>non</strong></span> <span class='ocrx_word' id='word_1_779' title='bbox 2364 4754 2579 4828; x_wconf 85' lang='lat' dir='ltr'><strong>potuit,</strong></span> <span class='ocrx_word' id='word_1_780' title='bbox 2616 4758 2746 4812; x_wconf 87' lang='lat' dir='ltr'><strong>vino</strong></span> <span class='ocrx_word' id='word_1_781' title='bbox 2775 4760 2834 4810; x_wconf 88' lang='lat' dir='ltr'><strong>et</strong></span> <span class='ocrx_word' id='word_1_782' title='bbox 2886 4766 3110 4809; x_wconf 89' lang='lat' dir='ltr'><strong>veneno</strong></span> <span class='ocrx_word' id='word_1_783' title='bbox 3170 4754 3487 4820; x_wconf 83' lang='lat' dir='ltr'><strong>superatus</strong></span> 
     </span>
    </p>
   </div>
   <div class='ocr_carea' id='block_1_107' title="bbox 1907 4827 2737 4899">
    <p class='ocr_par' dir='ltr' id='par_1_107' title="bbox 1907 4827 2737 4899">
     <span class='ocr_line' id='line_1_109' title="bbox 1907 4827 2737 4899; baseline -0.005 -16"><span class='ocrx_word' id='word_1_784' title='bbox 1907 4827 2082 4899; x_wconf 67' lang='lat' dir='ltr'><strong>atcjue</strong></span> <span class='ocrx_word' id='word_1_785' title='bbox 2113 4827 2409 4883; x_wconf 86' lang='lat' dir='ltr'><strong>extinctus</strong></span> <span class='ocrx_word' id='word_1_786' title='bbox 2441 4827 2737 4882; x_wconf 88' lang='lat' dir='ltr'><strong>occubuit.</strong></span> 
     </span>
    </p>
   </div>
   <div class='ocr_carea' id='block_1_108' title="bbox 1906 4895 3487 4979">
    <p class='ocr_par' dir='ltr' id='par_1_108' title="bbox 1906 4895 3487 4979">
     <span class='ocr_line' id='line_1_110' title="bbox 1906 4895 3487 4979; baseline -0.006 -17"><span class='ocrx_word' id='word_1_787' title='bbox 1906 4895 2129 4979; x_wconf 64' lang='lat' dir='ltr'><strong>(BI-an.)</strong></span> <span class='ocrx_word' id='word_1_788' title='bbox 2165 4906 2346 4974; x_wconf 89' lang='lat' dir='ltr'><strong>Igitur</strong></span> <span class='ocrx_word' id='word_1_789' title='bbox 2374 4904 2443 4937; x_wconf 70' lang='grc' dir='ltr'><strong>ἰθ</strong></span> <span class='ocrx_word' id='word_1_790' title='bbox 2500 4909 2630 4975; x_wconf 90' lang='lat' dir='ltr'><strong>post</strong></span> <span class='ocrx_word' id='word_1_791' title='bbox 2683 4905 2927 4958; x_wconf 87' lang='lat' dir='ltr'><strong>mortem</strong></span> <span class='ocrx_word' id='word_1_792' title='bbox 2990 4895 3303 4954; x_wconf 88' lang='lat' dir='ltr'><strong>Alexandri</strong></span> <span class='ocrx_word' id='word_1_793' title='bbox 3359 4911 3487 4953; x_wconf 91' lang='lat' dir='ltr'><strong>cum</strong></span> 
     </span>
    </p>
   </div>
   <div class='ocr_carea' id='block_1_109' title="bbox 1836 4984 3492 5059">
    <p class='ocr_par' dir='ltr' id='par_1_109' title="bbox 1836 4984 3492 5059">
     <span class='ocr_line' id='line_1_111' title="bbox 1836 4984 3492 5059; baseline -0.005 -11"><span class='ocrx_word' id='word_1_794' title='bbox 1836 4993 2000 5050; x_wconf 89' lang='lat' dir='ltr'><strong>multi</strong></span> <span class='ocrx_word' id='word_1_795' title='bbox 2031 4993 2139 5049; x_wconf 89' lang='lat' dir='ltr'><strong>sibi</strong></span> <span class='ocrx_word' id='word_1_796' title='bbox 2174 4991 2581 5059; x_wconf 87' lang='lat' dir='ltr'><strong>succederent,</strong></span> <span class='ocrx_word' id='word_1_797' title='bbox 2608 4989 2863 5045; x_wconf 88' lang='lat' dir='ltr'><strong>obtinuit</strong></span> <span class='ocrx_word' id='word_1_798' title='bbox 2913 4985 3290 5042; x_wconf 90' lang='lat' dir='ltr'><strong>Ptholomeus</strong></span> <span class='ocrx_word' id='word_1_799' title='bbox 3326 4984 3492 5056; x_wconf 64' lang='grc' dir='ltr'><strong>Εεν-</strong></span> 
     </span>
    </p>
   </div>
   <div class='ocr_carea' id='block_1_110' title="bbox 1833 5062 3485 5142">
    <p class='ocr_par' dir='ltr' id='par_1_110' title="bbox 1833 5062 3485 5142">
     <span class='ocr_line' id='line_1_112' title="bbox 1833 5062 3485 5142; baseline -0.005 -14"><span class='ocrx_word' id='word_1_800' title='bbox 1833 5076 2018 5142; x_wconf 90' lang='lat' dir='ltr'><strong>ptum,</strong></span> <span class='ocrx_word' id='word_1_801' title='bbox 2054 5071 2375 5142; x_wconf 90' lang='lat' dir='ltr'><strong>Philippus,</strong></span> <span class='ocrx_word' id='word_1_802' title='bbox 2412 5070 2507 5141; x_wconf 90' lang='lat' dir='ltr'><strong>qui</strong></span> <span class='ocrx_word' id='word_1_803' title='bbox 2539 5073 2595 5125; x_wconf 88' lang='lat' dir='ltr'><strong>et</strong></span> <span class='ocrx_word' id='word_1_804' title='bbox 2631 5068 2903 5137; x_wconf 91' lang='lat' dir='ltr'><strong>Arideus,</strong></span> <span class='ocrx_word' id='word_1_805' title='bbox 2936 5067 3117 5121; x_wconf 85' lang='lat' dir='ltr'><strong>frater</strong></span> <span class='ocrx_word' id='word_1_806' title='bbox 3149 5062 3485 5134; x_wconf 88' lang='lat' dir='ltr'><strong>Alexandri,</strong></span> 
     </span>
    </p>
   </div>
   <div class='ocr_carea' id='block_1_111' title="bbox 109 5139 3482 5229">
    <p class='ocr_par' dir='ltr' id='par_1_111' title="bbox 109 5139 3482 5229">
     <span class='ocr_line' id='line_1_113' title="bbox 109 5139 3482 5229; baseline 0.004 -35"><span class='ocrx_word' id='word_1_807' title='bbox 109 5139 308 5208; x_wconf 82' lang='lat' dir='ltr'><strong>plexata</strong></span> <span class='ocrx_word' id='word_1_808' title='bbox 341 5155 431 5206; x_wconf 86' lang='lat' dir='ltr'><strong>est</strong></span> <span class='ocrx_word' id='word_1_809' title='bbox 461 5153 852 5222; x_wconf 91' lang='lat' dir='ltr'><strong>eum,dicens:</strong></span> <span class='ocrx_word' id='word_1_810' title='bbox 877 5154 1448 5223; x_wconf 81' lang='lat' dir='ltr'><strong>Heumemiseram,</strong></span> <span class='ocrx_word' id='word_1_811' title='bbox 1483 5157 1724 5227; x_wconf 73' lang='lat' dir='ltr'><strong>utquid</strong></span> <span class='ocrx_word' id='word_1_812' title='bbox 1832 5139 2222 5214; x_wconf 74' lang='lat' dir='ltr'><strong>Macedoniam</strong></span> <span class='ocrx_word' id='word_1_813' title='bbox 2242 5139 2329 5229; x_wconf 51' lang='grc' dir='ltr'><strong>ἕω,</strong></span> <span class='ocrx_word' id='word_1_814' title='bbox 2357 5139 2653 5227; x_wconf 87' lang='lat' dir='ltr'><strong>Seleucus,</strong></span> <span class='ocrx_word' id='word_1_815' title='bbox 2691 5156 2788 5226; x_wconf 92' lang='lat' dir='ltr'><strong>qui</strong></span> <span class='ocrx_word' id='word_1_816' title='bbox 2844 5159 2901 5210; x_wconf 92' lang='lat' dir='ltr'><strong>et</strong></span> <span class='ocrx_word' id='word_1_817' title='bbox 2952 5153 3225 5222; x_wconf 86' lang='lat' dir='ltr'><strong>Nicanor,</strong></span> <span class='ocrx_word' id='word_1_818' title='bbox 3260 5152 3482 5223; x_wconf 87' lang='lat' dir='ltr'><strong>Syriam</strong></span> 
     </span>
    </p>
   </div>
   <div class='ocr_carea' id='block_1_112' title="bbox 109 5231 1718 5315">
    <p class='ocr_par' dir='ltr' id='par_1_112' title="bbox 109 5231 1718 5315">
     <span class='ocr_line' id='line_1_114' title="bbox 109 5231 1718 5315; baseline 0.013 -33"><span class='ocrx_word' id='word_1_819' title='bbox 109 5231 255 5290; x_wconf 76' lang='lat' dir='ltr'><strong>vadis</strong></span> <span class='ocrx_word' id='word_1_820' title='bbox 275 5236 635 5310; x_wconf 78' lang='lat' dir='ltr'><strong>temetipsum</strong></span> <span class='ocrx_word' id='word_1_821' title='bbox 654 5240 944 5299; x_wconf 81' lang='lat' dir='ltr'><strong>occidere?</strong></span> <span class='ocrx_word' id='word_1_822' title='bbox 966 5242 1067 5298; x_wconf 90' lang='lat' dir='ltr'><strong>Cui</strong></span> <span class='ocrx_word' id='word_1_823' title='bbox 1093 5239 1223 5297; x_wconf 85' lang='lat' dir='ltr'><strong>ille:</strong></span> <span class='ocrx_word' id='word_1_824' title='bbox 1240 5243 1433 5313; x_wconf 83' lang='lat' dir='ltr'><strong>Orate,</strong></span> <span class='ocrx_word' id='word_1_825' title='bbox 1451 5242 1718 5315; x_wconf 66' lang='lat' dir='ltr'><strong>Roxani,</strong></span> 
     </span>
    </p>
   </div>
   <div class='ocr_carea' id='block_1_113' title="bbox 1832 5240 3483 5315">
    <p class='ocr_par' dir='ltr' id='par_1_113' title="bbox 1832 5240 3483 5315">
     <span class='ocr_line' id='line_1_115' title="bbox 1832 5240 3483 5315; baseline -0.004 -14"><span class='ocrx_word' id='word_1_826' title='bbox 1832 5249 1889 5301; x_wconf 89' lang='lat' dir='ltr'><strong>ct</strong></span> <span class='ocrx_word' id='word_1_827' title='bbox 1923 5244 2293 5314; x_wconf 88' lang='lat' dir='ltr'><strong>Babyloniam</strong></span> <span class='ocrx_word' id='word_1_828' title='bbox 2316 5249 2376 5300; x_wconf 91' lang='lat' dir='ltr'><strong>ct</strong></span> <span class='ocrx_word' id='word_1_829' title='bbox 2407 5259 2584 5315; x_wconf 87' lang='lat' dir='ltr'><strong>regna</strong></span> <span class='ocrx_word' id='word_1_830' title='bbox 2618 5242 2882 5314; x_wconf 90' lang='lat' dir='ltr'><strong>orientis,</strong></span> <span class='ocrx_word' id='word_1_831' title='bbox 2916 5241 3242 5312; x_wconf 83' lang='lat' dir='ltr'><strong>Antigonus</strong></span> <span class='ocrx_word' id='word_1_832' title='bbox 3289 5240 3483 5296; x_wconf 86' lang='lat' dir='ltr'><strong>Asiam</strong></span> 
     </span>
    </p>
   </div>
   <div class='ocr_carea' id='block_1_114' title="bbox 1434 5356 2113 5415">
    <p class='ocr_par' dir='ltr' id='par_1_114' title="bbox 1434 5356 2113 5415">
     <span class='ocr_line' id='line_1_116' title="bbox 1434 5356 2113 5415; baseline 0 -4"><span class='ocrx_word' id='word_1_833' title='bbox 1434 5356 1670 5413; x_wconf 71' lang='lat' dir='ltr'><strong>VARIIE</strong></span> <span class='ocrx_word' id='word_1_834' title='bbox 1710 5357 2005 5415; x_wconf 86' lang='lat' dir='ltr'><strong>LECTION</strong></span> <span class='ocrx_word' id='word_1_835' title='bbox 2012 5357 2113 5413; x_wconf 85' lang='lat' dir='ltr'><strong>ES.</strong></span> 
     </span>
    </p>
   </div>
   <div class='ocr_carea' id='block_1_115' title="bbox 164 5428 1919 5511">
    <p class='ocr_par' dir='ltr' id='par_1_115' title="bbox 164 5428 1919 5511">
     <span class='ocr_line' id='line_1_117' title="bbox 164 5428 1919 5511; baseline 0.005 -19"><span class='ocrx_word' id='word_1_836' title='bbox 164 5428 224 5464; x_wconf 78' lang='grc'><strong>²¹⁹</strong></span> <span class='ocrx_word' id='word_1_837' title='bbox 252 5435 363 5495; x_wconf 83' lang='lat' dir='ltr'><strong>Hie</strong></span> <span class='ocrx_word' id='word_1_838' title='bbox 373 5440 585 5511; x_wconf 83' lang='lat' dir='ltr'><strong>pergit</strong></span> <span class='ocrx_word' id='word_1_839' title='bbox 610 5441 697 5496; x_wconf 90' lang='grc'>10.</span> <span class='ocrx_word' id='word_1_840' title='bbox 771 5439 842 5474; x_wconf 79' lang='grc'><strong>¹²⁰</strong></span> <span class='ocrx_word' id='word_1_841' title='bbox 878 5440 1601 5501; x_wconf 87' lang='lat' dir='ltr'><strong>macedoniam—orientis</strong></span> <span class='ocrx_word' id='word_1_842' title='bbox 1632 5458 1663 5502; x_wconf 80' lang='grc' dir='ltr'><em>ο</em></span> <span class='ocrx_word' id='word_1_843' title='bbox 1684 5459 1836 5503; x_wconf 83' lang='lat' dir='ltr'><strong>corr.</strong></span> <span class='ocrx_word' id='word_1_844' title='bbox 1870 5453 1919 5502; x_wconf 83' lang='lat'><strong>1.</strong></span> 
     </span>
    </p>
   </div>
   <div class='ocr_carea' id='block_1_116' title="bbox 1664 5542 1886 5600">
    <p class='ocr_par' dir='ltr' id='par_1_116' title="bbox 1664 5542 1886 5600">
     <span class='ocr_line' id='line_1_118' title="bbox 1664 5542 1886 5600; baseline 0.005 -3"><span class='ocrx_word' id='word_1_845' title='bbox 1664 5542 1886 5600; x_wconf 75' lang='grc' dir='ltr'>ΝΟΤιΕ.</span> 
     </span>
    </p>
   </div>
   <div class='ocr_carea' id='block_1_117' title="bbox 177 5597 742 5677">
    <p class='ocr_par' dir='ltr' id='par_1_117' title="bbox 177 5597 742 5677">
     <span class='ocr_line' id='line_1_119' title="bbox 177 5597 742 5677; baseline 0.019 -24"><span class='ocrx_word' id='word_1_846' title='bbox 177 5597 309 5673; x_wconf 86' lang='grc'>(211)</span> <span class='ocrx_word' id='word_1_847' title='bbox 336 5605 374 5660; x_wconf 86' lang='grc'><strong>1.</strong></span> <span class='ocrx_word' id='word_1_848' title='bbox 408 5617 457 5660; x_wconf 92' lang='lat' dir='ltr'><strong>e.</strong></span> <span class='ocrx_word' id='word_1_849' title='bbox 487 5606 742 5677; x_wconf 87' lang='lat' dir='ltr'><strong>januam.</strong></span> 
     </span>
    </p>
   </div>
  </div>
