3898 6312
116 324 221 387 605

968 331 1412 401 CHRONICA.
1448 371 1528 385 -—
1556 333 2037 401 CHRONICON
2078 339 2623 407 UNIVERSALE.

3394 348 3514 413 606

121 458 259 518 xime
294 460 450 520 bello
481 462 530 519 in
562 464 810 525 Lucania
845 466 1036 527 victus
1069 475 1125 527 et
1176 472 1410 530 occisus
1464 476 1575 529 est.
1614 474 1754 529 Post
1786 472 1837 530 A
1870 478 2065 531 mento
2095 476 2294 536 Justus
2322 478 2712 551 principatum
2736 478 2991 537 obtinuit
3020 479 3109 538 ³³⁸.

117 550 228 634 lucc
246 552 609 622 Romanijam
627 560 896 625 potentes
908 573 1041 614 esse
1054 566 1382 631 coeperunt,
1418 561 1753 632 bellumque

116 638 167 694 ιη
194 642 512 697 centesimo
542 648 603 698 et
637 647 991 714 octogesimo
1052 649 1170 705 fere
1206 649 1455 705 miliario
1486 650 1558 706 ab
1605 651 1751 705 urbe

118 742 234 783 cum
250 729 604 787 Samnitibus
620 733 851 804 Papirio
871 734 1162 793 dictatore
1184 738 1622 808 gesserunt,ubi
1636 739 1740 793 Fa-

120 815 239 872 bius
266 817 543 875 Maximus
576 822 859 891 magister
902 824 1160 895 equitum
1216 829 1459 884 absente
1497 826 1729 898 Papirio

118 904 437 962 felicissime
470 906 767 965 dimicavit
791 915 848 966 et
880 917 1056 969 20000
1114 915 1431 972 Samnitum
1503 916 1727 972 delevit

117 992 308 1049 Postea
362 995 651 1053 Samnites
709 999 1210 1072 circumspectiori
1274 1018 1415 1060 cura
1451 1005 1751 1060 instructo

119 1083 385 1152 exercitu,
403 1085 555 1155 apud
574 1086 863 1143 Caudinas
878 1091 1158 1148 Furculas
1170 1093 1460 1162 angustiis
1475 1094 1673 1149 locoru
1689 1109 1737 1149 m

119 1170 398 1240 armisque
411 1172 726 1230 conclusos
754 1176 1198 1248 Romanos,Tito
1222 1181 1450 1238 Biturio
1467 1186 1522 1237 et
1542 1181 1749 1253 Spurio

115 1260 777 1335 Postumioconsulibus,
824 1265 1039 1335 ingenti
1100 1268 1388 1324 dedecore
1446 1270 1745 1333 vicerunt,

118 1362 338 1417 quorum
372 1349 488 1405 dux
516 1352 758 1408 Pontius
776 1369 880 1423 pro
897 1370 1102 1424 magna
1130 1357 1453 1413 securitate
1479 1358 1741 1414 victoriae

117 1437 441 1492 Herennium
478 1441 703 1509 patrem
738 1456 904 1496 suum
936 1443 1251 1514 consuluit,
1283 1448 1473 1501 utrum
1509 1445 1739 1503 clausos

117 1525 392 1580 occideret
424 1542 494 1581 an
527 1533 797 1598 parceret
824 1530 1013 1587 victis.
1052 1532 1121 1586 Ut
1156 1532 1322 1588 vivos
1358 1536 1548 1588 tamen
1570 1533 1745 1589 dede-

115 1612 248 1681 cori,
269 1620 551 1683 servaret,
582 1615 781 1685 elegit.
808 1618 1150 1674 Universum
1169 1620 1384 1691 quippe
1416 1622 1733 1677 Romanum

114 1701 420 1756 exercitum
454 1704 713 1773 turpiter
735 1710 990 1775 captum,
1010 1707 1190 1762 armis
1252 1709 1743 1779 vestimentisque

116 1788 717 1857 nudatum,vilioribus
740 1794 1109 1850 vestimentis
1131 1799 1357 1851 tantum
1381 1798 1453 1852 ob
1470 1812 1729 1853 vereeun
1780 1814 1833 1873 Β

115 1875 254 1931 diam
283 1892 584 1947 corporum
604 1881 911 1949 tegendam
946 1884 1265 1952 concessis,
1333 1885 1561 1955 longum
1587 1886 1743 1941 ordi-

117 1979 232 2029 nem
254 1965 508 2022 victoriae
523 1982 700 2037 agere
715 1971 999 2041 prccepit,
1019 1973 1426 2043 sexcentisque
1460 1974 1728 2030 Romanis

118 2052 395 2121 equitibus
430 2055 482 2109 in
519 2055 853 2112 obsidatum
872 2060 1151 2129 acoeptis,
1186 2061 1459 2117 consules
1503 2062 1745 2131 ignomi-

121 2140 199 2195 nia
229 2146 497 2199 oneratos
523 2144 894 2215 remisit,sub
920 2146 1019 2202 tali
1052 2148 1389 2204 conditione
1430 2150 1612 2220 pacis,
1642 2166 1751 2220 qua

123 2228 186 2285 lis
215 2232 570 2287 Samnitibus
606 2233 981 2304 placuit.Sed
1014 2236 1060 2290 si
1097 2236 1268 2291 fidem
1312 2238 1560 2292 fmderis
1577 2240 1751 2294 Roma

122 2317 536 2389 niservassent,
578 2324 676 2375 aut
713 2321 883 2376 hodie
915 2337 1024 2378 non
1058 2328 1282 2393 essent,
1346 2330 1443 2380 aut
1484 2326 1751 2380 Samniti-

125 2406 215 2460 bus
230 2408 1007 2478 subjacuissent.Posteriori
1041 2411 1327 2481 siquidem
1346 2412 1748 2481 annojubente

131 2499 313 2549 senatu
338 2495 503 2551 fidem
531 2495 793 2562 solvunt,
818 2512 1036 2567 eosque
1053 2499 1539 2569 Papirioconsule
1561 2501 1612 2555 in
1636 2500 1753 2556 bel-

124 2580 223 2636 lum
247 2589 484 2654 cogunt,
524 2599 637 2639 nec
668 2588 802 2640 ante
830 2586 956 2640 cedi
1017 2586 1107 2641 vel
1158 2587 1368 2643 cedere
1426 2588 1747 2659 desierunt,

125 2686 274 2741 quam
309 2673 487 2729 victis
517 2673 878 2729 Samnitibus
908 2678 1198 2745 captoque
1221 2677 1368 2732 duce
1389 2692 1586 2732 eorum
1617 2693 1745 2733 cum

128 2764 326 2830 septem
347 2760 824 2830 milibus,jugum
844 2762 1354 2833 eisreposuerunt.
1392 2766 1469 2819 Eo
1488 2769 1752 2836 tempore

123 2845 318 2916 Appius
345 2846 636 2903 Claudius
663 2861 873 2903 censor
899 2862 1104 2917 aquam
1139 2849 1434 2905 Claudiam
1484 2851 1612 2905 urbi
1672 2851 1754 2906 in-

124 2932 345 2989 duxitet
364 2935 518 2990 viam
540 2935 790 3005 Appiam
807 2935 1034 2991 stravit.
1054 2937 1190 2992 Post
1216 2938 1337 2993 haec
1362 2937 1651 2993 Samnites
1666 2953 1754 2993 re-

126 3025 303 3091 parato
332 3022 483 3078 bello
520 3023 803 3089 Quintum
829 3024 1068 3080 Fabium
1111 3025 1411 3081 Maximum
1466 3025 1752 3097 vicerunt,

122 3110 295 3167 tribus
328 3111 566 3167 milibus
601 3110 892 3167 hominum
923 3112 1157 3168 occisis.
1177 3114 1385 3169 Postea
1419 3129 1547 3170 cum
1590 3120 1755 3184 pater

123 3198 232 3267 ejus
262 3199 465 3255 Fabius
497 3198 788 3254 Maximus
812 3198 1044 3269 legatus
1076 3201 1248 3257 datus
1277 3201 1504 3270 fuisset,
1529 3205 1585 3257 et
1602 3204 1755 3257 Sam-
1787 3195 1835 3220 υ

122 3285 254 3342 nites
278 3286 436 3357 vicit,
457 3291 519 3342 et
563 3285 815 3357 plurima
831 3287 1089 3358 ipsorum
1109 3289 1508 3360 oppidacepit.
1529 3290 1752 3346 Deinde

122 3374 336 3430 Publius
368 3374 683 3431 Cornelius
714 3374 1024 3431 Ruﬁnusct
1042 3377 1271 3433 Marcus
1291 3377 1500 3432 Curius
1542 3380 1752 3433 Denta-

120 3463 200 3518 tus
225 3463 403 3530 ambo,
436 3463 741 3533 consules,
777 3468 982 3518 contra
1008 3465 1321 3520 Ramentas
1344 3464 1415 3497 ”‘
1460 3465 1654 3535 missi,
1697 3481 1757 3520 n-

117 3550 359 3618 gentibus
389 3550 736 3622 praeliiseos
770 3553 1100 3622 confecere,
1132 3554 1211 3608 ita
1246 3553 1448 3608 ruinas
1482 3553 1642 3624 ipsas
1666 3568 1758 3609 ιιι·-

120 3635 254 3694 bium
275 3640 598 3709 diruentes,
627 3643 686 3694 ut
722 3640 897 3695 hodie
928 3641 1218 3697 Samnium
1251 3642 1303 3696 in
1338 3643 1468 3712 ipso
1519 3642 1755 3697 Samnio

120 3727 422 3796 requiratur
445 3744 554 3786 nec
592 3728 759 3784 facile
783 3729 1130 3785 inveniatur.
1155 3730 1307 3786 Tunc
1355 3729 1569 3786 bellum
1599 3746 1757 3786 cum-

130 3814 461 3873 Samnitibus
495 3831 604 3888 per
636 3819 703 3870 49
734 3831 918 3872 annos
948 3820 1139 3872 aetum
1176 3818 1472 3873 subiatum
1517 3825 1629 3887 esl,
1656 3834 1757 3873 ne-

127 3915 221 3970 que
244 3902 393 3960 ullus
442 3905 643 3961 hostis
676 3905 783 3959 fuit
810 3905 958 3959 intra
999 3904 1245 3975 Italiam,
1291 3906 1385 3977 qui
1437 3908 1750 3963 Romanam

122 3989 373 4048 virtutem
402 3994 592 4064 magis
620 3993 976 4063 fatigaverit.

182 4077 446 4144 (Hmmin
466 4085 629 4139 Dan.
671 4098 721 4138 c.
759 4082 1000 4152 x.)Post
1059 4082 1458 4138 Alexandrum
1517 4083 1754 4139 Ptholo-
1822 4145 1826 4149 _

127 4180 287 4237 meus,
324 4170 452 4239 Lagi
472 4170 649 4239 filius,
667 4169 927 4239 regnavit
954 4169 1319 4227 Alexandria:
1352 4171 1499 4242 prim
1511 4187 1578 4228 us
1591 4172 1756 4228 annis

132 4256 206 4324 40,
229 4269 257 4311 a
288 4258 719 4314 restauratione
742 4259 942 4329 templi
974 4273 1121 4314 anno
1156 4262 1275 4314 198.
1330 4261 1442 4316 lste
1495 4261 1601 4317 fuit
1660 4262 1755 4317 vir

140 4343 633 4415 prudentissimus,
659 4346 982 4403 ditissimus
1015 4362 1243 4417 quoque
1262 4362 1328 4403 ac
1378 4348 1753 4420 fortissimus,

134 4432 404 4503 tantaeque
434 4433 738 4504 potentia),
757 4438 819 4490 ut
836 4434 1117 4505 Pyrrhum
1141 4440 1338 4503 regem
1362 4436 1612 4506 Epyrota
1629 4451 1753 4493 rum

132 4531 288 4587 regno
316 4521 626 4592 depulsum
660 4521 1019 4591 restitueret,
1055 4523 1421 4593 Cyprumque
1443 4538 1506 4579 ac
1550 4525 1759 4579 Phcni-

137 4618 241 4661 cem
272 4608 602 4679 multasque
634 4610 809 4665 urbes
831 4608 1133 4666 etinsulas
1152 4624 1221 4666 ac
1250 4610 1727 4680 regionesobtine

139 4697 234 4763 ret,
260 4701 315 4751 et
347 4697 505 4753 victo
526 4697 837 4766 Demetrio,
877 4698 996 4753 ﬁlio
1032 4699 1324 4769 Antigoni,
1370 4700 1610 4756 Seleuco
1637 4715 1761 4770 par—

135 4783 231 4836 tem
248 4785 403 4855 regni
427 4786 543 4854 sui,
579 4801 707 4856 quae
729 4788 800 4841 ab
834 4787 1118 4857 Antigono
1152 4788 1339 4843 fuerat
1400 4788 1615 4858 ablata,
1675 4804 1763 4845 re-

129 4869 630 4945 stitneret.(Hu'-:n.)
659 4874 781 4945 Hic,
817 4875 1195 4931 llierosolima
1228 4882 1288 4930 et
1340 4876 1556 4933 Judaais
1625 4877 1758 4934 dolo

127 4958 389 5030 subactis,
418 4961 724 5017 multosex
749 4963 834 5019 eis
857 4962 1081 5018 iterum
1102 4963 1155 5017 in
1180 4965 1482 5034 Egyptum
1502 4968 1560 5019 tr
1591 4971 1762 5021 anstu

127 5038 209 5112 lit,
242 5061 382 5115 quos
396 5044 818 5120 tamen'postea
839 5049 1090 5119 benigne
1118 5050 1611 5119 tractavit.Hujus
1630 5056 1761 5119 tem,

122 5142 243 5197 pore
255 5134 526 5206 princeps
540 5136 851 5193 sacerdotu
872 5152 923 5192 m
961 5137 1359 5194 llierosolimis
1382 5138 1577 5208 Onias,
1593 5125 1761 5196 Jaddl

142 5215 293 5276 ﬁlius
326 5223 432 5277 fuit
476 5237 624 5292 ;quo
658 5227 907 5295 mortuo,
946 5225 1101 5281 filius
1130 5224 1256 5294 ejus
1293 5227 1530 5297 Symeon
1555 5243 1765 5297 cogno-

1869 563 2008 613 Alcx.
2071 566 2255 616 Maced.
2289 570 2435 617 Asiae.

2014 649 2061 699 1.
2216 651 2263 702 1.
2626 648 2947 718 Philippus,
2993 649 3087 719 qui
3137 654 3194 705 et
3239 649 3506 721 Arideus,

1875 734 2052 790 frater
2113 735 2444 805 Alexandri,
2483 737 2743 806 regnavit
2774 737 3121 794 Macedonize
3175 740 3340 794 annis
3367 741 3421 809 7,
3479 753 3509 795 a

1873 824 2305 880 restauratione
2336 824 2538 896 templi
2571 840 2720 881 anno
2772 826 3092 882 centesimo
3134 827 3510 896 nonagesimo

1873 915 2099 969 octavo.

2014 1004 2047 1055 7
2190 1005 2223 1056 7
2478 1008 2496 1056 1
2580 1003 2723 1059 llinc
2757 1003 3155 1071 Asizeregnum
3185 1002 3407 1075 incipit,
3445 1004 3501 1059 in

1873 1103 1987 1159 quo
2014 1089 2231 1161 primus
2263 1094 2391 1162 post
2454 1089 2845 1145 Alexandrum
2880 1090 3144 1159 regnavit
3184 1090 3509 1160 Antigonus

1873 1177 2039 1233 annis
2066 1182 2146 1234 18.

2012 1270 2044 1322 8
2191 1272 2213 1320 1

1871 1354 1979 1409 nite
2011 1353 2176 1410 annis
2205 1358 2291 1410 19.

2506 1272 2540 1323 2
2615 1266 2938 1323 Cassander
2969 1266 3235 1336 regnavit
3252 1266 3508 1323 Macedo-

2608 1446 2755 1504 Syria?

2570 1520 2783 1566 regnum

2589 1568 2774 1628 incipit.

1938 1649 2002 1699 13
2181 1648 2213 1699 6
2463 1649 2496 1699 7
2748 1652 2771 1701 1
2995 1647 3252 1716 Regnum
3325 1645 3503 1717 Syrize

1864 1731 2270 1802 etBabyloniae
2302 1731 2372 1764 ²²⁶
2394 1736 2452 1788 et
2492 1734 2859 1803 superiorum
2916 1733 3173 1789 locorum
3216 1733 3500 1803 nascitur,

1865 1820 1959 1875 ubi
1980 1820 2198 1891 primus
2230 1821 2764 1890 postAlexandrum
2796 1822 3059 1890 regnavit
3102 1821 3377 1877 Seleucus
3411 1819 3501 1875 Ni-

1862 1909 2217 1964 canoraunis
2235 1909 2474 1975 triginta
2494 1909 2868 1978 duobus.llic,
2893 1914 3065 1979 capto
3084 1909 3371 1964 Demetrio
3394 1910 3502 1963 An-

1866 1997 2200 2067 tigonifilio,
2237 2012 2474 2066 regnum
2498 1997 2644 2052 Asiae
2668 1996 3140 2067 destruxit,etex
3157 1996 3406 2066 duobus,
3443 1994 3500 2051 id

1862 2089 1950 2139 est
1974 2085 2120 2141 Asia)
2143 2090 2202 2139 ct
2233 2086 2431 2154 Syriae,
2458 2100 2631 2140 unum
2663 2085 2794 2139 fecit
2832 2085 3153 2155 imperium.
3218 2084 3376 2140 Unde
3435 2087 3493 2138 et

1862 2173 2018 2229 filius
2049 2173 2175 2242 ejus
2208 2173 2651 2242 Antiochus,qui
2684 2177 2739 2227 et
2774 2174 3001 2241 Sother,
3055 2174 3181 2243 post
3240 2184 3370 2227 eum
3414 2183 3503 2226 re-

1861 2253 2056 2321 gnavit
2091 2253 2145 2307 in
2181 2252 2341 2321 Syria
2375 2257 2434 2307 et
2466 2252 2620 2318 Asia,
2656 2256 2785 2321 post
2830 2265 2997 2321 quem
3041 2249 3306 2320 regnavit
3362 2250 3501 2304 item

1863 2341 2201 2407 Antiochus,
2240 2340 2334 2410 qui
2374 2340 2679 2395 dicebatur
2700 2339 2901 2394 Theos.
2937 2341 3049 2394 Has
3098 2342 3290 2394 autem
3322 2337 3503 2392 urbes

1862 2428 2122 2483 condidit
2156 2428 2433 2483 Seleucus
2466 2447 2478 2481 :
2506 2427 2890 2495 Antiochiam,
2926 2426 3274 2494 Laodiciam,
3308 2424 3506 2480 Seleu-

1863 2499 2030 2567 ciam,
2058 2499 2378 2568 Apamiam,
2414 2499 3002 2567 Edissam,Beroeam,
3056 2496 3291 2551 Pellam.
3356 2495 3507 2561 Qua~

1865 2601 1989 2641 rum
2016 2586 2379 2639 Antiochiam
2410 2588 2670 2641 12°anno
2695 2583 2853 2654 regni
2882 2584 2967 2640 sui
3000 2582 3258 2639 condidit
3290 2586 3345 2636 et
3382 2594 3498 2636 me-

1864 2671 2139 2742 tropolim
2173 2671 2522 2742 publicaerei
2538 2670 2994 2727 suzeconstituit.
3016 2702 3077 2710 —
3103 2672 3183 2725 Ex
3238 2669 3347 2724 hoc
3365 2672 3505 2724 tem-

1867 2773 2025 2830 pore,
2056 2758 2110 2814 id
2144 2764 2235 2813 est
2266 2759 2529 2814 abinicio
2563 2759 2723 2827 regni
2747 2757 2996 2826 Seleuci,
3030 2758 3388 2827 subputatur
3434 2753 3503 2787 ³³⁷

1867 2848 2178 2903 Grecorum
2228 2861 2489 2916 regnum,
2538 2850 2704 2915 juxta
2754 2847 3035 2901 Hebream
3078 2843 3147 2877 ³³⁸
3200 2841 3501 2898 historiam

1868 2936 2329 2991 Machabeorum.

1936 3029 2004 3079 25
2150 3026 2217 3077 18
2469 3028 2490 3076 1
2680 3025 2746 3077 13
2955 3017 3301 3088 Demetrius,
3339 3015 3495 3074 ﬁlius

1870 3110 2165 3181 Antigoni,
2187 3110 2449 3180 regnavit
2474 3110 2528 3165 in
2563 3110 2692 3166 Asia
2730 3114 2792 3165 17
2824 3107 3006 3165 annis.

1937 3202 2007 3253 27
2190 3204 2211 3252 1
2473 3203 2503 3253 3
2686 3202 2751 3252 15
3044 3194 3366 3264 Antigonus
3444 3194 3506 3246 et

1869 3287 2199 3344 Alexander
2231 3286 2332 3341 filii
2357 3285 2668 3343 Cassandri
2694 3285 2782 3356 ²²⁹,
2807 3286 3198 3355 regnaverunt
3238 3282 3294 3336 in
3318 3282 3500 3336 Mace-

1873 3377 2045 3433 donia
2068 3376 2236 3431 annis
2262 3378 2311 3429 4.

1938 3469 1997 3520 31
2186 3467 2209 3519 1
2468 3466 2502 3515 7
2715 3466 2783 3518 19

1866 3554 2069 3623 gnavit
2102 3554 2155 3608 in
2183 3551 2515 3607 Macedonia
2547 3550 2714 3606 annis
2745 3565 2847 3606 sex
2868 3548 2955 3603 ²³⁰.

1939 3644 2007 3696 37
2190 3645 2212 3695 1
2438 3643 2503 3694 13
2690 3640 2759 3691 25
2975 3636 3192 3705 Pyrrus
3206 3648 3308 3689 rex
3332 3632 3503 3704 Epyri

1875 3732 2157 3799 corrupto
2184 3727 2447 3783 exercitu
2480 3724 2752 3781 Demetrii
2786 3724 3030 3794 ipsoque
3056 3724 3279 3791 fugato,
3303 3733 3507 3789 regna-

1870 3818 1953 3873 vit
1984 3815 2393 3871 Macedonibus
2422 3827 2652 3869 menses
2683 3815 2735 3880 7,
2755 3814 2882 3881 post
2925 3822 3095 3879 quem
3130 3807 3507 3878 Lysimachus

1872 3906 2039 3960 annis
2066 3903 2134 3969 ’ἐι
2163 3918 2286 3958 sex.

1939 3996 2008 4049 40
2186 3994 2219 4046 4
2436 3994 2457 4043 1
2470 3992 2503 4042 6
2716 3988 2787 4041 28

1941 4079 2367 4150 (H.m.)Anno
2399 4076 2471 4131 ab
2538 4074 2692 4130 Urbe
2749 4071 2983 4129 condita
3041 4072 3194 4139 464°,
3255 4068 3353 4139 qui
3414 4071 3507 4125 est

1868 4167 2186 4226 Ptholomei
2217 4170 2362 4234 33M,
2388 4162 2700 4227 Tarentini,
2736 4161 2906 4231 quiin
2930 4156 3313 4215 ultimaltalia
3340 4161 3499 4225 sunt,

1870 4261 2182 4314 Romanam
2200 4254 2446 4310 classem
2468 4253 2618 4307 forte
2642 4253 3075 4321 pretereuntem
3108 4244 3409 4302 hostiliter
3429 4244 3516 4299 in-

1870 4349 2166 4411 vaserunt,
2201 4343 2496 4412 prefectos
2540 4337 2771 4394 navium
2815 4336 3159 4392 occiderunt
3191 4346 3510 4403 omnesque

1871 4434 2046 4492 utiles
2066 4431 2216 4487 bello
2241 4428 2497 4500 reliquos
2511 4425 2900 4483 vendiderunt
2928 4423 3125 4495 precio
3142 4439 3156 4487 ;
3174 4422 3509 4490 undegran-

2998 3458 3328 3515 Demetrius
3414 3471 3504 3513 re-

1790 4507 1838 4566 D
1872 4523 1943 4579 de
1959 4521 2174 4578 bellum
2194 4520 2347 4575 inter
2360 4532 2461 4573 eos
2477 4521 2665 4572 ortum
2681 4517 2793 4570 est.
2819 4512 3346 4583 (Jonu.)Tarentum
3362 4521 3507 4563 vero

1873 4627 1901 4667 a
1963 4606 2398 4666 Lacedemoniis
2419 4604 2738 4673 conditum,
2795 4600 3075 4658 Calabriae
3133 4595 3421 4667 quondam
3452 4599 3515 4651 et

1877 4698 2099 4771 Apuliae
2132 4696 2430 4765 totiusque
2461 4690 2725 4748 Lucaniae
2747 4691 2921 4759 caput
2954 4690 3100 4755 erat,
3119 4682 3363 4771 divitiis,
3398 4695 3515 4771 ma-

1877 4769 2871 4857 gnitudine,muris,portuipsoque
2905 4774 3023 4831 situ
3058 4769 3343 4828 mirabile.
3408 4769 3511 4857 (Η.

1870 4856 1974 4946 ait.)
2005 4876 2298 4930 Romanus
2333 4869 2531 4936 itaque
2551 4864 2845 4919 exercitus
2860 4875 2989 4916 cum
3006 4857 3229 4916 Emilio
3261 4856 3514 4946 consule

1875 4944 2106 5018 irruens
2140 4961 2194 5014 in
2220 4956 2525 5013 universos
2563 4950 3007 5007 Tarentinorum
3032 4947 3199 5016 fines,
3239 4946 3371 5015 igne
3406 4944 3515 5001 fer-

1878 5064 2057 5121 roque
2088 5050 2278 5104 vastat
2309 5042 2377 5076 ²³²
2414 5041 2624 5109 omnia,
2660 5037 2904 5109 plurima
2927 5032 3305 5106 expugnatm
3320 5032 3515 5121 opida,

1877 5119 2144 5209 injuriam
2172 5131 2803 5198 insolenteracceptam
2819 5123 3142 5180 crudeliter
3158 5121 3413 5179 vindicat
3426 5119 3515 5183 ²³³,

1878 5222 2179 5282 Tarentini
2204 5235 2342 5276 vero
2364 5234 2491 5274 cum
2512 5214 2780 5288 plurimis
2815 5212 3193 5268 finitimorum
3244 5210 3521 5282 presidiis

1459 5385 1699 5443 VARUE
1740 5383 2141 5442 LECTIONES.

186 5471 399 5553 f"_legc
430 5478 717 5553 Samnitas
745 5492 820 5536 ea:
845 5480 922 5536 Η.
953 5479 1285 5553 φηηῗῗῖΗὶσ
1304 5482 1442 5553 jam
1475 5486 1541 5553 12
1574 5482 1692 5553 (vel
1719 5488 1786 5538 13
1815 5482 1862 5553 ?)
1886 5476 2313 5553 φαατεηιίοηςέ
2341 5474 2409 5553 in
2436 5469 2747 5553 Regna?“
2776 5467 3027 5553 δεῖξγιίξη
3072 5463 3521 5553 ξιξτω²²⁷ηθξιιιξριξ

126 5536 349 5612 tabatui
374 5552 422 5605 4.
449 5547 520 5581 ηε
550 5549 894 5606 hebreorum
926 5536 1109 5607 θυμω
1140 5536 1858 5612 r:e.'aasmgmmé
1886 5536 2106 5608 iterant
2126 5553 2212 5604 9ο.
2249 5543 2317 5578 ’³1
2338 5541 2509 5601 deest
2536 5544 2612 5598 9ο.
2646 5541 2716 5576 ’δ’
2763 5536 2999 5597 vastant
3054 5549 3205 5596 corr.
3263 5536 3460 5592 vastat
3485 5536 3517 5589 δ

129 5609 189 5645 ³³³
213 5623 542 5690 expugnant
571 5652 639 5660 —
670 5620 961 5679 vindicant
994 5628 1043 5679 5.
