3898 6320
369 365 486 434 60⁸7

1535 357 2018 428 EKKEHARDI
2059 349 2587 424 URAUGENSIS

3651 329 3757 397 608

374 499 744 572 fulcirentur,
770 499 944 558 etiam
977 499 1194 572 Pyrrus
1215 515 1317 557 rex
1356 501 1764 572 Epyrotarum,
1805 497 1902 570 qui
1935 512 2007 554 ex
2035 495 2093 557 A
2125 488 2434 562 occupavit
2466 488 2717 544 teneret.
2756 478 2866 539 Sed
2894 491 3008 552 pax
3031 487 3202 572 quam
3225 470 3523 572 offerebat
3555 466 3638 524 eis
3657 464 3758 572 dis:

378 605 591 662 genere
627 589 868 644 Achillis
915 588 1197 656 originem
1231 589 1418 657 duxit,
1479 587 1645 658 quasi
1705 589 2008 656 cognatam

378 679 598 734 Grecia
655 677 952 734 civitatem
992 676 1410 745 vindicaturus,
1440 680 1592 732 tetas
1623 675 1777 731 vires
1817 673 2009 746 Epyri,

377 765 686 824 Thessalia
715 779 780 820 ac
823 763 1192 834 Macedonia,
1222 764 1568 835 elephantos
1594 763 1790 830 etiam,
1831 775 2014 832 usque

381 853 524 910 adid
541 852 1052 925 tempusRomanis
1074 851 1312 923 invisos,
1341 866 1581 908 numero
1613 850 1753 907 20in
1790 849 2015 904 Italiam

381 941 748 1008 advexit.Qui
766 942 898 997 dum
915 940 1172 1012 Delphici
1189 940 1475 1012 Apollinis
1489 939 1884 997 consuluisset
1899 950 2022 992 ora-

382 1029 595 1100 culum,
630 1027 1140 1100 ambiguumdedit
1171 1045 1517 1102 responsum
1539 1029 1642 1098 (Cf.
1689 1031 1803 1084 CIC.
1826 1026 1913 1083 De
1932 1025 2021 1082 di-

386 1119 510 1188 oiu,
537 1133 596 1188 η,
632 1121 738 1192 56)

561 1207 673 1264 Aio
693 1207 748 1263 te
765 1207 1025 1265 ﬂuvida
1064 1209 1356 1265 Romanos
1383 1209 1615 1264 vincere
1654 1218 1838 1277 posse.

456 1293 558 1362 (Η.
589 1295 694 1365 m.)
731 1297 874 1352 l'unc
903 1297 1150 1367 primum
1189 1297 1426 1351 Romani
1468 1311 1596 1351 cum
1633 1290 2023 1350 transmarino

396 1379 567 1437 hoste
599 1382 1036 1440 dimicaverunt.
1073 1385 1388 1441 Missusest
1415 1387 1619 1440 contra
1641 1396 1771 1437 eum
1814 1376 2021 1435 consul

391 1469 634 1526 Publius
663 1470 929 1528 Valerius
968 1472 1234 1528 Levinus.
1278 1473 1384 1538 Qui
1430 1487 1571 1550 ‘cum
1615 1469 2020 1540 exploratores

391 1557 555 1626 Pyrri
579 1559 855 1629 cepisset,
873 1559 1159 1629 eosjussit
1175 1575 1277 1630 per
1299 1565 1490 1616 castra
1524 1559 1652 1614 duci
1679 1570 2022 1626 omnemque

393 1645 714 1701 exercitum
748 1647 975 1702 ostendi
1009 1649 1212 1718 sicque
1235 1648 1468 1717 dimitti,
1493 1652 1558 1703 ut
1617 1646 2026 1702 renunciarent

392 1731 573 1802 Pyrro
595 1748 722 1802 qua
753 1734 1026 1790 viderint.
1055 1735 1367 1792 Commissa
1400 1735 1596 1804 itaque
1631 1749 1838 1806 pugna,
1891 1747 2024 1790 con-

2125 557 2330 653 plicuit
2365 595 2379 642 ;
2409 573 2926 640 rcmandatumque
2956 573 3048 624 est
3077 566 3128 621 ei
3162 566 3442 653 asenatu,
3463 557 3754 653 illumeuni

2125 643 2396 724 humanis
2428 677 2625 735 pacem
2683 659 2897 716 habere
2943 670 3055 712 non
3089 666 3285 724 posse,
3309 649 3428 705 nisi
3464 645 3538 703 ab
3601 643 3752 699 Italia

2129 755 2493 814 recessisset.
2523 751 2828 806 Jusscrant
2853 748 3046 801 autem
3069 754 3272 798 onmes
3318 735 3598 808 captivos
3628 745 3755 802 quos

2130 849 2346 916 Pyrrus
2377 839 2710 898 reddiderat
2744 835 2988 891 infames
3018 829 3328 898 haberi,eo
3348 821 3512 916 quod
3535 821 3755 916 capipo-

2131 912 2378 990 tuissent
2413 927 2641 996 armati,
2670 939 2770 980 nec
2803 928 2938 978 ante
2971 935 3072 976 eos
3094 917 3166 973 ad
3207 913 3528 988 pristinum
3560 912 3754 964 statum

2133 1021 2369 1089 reverti,
2405 1032 2572 1090 quam
2605 1015 2674 1048 "1
2705 1013 2818 1070 sibi
2846 1015 3119 1068 notorum
3155 1003 3417 1061 hostium
3447 997 3755 1090 occisorum

2133 1109 2321 1180 speiia
2352 1086 2714 1163 retulissent.
2748 1103 2830 1157 Ita
2865 1099 3095 1168 legatus
3116 1091 3277 1164 Pyrri
3299 1102 3588 1147 reversus
3607 1086 3762 1142 est.A

2135 1213 2248 1268 quo
2277 1211 2407 1252 cum
2438 1195 2711 1265 quereret
2743 1192 2979 1258 Pyrrus,
3007 1181 3245 1270 qualem,
3267 1181 3515 1270 Romam
3561 1185 3764 1270 compe-

2136 1259 2334 1353 risset,
2369 1259 2576 1338 Cineas
2606 1278 2776 1346 dixit,
2803 1289 3002 1344 regum
3019 1287 3080 1328 se
3097 1269 3345 1342 patriam
3363 1265 3609 1353 vidisse,
3631 1259 3764 1318 scili-

2135 1379 2229 1430 cet
2263 1352 2412 1427 tales
2436 1369 2558 1425 illic
2583 1368 2702 1424 fere
2735 1378 2938 1421 omnes
2969 1375 3120 1428 esse,
3159 1355 3350 1428 qualis
3385 1367 3542 1410 unus
3569 1352 3762 1421 Pyrrus

2136 1461 2288 1532 apud
2314 1461 2566 1530 Epyrum
2607 1460 2667 1510 et
2698 1453 2982 1522 reliquam
3016 1445 3280 1503 Greciam
3312 1443 3651 1536 putaretur.

2136 1530 2322 1606 cunda
2356 1559 2546 1618 pugna
2578 1545 2728 1600 inter
2754 1543 3073 1596 Romanum
3101 1540 3158 1591 et
3182 1535 3434 1602 Pyrrum
3459 1530 3758 1618 factaestin

2140 1615 2366 1708 Apulia
2397 1634 2628 1701 finibus,
2656 1629 2862 1686 Publio
2879 1625 3136 1697 Sulpicio
3150 1621 3399 1711 etl)ecio
3418 1615 3754 1711 consulibus,

2141 1705 2203 1780 in.
2228 1739 2338 1794 qua
2356 1736 2542 1794 pugna
2563 1723 2779 1790 Pyrrus
2801 1713 3040 1771 brachio
3056 1709 3338 1767 transfixo
3356 1705 3760 1794 saucius,prior

394 1790 628 1888 sumpta
657 1825 747 1875 est
801 1822 926 1878 dies
982 1790 1328 1891 gravissimo
1372 1790 1737 1891 certamine,”
1757 1790 2026 1876 omnibus
2061 1848 2108 1904 η
2141 1828 2172 1869 e
2205 1790 2368 1868 bello
2411 1808 2659 1904 secessit
2688 1790 3758 1904 ielepbanticapti—{ﬁmilianbffgﬂ

393 1879 688 1976 utrimque
719 1909 862 1964 mori
898 1879 1138 1980 paratis,
1173 1911 1371 1980 fugere
1401 1910 1630 1966 nesciis.
1657 1879 2030 1964 Introductos
2061 1879 2108 1904 υ
2141 1914 2295 1957 caiisa
2327 1902 2480 1958 sunt.
2507 1902 2565 1952 et
2589 1909 2660 1950 ΘΧ
2688 1890 2961 1948 Romanis
2991 1888 3247 1980 quinque
3279 1879 3762 1980 ιξλίξίεχῃψτξίξωδ

392 1994 585 2048 autem
635 1994 789 2050 inter
829 1998 1125 2053 currentia
1176 1999 1402 2067 agmina
1453 1999 1798 2068 elephantos
1847 1997 2028 2051 forma

396 2085 616 2150 truces,
643 2082 826 2139 odore
855 2099 1089 2156 graves,
1116 2086 1264 2142 mole
1294 2087 1617 2156 terribiles,
1648 2090 1710 2142 ut
1760 2084 2032 2142 viderunt

396 2169 653 2241 Romani,
684 2185 832 2229 novo
865 2175 1159 2244 pugnandi
1191 2189 1404 2244 genere
1435 2174 1814 2231 circumventi
1839 2178 1896 2228 et
1921 2178 2035 2229 ter-

398 2257 516 2328 riti,
537 2259 900 2330 maximeque
927 2263 1324 2332 pavitantibus
1339 2263 1525 2333 cquis,
1544 2263 1918 2331 diffugerunt.
1940 2261 2036 2316 Mi-

397 2345 596 2402 nutius
627 2362 788 2418 vero,
821 2350 1088 2406 centurio
1105 2355 1328 2420 quarta
1350 2351 1616 2420 legionis,
1638 2354 1963 2422 protentam
1981 2349 2035 2404 in

399 2448 462 2490 se
487 2434 671 2490 belua
697 2437 872 2492 unius
905 2438 1327 2508 promoseidam
1351 2439 1546 2507 gladio
1586 2438 1870 2495 desecuit.
1916 2437 2036 2503 Qua

403 2520 660 2597 vulneris
693 2523 1142 2597 delereturbata
1170 2531 1229 2582 et
1252 2527 1436 2582 averti
1468 2525 2039 2597 compulsa,ejusim-

401 2593 700 2649 moderato
731 2593 997 2652 discursu
1020 2597 1361 2666 persmiceri
1392 2593 1718 2668 coeperunt.
1751 2593 1908 2652 Finis
1937 2611 2041 2667 pu-

400 2695 528 2750 gna
559 2681 734 2738 etiam
757 2683 828 2738 de
851 2683 1038 2740 noctis
1071 2685 1352 2740 beneficio
1393 2685 1700 2756 impositus
1730 2689 1820 2741 est
1849 2684 2041 2751 ;l.evi-

401 2783 510 2825 nus
532 2773 724 2826 tamen
747 2786 853 2842 per
877 2776 1105 2827 noctem
1141 2773 1317 2842 fugit;
1338 2773 1626 2828 Romanos
1641 2773 1826 2828 victos
1861 2772 2040 2828 fuisse

413 2858 604 2930 turpis
635 2859 766 2929 fuga
801 2859 1080 2930 prodidit,
1104 2874 1176 2916 ex
1207 2860 1420 2930 quibus
1447 2864 1586 2916 tunc
1617 2860 1898 2916 cecidisse
1953 2874 2041 2915 re-

406 2948 676 3004 feruntur
707 2951 774 3004 14
805 2948 960 3004 milia
994 2949 1254 3021 peditum
1285 2955 1343 3005 et
1367 2950 1687 3020 octingenti
1719 2949 2037 3019 octoginta,

403 3035 558 3106 capti
591 3036 917 3104 octingenti
947 3040 1036 3107 20,
1063 3037 1294 3106 equites
1326 3039 1516 3093 autem
1536 3037 1658 3094 cesi
1691 3037 1925 3093 ducenti
1951 3039 2038 3106 46,

405 3123 562 3194 capti
594 3123 1036 3194 septingenti“
1053 3129 1135 3194 ~12,
1163 3125 1321 3194 signa
1341 3130 1411 3181 22
1441 3126 1672 3181 amissa.
1698 3127 1916 3194 Pyrrus
1947 3140 2042 3182 au-

405 3215 524 3266 tem
559 3212 848 3268 Romanos
889 3227 1034 3282 quos
1063 3213 1217 3283 cepit
1248 3228 1474 3269 summo
1517 3215 1734 3268 honore
1765 3213 2039 3270 tractavit
2073 3186 2122 3248 Ο

402 3301 630 3357 occisos
660 3301 951 3372 sepelivit.
977 3302 1132 3367 Quos
1177 3317 1306 3358 cum
1324 3300 1394 3334 ³³⁸
1425 3301 1674 3358 adverso
1694 3301 1934 3358 vulnere
1983 3304 2041 3357 et

405 3389 557 3446 truci
589 3387 754 3444 vultu
787 3390 960 3444 etiam
995 3389 1468 3458 mortuosjacere
1501 3389 2046 3459 vidisset,tulitma-

405 3491 514 3532 nus
544 3475 615 3532 ad
655 3475 880 3547 calum,
913 3477 1130 3547 dicens,
1165 3492 1227 3533 se
1245 3478 1599 3534 totiusorbis
1632 3478 1924 3534 dominum
1955 3492 2045 3535 es-

406 3579 468 3621 se
506 3565 794 3636 potuisse,
826 3567 876 3622 si
915 3565 1291 3622 talesmilites
1319 3566 2039 3636 sibicontigissethabere.

408 3652 584 3723 Cujus
617 3653 879 3712 victoria
921 3655 1157 3712 titulum
1207 3657 1424 3728 Pyrrus
1446 3654 1912 3727 aﬁigenstemplo
1944 3657 2045 3711 Ta-

408 3741 619 3797 rentini
649 3743 828 3814 Iovis,
849 3743 928 3799 ita
959 3743 1200 3816 scripsit
1231 3744 1284 3798 in
1317 3759 1387 3800 eo
1421 3763 1434 3798 :

411 3832 524 3896 Qui
535 3831 749 3890 invicti
768 3833 908 3890 aute
919 3832 1107 3904 fuere
1133 3833 1260 3891 viri
1277 3831 1552 3904 "°,paier
1562 3831 2038 3904 optimeOlg/mpi,

476 3920 602 3976 Hos
631 3921 1084 3993 egometpuyua
1110 3920 1391 3992 oioi,sum
1421 3921 1612 3980 vietus
1642 3919 1715 3977 ab
1737 3920 1968 3978 hisdem

407 4005 586 4073 Quem
611 4023 742 4064 cum
775 4009 864 4064 sui
891 4009 1281 4080 increparent,
1309 4024 1415 4065 cur
1439 4023 1501 4065 se
1542 4005 1762 4065 vietum
1818 4008 2044 4064 diceret

407 4094 504 4164 qui
538 4093 1202 4167 vinceret,respondisse
1235 4097 1454 4153 fertur:
1495 4097 1572 4154 Si
1602 4097 1822 4154 iterum
1848 4095 2048 4152 eodem

404 4181 473 4220 ³³⁷
499 4183 667 4240 modo
694 4181 910 4253 vicero,
933 4185 1407 4244 siueullomilite
1433 4185 1707 4243 revertar
1743 4187 2033 4256 Epyrum.

411 4271 666 4342 Cumque
698 4271 875 4342 legati
907 4273 1365 4331 mitterenturad
1397 4290 1527 4330 eum
1551 4289 1657 4346 pro
1689 4273 2044 4330 redimendis

413 4359 683 4431 captivis,
712 4360 892 4431 jussit
925 4361 1208 4432 Lyconum
1239 4369 1298 4419 et
1329 4363 1642 4418 Molossum
1683 4362 1770 4418 eis
1818 4361 2046 4418 obviam

409 4447 516 4518 ire,
556 4449 682 4520 ipse
713 4462 852 4506 vero
881 4464 1010 4506 eum
1041 4451 1342 4522 equitibus
1366 4451 1692 4521 procedens
1725 4449 1793 4505 ad
1820 4454 2045 4522 portam

2144 2003 2372 2061 quoque
2403 1987 2630 2055 legatus
2643 1981 2983 2040 vulneratus
2997 1978 3281 2034 est.Anno
3301 1970 3617 2064 interjecto
3633 1965 3758 2064 idem

2145 2075 2444 2132 Fabricius
2481 2077 2685 2130 contra
2716 2084 2848 2126 eum
2889 2067 3100 2122 missus
3127 2067 3237 2120 est.
3299 2061 3564 2128 Cumque
3600 2061 3760 2110 vicina

2146 2163 2426 2218 haberent
2470 2166 2686 2227 castra,
2723 2156 2982 2212 medicus
3013 2155 3177 2222 Pyrri
3219 2152 3398 2204 nocte
3425 2141 3662 2202 venitad
3683 2141 3764 2196 Fa-

2148 2251 2412 2318 briciu'n,
2451 2247 2796 2320 promittens
2817 2257 2880 2299 se
2911 2254 3134 2298 veneno
3167 2241 3418 2307 Pyrrum
3433 2232 3756 2320 occisurum,

2148 2338 2196 2393 si
2233 2338 2340 2394 sibi
2363 2316 2582 2406 aliquid
2600 2333 2996 2405 polliceretur.
3015 2327 3193 2394 Quem
3211 2325 3309 2380 illo
3330 2323 3586 2379 vinctum
3602 2316 3765 2406 remit-

2152 2432 2279 2482 tens
2308 2424 2382 2480 ad
2413 2403 2677 2493 Pyrrum,
2703 2419 2875 2490 jussit
2909 2417 2962 2472 ei
2992 2415 3104 2472 dici
3136 2428 3264 2484 qua
3296 2411 3404 2468 ille
3460 2403 3758 2493 spopondit.

2149 2517 2304 2570 Tunc
2338 2527 2439 2566 rex
2461 2489 2812 2566 ammiratus
2834 2520 2986 2574 eum,
3041 2502 3264 2559 dixisse
3295 2501 3509 2556 fertur:
3540 2494 3646 2552 Ille
3694 2489 3764 2548 est

2149 2601 2491 2668 Fabricius,
2525 2595 2958 2670 guidiﬁcilius
2973 2592 3046 2648 ab
3067 2588 3397 2657 Ιιοηθδιαισ,
3430 2597 3605 2657 quam
3634 2579 3762 2670 sola

2150 2702 2332 2748 cursu
2357 2700 2463 2745 suo
2495 2668 3072 2755 auertipotestmunc
3110 2694 3214 2734 rex
3236 2677 3310 2733 ad
3337 2673 3589 2731 Siciliain
3604 2668 3761 2742 profe-

2152 2782 2287 2834 ctus
2336 2779 2448 2844 est,
2485 2771 2785 2829 Fabricius
2835 2769 3005 2824 victis
3056 2764 3299 2822 Lucanis
3341 2767 3403 2820 et
3444 2756 3759 2818 Samnitibus

2149 2862 2550 2934 triumphavit.
2585 2858 2801 2915 Deinde
2835 2856 3348 2914 CuriusDentatus
3389 2855 3452 2907 et
3493 2844 3761 2934 Cornelius

2157 2932 2439 3009 Lentulus
2489 2952 2692 3005 contra
2718 2961 2848 3002 eum
2895 2943 3055 3000 missi
3079 2939 3375 3010 consules,
3408 2938 3480 2995 de
3535 2932 3758 2992 exercitu

2163 3040 2288 3110 ejus
2309 3037 2514 3108 viginti
2539 3037 2650 3091 tria
2670 3033 2824 3089 milia
2841 3031 3166 3100 cadebant,
3180 3033 3284 3084 300
3301 3025 3612 3098 capiebant
3630 3041 3644 3089 ;
3662 3021 3762 3110 ipse

2153 3109 2459 3185 Tarentum
2495 3127 2728 3194 fugatus
2741 3125 2853 3191 est,
2872 3125 3064 3176 castra
3079 3118 3129 3187 ej
3141 3133 3206 3174 us
3229 3121 3406 3187 capta
3421 3119 3573 3183 sunt,
3589 3109 3760 3168 Curius

2155 3219 2210 3273 in
2243 3213 2562 3272 consulatu
2602 3208 3007 3282 triumphavit,
3039 3207 3378 3278 primusque
3400 3204 3627 3259 Romam
3655 3211 3763 3268 qua-

2156 3309 2288 3360 tuor
2320 3302 2666 3373 elephantos
2705 3295 3126 3362 duxit.Quinto
3147 3293 3382 3348 demum
3441 3303 3586 3346 anno
3637 3287 3761 3373 post-

2155 3407 2322 3464 quam
2352 3372 2664 3446 iniltaliam
2695 3386 2876 3456 venit,
2900 3387 3120 3454 Pyrrus
3147 3383 3346 3437 victus
3383 3377 3599 3464 aufugit
3633 3372 3691 3407 ’“
3715 3375 3760 3428 et
3858 3415 3859 3464 ξ

2156 3463 2289 3554 post
2317 3477 2496 3534 multa
2529 3475 2701 3542 bella,
2738 3489 2865 3545 qua
2891 3472 3028 3528 fecit
3056 3471 3111 3526 in
3145 3469 3374 3540 Grecia,
3425 3463 3758 3554 apud‘Argos

2155 3549 2386 3622 Achaia
2417 3565 2644 3632 urbem,
2679 3559 2951 3632 Spartani
2993 3558 3154 3628 regni
3187 3555 3472 3612 aviditate
3500 3549 3758 3614 seductus,
3857 3549 3859 3628 l

2158 3657 2284 3711 ictu
2325 3654 2446 3709 saxi
2487 3623 2760 3708 occubuit
2816 3648 2985 3718 Cujus
3007 3623 3204 3718 pollex
3234 3658 3266 3700 e
3308 3643 3518 3700 dextro
3535 3637 3680 3712 pede,
3726 3633 3764 3690 si

2157 3741 2510 3800 credendum
2543 3742 2657 3809 est,
2690 3737 2948 3794 remedio
2966 3735 3144 3792 fuisse
3167 3733 3410 3801 dicitur,
3443 3732 3490 3788 si
3519 3729 3670 3798 cujus
3691 3738 3762 3780 re-

2158 3846 2262 3888 nes
2289 3829 2357 3870 ’⁸³
2392 3832 2685 3884 tumentes
2717 3840 2788 3882 eo
2821 3827 3232 3893 tangerentur.
3264 3822 3522 3890 Cumque
3550 3815 3616 3872 ab
3633 3811 3760 3869 Anti-
3858 3869 3859 3874 η

2157 3934 2309 3990 gone
2339 3918 2563 3974 victore
2583 3915 2735 3970 idem
2749 3915 2968 3984 Pyrrus
2991 3911 3192 3981 jussus
3221 3902 3668 3978 esset,’“exuri,
3691 3898 3758 3954 sic
3858 3907 3859 3926 λ

2159 4007 2321 4074 arsit,
2357 4011 2420 4062 ut
2452 4005 2602 4060 idem
2621 3999 3192 4073 pollexinvcniretur
3214 3991 3758 4074 intactusQuiaureo

2159 4071 2352 4151 loculo
2389 4071 2670 4160 inclusus,
2707 4089 2763 4144 in
2794 4087 3011 4159 templo
3057 4085 3218 4141 Jovis
3249 4086 3342 4140 est
3379 4080 3640 4140 conditus
3687 4071 3754 4125 ³⁸⁵.

2231 4181 2606 4238 Ptholemeus
2641 4175 3094 4248 Phyladelphus,
3129 4173 3284 4229 filius
3319 4167 3594 4227 Ptolomei
3623 4173 3760 4234 supe-

2161 4270 2353 4340 rioris,
2388 4267 2662 4338 regnavit
2690 4261 3336 4320 Alexandriaanni338.
3363 4273 3395 4314 a
3429 4250 3758 4340 restauratio-

2162 4373 2234 4414 ne
2265 4338 2468 4428 templi
2510 4369 2660 4410 anno
2693 4351 3097 4408 ducentesimo
3127 4354 3242 4407 38°.
3303 4348 3410 4417 (Cf.
3475 4343 3644 4411 Iliun.)
3671 4338 3758 4394 Hu-

2155 4464 2252 4518 jus
2281 4453 2546 4518 tempore
2572 4439 3172 4516 pontifchudaorum
3187 4437 3498 4494 Eleazarus
3528 4431 3646 4498 fuit,
3669 4428 3755 4518 ira:

407 4511 667 4594 civitatis
687 4537 1004 4593 honorifice
1037 4511 1297 4610 suscepit
1329 4511 1448 4607 eos,
1475 4539 1739 4609 captivos
1766 4511 1893 4596 sine
1923 4553 2050 4611 pre-
2079 4535 2131 4595 D
2156 4511 2255 4592 ter
2308 4511 2586 4606 Symenis'
2619 4533 3007 4600 cognomento
3053 4527 3224 4595 Justi,
3288 4525 3440 4580 filius
3495 4511 3752 4611 Oniauﬁlii

406 4622 590 4681 cio'”
613 4625 854 4682 remisit.
887 4627 1074 4682 Unum
1115 4632 1310 4682 autem
1351 4640 1421 4682 ex
1465 4625 1675 4695 legatis
1724 4627 2047 4683 Fabricium

406 4727 535 4769 cum
562 4728 876 4785 pauperem
898 4713 1434 4785 vidissel,promisit
1455 4714 1508 4770 ei
1525 4717 1790 4785 quartam
1825 4720 2048 4786 partem

412 4801 574 4874 regni
609 4803 720 4874 sui,
741 4809 806 4860 ut
826 4818 888 4860 se
914 4803 1265 4859 transferret
1287 4801 1358 4836 ²⁸⁹
1379 4803 1450 4859 ad
1481 4803 1760 4870 eum;sed
1794 4809 2052 4860 contem-

409 4895 547 4962 ptus
575 4891 648 4946 ab
679 4906 770 4962 eo,
805 4891 1146 4948 ammiratus
1174 4895 1263 4947 est
1298 4891 1481 4948 illum.
1515 4893 1628 4948 Pro
1647 4892 1756 4947 hac
1787 4891 2052 4947 ammira-

409 4980 566 5036 tione
597 4979 757 5036 misit
785 4979 857 5035 ad
874 4981 1167 5036 Romanos
1195 4979 1472 5052 legatum,
1503 4980 1847 5051 precipuum
1878 4979 1949 5013 ²⁶⁰
1971 4979 2051 5035 vi-

409 5082 535 5124 rum
559 5069 792 5124 Cineam
812 5067 1062 5138 nomine,
1091 5069 1188 5140 qui
1206 5083 1402 5140 pacem
1417 5067 1600 5139 aquis
1616 5067 2052 5124 conditionibus

411 5161 661 5227 peteret,
679 5157 912 5214 scilicet
926 5161 989 5213 ut
1004 5159 1219 5228 Pyrrus
1237 5161 1456 5229 partem
1470 5157 1652 5214 Italia
1681 5171 1850 5228 quam
1873 5156 2051 5212 armis

2161 4627 2188 4681 Ι
2195 4605 2361 4690 addi,
2382 4621 2478 4693 qui
2494 4618 2884 4677 sacerdotium
2900 4631 3008 4688 pro
3028 4615 3130 4672 tali
3153 4613 3412 4686 suscepit
3441 4623 3624 4668 causa.
3641 4605 3751 4693 (los.

2162 4715 2326 4785 x12.)
2372 4690 2654 4766 ύθΐυιιοιο
2703 4707 2966 4778 principe
3009 4703 3385 4761 sacerdotum
3429 4699 3582 4766 Onia,
3629 4690 3750 4785 filius

2161 4803 2290 4872 ejus
2307 4781 2512 4871 Symon
2541 4799 2746 4854 Justus
2767 4807 3074 4851 successor
3101 4791 3352 4848 exstitit.
3372 4790 3493 4856 Quo
3513 4781 3753 4872 moriente

2161 4870 2460 4960 filiumque
2495 4881 3100 4941 infantulumnemine
3161 4880 3360 4936 Oniam
3413 4870 3749 4960 relinquente,

2164 4980 2344 5034 frater
2359 4953 2486 5046 ejus
2501 4974 2816 5030 Eleazarus
2835 4969 3228 5042 principatum
3243 4961 3550 5024 sacerdotii
3564 4953 3747 5024 accepit

2163 5079 2331 5136 quem
2363 5061 2736 5118 Ptholemeus
2767 5057 3093 5114 liberaliter
3112 5054 3448 5112 muneribus
3477 5047 3583 5136 tali
3617 5052 3748 5098 occa-

2161 5133 2320 5210 sione
2351 5147 2826 5218 honoravit.(lb.,
2857 5161 2956 5216 xu,
2981 5148 3042 5202 2.
3083 5143 3409 5200 Demetrius
3459 5133 3744 5194 Pbalareus,

1762 5283 1998 5338 VARUE
2040 5277 2438 5335 LECTIONES.

477 5401 875 5474 "‘ioctinginti
907 5411 956 5463 4.
987 5413 1175 5465 10.11.
1204 5405 1274 5440 ’³⁸
1300 5407 1551 5464 deorum.
1583 5407 1740 5473 Quos
1769 5405 2097 5462 adversov.
2149 5417 2206 5458 e.
2233 5405 2286 5474 ﬁt.
2323 5415 2457 5474 v._e.
2497 5414 2570 5455 m.
2603 5397 2942 5474 cumjacere
2973 5399 3023 5450 5.
3054 5392 3123 5428 ³³⁸
3155 5392 3398 5474 viros_5.

407 5471 476 5507 ³⁸⁷
521 5473 680 5531 deos:
734 5471 810 5532 9°.
874 5476 942 5510 ³³⁸

992 5479 1232 5552 prem_io_
1259 5481 1351 5552 9°._
1388 5477 1458 5512 ’³ο
1517 5466 2016 5552 ξᾳῖῐιεωβὶιιθρ-ξὶη
2051 5471 2502 5552 ²ξ⁰μξίῃοίρὶωη
2559 5474 2642 5552 9³Ϊ
2679 5466 2973 5552 ξηιαυθιιι

3032 5496 3101 5504 -
3156 5445 3488 5519 retulisSent
3552 5451 3639 5509 de:
3682 5445 3738 5519 9.°'

405 5539 473 5574 υ,
521 5509 678 5558 urvo:
737 5509 810 5532 σν.
977 5509 1214 5562 ιμινῦιιξιυ
1262 5509 1335 5532 ν’.
1392 5509 1395 5510 ⁷
1440 5509 1452 5512 '
1517 5509 1577 5534 ac
1608 5509 1889 5532 υιαυῠιιυυ
1921 5509 1970 5530 υ·
2075 5545 2086 5557 .
2160 5509 2502 5554 ρι’-ιιυιγιιιιιι
2563 5509 2591 5525 ν
2630 5511 2642 5522 ⁶
2679 5538 2690 5548 ,
2804 5509 2973 5538 ‘l‘“"“
3025 5535 3036 5546 .
3065 5535 3076 5545 .
3159 5509 3484 5545 ""I"""."".‘“
3699 5509 3742 5564 lo

405 5613 435 5620 _
501 5546 810 5620 affugit90.
846 5561 1064 5620 saepius
1091 5548 1160 5580 '“
1190 5547 1354 5606 deest
1385 5554 1460 5605 9°.
1519 5547 1587 5580 ²⁴⁴
1617 5551 1708 5604 est
1740 5550 1818 5602 9°.
1872 5545 1941 5580 ³⁸⁸
1981 5545 2089 5612 Qui
2119 5545 2338 5614 digitus
2399 5555 2449 5597 a.
2485 5541 2522 5597 l.
2559 5545 2650 5596 est
2675 5537 2938 5596 inclusus
2985 5551 3038 5592 ei
3062 5549 3118 5590 in
3151 5538 3542 5604 antiquissimo
3567 5527 3697 5586 temp

401 5613 659 5675 Dodonei
688 5618 850 5675 Jovis
881 5613 1154 5676 conditus
1184 5621 1268 5670 11.
