3898 6316
128 320 242 386 609

1009 306 1450 380 CHRONICA.
1484 350 1562 362 —
1587 310 2064 379 CHRONICON
2109 314 2656 383 UNIVERSALE.

3418 330 3538 395 610

130 457 278 530 apud
312 456 541 512 Grecos
570 456 773 510 orator
803 456 862 509 et
905 449 1322 525 phylos0phus,
1355 464 1532 523 super
1576 448 1782 507 biblio-
1814 451 1867 511 A
1896 450 2334 508 convenientem
2357 451 2443 509 eis
2465 454 2938 525 suppetlectilem
2960 456 3535 524 etcalicemtalento-

131 549 359 602 thecam
397 544 582 613 regis,
605 543 771 611 cujus
802 556 1071 611 magnum
1106 541 1307 596 habuit
1337 540 1614 610 studium,
1649 553 1783 594 con-

132 637 380 689 stitutus
412 638 568 687 erat.
595 631 702 697 Qui
737 630 869 685 dum
905 629 1165 685 studeret
1198 630 1385 684 omnia
1419 644 1523 699 per
1555 628 1785 683 univer-

131 737 247 778 sam
280 727 507 775 terram
542 720 774 774 inventa
806 731 1163 787 congregare
1191 718 1480 774 volumina
1500 721 1556 772 et
1591 716 1784 784 acqui-

135 826 258 867 rere
289 810 337 864 si
373 808 522 878 quid
553 806 791 877 dignum
812 806 1043 861 audiret
1066 805 1354 861 industria
1372 803 1459 861 vel
1481 803 1783 859 voluntate

134 899 307 967 regis,
331 897 744 965 interrogatus
775 895 846 949 ab
877 909 946 949 eo
971 898 1110 964 quot
1133 893 1289 949 milia
1314 892 1592 949 librorum
1613 892 1783 946 habe-

139 991 244 1052 ret,
282 983 618 1055 respondit,
654 986 723 1039 20
751 981 926 1051 milia,
961 982 1062 1036 sed
1096 981 1213 1036 cito
1258 980 1327 1036 ad
1360 980 1783 1051 quinquaginta

135 1075 288 1130 milia
316 1086 503 1145 posse
535 1071 755 1139 venire,
790 1068 1127 1139 dicensque,
1149 1070 1476 1125 nuntiatum
1498 1068 1606 1124 sibi
1626 1082 1781 1134 csse,

134 1163 280 1235 apud
311 1160 557 1218 Iudaeos
578 1158 760 1215 multa
781 1157 979 1214 haberi
997 1156 1362 1229 bybliotheca
1388 1156 1567 1225 regali
1589 1157 1780 1226 digna,

135 1250 426 1324 persuasit
479 1248 626 1318 regi,
680 1247 979 1302 annitente
1030 1246 1283 1315 Aristeo,
1333 1247 1581 1315 quodam
1628 1246 1784 1315 regis

135 1340 314 1396 amico
348 1337 718 1405 necessario,
745 1340 807 1392 ut
831 1335 901 1390 ad
934 1334 1272 1391 Eleazarum
1303 1333 1635 1406 pontiﬁcem
1661 1334 1785 1390 Hie-

138 1426 469 1483 rosolimam
498 1423 570 1457 ²⁴⁶
602 1424 882 1493 mitteret,
919 1437 1133 1493 rogans
1166 1427 1230 1479 ut
1269 1422 1379 1478 sibi
1409 1423 1570 1478 viros
1601 1422 1783 1493 legem

138 1516 393 1571 scientes
442 1513 790 1583 destinaret,
827 1512 925 1582 qui
974 1526 1099 1568 eam
1150 1512 1204 1566 in
1249 1513 1486 1567 Grecam
1530 1511 1783 1581 linguam

140 1605 553 1659 transferrent.
583 1601 688 1667 Qui
722 1615 794 1656 ex
823 1601 1093 1657 omnibus
1129 1599 1501 1671 septuaginta
1534 1601 1695 1656 viros
1727 1600 1782 1656 in

138 1693 262 1761 lege
294 1690 675 1746 doctissimos
705 1688 902 1758 elegit,
925 1703 1142 1760 eosque
1172 1689 1291 1758 regi
1325 1689 1671 1744 transmisit.
1696 1687 1781 1743 llli

1898 553 2020 594 rum
2051 540 2294 608 triginta
2324 546 2380 597 et
2416 543 2600 597 stolas
2631 543 2829 598 decem
2857 552 2916 600 et
2946 563 3259 619 purpuram
3291 559 3349 608 et
3373 570 3538 612 coro-

1897 641 2025 683 nam
2046 629 2315 685 decoram
2338 634 2395 685 et
2428 630 2609 686 lineas
2632 632 2704 686 de
2729 632 2887 689 bisso
2910 643 3163 707 centum,
3188 646 3453 709 preterea
3477 648 3539 699 et

1896 720 2128 785 pateras
2151 721 2205 771 et
2235 717 2467 773 trullam
2489 718 2558 751 ²⁸ι
2584 725 2641 773 et
2666 719 2937 778 libatoria
2962 726 3017 778 et
3036 729 3300 783 crateras
3326 743 3537 786 aureas

1895 802 2040 859 duas
2088 806 2203 859 Deo
2247 806 2561 877 vovendas,
2610 823 2924 879 omnesque
2965 812 3219 885 Iudaeos,
3271 831 3419 886 quos
3478 819 3535 875 in

1893 893 2139 961 Egypto
2194 894 2457 963 captivos
2500 896 2743 967 invenit,
2795 897 3013 956 liberos
3059 916 3193 958 esse
3242 906 3529 976 permisit.

1896 978 2107 1049 (Hii-2n.)
2154 980 2452 1037 Abeuntes
2495 988 2688 1039 autem
2740 984 3113 1059 interpretes,
3148 994 3209 1046 et
3236 1006 3265 1046 a
3296 994 3538 1063 regibus

1895 1066 2046 1122 Asia:
2074 1068 2343 1124 honorati
2374 1075 2529 1126 sunt.
2566 1071 2705 1141 (Jos.
2740 1089 2840 1143 xn,
2874 1077 2951 1147 3.)
2974 1077 3112 1133 Nam
3138 1078 3417 1138 Seleucus
3445 1082 3540 1137 Ni-

1894 1168 2072 1211 canor
2094 1156 2148 1210 in
2170 1156 2525 1227 civitatibus,
2546 1174 2691 1230 quas
2714 1175 2816 1231 per
2835 1162 3453 1239 Asiamaediﬂcaverat,
3472 1174 3529 1225 et

1896 1242 1949 1298 in
1986 1243 2261 1300 inferiore
2293 1246 2453 1315 Syria
2486 1251 2547 1302 et
2598 1248 2651 1304 in
2706 1249 2828 1319 ipsa
2879 1253 3189 1325 metropoli
3236 1256 3537 1313 Antiochia

1897 1332 2205 1402 republica
2220 1347 2321 1388 sua
2337 1334 2544 1403 dignos
2557 1351 2658 1392 eos
2673 1338 2828 1407 fecit,
2845 1344 2904 1394 et
2918 1353 3144 1411 mquum
3160 1342 3244 1398 eis
3258 1343 3537 1400 honorem

1895 1434 2027 1475 cum
2050 1421 2486 1479 habitatoribus
2503 1423 2914 1481 Macedonibus
2926 1432 2987 1481 et
3001 1428 3201 1483 Grecis
3214 1429 3535 1501 deputavit.

1970 1508 2067 1577 (Η.
2101 1514 2205 1580 m.)
2234 1512 2396 1567 Anno
2429 1513 2501 1567 ab
2527 1513 2678 1567 Urbe
2700 1513 2935 1569 condita
2963 1516 3540 1586 quadringentesimo

1897 1597 2007 1667 70°,
2027 1598 2121 1667 qui
2150 1603 2241 1653 est
2259 1599 2637 1671 Phyladelphi
2664 1601 2885 1671 primus
2906 1601 2994 1671 ³³⁸,
3013 1605 3327 1676 Tarentini,
3355 1612 3541 1664 morte

1898 1685 2061 1755 Pyrri
2091 1688 2343 1757 cognita,
2372 1688 2580 1743 iterum
2605 1703 2749 1746 nova
2773 1690 3056 1747 adversus
3080 1693 3364 1750 Romanes
3384 1694 3544 1751 solli-

139 1795 277 1836 vero
311 1778 717 1834 Alexandriam
749 1777 910 1833 ducti
931 1782 990 1833 et
1013 1793 1042 1833 a
1066 1792 1202 1846 rege
1227 1778 1474 1846 benigne
1498 1777 1778 1848 suscepti,
1814 1802 1865 1859 Β
1895 1773 2077 1829 citant
2102 1790 2280 1845 arma,
2302 1777 2807 1845 Kartaginensium
2834 1778 3046 1835 auxilia
3070 1795 3176 1850 per
3193 1781 3417 1851 legatos
3442 1798 3545 1854 po-

139 1867 426 1923 Demetrio
443 1875 581 1922 sunt
602 1865 1012 1921 commendati.
1035 1865 1140 1931 Qui
1162 1866 1329 1922 duxit
1349 1879 1453 1921 eos
1475 1866 1530 1920 in
1551 1866 1782 1921 domum

137 1960 419 2012 secretam
447 1959 507 2009 et
546 1955 681 2010 huic
713 1955 946 2025 negotio
980 1960 1193 2025 aptam,
1227 1970 1396 2011 secus
1434 1955 1575 2011 litus
1608 1954 1784 2010 maris

138 2045 404 2115 positam,
444 2043 548 2098 ubi
582 2057 684 2114 per
714 2044 1083 2113 septuaginta
1114 2044 1262 2099 duos
1295 2044 1420 2099 dies
1451 2057 1675 2098 omnem
1709 2042 1786 2098 le-

138 2147 257 2202 gem
286 2132 690 2187 disertissime
722 2131 1172 2201 transtulerunt,
1194 2131 1437 2187 cottidie
1459 2131 1591 2187 huic
1616 2145 1785 2200 nego-

142 2223 215 2276 tio
243 2236 442 2278 curam
497 2234 692 2292 usque
741 2221 811 2276 ad
854 2221 1053 2276 horam
1100 2235 1308 2277 nonam
1356 2220 1780 2292 impendentes.

140 2311 351 2377 Quibus
369 2309 589 2366 diebus
605 2311 938 2379 transactis,
956 2310 1333 2380 congregavit
1346 2309 1785 2367 omnesJudaaos

141 2400 458 2455 Demetrius
484 2398 565 2454 ad
587 2398 776 2454 locum
795 2398 851 2453 in
872 2413 984 2469 quo
1006 2397 1308 2455 translatae
1342 2399 1572 2454 fuerant
1598 2398 1780 2468 leges,

140 2492 191 2543 et
213 2486 599 2557 presentibus
624 2487 1043 2557 interpretibus
1062 2486 1204 2555 legit
1221 2501 1335 2542 eas.
1365 2488 1619 2556 Cumque
1643 2486 1785 2542 mul-

142 2575 317 2632 titudo
341 2591 468 2631 com
480 2574 660 2646 plcxa
682 2574 861 2644 legem
884 2573 976 2631 vel
999 2576 1260 2630 seniores
1282 2575 1410 2644 ejus
1428 2575 1785 2645 interpretes

142 2665 510 2734 Demetrium,
542 2679 612 2720 eo
645 2663 795 2733 quod
829 2677 1162 2733 magnarum
1194 2678 1387 2719 rerum
1411 2669 1563 2720 esset
1590 2664 1786 2719 inven-

142 2758 242 2821 tor,
259 2752 592 2819 laudasset,
613 2752 837 2821 rogavit
855 2752 1459 2822 utctiampresidibus
1482 2752 1608 2808 suis
1629 2752 1787 2807 dare-

143 2845 226 2894 tur
268 2840 545 2908 legenda.
585 2840 827 2895 Gavisus
869 2855 1010 2910 ergo
1058 2854 1183 2907 rex,
1216 2840 1573 2896 voluntatem
1622 2855 1783 2897 suam

143 2942 259 2984 esse
290 2929 643 2999 perfectam,
677 2933 737 2984 et
765 2929 1000 2985 rclectis
1034 2928 1281 2999 legibus,
1317 2942 1550 2985 sensum
1594 2933 1652 2985 et
1698 2943 1787 2985 sa-

144 3016 396 3086 pientiam
427 3031 505 3073 ea
520 3032 643 3073 rum
677 3019 1121 3089 obstupescens,
1146 3017 1292 3072 dixit
1315 3017 1386 3071 ad
1408 3017 1782 3088 Demetrium,

142 3106 417 3161 ammirari
439 3121 541 3173 se,
568 3106 723 3175 quod
746 3120 913 3162 nemo
936 3107 1461 3177 hystoriographus
1481 3120 1588 3161 nec
1613 3111 1783 3178 poeta

142 3193 344 3250 Grecns
374 3194 655 3264 ejusdem
696 3194 841 3263 legis
883 3195 1262 3263 meminisset,
1295 3210 1425 3251 cum
1475 3201 1592 3251 tam
1641 3196 1783 3251 mira

142 3283 425 3339 existeret.
448 3286 487 3340 C
513 3284 565 3338 ui
590 3284 917 3339 Demetrius
936 3284 1259 3355 respondit,
1278 3283 1561 3339 neminem
1582 3297 1784 3340 ausum

142 3371 304 3427 fuisse
332 3371 847 3443 conscriptionem
878 3372 1007 3442 ejus
1038 3376 1298 3442 tangere,
1321 3387 1388 3428 co
1411 3372 1563 3443 quod
1594 3372 1784 3429 divina

137 3464 302 3530 esset,
329 3460 569 3516 addens
604 3459 755 3530 quod
787 3461 1189 3531 The0pompus
1216 3459 1418 3516 volens
1446 3460 1501 3515 in
1524 3461 1784 3532 hystoria

138 3546 341 3617 aliquid
372 3549 445 3605 de
478 3548 589 3604 liis
619 3548 1018 3619 conscribere,
1046 3552 1237 3604 mente
1255 3549 1328 3604 sit
1351 3550 1622 3606 turbatus
1653 3550 1786 3620 plus

137 3650 291 3705 quam
323 3638 390 3692 30
420 3637 478 3693 di
505 3637 669 3706 ebus,
696 3636 877 3693 donec
901 3637 1033 3692 inde
1057 3636 1169 3691 sibi
1192 3636 1540 3692 dementiam
1574 3639 1784 3693 factam

139 3738 257 3780 esse
286 3725 658 3797 suspicatus,
692 3728 752 3779 et
783 3724 835 3778 in
871 3724 1086 3781 somnis
1132 3739 1362 3795 quoque
1411 3725 1781 3796 ammonitus,

147 3812 285 3882 quod
313 3812 378 3846 ἰτ
415 3813 531 3869 hoc
567 3812 620 3867 ei
652 3811 783 3869 ideo
814 3813 1145 3883 accidisset,
1181 3813 1313 3885 quia
1355 3814 1580 3870 divinas
1624 3813 1785 3883 leges

143 3906 430 3959 scrutatus
454 3904 624 3958 esset
649 3905 708 3956 et
733 3902 802 3957 ad
827 3902 1088 3973 impuros
1111 3902 1372 3959 homines
1393 3917 1493 3959 eas
1517 3904 1668 3959 ferre
1690 3919 1787 3959 vo-

146 3986 359 4060 luisset,
396 4005 532 4046 cum
569 3988 898 4044 humilitate
932 4004 961 4045 a
993 3991 1111 4047 Deo
1142 3991 1365 4046 veniam
1398 3990 1779 4063 supplicaret.

148 4078 387 4149 Cumque
419 4078 690 4135 scribere
720 4078 1061 4149 quievisset,
1098 4079 1320 4150 recepit
1344 4094 1597 4136 sensum.
1625 4080 1785 4135 Refe-

145 4165 295 4221 rebat
338 4168 522 4223 etiam
554 4166 627 4222 de
660 4166 978 4223 Theotecto
1026 4164 1096 4200 ³⁸⁸
1146 4168 1542 4238 tragediarum
1589 4173 1781 4241 poeta,

145 4253 263 4322 quia
292 4269 422 4311 cum
452 4255 626 4310 nisus
652 4253 721 4287 ²⁴⁰
752 4254 958 4312 fuisset
984 4254 1040 4311 in
1065 4255 1259 4327 aliquo
1291 4257 1555 4312 dramate
1582 4271 1783 4312 eorum

142 4343 465 4400 meminisse
490 4358 623 4414 qua:
645 4342 839 4399 divino
863 4344 1238 4401 continentur
1253 4344 1564 4417 volumine,
1580 4346 1783 4403 obscu-

80 4444 87 4452 ·
142 4430 277 4486 retis
300 4431 509 4502 oculis,
539 4433 876 4502 recognovit
897 4448 1130 4491 causam
1148 4449 1268 4491 sua:
1291 4435 1598 4506 caecitatis,
1621 4440 1680 4491 et
1700 4436 1783 4491 ita

142 4517 416 4577 liberatus
449 4527 546 4576 est
578 4535 607 4575 a
641 4521 928 4592 passione,
960 4525 1077 4579 Deo
1107 4522 1176 4556 ²⁶⁰
1202 4524 1426 4580 veniam
1472 4502 1681 4594 largier

529 4527 546 4575 ι
578 4535 607 4575 a
641 4521 928 4592 passione,
960 4525 1077 4579 Deo
1107 4522 1176 4556 ²⁶⁰
1202 4524 1426 4580 veniam
1472 4502 1779 4594 largiente.
1812 4510 1865 4568 D
1897 4502 2068 4594 91936

144 4606 513 4665 Ptholomeus
538 4616 731 4665 autem
749 4611 970 4667 remisit
986 4612 1221 4668 eosdem
1246 4614 1511 4670 seniores
1533 4628 1663 4670 cum
1686 4613 1786 4670 ho-

144 4709 292 4767 nore,
321 4698 553 4754 donans
585 4698 899 4769 unicuique
935 4699 1120 4756 stolas
1167 4702 1419 4773 optimas
1451 4705 1509 4758 et
1542 4704 1668 4759 auri
1701 4708 1788 4759 ta-

143 4781 285 4840 lenta
307 4787 423 4843 duo
447 4793 510 4843 et
532 4786 773 4843 calicem
798 4788 968 4845 unius
987 4789 1192 4845 talenti
1215 4794 1519 4862 totumque
1531 4792 1783 4849 convivii

145 4872 384 4931 thorum.
404 4875 668 4946 Principi
693 4880 887 4932 autem
913 4877 1287 4935 sacerdotum
1309 4879 1586 4937 Eleazaro
1609 4881 1786 4938 desti-

143 4963 288 5017 navit
322 4979 432 5036 per
453 4979 560 5021 eos
582 4963 769 5020 lectos
791 4964 990 5022 decem
1010 4981 1141 5024 cum
1154 4968 1449 5037 argenteis
1462 4969 1713 5040 pedibus
1726 4975 1787 5027 et

1899 1868 2071 1918 scunt
2086 1867 2142 1918 et
2160 1865 2453 1935 accipiunt
2471 1883 2486 1933 ;
2503 1871 2895 1941 consertoque
2923 1868 3145 1939 praelio,
3165 1870 3400 1926 Romani
3421 1872 3543 1927 vin-

1899 1956 2036 2007 cunt
2094 1951 2181 2006 ³³³.
2217 1953 2300 2008 lbi
2355 1953 2469 2022 jam
2544 1958 2685 2011 tunc
2758 1957 3226 2028 Kartaginenses,
3280 1960 3544 2029 quamvis
3621 1949 3634 1960 ”

1897 2040 2150 2096 nondum
2194 2041 2397 2097 hostes
2441 2041 2711 2113 judicati,
2761 2043 2914 2100 vinci
2967 2050 3157 2100 tamen
3193 2060 3223 2101 a
3271 2048 3544 2104 Romanis

1899 2143 2070 2199 posse
2102 2136 2435 2186 senserunt.
2469 2130 2605 2196 Quae
2640 2130 2787 2203 (212)
2820 2146 2915 2188 res
2957 2134 3319 2191 occasionem
3363 2135 3545 2192 bello-

1896 2231 2023 2272 rum
2046 2217 2252 2274 tribuit
2276 2218 2429 2274 inter
2460 2219 2748 2276 Romanos
2781 2227 2841 2275 et
2872 2221 3195 2279 Africanos.
3219 2225 3357 2290 Quae
3390 2223 3541 2280 bella

1896 2304 1995 2360 diu
2028 2310 2327 2376 protracta
2361 2323 2426 2362 ac
2459 2308 2695 2364 nimium
2728 2309 3028 2365 sevissima
3055 2311 3289 2382 utrique
3311 2312 3539 2383 experti

1897 2399 2034 2449 sunt
2065 2394 2286 2466 populi,
2322 2397 2585 2466 quamvis
2616 2397 2843 2453 demum
2902 2399 3141 2454 Romani
3192 2416 3322 2456 cum
3369 2400 3544 2456 nimio

1895 2482 2109 2539 sudore
2142 2484 2397 2541 victores
2428 2485 2775 2542 existerent.
2813 2487 3107 2544 Ariminus
3156 2488 3211 2543 in
3274 2489 3454 2546 Gallia
3483 2497 3545 2547 et

1896 2571 2264 2629 Beneventus
2292 2573 2347 2628 in
2381 2574 2611 2630 Samnio
2640 2576 2748 2630 hoc
2780 2581 3042 2645 tempore
3067 2592 3097 2632 a
3121 2577 3392 2635 Romanis
3411 2594 3545 2635 con-

1897 2660 2033 2716 ditas
2058 2666 2211 2717 sunt.
2238 2665 2401 2718 Anno
2425 2664 2759 2735 prescripto
2789 2665 3056 2735 prodigia
3086 2666 3209 2721 visa
3233 2672 3391 2737 sunt,
3417 2682 3546 2724 san-

1894 2748 2025 2818 guis
2044 2748 2116 2804 de
2135 2755 2291 2806 terra
2323 2750 2378 2805 in
2411 2751 2611 2806 multis
2634 2751 2780 2807 locis
2802 2752 3008 2808 effossa
3033 2754 3335 2825 proﬂuxit,
3362 2755 3451 2811 lac
3471 2757 3542 2812 de

1894 2836 2038 2892 caelo
2068 2837 2120 2892 in
2156 2839 2388 2893 modum
2422 2838 2631 2909 pluvias
2678 2839 3002 2895 descendit.

1968 2929 2132 2981 Anno
2154 2930 2346 2982 autem
2372 2926 2948 2997 quadringentesimo
2968 2930 3325 2999 octogesimo
3348 2936 3536 3002 sexto,

1899 3013 1993 3083 qui
2026 3018 2118 3069 est
2142 3012 2517 3084 Phyladelphi
2546 3020 2685 3083 l7“,
2707 3015 2943 3071 Romani
2964 3016 3212 3087 Appium
3237 3017 3538 3074 Claudium

1896 3100 2197 3157 consulem
2220 3102 2573 3158 Mamertinis
2606 3103 2821 3159 auxilia
2849 3104 3304 3175 deposcentibus
3333 3109 3541 3162 contra

1897 3190 2207 3246 Hieronem
2237 3192 2733 3261 Syracusanorum
2768 3207 2959 3262 regem
3007 3198 3065 3248 et
3113 3195 3420 3250 Pmnorum
3449 3208 3544 3250 co-

1900 3276 2043 3349 pias,
2079 3293 2225 3348 quas
2259 3293 2362 3334 rex
2391 3279 2516 3350 ipse
2547 3279 2928 3352 conduxerat,
2961 3282 3017 3337 in
3064 3282 3318 3338 Siciliam
3368 3282 3539 3339 mise-

1898 3372 2052 3423 runt.
2081 3367 2186 3433 Qui
2219 3371 2336 3423 tam
2367 3369 2644 3424 celeriter
2670 3384 2771 3425 eos
2793 3370 2955 3442 vicit,
2985 3375 3049 3427 ut
3072 3372 3193 3443 ipse
3217 3386 3319 3427 rex
3340 3387 3542 3441 regum

1899 3455 2298 3524 magnitudine
2328 3459 2684 3528 perterritus
2718 3464 2851 3515 ante
2873 3474 2935 3515 se
2958 3459 3176 3516 victum
3210 3475 3381 3530 quam
3411 3475 3545 3516 con-

1896 3559 2162 3613 gressum
2180 3545 2357 3601 l‘uisse
2377 3547 2720 3617 prodiderit.
2740 3549 3023 3604 Hannibal
3046 3564 3186 3605 vero
3210 3549 3405 3606 senior
3427 3550 3546 3605 dux

1896 3636 2203 3690 Poenorum
2234 3633 2289 3687 in
2322 3636 2626 3705 Agriginto
2683 3637 2925 3692 civitate
2975 3636 3187 3693 Siciliae
3236 3636 3544 3693 obsidione

1897 3722 2126 3779 cinctus
2160 3737 2189 3777 a
2220 3722 2510 3793 Romanis,
2546 3724 2617 3779 ad
2647 3738 2930 3779 summam
2980 3728 3301 3792 egestatem
3333 3724 3545 3795 perdu-

1897 3818 2029 3869 ctus
2052 3815 2229 3883 esset,
2256 3812 2367 3868 nisi
2390 3814 2588 3867 Hanno
2610 3827 2793 3868 novus
2821 3812 3141 3882 imperator
3165 3814 3547 3883 Kartaginen-

1897 3903 2044 3958 sium
2075 3917 2203 3957 cum
2245 3900 2546 3971 equitibus
2602 3898 2759 3956 mille
2809 3900 3144 3970 quingentis
3188 3905 3244 3956 et
3293 3902 3536 3971 triginta

1896 3990 2133 4048 milibus
2147 3990 2409 4061 peditum
2423 3992 2480 4045 et
2499 3988 2739 4058 triginta
2752 3988 3082 4059 elephantis
3095 3990 3540 4063 superveniens,

1897 4078 2384 4149 expugnationem
2423 4076 2681 4133 civitatis
2713 4077 3014 4149 pauliSper
3047 4076 3415 4146 distulisset;
3440 4078 3545 4135 sed

1897 4159 2174 4216 continuo
2207 4162 2378 4229 capta
2410 4161 2522 4227 est,
2559 4157 2838 4229 Poenique
2868 4157 3008 4214 victi
3059 4162 3118 4213 et
3167 4158 3349 4229 fugati
3383 4164 3541 4231 sunt,

1897 4245 2182 4302 Hannibal
2231 4260 2361 4303 cum
2415 4245 2618 4316 paucis
2662 4245 2872 4316 evasit,
2928 4244 3195 4302 undecim
3245 4247 3545 4318 elephanti

1896 4326 2073 4398 capti,
2111 4325 2473 4396 Agrigentini
2506 4326 2616 4381 sub
2656 4339 2868 4382 corona
2902 4340 3101 4383 omnes
3130 4331 3266 4384 sunt
3298 4327 3542 4384 venditi.

1895 4410 2036 4463 Post
2058 4407 2200 4477 haec,
2228 4407 2364 4461 Gaio
2388 4406 2619 4476 Aquilio
2651 4406 2821 4463 Floro
2843 4410 2904 4462 et
2930 4406 3107 4464 Lucio
3132 4406 3405 4465 Cornelio
3429 4408 3548 4466 Sci-

2101 4485 2459 4556 consulibus,
2493 4486 2946 4557 Kartaginenses
2985 4487 3321 4543 Hannonem
3361 4487 3418 4542 in
3465 4487 3547 4544 lo-

1895 4583 2025 4625 cum
2080 4565 2418 4622 Hannibalis
2476 4566 2987 4636 subrogaverunt,
3038 4566 3134 4636 qui
3179 4582 3209 4621 a
3275 4566 3543 4637 Scipione

1896 4646 2137 4704 consule
2149 4647 2361 4715 victus,
2379 4644 2825 4702 confertissimis
2842 4644 3111 4700 hostibus
3126 4659 3187 4700 se
3203 4645 3540 4716 immiscuit,

1896 4726 2094 4798 ibique
2124 4726 2472 4781 interfectus
2503 4729 2615 4779 est.
2656 4723 2936 4779 Hannibal
2968 4723 3178 4778 iterum
3211 4723 3383 4779 classi
3417 4738 3546 4794 pre-

1896 4808 2145 4879 positus,
2172 4804 2485 4861 infeliciter
2517 4817 2647 4858 cum
2672 4803 2942 4859 Romanis
2971 4801 3161 4857 navali
3183 4802 3389 4872 prmlio
3411 4817 3547 4860 con-

1895 4902 2137 4959 gressus
2165 4891 2225 4941 et
2254 4884 2465 4953 victus,
2490 4883 2563 4938 ab
2581 4883 2847 4938 exercitu
2870 4896 2976 4938 suo
2994 4881 3282 4938 seditione
3303 4885 3434 4938 orta
3461 4882 3546 4940 la-

1897 4967 2132 5041 pidibus
2150 4967 2465 5037 coopertus
2494 4962 2736 5019 interiit.
2764 4961 2937 5019 Lucio
2968 4961 3179 5019 Manlio
3206 4961 3458 5022 Vulsone
3481 4970 3546 5021 et

1504 5095 1593 5152 VA
1603 5097 1738 5153 ΒΙᾹΞ
1778 5095 2177 5154 LECTIONES.

200 5209 733 5310 ffiherosolimam
767 5219 797 5269 5
829 5220 913 5272 9ο.
951 5230 1198 5288 semper,
1233 5219 1393 5290 quod
1419 5218 1487 5275 in
1518 5223 1567 5277 1.
1602 5222 1711 5278 vix
1738 5220 1919 5281 semel
1946 5219 2057 5277 aut
2099 5218 2189 5276 bis
2235 5216 2473 5300 legitur}
2506 5214 2574 5250 ³⁸⁷
2605 5232 2676 5275 eo
2710 5214 2863 5342 quod
2890 5222 2974 5298 9ο..
2999 5214 3067 5250 ³⁸⁸
3101 5217 3443 5277 theothecto
3474 5221 3534 5276 5.

230 5300 389 5341 VlSllS
420 5292 498 5342 9°.
534 5292 620 5342 11.
654 5285 726 5318 ²⁵⁰
759 5286 869 5341 deo
902 5302 931 5343 a
965 5304 1016 5343 ι).
1055 5292 1104 5342 5.
1140 5287 1209 5321 ²⁵¹
1240 5289 1451 5343 trullas
1476 5295 1552 5343 9°.
1588 5290 1658 5324 ’⁵³
1692 5293 1932 5343 nrimus.
1967 5295 2161 5343 ortum
2193 5294 2279 5343 est
2316 5304 2587 5343 punicum
2621 5288 2713 5343 bel
2744 5304 2836 5343 um
2888 5304 3155 5343 primum.
3192 5293 3330 5343 Nam
3358 5291 3416 5343 Τ.
3451 5293 3534 5343 ii.

230 5284 389 5364 visus
420 5292 507 5364 9°._
534 5292 620 5342 11.
654 5285 726 5318 ²⁵⁰
759 5286 931 5364 deoa
963 5304 1016 5359 p.
1055 5280 1104 5342 5.
1140 5280 1209 5321 “1
1234 5280 1451 5364 trullas
1476 5295 1552 5347 9°.
1588 5290 1658 5324 ’⁵³
1691 5280 1932 5364 primus,
1967 5295 2161 5364 ortum
2168 5280 2587 5364 _estfpu_nicum
2621 5290 2690 5364 b_e

2744 5304 2836 5345 um
2887 5288 3155 5360 primum.
3192 5293 3330 5348 Nam
3358 5291 3416 5346 T.
3451 5293 3537 5347 11.

141 5350 207 5403 ³⁵³
236 5356 726 5427 Carthaginenses
756 5356 895 5413 victi
928 5350 1062 5415 sunt
1096 5365 1181 5416 11.
1214 5359 1320 5418 ubi
1348 5375 1482 5431 quae
1510 5350 1848 5436 sequentur
1885 5350 1960 5420 θὲυ
1985 5363 2124 5435 ipsa
2152 5350 2438 5420 Ηέεςιὸυἱα
2464 5360 2737 5419 miscella
2762 5350 3001 5433 sumpta
3027 5362 3187 5419 sunt.

1735 5486 1958 5544 NOTIE.

211 5589 357 5668 (212)
391 5593 531 5664 Qua
555 5625 625 5638 —
655 5594 982 5658 emtorem
1018 5598 1345 5660 Ekhehardi
1397 5601 1578 5661 verba
1629 5607 1791 5662 sunt.
