3898 6316
395 307 506 369 611
1555 300 2036 365 EKKEHARDI
2081 295 2639 362 URAUGIENSIS
3674 311 3766 376 612

397 441 583 497 Marco
616 439 791 495 Atilio
822 438 1044 509 Regulo
1068 438 1434 506 consulibus,
1463 437 1676 493 bellum
1705 437 1758 492 in
1784 436 2040 490 Africam
2085 435 2128 490 Α
2163 439 2319 502 sunt,
2374 448 2576 489 novem
2627 432 2780 488 milia
2831 432 3079 491 militum
3126 450 3274 494 caesa
3324 444 3486 508 sunt,
3530 442 3597 496 20
3641 442 3766 500 milia

398 530 746 584 translatum
787 534 897 598 est,
932 527 1146 598 quibus
1180 527 1468 581 Hamilcar
1498 526 1614 581 dux
1647 527 1954 580 Poenorum
1987 528 2045 576 et
2162 523 2332 588 capta
2368 520 2722 574 referuntur.
2755 519 2911 575 Inter
2941 521 3064 577 haec
3104 523 3380 580 Lutacius
3423 528 3625 583 consul
3663 545 3764 585 cum

396 619 594 673 Hanno
617 616 768 672 alter
799 616 970 672 classi
997 617 1295 686 prefectus
1319 617 2043 681 occurrerunt,conserto-
2161 606 2350 661 classe
2385 610 2778 662 trecentarum
2813 607 3042 664 navium
3067 609 3122 665 in
3147 611 3398 668 Siciliam
3432 619 3764 674 transvectus

397 719 506 774 que
537 703 727 759 navali
765 703 988 774 prtelio,
1013 702 1172 758 Pmni
1199 702 1253 756 in
1281 703 1469 771 fugam
1495 701 1648 756 versi
1676 705 1832 769 sunt,
1861 703 1930 755 64
1954 715 2048 755 na-
2161 698 2270 762 est,
2299 694 2391 749 cui
2424 695 2582 750 Poeni
2607 711 2735 750 cum
2760 696 3178 766 quadragentis
3201 700 3450 758 navibus
3469 704 3764 774 magnisque

396 807 499 848 ves
520 792 922 864 perdiderunt,
939 790 1216 847 consules
1234 791 1487 846 victores
1506 790 1560 844 in
1583 790 1834 844 Africam
1864 793 2052 844 trans-
2161 782 2347 852 copiis
2369 784 2641 838 Hannone
2667 785 2814 840 duoe
2837 791 3179 853 occurrunt,
3206 789 3478 860 factaque
3498 805 3693 862 pugna,
3707 794 3767 848 vi-

396 879 551 934 vecti
612 883 768 949 sunt,
823 879 1308 948 Kartaginemque
1357 883 1642 950 petentes,
1678 880 1782 931 300
1833 880 1928 932 aut
1980 889 2048 930 eo
2157 875 2290 926 ctus
2320 873 2518 928 Hanno
2541 872 2657 928 dux
2682 875 2831 943 fugae
2855 875 3075 945 primus
3097 876 3236 944 fuit;
3267 883 3334 933 75
3365 879 3598 936 Punicae
3625 895 3765 938 naves

401 967 648 1038 amplius
669 966 913 1023 castella
943 966 1203 1038 populati
1228 971 1384 1022 sunt.
1403 966 1646 1022 Manlius
1666 980 1794 1021 cum
1817 963 2044 1019 victrici
2157 965 2344 1030 captaa
2365 966 2518 1030 sunt,
2546 964 2650 1017 120
2669 963 3008 1034 submersas,
3040 968 3109 1018 32
3138 965 3292 1021 milia
3323 972 3522 1038 capta,
3549 970 3612 1024 14
3637 968 3763 1026 milia

396 1052 590 1110 classe
631 1055 826 1110 Africa
859 1055 1173 1121 decedens,
1206 1059 1382 1110 27000
1411 1055 1775 1125 captivorum
1807 1054 2043 1109 Romam
2159 1061 2310 1102 caesa
2342 1053 2494 1103 sunt.
2528 1049 2670 1104 Post
2700 1049 2825 1106 haec
2855 1051 2926 1106 ad
2961 1051 3282 1124 Lutacium,
3317 1053 3534 1110 deinde
3564 1055 3764 1114 Romam

395 1143 624 1209 evexit;
650 1143 910 1212 Regulus
930 1141 985 1198 in
1011 1143 1205 1198 Africa
1228 1157 1551 1212 remanens,
1567 1145 1771 1198 contra
1795 1147 1919 1199 tres
1944 1143 2046 1199 du-
2160 1137 2480 1203 mittentes,
2513 1153 2714 1209 pacem
2746 1140 2856 1196 sub
2888 1140 2994 1196 hac
3040 1141 3383 1199 conditione
3417 1143 3684 1216 fecerunt,
3715 1151 3762 1202 ut

397 1245 497 1286 ces
521 1229 842 1301 dimicavit,
871 1230 1254 1287 Hastrubales
1275 1236 1335 1286 et
1359 1230 1738 1286 llalmicarem
1762 1246 1834 1286 ex
1849 1231 2043 1287 Sicilia
2159 1225 2356 1280 SiCilia
2386 1226 2764 1297 Sardiniaque
2794 1228 3147 1285 decederent
3167 1235 3227 1286 et
3261 1245 3365 1302 per
3397 1235 3470 1287 20
3496 1234 3764 1290 continuos

395 1317 946 1389 accitum.Cumque
971 1319 1110 1374 haut
1137 1318 1388 1390 procula
1416 1318 1645 1374 ﬂumine
1671 1319 1928 1388 Bagrada
1954 1335 2046 1374 ca-
2156 1328 2338 1370 annos
2394 1315 2506 1369 tria
2567 1315 2722 1371 milia
2770 1316 3122 1374 talentorum
3183 1319 3312 1390 puri
3365 1321 3492 1376 auri
3531 1321 3763 1379 Romanis

397 1407 1430 1478 straposuisset,multosmilitumad
1456 1409 1664 1463 ﬂumen
1690 1408 2046 1463 deseenden-
2156 1403 2602 1472 perSOIVGPBIIt;
2661 1404 2860 1474 Sicque
2913 1405 3138 1463 ﬁnitum
3208 1412 3302 1464 est
3356 1408 3469 1465 hoc
3521 1411 3759 1467 Punicum

397 1499 490 1550 tes
517 1510 762 1566 serpens
794 1496 951 1552 mirae
985 1496 1404 1566 magnitudinis
1441 1497 1764 1551 devoravit.
1785 1497 2042 1565 Regulus
2157 1489 2373 1545 bellum
2409 1505 2510 1562 per
2541 1495 2608 1545 23
2643 1505 2826 1546 annos
2857 1497 3242 1564 protractum.

397 1583 469 1639 ad
496 1584 937 1655 expugnandam
957 1585 1200 1640 bestiam
1216 1601 1344 1641 cum
1367 1585 1628 1640 exercitu
1655 1584 2036 1654 descendens,
2227 1579 2705 1650 Histemporibus
2721 1588 3036 1650 argenteus
3050 1597 3320 1640 nummus
3337 1583 3582 1656 primum
3603 1585 3759 1643 Rome

396 1672 658 1742 squamis
680 1673 808 1743 ejus
833 1672 947 1728 tela
974 1689 1084 1728 non
1109 1675 1554 1745 recipientibus,
1570 1673 1746 1744 jussit
1774 1674 2036 1744 balistas,
2157 1665 2441 1735 ﬁguratus
2469 1673 2578 1724 est.
2615 1669 2826 1739 (Πιεκ.)
2858 1671 3074 1726 Aratus
3102 1671 3448 1742 astrologus
3479 1672 3692 1742 claruit,
3716 1679 3761 1728 et

396 1760 606 1830 quibus
637 1761 784 1817 muri
824 1761 1292 1834 eonfringuntur,
1326 1762 1540 1833 afferri,
1574 1763 1781 1833 bisque
1804 1763 2038 1818 ossibus
2067 1783 2124 1843 Β
2155 1755 2405 1821 Ωιιὶηῐυε
2437 1757 2654 1814 Ennius
2703 1763 2875 1828 poeta
2923 1759 3154 1815 Tarenti
3207 1761 3492 1832 nascitur,
3522 1761 3612 1832 qui
3653 1769 3756 1833 post

393 1847 520 1917 ejus
551 1849 889 1919 contractis,
924 1845 1116 1905 occisa
1157 1855 1264 1906 est,
1301 1851 1478 1923 cujus
1527 1852 1748 1908 corium
1799 1853 2037 1908 Romam
2153 1843 2346 1900 Romae
2379 1845 2602 1916 deguit,
2633 1852 2947 1904 contentus
2987 1847 3158 1904 unius
3189 1848 3421 1906 ancilla;
3453 1849 3754 1905 ministerio.

393 1935 700 1994 devectum
725 1943 828 1994 120
852 1939 1060 2010 pedum
1083 1940 1282 2010 spacio
1301 1940 1518 1997 dicitur
1536 1941 1876 1998 distentum.
1905 1944 2040 1997 Kar-
2225 1931 2364 2001 (108-
2401 1948 2499 2004 ιιι,
2531 1939 2608 2006 5-)
2642 1936 2765 2000 Quo
2795 1936 2972 1991 etiam
3013 1940 3278 2008 tempore
3327 1937 3600 1993 defuncto
3627 1936 3757 1993 Elea-

393 2025 728 2094 taginenses
777 2027 974 2098 itaque
1035 2028 1202 2084 fracti
1237 2029 1423 2100 bellis,
1459 2029 1613 2085 inter
1643 2030 1859 2087 multos
1888 2047 1932 2102 q‘

2216 2035 2310 2090 .ro,
2342 2021 2734 2093 principatum
2765 2025 3082 2080 sacerdotii
3113 2026 3382 2097 suscepit
3405 2031 3642 2097 patruus
3659 2025 3755 2094 ejus

391 2114 592 2185 precio
624 2115 1034 2174 conduxerunt
1067 2117 1121 2172 in
1155 2118 1431 2174 auxilium
1463 2121 1812 2192 Xantippum
1846 2137 1930 2190 reg

2214 2125 2426 2182 anases,
2481 2114 2658 2168 frater
2707 2115 2896 2170 Jaddi.
2931 2115 3055 2182 Quo
3108 2121 3360 2186 mortuo,
3409 2115 3677 2172 successit
3716 2115 3753 2170 ei

392 2201 946 2259 Lacedemoniorum
996 2205 1244 2261 accitum
1299 2206 1451 2262 bello
1503 2208 1892 2278 prefeeerunt.
1931 2211 2034 2276 Qui
2151 2199 2345 2270 OniaS,
2383 2200 2538 2257 ﬁlius
2569 2202 2868 2273 Symeouis
2897 2204 3068 2275 Justi,
3103 2218 3294 2275 quem,
3333 2207 3400 2262 ut
3443 2219 3611 2277 supra
3641 2204 3755 2258 dixi-

391 2304 521 2347 cum
549 2292 858 2348 Poenorum
883 2293 2038 2369 copiisinstruetisadpugnamprocede-
2149 2303 2298 2360 IDUS,
2333 2291 2638 2360 parvulum
2679 2292 2935 2362 reliquit.

392 2383 506 2447 ret,
541 2383 610 2434 30
642 2379 798 2435 milia
829 2381 1213 2437 Romanorum
1263 2383 1508 2438 militum
1551 2390 1845 2455 prostrata
1878 2393 2032 2457 sunt,
2201 2398 2337 2445 Alex.
2385 2398 2550 2445 Maced
2614 2400 2754 2447 Asiae.
2789 2401 2954 2460 Syriae.

395 2463 656 2534 Regulus
682 2467 800 2523 dux
823 2467 920 2524 ille
943 2469 1157 2525 nobilis
1180 2486 1309 2526 eum
1327 2472 1660 2542 quingentis
1676 2475 1815 2529 viris
1828 2479 2036 2546 captus
2255 2481 2277 2530 1
2431 2481 2462 2531 5
2645 2485 2710 2533 17
2856 2483 2926 2534 29
3039 2478 3638 2552 (Hmn.)Phtolomeus
3651 2478 3751 2548 Phy

395 2557 509 2624 est,
541 2559 602 2609 et
633 2555 690 2610 in
721 2561 959 2613 catenas
989 2558 1311 2630 conjectus,
1348 2560 1574 2617 decimo
1616 2563 1848 2618 tandem
1899 2564 2034 2619 belli
2149 2562 2458 2636 ladelphus
2482 2566 2749 2636 regnavit
2772 2565 3138 2624 Alexandriae
3153 2567 3748 2638 annistringintaocto.

392 2641 595 2698 Punici
631 2657 778 2699 anno
810 2645 1060 2701 nobilem
1112 2647 1464 2718 triumphum
1519 2651 2036 2721 Kartaginensibus
2253 2655 2286 2705 2
2430 2658 2462 2708 6
2855 2660 2924 2710 30
3031 2655 3369 2712 Demetrius
3393 2655 3746 2726 semetipsum

393 2730 574 2786 dedit.
599 2733 924 2804 Xantippus
943 2738 1059 2789 tam
1081 2736 1320 2791 audacis
1341 2738 1476 2792 facti
1511 2741 1804 2810 conscius,
1841 2757 2034 2798 rerum
2149 2739 2391 2796 Seleuco
2427 2742 2688 2812 tradidit,
2725 2743 2821 2813 qui
2856 2743 3158 2800 destructo
3185 2744 3254 2776 ³⁸⁸
3283 2759 3468 2816 regno
3517 2744 3652 2801 Asiae
3695 2757 3750 2798 ex

393 2818 752 2876 instabilium
792 2822 1171 2878 mutationem
1202 2824 1432 2895 timens,
1460 2826 1592 2882 ilico
1625 2843 1697 2883 ex
1721 2830 1909 2885 Africa
1936 2830 2038 2884 mi-
2151 2832 2400 2898 utroque
2435 2843 2606 2884 unum
2642 2830 2778 2886 fecit
2822 2829 3148 2900 imperium.

388 2909 580 2977 gravit
611 2909 667 2966 in
699 2911 978 2968 Greciam.
1006 2914 1146 2969 Post
1167 2914 1289 2970 haec
1313 2916 1448 2971 fessi
1475 2922 1561 2972 tet
1587 2918 1753 2974 malis
1775 2921 2038 2990 Kartagi-
2255 2921 2286 2971 3
2435 2923 2456 2972 1
2856 2924 2914 2973 31
3035 2922 3357 2991 Ceraunus,
3395 2918 3492 2992 qui
3518 2923 3575 2976 et
3615 2917 3748 2972 Ptho-

395 3011 630 3068 nenses,
661 2999 970 3070 petendam
1003 3017 1131 3057 esse
1165 3018 1362 3073 pacem
1395 3021 1425 3060 a
1458 3007 1732 3062 Romanis
1764 3007 2038 3064 dem-eve-
2150 3001 2392 3075 lomeus,
2421 3006 2682 3075 regnavit
2708 3007 3054 3064 Macedoniae
3086 3023 3322 3065 menses
3345 3023 3566 3079 novem,
3588 3005 3750 3063 Melea-

395 3090 554 3156 runt,
579 3087 651 3142 ad
685 3101 855 3158 quam
891 3104 1011 3144 rem
1043 3090 1282 3146 Atilium
1316 3093 1604 3162 Regulum
1635 3102 1805 3151 antea
1829 3097 2034 3154 ducem
2069 3138 2118 3200 C
2149 3105 2291 3161 grus
2344 3108 2573 3151 menses
2601 3095 2772 3166 duos,
2806 3096 3114 3168 Antipater
3159 3097 3372 3154 diebus
3403 3101 3487 3155 45.

395 3173 775 3200 “Aman-Anan.“
832 3191 992 3200 η..-.-.-ι-
1017 3179 1121 3200 ιη...
1150 3195 1253 3200 _,...
1285 3181 1408 3200 ---ξω
1428 3197 1489 3200 -U-
1509 3197 1523 3200 Α
1554 3198 1562 3200 _
1593 3199 1600 3200 ,
1622 3184 1631 3193 -
1759 3189 1771 3200 Δ
1900 3188 1910 3200 ι
2015 3191 2025 3200 .
2266 3183 2280 3200 1
2440 3189 2454 3200 .
2862 3189 2927 3200 ..Α
3040 3187 3072 3200 n
3149 3190 3160 3200 ι

391 3173 800 3242 Romanorum,
827 3179 1126 3248 quemjam
1148 3195 1254 3250 per
1278 3181 1732 3252 quinquennium
1758 3188 2034 3242 tenebant
2070 3173 2118 3200 υ
2257 3183 2289 3236 4
2435 3189 2457 3238 1
2860 3189 2929 3242 32
3039 3185 3588 3258 Sostenesregnavit
3608 3184 3750 3238 llaec-

390 3262 706 3333 captivum,
727 3263 880 3320 inter
894 3266 1370 3336 ceteroslegatos
1388 3271 1667 3341 precipue
1682 3279 2035 3344 putaverunt
2149 3269 2338 3326 doniae
2369 3271 2536 3326 annis
2566 3270 2813 3329 duobus.

391 3350 768 3408 mittendum.
800 3353 909 3419 Qui
942 3370 1072 3410 eum
1105 3357 1340 3413 Romam
1366 3360 1610 3430 veniret,
1637 3361 1849 3419 ductus
1870 3365 1926 3418 in

2254 3363 2286 3414 5
2431 3365 2464 3416 2
2895 3367 2916 3417 1
3025 3363 3541 3436 Antiochus,quiet
3557 3360 3728 3417 Sother

391 3443 612 3510 natum,
650 3441 826 3496 nichil
859 3443 1021 3512 quasi
1051 3445 1344 3503 Romanus
1374 3449 1514 3519 egit,
1550 3449 1813 3521 dixitque
1863 3467 1926 3508 se
1963 3469 2036 3509 ex
2153 3445 2310 3502 Illius
2333 3447 2580 3520 Seleuci,
2608 3450 2876 3520 regnavit
2905 3450 2961 3507 in
2996 3453 3158 3524 Syria
3188 3457 3248 3508 et
3279 3453 3416 3509 Asia
3445 3451 3599 3508 annis
3627 3453 3694 3504 19.

394 3525 490 3582 illa
517 3527 632 3599 die,
650 3544 760 3600 qua
785 3546 839 3586 in
864 3538 1217 3602 potestatem
1242 3537 1509 3592 Afrorum
1533 3539 1806 3611 venisset,
1834 3542 2037 3598 Roma-
2252 3539 2285 3590 6
2432 3543 2455 3592 1
2891 3545 2924 3595 2
3034 3541 3366 3610 Antigonus
3396 3539 3639 3611 regnavit
3665 3537 3749 3591 '3'

389 3629 526 3670 num
555 3630 683 3673 esse
713 3617 782 3650 εει
813 3620 1057 3678 desisse.
1083 3622 1282 3694 Itaque
1305 3630 1363 3680 ει
1397 3641 1632 3682 uxorem
1665 3643 1694 3684 ε
1725 3631 2032 3702 complexu
2146 3625 2403 3683 cedoniaa
2418 3629 2584 3683 annis
2607 3628 2844 3698 triginta
2876 3645 3001 3685 sex.
3026 3630 3127 3685 Hic
3145 3629 3612 3687 Lacedemoniam
3631 3624 3750 3683 obti-

391 3704 662 3776 removit,
698 3710 756 3761 et
780 3710 1008 3764 senatui
1041 3712 1248 3782 suasit,
1274 3727 1344 3767 ne
1369 3729 1478 3785 pax
1502 3730 1631 3771 cum
1667 3717 1820 3773 Afris
1845 3719 2030 3774 ﬁeret.
2145 3715 2269 3771 nuit
2303 3717 2664 3788 Pyr-rumque
2696 3719 3016 3790 superavit.

390 3791 555 3858 Quod
583 3799 640 3849 et
671 3795 946 3854 obtinuit.
982 3801 1238 3870 Cumque
1275 3802 1496 3859 vellent
1545 3821 1675 3860 eum
1724 3807 1919 3864 Romae
1950 3813 2036 3865 te-
2217 3809 2276 3859 11
2427 3808 2460 3860 6
2888 3814 2921 3863 7
3031 3809 3247 3866 Aratus
3288 3807 3631 3880 agnoscitur.

390 3894 550 3952 nere,
584 3885 818 3954 negavit
865 3901 927 3942 se
980 3888 1035 3944 in
1078 3904 1146 3945 ea
1195 3891 1339 3946 urbe
1382 3907 1740 3966 mansurum,
1792 3896 1846 3950 in
1897 3913 2030 3969 qua,
2217 3899 2284 3949 1'2
2427 3899 2460 3950 7
2889 3903 2923 3954 8
3035 3902 3366 3968 Argenteus
3393 3907 3639 3955 nummus
3664 3891 3748 3946 Ro-

389 3974 698 4043 postquam
731 3975 886 4031 Afris
919 3978 1210 4049 servierit,
1248 3980 1590 4050 dignitatem
1629 3985 1776 4042 civis
1804 3986 2032 4044 honesti
2147 3996 2254 4038 ma!
2284 3981 2534 4053 primum
2567 3982 2874 4054 ﬁguratur.

391 4057 606 4116 habere
637 4077 751 4118 non
783 4074 1006 4134 posset.
1039 4067 1234 4122 Rediit
1265 4084 1404 4140 ergo
1435 4072 1823 4143 Kartaginem.
1851 4075 2032 4142 Quem
2217 4073 2286 4125 20
2397 4076 2462 4126 15
2859 4076 2926 4130 16
3033 4075 3353 4134 Judeorum
3394 4072 3743 4148 pontiﬁcatum

390 4160 724 4216 regressum
757 4153 1036 4211 machinae
1067 4155 1440 4226 illigaverunt
1471 4167 1530 4216 et
1552 4162 1624 4216 ad
1646 4163 1872 4220 radium
1892 4167 2034 4222 solis
2155 4164 2294 4232 post
2319 4160 2658 4218 Eleazarum
2691 4162 2976 4235 Manases,
3009 4169 3258 4236 patruus
3287 4165 3438 4237 ejus,
3473 4160 3688 4233 accepit.

387 4249 616 4306 semper
667 4241 826 4295 stare
877 4241 1159 4315 fecerunt,
1208 4249 1570 4320 resectisque
1619 4251 1940 4324 palpebris,
1977 4255 2032 4310 in
2218 4253 2281 4305 21
2399 4253 2464 4306 16
2860 4255 2926 4309 17
3037 4254 3182 4308 Anni
3215 4255 3287 4310 ab
3326 4253 3497 4312 inicio
3528 4253 3665 4307 3700.

385 4337 590 4381 somno
617 4325 687 4359 ³⁸⁸
713 4337 1090 4388 necaverunt.
1117 4333 1279 4390 Alter
1309 4336 1518 4394 deinde
1541 4340 1752 4398 Atilius
1774 4343 2033 4413 Regulus
2217 4343 2288 4396 24
2397 4343 2464 4396 17
2895 4346 2918 4396 1
3035 4341 3222 4412 (Ηιειι.
3263 4345 3334 4402 in
3373 4345 3524 4401 Dan.
3572 4353 3618 4395 ο.
3663 4333 3741 4403 XI.)

385 4416 442 4503 et
475 4413 722 4472 Manlius
755 4415 984 4489 Vulsco,
1015 4422 1183 4478 ambo
1216 4425 1307 4482 bis
1339 4428 1632 4500 consules,
1669 4445 1798 4487 cum
1841 4432 2032 4490 classe
2065 4495 2110 4503 “
2149 4428 2488 4499 Ληιίοοιὶυε,
2523 4428 2622 4499 (ιιιί
2651 4429 2976 4486 vocabatur
3002 4431 3292 4503 “1808.”
3319 4437 3407 4489 θει
3438 4433 3596 4499 Deus:
3619 4422 3740 4480 θίίυε

381 4499 767 4593 ducentarum
789 4508 1019 4566 navium
1033 4514 1359 4582 etquatuor
1385 4495 1716 4586 legionibus
1737 4520 2034 4593 Lylibeum
2064 4495 2118 4554 D
2149 4518 2420 4575 Antiochi
2451 4495 2731 4590 Sat—heris,
2768 4520 3030 4589 regnavit
3061 4520 3116 4575 in
3149 4495 3314 4592 Svria
3342 4526 3401 4576 et
3441 4495 3589 4575 Asia
3610 4509 3741 4570 annis

381 4591 658 4683 profecti,
681 4598 1131 4668 superveniente
1154 4602 1493 4676 Hannibale,
1520 4591 1866 4665 Hamilcaris
1891 4610 2032 4683 filio,
2151 4609 2388 4666 15.13taa
2411 4606 2695 4664 adversus
2718 4591 3576 4681 PtholomeumPhyladelphum
3590 4598 3738 4675 gessit

379 4679 520 4773 victi
554 4687 710 4756 sunt,
746 4687 1080 4761 majoreque
1107 4691 1406 4750 exercitus
1435 4700 1605 4766 parte
1634 4698 1888 4773 perdita,
1923 4679 2040 4773 ipsi
2151 4699 2305 4757 bella
2321 4712 2492 4770 quam
2507 4695 2754 4769 plurima
2769 4700 2827 4752 et
2851 4697 2995 4754 totis
3015 4679 3327 4770 Babylonis
3349 4679 3517 4769 atque
3537 4687 3736 4752 orientis

378 4769 476 4828 vix
506 4781 844 4832 evaserunt.
869 4779 1008 4836 Post
1031 4781 1139 4836 hos
1163 4781 1439 4841 Claudius
1457 4786 1662 4844 consul
1685 4803 1816 4846 cum
1839 4769 2039 4850 classe
2148 4769 2376 4848 viribus
2399 4786 2718 4842 dimicavit.
2737 4785 2950 4843 Volens
2969 4769 3164 4843 autem
3187 4788 3550 4846 Ptbolomeus
3569 4778 3738 4838 moles-

381 4859 765 4921 ducentarum
784 4866 989 4938 viginti
1019 4869 1252 4926 navium
1271 4872 1344 4928 ad
1363 4874 1611 4946 Drepani
1636 4884 1867 4949 portum
1896 4897 2030 4938 con-
2150 4884 2275 4936 tum
2308 4877 2473 4933 ﬁnire
2503 4882 2819 4947 certamen,
2845 4891 2976 4933 cum
2997 4877 3120 4948 ipse
3144 4882 3337 4935 tamen
3360 4887 3581 4946 magnas
3599 4867 3736 4925 habe-

383 4952 471 5042 tra
503 4950 731 5010 hostem
766 4957 1066 5027 profectus
1097 4964 1209 5031 est,
1235 4962 1334 5018 ubi
1377 4979 1510 5024 mox
1529 4974 1817 5042 exceptus
1845 4971 2037 5030 classe
2152 4973 2242 5026 ret
2271 4967 2490 5039 capias,
2525 4965 2700 5020 tiliam
2730 4979 2891 5022 suam
2913 5033 2919 5038 _
2941 4966 3257 5023 Beronicen
3307 4964 3580 5023 antiocho
3607 4953 3735 5042 dedit

378 5035 708 5113 Poenorum,
741 5043 875 5100 dum
907 5051 1111 5103 contra
1155 5051 1410 5122 auspicia
1457 5035 1807 5117 dimicasseu
1873 5077 2044 5134 supe-
2155 5035 2416 5134 gorem,
2439 5035 2534 5126 qui
2559 5055 2630 5110 de
2656 5056 2851 5126 priore
2875 5035 3054 5111 uxore
3085 5055 3332 5112 Laodice
3358 5056 3499 5112 duos
3527 5041 3731 5134 habebat

380 5129 544 5222 “tu?
573 5134 684 5222 ξεί»
709 5133 924 5222 “ipse
957 5135 1188 5206 qnidem
1221 5154 1351 5197 cum
1375 5144 1617 5202 navibus
1655 5152 1724 5204 30
1745 5128 2040 5222 Lylibeum
2158 5128 2328 5222 mg,
2354 5150 2679 5220 Seleucum,
2715 5149 2813 5218 qui
2841 5148 3360 5216 cognominabatur
3389 5141 3663 5204 Calinicus,
3687 5133 3730 5184 et

379 5215 660 5291 οοηΐυείι,
695 5219 934 5293 ι’θιὶίιιιεθ
963 5239 1162 5284 omnes
1193 5235 1292 5286 aut
1318 5238 1505 5306 captaa
1551 5240 1646 5294 aut
1724 5215 2044 5302 submersaa
2157 5215 2406 5300 alterum
2431 5215 2798 5297 Antiochum.
2821 5215 3141 5296 Antiochus
3163 5240 3356 5299 autem
3377 5236 3580 5301 dicens,
3598 5227 3730 5280 Bero-

1740 5423 1978 5484 VARUE
2015 5428 2314 5490 LECTION
2319 5427 2419 5484 ES.

450 5563 520 5602 "'
551 5583 616 5627 se
643 5582 778 5629 esse
807 5577 866 5632 δ.
899 5574 970 5612 ’⁸⁸
1000 5578 1228 5638 somnio
1255 5585 1308 5642 4.
1341 5591 1394 5648 υ.
1425 5586 1498 5624 ³⁸⁸
1528 5588 1822 5652 destruxit
1855 5595 1998 5659 asia
2027 5611 2269 5674 regnum
2301 5595 2558 5671 fecitque
2589 5610 2664 5656 ex
2693 5597 2948 5672 utroque
2977 5609 3153 5659 unum
3183 5593 3325 5674 imp.
3361 5597 3419 5652 ὅ.
