3898 6308
82 282 187 345 618

942 274 1380 340 CHRONICA.
1418 312 1492 324 -—
1525 276 2004 343 CHRONICON
2046 275 2597 344 UNIVERSALE.

3360 285 3477 349 614

84 419 237 475 niceu
270 430 332 473 se
364 412 513 471 velle
545 411 760 469 habere
793 411 954 482 regni
985 416 1315 468 consortem
1346 416 1403 468 et
1436 410 1716 468 Laodicen
1749 417 1799 473 Α
1832 410 2113 483 tulerunt,
2149 428 2275 484 quae
2298 413 2508 470 civitas
2532 414 2710 472 Italiae
2734 415 3010 488 opulenta
3036 418 3321 487 quondam
3348 419 3475 476 fuit.

86 510 134 563 in
155 508 277 563 loco
298 504 660 573 concubinae,
686 508 815 573 post
841 502 1083 558 multum
1108 502 1388 572 temporis
1409 507 1721 573 superatus

85 607 265 652 amore
290 592 572 647 Laodicen
598 606 728 647 cum
753 590 953 645 liberis
975 589 1096 645 suis
1120 589 1355 645 reduxit
1379 590 1434 644 in
1456 605 1716 659 regnum.

89 684 213 749 Quae
236 687 503 736 metuens
525 679 855 747 ambiguum
881 678 988 732 viri
1012 678 1283 747 animum,
1306 692 1376 733 ne
1401 678 1720 733 Berenicen

93 770 405 837 reduceret,
443 768 628 823 virum
664 781 766 837 per
799 766 1102 822 ministros
1142 781 1362 821 veneno
1407 766 1718 834 interfecit,

91 859 395 913 Berenicen
418 870 559 912 vero
587 870 716 910 cum
751 854 873 910 ﬁlio
906 869 1073 924 quem
1103 869 1173 909 ex
1206 854 1493 909 Antiocho
1521 854 1722 922 genuit

93 945 328 1002 lcadioni
366 948 427 999 et
469 945 702 998 Genneo
744 942 1110 1013 principibus
1156 943 1310 1011 regis
1347 941 1722 997 occidendam

92 1033 338 1103 tradidit,
374 1033 620 1103 ipsaque
644 1047 773 1087 cum
800 1030 1017 1100 majore
1046 1030 1165 1086 filio
1197 1031 1440 1087 Seleuco
1469 1030 1724 1086 Calinico

91 1122 358 1192 regnavit.

156 1212 360 1280 (Ηιειι.)
392 1208 624 1265 Parthis
656 1223 686 1263 a
719 1207 1093 1287 Macedonum
1132 1206 1373 1277 imperio
1405 1208 1727 1263 recedenti-

93 1299 205 1365 bus,
256 1298 477 1367 primus
527 1296 794 1365 regnavit
839 1299 1105 1365 Arsaces,
1160 1296 1311 1351 unde
1341 1301 1398 1350 et
1432 1296 1725 1351 Arsacidze

93 1385 221 1441 dicti
248 1389 401 1441 sunt.

91 1511 212 1557 Alex.
255 1508 436 1557 Maced.
485 1508 628 1557 Asiae.
659 1509 824 1569 Syriae.

156 1594 220 1645 32
320 1592 389 1643 27
818 1589 851 1640 9

92 1678 158 1732 ab
188 1678 338 1732 Urbe
367 1675 620 1732 condita.

160 1768 225 1819 38
333 1768 397 1820 33
786 1768 855 1818 15

156 1852 519 1907 Ptholomeus
567 1852 902 1920 Evergetes,
956 1849 1108 1906 filius
1150 1850 1477 1905 Ptholomei
1525 1850 1727 1921 Phyla-

94 1940 296 2011 dclphi,
352 1939 615 2008 regnavit
669 1937 1036 1994 Alexandriae
1084 1938 1250 1993 annis
1297 1943 1385 2007 26,
1431 1953 1460 1993 a
1504 1943 1727 1993 restau-

96 2030 303 2083 raticne
354 2027 555 2099 templi
610 2041 756 2082 anno
800 2030 926 2082 276.
977 2028 1091 2082 Sub
1134 2028 1240 2083 hoc
1289 2028 1518 2097 Jhcsus,
1573 2027 1725 2082 filius

97 2116 297 2186 Sirach,
345 2116 561 2173 librum
612 2130 778 2171 suum
828 2115 1201 2185 conscripsit.
1256 2115 1440 2184 (Hum.
1470 2115 1538 2171 in
1564 2118 1722 2173 Dan.

98 2220 140 2260 c.
169 2210 262 2275 χι.)
295 2205 393 2259 Hic
425 2219 572 2273 ergo
600 2204 974 2259 Ptholomeus
999 2203 1068 2236 ³⁸⁷
1095 2208 1231 2275 post
1265 2208 1509 2259 mortem
1539 2204 1725 2275 patris

97 2292 172 2348 sui
201 2291 598 2363 Phyladelpbi,
634 2307 737 2363 pro
766 2292 987 2347 ultione
1017 2292 1203 2362 patris
1235 2296 1293 2347 et
1326 2293 1535 2348 occisae
1569 2306 1727 2347 soro-

99 2381 181 2449 ris,
205 2396 325 2436 cum
358 2394 572 2449 magno
603 2380 868 2435 exercitu
901 2380 1141 2435 intravit
1175 2380 1535 2451 provinciam
1570 2381 1727 2449 regis

99 2469 384 2539 aquilonis,
431 2469 489 2524 id
534 2473 630 2524 est
674 2467 895 2524 Seleuci
937 2468 1194 2538 Calinici,
1239 2469 1335 2538 qui
1376 2484 1504 2524 cum
1544 2474 1729 2524 matre

964 1589 1162 1643 Annus
1223 1586 1727 1657 quingentesimus

101 2557 313 2613 Laodice
330 2557 601 2627 regnavit
623 2557 677 2612 in
699 2557 879 2626 Syria,
897 2561 951 2612 et
974 2557 1129 2628 cepit
1150 2558 1367 2626 Syriam
1389 2563 1449 2612 et
1469 2558 1727 2612 Ciliciam

99 2652 147 2699 ct
167 2646 488 2717 superiores
525 2650 728 2715 partes
758 2649 920 2701 trans
949 2646 1226 2701 Eufraten
1251 2649 1308 2700 et
1334 2660 1555 2700 omnem
1586 2659 1727 2715 pene

100 2733 282 2789 Asiam.
341 2736 605 2805 Cumque
664 2733 923 2789 audisset
975 2733 1030 2787 in
1080 2733 1326 2805 Egypto
1382 2734 1726 2789 seditionem

98 2822 307 2889 moveri,
349 2823 644 2893 diripiens
684 2837 923 2891 regnum
966 2821 1213 2891 Seleuci,
1250 2824 1318 2877 40
1349 2822 1504 2877 milia
1549 2821 1729 2877 talen-

101 2914 265 2966 torum
296 2912 523 2980 argenti
554 2910 693 2965 tulit
717 2924 969 2980 vasaque
1000 2911 1267 2981 preciosa
1290 2915 1351 2965 et
1373 2909 1728 2966 simulachra

104 2998 312 3055 deorum
337 3000 448 3056 duo
474 3000 639 3054 milia
664 2999 998 3069 quingenta,
1026 2999 1081 3052 in
1105 2999 1317 3069 quibus
1344 3005 1513 3055 erant
1544 3004 1603 3054 et
1632 2998 1728 3054 illa

1773 3121 1807 3141 ’Ἴ
1846 3088 1997 3114 ΥΕΙΙΙι
2031 3088 2353 3131 ἰιυυὶιυιαιιι,
2384 3088 2442 3116 Ub
2481 3088 2633 3117 υιιΓυ
2659 3088 2945 3133 ὢὸγμιιιδ
2978 3088 3190 3117 UUIIUIII
3224 3088 3486 3116 llllUl‘l‘Ub.

109 3176 234 3222 Gens
257 3191 388 3222 vam
432 3176 700 3222 Egvntia
747 3176 1034 3222 idnlatrim
1076 3176 1317 3222 multum
1352 3176 1547 3222 dedita
1580 3179 1726 3222 erat-
1764 3132 1810 3182 b
1842 3147 2199 3219 Phylopawr
2251 3154 2465 3219 amem,
2519 3150 2729 3206 amissa
2762 3150 2921 3221 Syria
2957 3150 3285 3222 Pl‘OdiliODG
3317 3148 3493 3204 Theo'

105 3176 234 3231 Gens
257 3191 388 3232 vero
427 3176 701 3247 Egyptia
746 3176 1034 3231 idolatriae
1076 3176 1319 3232 multum
1352 3176 1549 3231 dedita
1580 3179 1726 3230 crat.

106 3263 160 3316 Et
190 3266 309 3334 quia
339 3271 470 3337 post
503 3264 727 3321 multos
752 3279 934 3320 annos
958 3264 1098 3319 deos
1128 3279 1326 3320 eorum
1360 3264 1735 3320 Ptholomeus

109 3352 378 3423 retulerat,
415 3356 766 3421 Evergetem
807 3367 935 3408 eum
977 3352 1371 3423 appellabant.
1412 3354 1481 3408 Et
1513 3352 1730 3421 Syriam

107 3440 307 3508 quidem
365 3442 491 3513 ipse
561 3441 839 3505 obtinuit,
900 3440 1156 3497 Ciliciam
1206 3456 1347 3497 vero
1397 3441 1583 3495 amico
1630 3454 1733 3496 suo

107 3530 360 3587 Antiocho
388 3529 835 3600 gubernandam
872 3529 1139 3599 tradidit,
1164 3534 1219 3585 et
1245 3529 1532 3600 Xantippo
1564 3527 1735 3584 alteri

106 3615 216 3672 duci
266 3620 598 3689 provincias
649 3622 815 3673 trans
863 3619 1160 3674 Eufraten.

166 3706 383 3781 (Em)
437 3713 608 3765 Anno
658 3708 731 3762 ab
780 3706 931 3763 Urbe
984 3707 1221 3763 condita
1270 3707 1737 3778 quingentesimo

109 3799 309 3865 octavo,
345 3797 439 3866 qui
473 3800 578 3851 est
610 3796 833 3865 primus
882 3795 1206 3865 Evergetis,
1259 3795 1563 3866 repentina
1605 3795 1743 3851 subs

107 3884 275 3941 versio
300 3886 483 3957 ipsius
518 3887 719 3940 Roma)
758 3885 1021 3955 pervenit
1066 3885 1426 3956 triumphum
1459 3887 1741 3942 Romano-

111 3987 230 4027 rum.
264 3975 559 4045 Siquidem
594 3973 809 4038 Quinto
834 3972 1073 4030 Lutacio
1097 3974 1302 4029 Catulo
1330 3978 1389 4028 et
1411 3972 1559 4029 Aulo
1593 3974 1742 4029 Man-

111 4058 173 4115 lio
202 4062 555 4132 consulibus,
583 4061 831 4118 diversa:
854 4061 1075 4132 ignium
1102 4076 1506 4132 aquarumque
1534 4061 1738 4117 clades

112 4161 235 4216 pene
279 4152 662 4222 absumpsere
716 4151 942 4206 urbem.
996 4150 1134 4204 Nam
1185 4150 1426 4221 Tyberis
1481 4148 1738 4205 insolitis

110 4243 289 4295 auctus
336 4240 625 4296 imbribus
672 4243 730 4293 et
768 4238 938 4306 ,ultra
986 4238 1316 4310 Opinionem
1374 4237 1733 4307 redundans,

111 4326 274 4381 omnia
302 4328 496 4384 Romae
540 4326 788 4383 aedificia
822 4326 877 4381 in
911 4325 1084 4397 plano
1125 4326 1454 4383 constituta
1488 4325 1736 4393 delevit;

110 4410 327 4471 diversae
376 4416 702 4487 qualitates
754 4414 1016 4470 locorum
1069 4414 1140 4470 ad
1192 4429 1361 4470 unam
1411 4428 1738 4470 convenere

1832 500 1992 566 Quod
2038 501 2249 557 bellum
2296 504 2461 557 ambo
2503 504 2779 559 consules
2821 504 2971 560 intra
3006 520 3108 559 sex
3140 506 3265 561 dies
3294 509 3482 563 trans-

1831 592 2095 657 egerunt,
2125 590 2453 659 quindecim
2486 591 2719 647 milibus
2752 592 3003 647 hostium
3037 593 3227 648 caenis.

1903 677 2115 731 Eodem
2150 693 2299 733 anno
2340 679 2514 734 etiam
2555 679 2698 734 Galli
2742 680 3015 751 Cisalpini
3058 681 3188 736 novi
3230 681 3480 736 extitere

1832 763 2051 833 hostes,
2106 766 2417 822 adversum
2471 783 2614 837 quos
2664 768 2820 823 varia
2861 774 3023 825 sorte
3057 768 3335 824 bellatum
3366 772 3476 825 est.

1834 854 1969 908 Nam
2002 854 2058 909 in
2089 854 2277 924 primo
2316 856 2593 911 conflictu
2635 856 2863 912 Valerio
2904 857 3144 913 cons-ile
3180 857 3290 912 tria
3326 856 3483 911 milia

1834 956 1906 995 ex
1938 943 2212 998 Romanis
2236 943 2522 1013 cecidere,
2550 945 2606 999 in
2630 946 2885 1001 secundo
2909 949 2977 1002 14
3001 946 3153 1001 milia
3185 945 3480 1001 Gallorum

1834 1044 1982 1086 czesa
2018 1036 2174 1101 sunt,
2208 1032 2322 1088 duo
2346 1032 2502 1087 milia
2526 1039 2715 1102 capta.
2753 1034 2861 1088 Sed
2884 1033 2957 1089 ob
2980 1033 3228 1104 priorem
3256 1034 3481 1090 cladem

1839 1119 2169 1190 triumphus
2215 1121 2439 1176 consuli
2491 1121 2812 1190 denegatus
2862 1126 2973 1177 est.
3026 1124 3187 1177 Anno
3229 1124 3299 1178 ab
3331 1124 3482 1179 Urbe

1836 1208 2067 1261 condita
2099 1208 2564 1278 quingentesimo
2600 1213 2711 1280 17°,
2749 1210 2843 1280 qui
2874 1216 2963 1265 est
2996 1211 3299 1280 Evcrgetis
3330 1210 3485 1266 deci-

1839 1309 1982 1364 mus,
2010 1295 2124 1351 dux
2154 1298 2460 1352 Poenorum
2494 1298 2819 1354 llamilchar
2852 1299 2922 1353 ab
2957 1299 3223 1370 Hispanis
3248 1299 3302 1353 in
3328 1298 3482 1354 bello

1840 1382 2182 1440 interfectus
2221 1389 2333 1451 cst,
2379 1402 2507 1441 cum
2544 1387 2658 1455 jam
2703 1386 2858 1442 aliud
2907 1387 3121 1444 bellum
3172 1388 3481 1443 adversum

1838 1472 2126 1527 Romanos
2174 1472 2321 1528 clam
2374 1478 2626 1545 pararet.

1910 1560 2121 1632 (Ηιειι.)
2154 1561 2526 1619 Ptholomeus
2560 1562 2930 1634 Phylopator,
2974 1564 3125 1619 filius
3148 1566 3479 1634 Evergetis,

1840 1650 2102 1717 regnavit
2171 1650 2535 1707 Alexandriae
2595 1652 2759 1707 annis
2819 1658 2903 1723 17,
2966 1667 2997 1708 a
3056 1654 3483 1710 restauratione

1752 1768 1807 1826 B
1837 1736 2039 1807 templi
2073 1753 2222 1793 anno
2255 1744 2403 1794 302°.
2443 1740 2624 1808 (llisn.
2660 1741 2727 1796 in
2756 1742 2910 1797 Dan.
2947 1741 2988 1797 l.
3017 1742 3082 1813 l.)
3116 1743 3255 1797 Post
3291 1742 3481 1811 fugam

1839 1833 1897 1878 et
1947 1832 2190 1880 mortem
2248 1827 2473 1883 Seleuci
2526 1828 2763 1883 Calinici
2815 1829 2917 1883 lllii
2970 1829 3259 1900 Antiochi,
3311 1845 3481 1899 quem

1838 1911 2128 1969 interfecit
2159 1916 2474 1984 Evergetes
2508 1920 2673 1986 pater
2705 1916 2875 1987 hujus
2906 1917 3332 1988 Phy10patoris,
3368 1918 3482 1974 duo

1837 1999 1939 2055 lilii
1963 2001 2183 2058 Seleuci
2204 2004 2484 2073 ejusdem,
2508 2004 2780 2060 videlicet
2800 2005 3077 2061 Seleucus
3095 2010 3482 2075 cognomento

1837 2091 2135 2147 Ccraunus
2166 2096 2223 2147 et
2259 2093 2579 2148 Antiochus
2612 2094 2707 2164 qui
2741 2094 3068 2164 appellatus
3099 2099 3191 2151 est
3225 2096 3478 2165 Magnus,

1834 2180 2138 2249 provocati
2170 2196 2271 2251 spe
2302 2181 2583 2251 victoria),
2620 2186 2676 2236 ct
2710 2182 2763 2237 in
2792 2182 3073 2257 ultionem
3101 2182 3289 2253 patris
3319 2197 3484 2238 exer-

1833 2266 1953 2323 citu
2024 2284 2228 2337 magno
2295 2275 2670 2340 congregato,
2742 2272 3026 2327 adversus
3080 2271 3483 2327 Ptholomeum

1834 2356 2282 2428 Phylopatorem
2316 2373 2471 2413 arma
2515 2358 2861 2429 corripiunt.
2908 2361 3164 2430 Cumque
3204 2359 3486 2415 Seleucus

1838 2444 2021 2513 major
2046 2446 2226 2501 frater
2247 2448 2432 2501 tercio
2456 2447 2682 2518 imperii
2706 2448 2795 2504 sui
2817 2463 2967 2504 anno
2991 2448 3224 2504 occisus
3246 2455 3407 2503 esset
3428 2448 3486 2502 in

1836 2534 2027 2601 Frigia
2071 2549 2177 2604 per
2217 2534 2410 2591 dolum
2450 2536 2772 2607 Nicanoris,
2811 2537 3109 2593 exercitus
3142 2537 3240 2607 qui
3271 2541 3399 2592 erat
3430 2536 3486 2592 in

1838 2621 1999 2692 Syria
2033 2623 2270 2677 fratrem
2295 2624 2422 2693 ejus
2443 2625 2791 2681 Antiochum
2817 2629 3203 2694 cognomento
3226 2626 3487 2695 Magnum

1838 2706 1908 2762 de
1943 2707 2233 2779 Babylone
2266 2710 2492 2764 vocavit
2516 2710 2587 2765 ad
2612 2726 2851 2780 regnum
2880 2711 3079 2782 Syriae,
3106 2726 3233 2781 quae
3256 2726 3325 2766 eo
3348 2715 3491 2766 tem-

1838 2809 1981 2865 pore
2015 2797 2328 2852 tenebatur
2362 2812 2391 2852 a
2424 2799 2759 2853 Ptholomeo
2790 2798 3199 2869 Phylopatore.
3233 2798 3490 2868 Cumque

1838 2888 2151 2953 pugnasset
2207 2884 2486 2940 adversus
2531 2885 2709 2941 duces
2760 2886 2906 2955 ejus,
2942 2886 3112 2940 immo
3159 2884 3490 2956 proditione

1838 2971 2117 3027 Theodoti
2157 2973 2455 3041 cujusdam
2498 2974 2847 3030 obtinuisset
2887 2974 3126 3044 Syriam,
3173 2974 3226 3028 in
3270 2977 3489 3029 tantam

1842 3060 1997 3114 venit
2031 3060 2353 3131 audaciam,
2382 3066 2442 3116 ut
2478 3062 2633 3117 ultro
2659 3063 2945 3133 Egyptiis
2977 3062 3190 3117 bellum
3224 3061 3486 3116 inferret.

1845 3235 1987 3305 doti,
2020 3238 2397 3307 congregavit
2424 3237 2855 3295 multitudinem
2879 3238 3186 3309 plurimam
3209 3238 3495 3294 adversus

1847 3326 2210 3396 Antiochum,
2254 3326 2512 3397 initoque
2552 3328 2869 3383 certamine
2902 3328 3066 3397 juxta
3110 3326 3346 3397 cpidum
3388 3327 3495 3381 Ra-

1847 3413 2016 3483 phiae,
2043 3414 2196 3484 quod
2220 3420 2310 3470 est
2334 3414 2389 3469 in
2415 3415 2624 3471 finibus
2646 3416 2894 3487 .Egypti,
2924 3415 3245 3472 Antiochus
3266 3428 3492 3470 omnem

1832 3502 2043 3557 amisit
2076 3503 2419 3573 exercitum,
2452 3509 2507 3559 ct
2542 3519 2644 3575 per
2674 3506 2908 3560 deserta
2944 3504 3191 3573 fugiens,
3226 3517 3372 3573 pene
3402 3516 3499 3558 ca-

1849 3596 1985 3661 ptus
2018 3594 2127 3645 est.
2164 3592 2419 3660 Cumque
2457 3592 2809 3649 decessisset
2848 3592 3027 3664 Syria,
3067 3592 3135 3647 ad
3170 3596 3493 3647 extremum

1852 3679 2067 3734 foedere
2101 3684 2158 3734 et
2193 3680 2564 3750 pactionibus
2592 3680 2945 3737 conditionis
2975 3679 3272 3749 cujusdam
3301 3692 3495 3750 pugna

1851 3767 2012 3821 finita
2036 3771 2143 3823 est.

1923 3854 2063 3924 (Jos.
2094 3870 2195 3925 xu,
2224 3857 2301 3928 3.)
2334 3856 2451 3912 Sub
2483 3856 2590 3911 hoc
2618 3859 2883 3926 tempore
2913 3853 3098 3911 Judaei
3131 3851 3312 3910 multa
3345 3852 3496 3909 mala

1854 3942 2205 4013 tolerabant,
2228 3944 2361 3999 dum
2381 3949 2537 3998 terra
2560 3958 2762 3999 corum
2787 3942 3039 3998 diversis
3062 3940 3498 3998 calamitatibus

1853 4031 2214 4100 subjacebat.
2250 4033 2387 4086 Nam
2425 4048 2555 4087 cum
2590 4031 2911 4088 Antiochus
2946 4035 3259 4103 pugnasset
3290 4034 3496 4086 contra

1850 4119 2250 4175 Ptholomeum
2282 4119 2729 4191 Phylopatorem
2762 4125 2822 4175 et
2854 4118 3033 4176 ﬁlium
3071 4119 3199 4190 ejus
3236 4118 3500 4191 Epypha-

1852 4223 1999 4277 nem,
2047 4207 2231 4263 Judaei
2264 4207 2318 4263 in
2353 4208 2539 4264 medio
2587 4208 2758 4281 positi
2810 4208 3074 4280 utrisque
3126 4206 3499 4265 vincentibus

1851 4295 2215 4366 laborabant,
2266 4301 2329 4352 ut
2378 4311 2548 4367 pares
2602 4298 2927 4355 existerent
2974 4296 3105 4354 navi
3153 4297 3407 4354 turbatae
3441 4300 3501 4351 et

1852 4384 2305 4455 tempestatibus
2350 4386 2678 4443 fluctuanti.

111 4482 417 4575 perniciem,
460 4503 737 4575 quoniam
776 4517 905 4573 quae
943 4503 1137 4559 sevior
1174 4502 1477 4559 inundatio
1523 4502 1736 4571 tenuit,
1767 4482 1821 4543 D
1852 4510 1986 4556 Alex.
2044 4509 2227 4556 Maced.
2269 4510 2437 4570 Syriae.

113 4589 399 4649 madefacta
430 4591 726 4661 dissolvit,
761 4596 824 4646 et
856 4606 984 4661 quae
1026 4607 1235 4647 cursus
1270 4592 1553 4647 torrentis
1584 4591 1742 4648 inve-

115 4677 199 4747 nit,
236 4679 472 4752 impulsa
527 4680 762 4749 dejecit.
821 4680 1114 4749 Aquarum
1154 4694 1290 4736 vero
1329 4679 1737 4749 gravissimam

112 4764 305 4823 cladem
333 4769 572 4839 gravior
606 4768 754 4837 ignis
776 4768 1030 4823 vastatio
1054 4773 1258 4825 secuta
1284 4774 1393 4824 est.
1432 4768 1538 4834 Qui
1566 4769 1738 4857 ignis,

113 4852 368 4913 incertum
394 4857 548 4914 unde
569 4857 912 4926 surrexerit,
942 4857 1223 4929 plurimas
1246 4857 1507 4913 civitatis
1538 4852 1740 4928 partes

113 4950 456 5016 pervagatus,
474 4946 768 5001 hominum
790 4946 1207 5015 domorumque
1225 4952 1482 5015 stragem
1504 4946 1741 5001 misera-

114 5027 262 5087 bilem
281 5034 430 5090 fecit.
453 5034 667 5090 Dehinc
685 5049 814 5090 cum
834 5034 1023 5090 omnia
1043 5035 1098 5090 in
1117 5033 1367 5091 circuitu
1394 5034 1539 5089 foris
1563 5035 1740 5090 deva-

113 5122 290 5192 staret,
320 5124 503 5179 aedem
533 5125 726 5179 Vestae
763 5124 1070 5194 corripuit,
1116 5124 1266 5180 unde
1297 5122 1566 5179 Metellus
1601 5138 1732 5178 cum

114 5218 325 5266 arsuros
370 5212 524 5268 Deos
569 5212 805 5283 eripuit,
860 5212 1099 5268 brachio
1148 5211 1579 5283 semiustnlato,
1637 5210 1735 5269 vix

116 5297 330 5367 aufugit.
380 5302 507 5356 Tito
556 5301 881 5372 Simpronio
930 5302 1150 5357 Graeco
1198 5307 1256 5356 et
1307 5300 1443 5357 Gaio
1500 5300 1734 5356 Valerio

118 5381 335 5444 Faleone
364 5390 726 5461 consulibus,
760 5389 977 5448 bellum
1004 5390 1245 5447 Romani
1276 5389 1520 5447 Faliscis
1552 5387 1623 5422 ³⁸⁸
1653 5388 1736 5445 in-

1958 4593 1981 4643 1
2136 4591 2205 4644 3.1
2384 4592 2411 4644 1
2563 4588 2792 4661 (HIER.)
2851 4588 3130 4645 Seleucus
3184 4584 3493 4655 Calinicus,

1854 4676 2122 4732 Antiochi
2162 4676 2345 4747 major
2378 4676 2549 4747 filius,
2586 4677 2851 4748 regnavit
2880 4677 3059 4749 Syrias
3090 4677 3144 4729 et
3181 4674 3332 4729 Asiae
3363 4687 3495 4730 cum

1851 4770 2035 4822 matre
2064 4765 2306 4822 Laodice
2334 4766 2500 4822 annis
2519 4770 2605 4822 20.

1955 4857 1990 4909 2
2135 4856 2201 4908 35
2381 4858 2415 4908 2

1954 4946 1985 4997 3
2132 4945 2200 4997 36
2379 4944 2411 4995 3

1955 5032 1989 5086 4
2169 5036 2193 5086 1
2379 5032 2414 5086 4
2556 5026 2887 5087 Demetrius
2934 5026 3197 5099 regnavit
3238 5025 3504 5084 Macedo-

1850 5120 1960 5176 nize
1982 5118 2146 5175 annis
2166 5124 2252 5179 10.

1922 5212 1989 5267 14
2169 5211 2195 5266 1
2346 5213 2416 5266 14
2562 5210 2886 5281 Antigonus
2934 5205 3199 5278 regnavit
3240 5203 3502 5264 Macedo-

1848 5298 1957 5355 niae
1978 5296 2143 5354 annis
2161 5300 2248 5354 13.

1918 5391 1985 5443 15
2164 5388 2200 5443 2
2342 5388 2409 5443 15
2550 5386 2867 5446 Judeorum
2895 5383 3160 5459 pontifex
3187 5384 3387 5444 Onias.

1434 5476 1673 5536 VARUE
1714 5475 2123 5535 LECTIONES.

174 5560 236 5597 ⁸⁵⁷
265 5563 424 5627 dust
448 5571 526 5628 9°.
605 5567 808 5629 falacis
833 5570 887 5629 4.
919 5572 970 5627 δ.
1007 5574 1095 5628 10.
1127 5567 1328 5628 aliscis
1366 5573 1442 5627 9°.
