3898 6344
417 323 534 391 615

418 465 555 512 Alex.
591 463 774 512 Maced.
839 461 1007 524 Syrian

489 567 549 616 2|
741 565 774 617 8
950 563 970 614 l
1129 559 1406 615 Seleucus
1465 561 1790 628 Ccraunus,
1853 539 2078 614 Scleuci

423 648 664 704 Calinici
699 648 874 718 filius,
913 648 1178 716 regnavit
1207 648 1383 718 Syriae
1426 663 1608 703 annos
1653 653 1791 703 tres.

499 740 569 793 22
749 740 782 790 9
953 739 987 790 2

499 829 569 881 23
713 829 782 880 10
955 828 986 878 3

500 914 576 968 24
721 917 780 966 11
962 917 984 966 1
1139 911 1480 981 Antiochus,
1509 912 1604 982 qui
1630 911 1822 968 dictus
1851 915 1940 966 est
1972 911 2080 966 Ma-

423 1013 592 1069 gnus,
614 999 797 1054 frater
813 997 1040 1054 Seleuci
1057 999 1324 1070 Cerauni,
1342 999 1798 1071 regnavitSyriaa
1813 999 1976 1055 annis
1988 1003 2074 1054 36.

496 1091 566 1144 25
712 1091 780 1142 12
955 1091 979 1144 1

491 1179 562 1232 26
710 1179 777 1231 13
950 1179 981 1230 3

493 1280 594 1350 (Η.
630 1294 708 1338 m.
757 1281 838 1336 Cf.
881 1282 961 1336 Η.
1009 1282 1106 1354 Ε.)
1160 1281 1346 1337 Finito
1399 1281 1576 1350 igitur
1627 1282 1810 1352 primo
1861 1281 2078 1337 Punico

422 1368 601 1440 bello,
639 1370 792 1440 quod
817 1385 923 1441 per
943 1369 1151 1440 viginti
1177 1375 1298 1425 tres
1329 1385 1508 1426 annos
1540 1374 1791 1426 tractum
1820 1374 1934 1440 est,
1961 1369 2076 1440 jam

421 1458 663 1513 Romam
689 1457 1015 1514 clarissima
1039 1457 1223 1526 gloria
1248 1459 1369 1513 noti
1396 1458 1530 1514 facti
1559 1463 1716 1526 sunt,
1737 1462 1796 1512 et
1821 1472 1924 1528 per
1943 1458 2076 1514 anni

424 1545 686 1616 spacium
713 1547 836 1602 sine
868 1545 1097 1602 bellicis
1125 1547 1664 1602 conﬂictationibus
1697 1546 2075 1617 quieverunt;

425 1633 744 1704 eodemque
792 1648 940 1689 anno
983 1633 1107 1688 Jani
1149 1637 1337 1704 porta)
1380 1633 1594 1690 clausa:
1627 1637 1780 1703 sunt,
1819 1635 1971 1705 quod
2005 1635 2076 1690 ab

427 1721 602 1778 Urbis
631 1721 966 1778 conditione
995 1722 1102 1777 sub
1135 1723 1314 1776 Numa
1349 1721 1654 1792 Pompilio,
1687 1721 1915 1778 Romuli
1948 1736 2078 1777 suc-

1591 323 2076 390 EKKEI—IARDI
2119 321 2676 390 URAUGIENSIS
3671 339 3759 404 616

2108 460 2165 520 Α
2201 459 2682 530 dumpretextato
2705 466 2764 516 et
2787 459 2881 516 vix
2912 474 2942 515 a
2975 459 3228 531 puericia
3251 477 3500 536 egresso,
3527 468 3614 538 qui
3634 479 3760 542 posta

2195 548 2389 606 dictus
2419 552 2512 604 est
2540 550 2870 620 Africanus,
2896 550 2968 605 ab
3000 549 3124 621 ipsa
3154 557 3338 608 morte
3365 552 3643 628 liberatus,
3669 575 3760 618 sau-

2191 637 2316 693 cius
2340 643 2530 693 tamen
2557 637 2611 692 in
2635 643 2826 693 castra
2854 637 3045 694 rediit.
3070 640 3388 708 Pugnatum
3411 641 3604 700 deinde
3623 654 3695 705 est
3712 651 3761 705 ab

2189 725 2393 780 eodem
2417 725 2657 781 consule
2676 725 2828 796 apud
2850 725 3114 781 Trevium
3135 725 3203 757 ³⁸⁸
3226 727 3475 799 ﬂuvium,
3499 731 3762 806 iterumque

2191 813 2428 868 Romani
2469 813 2728 883 superati
2771 817 2928 869 sunt.
2966 813 3329 884 Simpronius
3365 818 3560 874 consul
3593 823 3642 876 et
3675 821 3763 892 ipse

2189 901 2452 958 conﬂixit
2492 916 2622 956 cum
2665 900 3005 970 Ilannibale,
3037 904 3094 956 et
3125 902 3338 959 amisso
3371 905 3633 976 exercitu,
3657 921 3764 978 pene

2187 989 2350 1046 solus
2381 989 2587 1045 evasit.
2621 990 2680 1044 In
2705 1003 2774 1044 eo
2799 993 2986 1046 tamen
3013 989 3166 1045 bello
3191 991 3363 1047 etiam
3392 993 3648 1050 Hannibal
3673 1009 3766 1052 sau-

2186 1079 2376 1137 ciatus
2407 1082 2518 1134 est.
2559 1078 2665 1144 Qui
2699 1083 2902 1149 postea
2924 1093 3056 1134 cum
3079 1078 3135 1132 in
3160 1079 3446 1136 Etruriam
3476 1082 3643 1152 primo
3666 1099 3767 1140 vere

2188 1168 2493 1236 transiret,
2537 1167 2592 1221 in
2631 1182 2854 1222 summo
2901 1166 3202 1238 Apennino
3250 1172 3586 1240 tempestate
3622 1186 3769 1228 corre-

2191 1261 2346 1328 ptus.
2366 1255 2542 1312 biduo
2561 1255 2836 1311 continuo
2859 1255 3238 1312 immobiliter
3257 1257 3442 1328 stetit,
3457 1257 3768 1315 nivibuscum

2189 1344 2454 1400 exercitu
2499 1341 2843 1408 conclusus;
2887 1343 2985 1399 ubi
3029 1358 3272 1413 magnus
3309 1344 3590 1401 hominum
3625 1361 3770 1402 nume

2191 1448 2312 1500 rus,
2345 1431 2606 1500 jumenta
2641 1445 2812 1501 quam
2847 1430 3114 1501 plurima,
3139 1430 3434 1502 elephanti
3463 1447 3597 1502 pene
3619 1449 3767 1490 omnes

2191 1521 2408 1590 frigore
2430 1521 2754 1590 perierunt.
2792 1519 3008 1575 Deinde
3031 1519 3088 1574 in
3109 1520 3372 1577 Tusciam
3395 1521 3630 1592 veniens,
3647 1521 3767 1591 juxta

2191 1610 2434 1666 Sarnum
2475 1609 2734 1678 ﬂuvium,
2777 1607 3010 1664 nebulis
3057 1615 3435 1680 prospectum
3476 1609 3769 1682 impedienti-

2194 1699 2322 1768 bus,
2350 1711 2612 1767 magnam
2638 1701 2862 1768 partem
2886 1697 3180 1753 sociorum
3203 1713 3270 1753 ac
3287 1697 3655 1768 jumentorum
3680 1715 3769 1770 per-

427 1822 692 1879 cessore,
741 1813 964 1865 tantum
1004 1809 1270 1878 contigit,
1315 1784 1522 1880 postea
1569 1784 1712 1865 vero
1752 1824 1858 1880 per
1899 1824 2078 1866 annos
2102 1809 2162 1873 B
2191 1787 2358 1856 didit:
2387 1786 2512 1856 ipse
2535 1790 2728 1880 Ψιθίη
2753 1785 2849 1880 ηοξ
2873 1784 3508 1880 θ¹ῗῐῖξ¹³¹ξέ⁰τίῖ¹¹ίξῖ¹¹¹⁸
3529 1787 3766 1880 ξυβθτίυῨθ·

429 1898 888 1968 quadringentos
927 1898 1361 1969 quinquagenta
1407 1913 1520 1954 non
1563 1899 1777 1955 evenit.
1819 1900 1899 1956 Eo
1940 1904 2078 1955 tem-

422 2001 568 2057 pore
603 1987 1048 2058 potentissimus
1087 1987 1296 2043 Siciliae
1330 2002 1432 2043 rex
1467 1989 1638 2043 Hiero
1672 1987 1742 2043 ad
1773 1987 1944 2044 ludos
1971 1989 2078 2044 Ro-

425 2089 572 2130 mam
593 2076 771 2144 venit,
789 2080 844 2131 et
861 2074 1112 2133 ducenta
1135 2076 1288 2132 milia
1311 2077 1635 2132 modiorum
1658 2076 1838 2132 tritici
1859 2077 2077 2150 pepulo

425 2162 580 2220 dono
613 2163 794 2220 dedit.

499 2251 600 2320 (Η.
631 2255 736 2324 m.)
770 2254 932 2308 Anno
962 2254 1034 2308 ab
1067 2253 1220 2308 Urbe
1257 2253 1492 2309 condita
1532 2255 1682 2324 534°,
1719 2253 1814 2324 qui
1844 2259 1933 2309 est
1965 2254 2080 2325 pri-

429 2352 557 2395 mus
597 2339 917 2395 Ptholemei
959 2341 1389 2412 Phylopatoris,
1439 2341 1649 2396 bellum
1682 2342 1958 2398 Punicum
1993 2358 2080 2398 se-

418 2425 670 2482 cundum
694 2428 974 2484 Romanis
993 2428 1218 2484 illatum
1239 2434 1329 2483 est
1349 2445 1452 2500 per
1473 2429 1846 2484 Hannibalem
1873 2431 2077 2486 ducem

415 2514 756 2584 Poenorum,
796 2515 974 2571 ﬁlium
1007 2515 1367 2585 Hamilcaris,
1405 2517 1499 2588 qui
1535 2518 1606 2572 ab
1637 2517 1903 2588 Hispanis
1930 2520 2080 2575 occi-

418 2615 524 2658 sus
538 2607 647 2658 est.
674 2601 994 2674 Hicitaque
1015 2605 1318 2674 Hannibal,
1335 2605 1468 2660 dum
1491 2605 1677 2660 adhuc
1698 2621 1900 2661 novem
1919 2612 2079 2662 esset

432 2703 732 2760 annorum,
766 2691 1039 2748 Amilcari
1074 2693 1226 2764 patri
1251 2693 1321 2748 ad
1348 2694 1821 2763 arasjuraverat,
1857 2699 1915 2751 ut
1948 2711 2078 2751 cum

418 2777 676 2850 primum
703 2785 902 2851 posset
925 2788 1129 2836 contra
1161 2781 1448 2837 Romanos
1483 2787 1785 2853 pugnaret.
1823 2784 2080 2854 Cumque

423 2868 494 2922 20
514 2871 671 2922 esset
697 2881 999 2938 annorum,
1025 2868 1365 2938 Saguntum,
1383 2869 1856 2926 ﬂorentissimam
1883 2871 2081 2941 Hispa-

426 2953 538 3011 uiae
562 2956 782 3027 urbem,
811 2957 1080 3012 Romanis
1107 2957 1370 3028 amicam,
1399 2959 1736 3028 obpugnare
1765 2973 2081 3028 aggressus

426 3046 537 3098 est.
573 3042 655 3098 Ad
690 3059 858 3114 quem
891 3045 1130 3100 Romani
1169 3044 1396 3114 legatos
1430 3045 1736 3114 miserunt,
1773 3051 1894 3101 uta
1925 3047 2078 3102 bello

419 3129 770 3223 abstineret,
797 3148 944 3223 quos
967 3132 1064 3223 ille
1089 3148 1119 3187 a
1145 3147 1208 3206 se
1230 3133 1512 3223 injuriose
1534 3134 1765 3223 abjecit.
1799 3135 2076 3192 Miserunt
2108 3159 2158 3223 α

427 3231 536 3289 pro
553 3221 756 3277 eadem
771 3236 834 3276 re
849 3221 1084 3277 Fabium
1105 3221 1498 3291 Kartaginem,
1517 3221 1618 3277 sed
1639 3223 1737 3278 ille
1757 3224 1926 3279 etiam
1945 3239 2075 3281 cum

420 3305 492 3340 ”°
510 3307 589 3362 ibi
610 3307 754 3364 dura
775 3323 1060 3380 responsa
1084 3309 1450 3380 percepisset
1472 3329 1482 3362 :
1503 3310 1658 3382 Qum,
1685 3311 1894 3383 inquit,
1909 3328 2077 3370 mora

419 3395 540 3452 est?
561 3396 639 3452 In
657 3395 766 3452 hoc
785 3410 888 3467 ego
907 3397 1045 3455 sinu
1054 3411 1267 3468 pacem
1299 3396 1632 3469 bellumque
1651 3401 1841 3471 porto,
1874 3402 2078 3459 utrum

421 3483 686 3553 eligite}?
715 3483 836 3540 Illis
871 3485 1376 3542 subclamantibus
1402 3505 1414 3540 :
1438 3487 1675 3544 Bellum
1699 3507 1710 3542 :
1736 3490 1960 3562 Igitur,
1997 3490 2076 3545 in-

420 3571 568 3642 quit,
594 3573 866 3645 accipite.
894 3575 962 3629 Et
987 3589 1236 3631 excusso
1262 3575 1316 3630 in
1343 3575 1528 3631 media
1553 3577 1715 3633 curia
1741 3581 1892 3646 togae
1917 3579 2071 3650 sinu,

416 3660 585 3732 quasi
615 3662 788 3733 plane
822 3663 952 3720 sinu
982 3662 1197 3720 bellum
1241 3665 1423 3720 ferret
1450 3664 1540 3722 ²⁶⁰.
1575 3666 1806 3721 eﬂ‘udit.
1847 3667 2074 3725 Interea

415 3749 721 3820 Saguntini
758 3750 906 3806 fame
934 3750 1078 3806 victi
1111 3757 1266 3820 sunt,
1294 3757 1352 3806 et
1374 3756 1584 3809 octavo
1621 3752 1850 3808 demum
1880 3769 2076 3826 mense

415 3838 599 3909 capti,
633 3837 856 3894 ultimis
888 3838 960 3894 ab
989 3839 1307 3895 Hannibale
1337 3842 1527 3912 poenis
1555 3841 1906 3898 afficiuntur.
1937 3844 2075 3900 Tum

417 3925 662 3984 Publius
690 3926 996 3984 Cornelius
1037 3927 1226 3999 Scipio
1257 3929 1458 3984 consul
1491 3944 1622 3985 cum
1653 3929 1918 3986 exercitu
1950 3931 2077 3986 mit.

412 4013 562 4072 titur
582 4015 639 4070 in
657 4015 1012 4086 Hispaniam,
1031 4015 1310 4086 Tyberius
1336 4016 1700 4088 Simpronius
1719 4018 1775 4073 in
1797 4017 2071 4075 Siciliam.

411 4101 696 4158 Hannibal
737 4117 899 4173 vero,
933 4101 1140 4159 relicto
1174 4103 1228 4158 in
1263 4103 1537 4175 Hispania
1587 4105 1768 4161 fratre
1800 4119 1906 4162 suo
1938 4107 2078 4164 Has-

413 4187 679 4261 drubale,
701 4191 980 4260 Pyrineos
1006 4192 1286 4248 transivit
1310 4196 1553 4262 montes,
1579 4197 1639 4248 ct
1664 4193 1818 4250 inter
1842 4195 2078 4252 ferocis-

416 4278 596 4336 simas
630 4277 928 4336 Gallorum
963 4283 1173 4350 gentes
1199 4281 1354 4336 ferro
1384 4282 1534 4336 viam
1567 4281 1818 4352 aperuit,
1843 4286 1903 4337 et
1925 4297 2076 4340 nono

413 4365 646 4424 demum
687 4366 780 4424 die
809 4381 839 4422 a
874 4368 1125 4440 Pyrineo
1159 4367 1230 4422 ad
1264 4367 1441 4438 Alpes
1479 4369 1763 4439 pervenit.
1803 4370 1906 4426 Ubi
1939 4370 2074 4428 dum

419 4461 738 4513 montanos
768 4455 966 4513 Gallos
986 4457 1060 4512 ab
1083 4470 1331 4514 ascensu
1351 4470 1481 4512 eum
1510 4457 1796 4528 repellere
1833 4457 2073 4515 obniten

411 4549 506 4602 tes
537 4542 692 4601 bello
730 4549 994 4616 superat,
1041 4551 1216 4614 atque
1249 4544 1436 4600 invias
1465 4560 1638 4617 rupes
1669 4547 1786 4616 igni
1815 4551 1877 4602 et
1905 4551 2072 4606 aceto

417 4633 696 4706 ferroque
751 4633 1041 4690 rescindit
1087 4631 1176 4702 πί,
1229 4633 1606 4703 quatriduum
1656 4641 2068 4708 commoratus,

414 4723 621 4796 quinto
656 4721 752 4780 die
783 4737 915 4780 cum
960 4721 1209 4778 maximo
1248 4720 1449 4779 labore
1477 4722 1550 4781 ad
1581 4723 1750 4796 plana
1783 4727 2068 4797 pervenit.

411 4820 688 4878 Traditur
715 4824 911 4876 autem
935 4819 1006 4874 ad
1031 4818 1256 4876 Italiam
1280 4820 1520 4876 duxisse
1544 4827 1776 4878 centum
1800 4823 1954 4878 milia
1975 4837 2074 4894 pe.

411 4909 620 4980 ditum,
657 4913 729 4965 ‘20
749 4907 819 4941 ²⁶²
840 4908 996 4964 milia
1025 4909 1310 4980 equitum,
1345 4913 1413 4965 37
1443 4910 1806 4982 elephantos.
1844 4913 2070 4968 Interea

417 4998 588 5056 multi
620 4999 862 5070 Ligures
884 5003 940 5054 et
966 4998 1112 5055 Galli
1137 4998 1459 5069 junxerunt
1483 5014 1547 5056 se
1572 4999 1898 5056 Hannibali.
1930 5001 2073 5056 Sim-

399 5087 658 5158 pronius
727 5087 1010 5160 Tyberius
1079 5089 1356 5158 Graccus,
1425 5089 1662 5158 cognito
1731 5088 2068 5146 Hannibalis

408 5175 684 5248 adventu,
738 5177 1062 5235 exercitum
1095 5193 1168 5234 ex
1201 5178 1397 5235 Sicilia
1441 5178 1680 5248 trajecit
1725 5179 2064 5246 Ariminum,

404 5265 648 5322 Publius
693 5267 998 5324 Cornelius
1038 5267 1232 5338 Scipio
1275 5267 1580 5324 Hannibali
1620 5267 1770 5339 apud
1808 5267 2068 5324 Ticinum

410 5355 638 5424 primus
665 5357 950 5429 occurrit,
983 5357 1414 5430 commissoque
1442 5357 1668 5429 praelio,
1700 5358 1916 5428 fugatis
1948 5359 2069 5416 suis

412 5446 470 5499 et
502 5457 653 5516 pene
681 5443 954 5502 omnibus
986 5444 1180 5516 victis,
1211 5445 1341 5518 ipse
1370 5460 1400 5502 a
1426 5445 1546 5503 filio
1578 5444 1846 5518 Scipione
1875 5445 2069 5506 admo-

2099 4511 2156 4574 D

2191 1880 2302 1945 rat,
2347 1873 2748 1946 supersidens,
2781 1873 2880 1931 vix
2917 1873 3320 1929 difficultatem
3361 1874 3578 1931 itineris
3612 1876 3767 1942 evasit,
3833 1873 3835 1948 1

2191 1964 2293 2021 sed
2327 1962 2582 2034 oculum,
2618 1978 2731 2034 quo
2758 1962 2875 2032 jam
2918 1961 3133 2018 dudum
3173 1977 3334 2034 aeger
3371 1967 3513 2036 erat,
3553 1963 3767 2021 violentia
3833 1999 3835 2002 ‹

2190 2053 2426 2122 frigoris
2448 2055 2505 2108 et
2529 2051 2859 2122 vigiliarum
2885 2064 2952 2108 ac
2977 2049 3198 2108 laboris
3233 2052 3447 2108 amisit.
3833 2059 3835 2112 έ

2261 2161 2423 2214 Anno
2445 2159 2516 2214 ab
2539 2159 2692 2214 Urbe
2719 2158 2956 2214 condita
2985 2157 3449 2229 quingentesimo
3471 2161 3578 2229 4ου,
3605 2159 3686 2229 qui
3708 2163 3770 2213 est
3833 2147 3835 2168 '

2190 2247 2476 2318 septimus
2505 2247 2939 2318 Phylopatoris,
2979 2245 3248 2303 zEmilius
3279 2247 3492 2304 Paulus
3512 2253 3564 2302 et
3590 2249 3770 2303 Terren-

2189 2335 2308 2391 tius
2339 2335 2406 2368 1“
2439 2337 2624 2391 Varro
2674 2336 2943 2392 consules
2989 2341 3190 2392 contra
3241 2335 3602 2392 Hannibalem
3635 2335 3769 2403 missi,

2194 2439 2296 2495 per
2329 2423 2747 2494 impatientiam
2786 2425 3079 2492 Varronis,
3115 2423 3307 2480 altero
3340 2425 3570 2481 consule
3597 2429 3772 2480 contra-

2193 2513 2446 2582 dicente,
2483 2511 2636 2583 apud
2669 2512 2957 2568 Caudinas
2987 2511 3210 2584 Apuliae
3245 2513 3434 2568 vicum
3465 2526 3642 2568 omnes
3665 2523 3771 2582 pene
3833 2511 3835 2568 !

2192 2603 2463 2657 Romana}
2487 2601 2612 2672 spei
2637 2601 2794 2656 vires
2815 2601 3216 2671 perdiderunt.
3255 2599 3424 2657 Nullo
3452 2601 3588 2656 enim
3608 2600 3770 2655 Punico
3833 2609 3835 2618 ³

2194 2689 2347 2746 bello
2399 2689 2636 2759 gravius
2687 2689 2905 2744 addicti
2957 2694 3112 2746 sunt.
3175 2689 3363 2746 Periit
3413 2690 3610 2761 quippe
3647 2688 3692 2742 iu
3725 2700 3768 2741 eo

2192 2778 2456 2834 IEmilius
2487 2778 2704 2834 Paulus
2726 2778 2952 2847 consul,
2979 2778 3072 2848 qui
3096 2777 3233 2834 dum
3259 2779 3492 2836 saucius
3509 2778 3558 2833 in
3581 2773 3768 2848 quodam

2191 2882 2332 2924 saxo
2365 2867 2710 2936 resedisset,
2737 2867 2978 2923 Lentulo
3008 2866 3119 2923 sibi
3152 2882 3368 2938 equum
3399 2867 3670 2934 offerente,
3691 2878 3768 2934 quo
3833 2866 3835 2942 ξ

2197 2955 2424 3026 fugiens
2445 2955 2598 3011 cladi
2621 2960 2979 3026 superesset,
3014 2955 3224 3026 noluit,
3261 2961 3436 3028 atque
3459 2956 3532 3012 ibi
3553 2951 3768 3028 persedit,

2196 3045 2383 3101 donec
2422 3045 2493 3098 ab
2523 3043 2793 3100 hostibus
2835 3044 3226 3114 interemptus
3267 3050 3376 3102 est.
3417 3045 3686 3100 Perierunt
3716 3039 3768 3095 ibi
3833 3039 3835 3114 ε

2193 3133 2538 3189 consulares
2561 3137 2736 3202 atque
2761 3132 3004 3203 pretorii
3029 3133 3140 3189 viri
3159 3137 3254 3204 20,
3273 3137 3574 3191 senatores
3587 3133 3774 3200 autcapt

2191 3227 2292 3278 aut
2312 3221 2489 3278 occisi
2506 3225 2593 3292 30,
2609 3221 2932 3277 nobiliores
2943 3221 3054 3276 viri
3069 3226 3190 3292 300,
3211 3222 3566 3293 pedestrium
3584 3219 3770 3276 militum

2187 3310 2447 3380 40mi1ia,
2463 3310 2723 3380 equitum
2747 3309 2860 3364 tria
2887 3308 3041 3364 milia
3066 3309 3374 3380 quingenti
3398 3307 3768 3381 quinquaginta,

2188 3399 2370 3454 Varro
2393 3397 2601 3454 consul
2619 3412 2748 3452 cum
2769 3397 3188 3467 quinquaginta
3209 3398 3508 3469 equitibus
3523 3393 3768 3452 Venusiam
3833 3413 3835 3469 i

2187 3487 2354 3556 fugit.
2389 3487 2505 3541 Nec
2537 3484 2776 3541 dubium
2801 3489 2912 3553 est,
2939 3483 3101 3540 illum
3125 3483 3281 3540 diem
3305 3485 3560 3541 ultimum
3589 3475 3770 3538 Romani

2187 3580 2384 3631 status
2414 3575 2672 3630 futurum
2703 3573 2907 3643 fuisse,
2941 3573 2990 3628 si
3019 3572 3307 3630 Hannibal
3336 3589 3467 3630 mox
3496 3575 3615 3644 post
3640 3568 3772 3626 victo-

2188 3664 2332 3720 riam
2364 3663 2434 3718 ad
2472 3664 2678 3718 i'rbem
2710 3661 3134 3718 contendisset.
3173 3661 3458 3719 Hannibal
3486 3662 3537 3716 in
3569 3658 3788 3716 testimo-~

2187 3754 2344 3810 nium
2369 3751 2630 3809 victoriae
2654 3767 2776 3809 suae
2797 3756 2922 3806 tres
2945 3750 3171 3807 modios
3195 3753 3499 3809 anulorum
3526 3758 3769 3806 aureorum

2188 3842 2556 3911 Kartaginem
2599 3841 2777 3910 misit,
2815 3855 2963 3912 quos
2992 3855 3065 3896 ex
3097 3842 3366 3898 manibus
3395 3839 3768 3896 interfectorum

2187 3934 2577 3989 Romanorum
2626 3931 2886 4002 equitum
2939 3934 3400 4002 senatorumque
3441 3925 3684 3987 detraxit.
3716 3923 3771 3977 De

2187 4023 2452 4080 exercitu
2474 4037 2580 4078 suo
2602 4035 2752 4078 caesa
2777 4025 2916 4078 sunt
2939 4021 3050 4077 tria
3074 4020 3232 4077 milia
3256 4019 3537 4090 multique
3557 4009 3767 4073 sauciati.

2187 4115 2417 4168 Interea
2447 4111 2633 4166 Varro
2662 4111 2900 4166 Romam
2930 4109 3126 4179 rediit,
3161 4108 3332 4181 eique
3353 4107 3549 4180 gratiae
3570 4102 3771 4160 referun-

2187 4205 2284 4258 tur
2304 4214 2335 4255 a
2359 4202 2587 4263 senatu,
2621 4199 2776 4269 quod
2807 4196 3100 4269 publicam
3133 4212 3254 4252 rem
3289 4211 3401 4254 non
3433 4188 3764 4266 desperasset.

2185 4291 2316 4360 Ipse
2339 4292 2552 4357 autem,
2577 4302 2692 4342 non
2713 4286 2851 4343 vita;
2874 4285 3218 4358 cupiditate,
3241 4285 3344 4342 sed
3365 4297 3552 4341 amore
3573 4276 3766 4352 publica
3833 4281 3835 4360 ξ

2187 4379 2270 4435 rei
2301 4391 2364 4435 se
2393 4389 2726 4448 superesse,
2770 4375 2997 4446 reliquo
3035 4374 3230 4432 aetatis
3261 4388 3382 4431 suae
3415 4378 3650 4442 tempore
3673 4375 3767 4436 pro-

2188 4467 2365 4526 bavit.
2383 4467 2522 4521 Nam
2546 4465 2783 4521 barbam
2805 4463 3200 4535 capillumque
3220 4461 3596 4530 summisit,et
3611 4455 3764 4528 postea
3834 4453 3835 4458 ‘

2186 4569 2497 4626 numquam
2540 4553 2828 4609 recubans
2865 4552 3056 4608 cibum
3096 4551 3274 4624 cepit.
3309 4552 3561 4607 Honores
3587 4550 3765 4614 quoque

2184 4660 2316 4704 cum
2365 4645 2418 4701 ei
2469 4643 2840 4700 deferrentur
2878 4655 2908 4696 a
2951 4638 3188 4711 populo,
3238 4636 3542 4706 recusavit,
3589 4631 3761 4693 dicens,
3833 4689 3836 4724 ἑ

2185 4733 2548 4791 felicioribus
2598 4729 3038 4801 magistratibus
3077 4728 3161 4784 rei
3201 4727 3452 4800 publica
3491 4737 3621 4797 Opus
3651 4727 3758 4774 esse.

2183 4825 2377 4895 Usque
2411 4821 2557 4879 adeo
2592 4825 2788 4876 autem
2827 4817 3034 4874 ultima
3084 4814 3416 4889 desperatio
3456 4813 3534 4870 rei
3570 4804 3761 4895 publica

2182 4893 2334 4986 apud
2358 4909 2626 4968 residuos
2657 4909 2945 4964 Romanos
2965 4906 3092 4977 fuit,
3123 4910 3187 4963 ut
3215 4905 3286 4962 de
3310 4897 3661 4973 relinquenda
3683 4893 3762 4986 Ita-

2180 4981 2256 5060 lia
2279 5000 2635 5070 sedibusque
2660 4997 2972 5068 querendis
2993 4993 3302 5052 consilium
3331 4989 3624 5050 ineundum
3637 4981 3760 5055 puta'

2181 5095 2331 5149 rent.
2352 5089 2516 5158 Quod
2538 5087 2714 5144 etiam
2737 5091 2978 5144 auctore
3001 5083 3217 5141 Cecilio
3233 5079 3501 5139 Marcello
3520 5072 3760 5164 conﬁrma-

2179 5184 2302 5238 tum
2323 5152 2502 5249 esset,
2527 5175 2638 5232 nisi
2663 5174 2969 5231 Cornelius
2985 5173 3200 5245 Scipio,
3224 5176 3362 5228 tunc
3386 5168 3632 5254 tribunus
3649 5152 3758 5254 utili:

2176 5272 2320 5339 tum,
2357 5266 2452 5338 qui
2487 5242 2690 5338 postea
2721 5264 2914 5320 dictus
2943 5267 3032 5318 est
3062 5242 3390 5328 Africanus,
3417 5268 3516 5312 eos
3541 5242 3753 5339 districto

2175 5337 2389 5431 gladio,
2406 5337 2797 5414 deterruisset
2817 5351 3064 5422 singulis
3089 5349 3384 5418 minitans,
3409 5357 3473 5400 ac
3494 5337 3752 5433 potius

2178 5417 2384 5522 patrie
2435 5441 2778 5502 defensione
2805 5440 2864 5497 in
2890 5417 2996 5498 sua
3031 5437 3210 5496 verba
3249 5417 3449 5508 jurare
3493 5417 3750 5496 οοθεὶεεθι.

1773 5543 2012 5600 νΑΡιΙΑΕ
2054 5543 2457 5604 LECTIONES.

479 5625 552 5666 ³⁸⁸
572 5627 710 5690 dum
741 5631 820 5688 9°.
895 5628 968 5665 '°°
985 5630 1250 5703 gestaret
1279 5635 1332 5690 4.
1363 5637 1416 5690 5.
1491 5629 1564 5666 ’σί
1585 5630 1880 5690 rescendit
1905 5636 1958 5691 δ.
2034 5602 2110 5671 ’σί
2315 5636 2368 5692 4.
2403 5637 2454 5690 δ.
2487 5633 2576 5690 10.
2651 5626 2722 5664 ³⁸³
2745 5624 3031 5686 tereinum
3057 5627 3134 5684 9°.
3207 5619 3276 5658 ²⁶⁴
3298 5614 3573 5680 terentina
3595 5610 3659 5666 9°.
3682 5602 3734 5659 to
