3898 6312
118 286 248 363 61⁸1

994 288 1452 365 ΟΗΗΟΝΙΟΑ.
1482 323 1564 339 .-.
1597 280 2072 349 CHRONICON
2084 340 2087 343 .
2116 287 2658 356 UNIVERSALE.

114 428 240 485 Sub
270 428 686 498 hoctempore
718 430 971 495 quatuor
1002 425 1152 487 locis
1182 426 1550 498 pugnabatur
1592 435 1620 477 a
1671 420 1777 475 Ro-
1806 416 1867 479 A
1896 416 2051 475 nibal
2084 420 2485 493 frequentidus
2517 426 2734 498 przeliis
2765 427 2957 486 victus
2989 444 3019 486 a
3048 430 3333 504 Scipione,
3369 440 3540 509 petiit

115 517 337 586 manis,
384 516 441 571 in
485 515 652 570 Italia
694 519 898 571 contra
938 514 1332 583 Hannibalem,
1385 514 1440 569 in
1511 511 1778 583 Hispania

114 611 331 661 contra
381 604 622 658 fratrem
672 603 798 672 ejus
848 603 1276 671 IIastrubalcm,
1339 603 1393 656 in
1450 598 1777 656 Macedonia

114 698 330 749 contra
380 692 735 763 Philippum,
778 691 834 745 in
885 691 1149 746 S..rdinia
1202 695 1405 746 contra
1458 688 1672 744 Sardos
1720 692 1781 743 et

116 783 379 839 alterum
414 780 824 837 Hastrubalem
856 780 1351 849 Kartaginensem,
1403 794 1570 849 quem
1618 777 1778 832 Titus

112 872 390 941 Manlius,
426 871 484 926 in
520 869 843 926 Sardiniam
880 869 1113 938 missus,
1138 869 1330 924 vivum
1353 868 1510 939 cepit
1542 867 1777 921 Romam

116 975 236 1031 que
288 959 576 1031 portavit.
635 959 936 1030 Philippus
987 972 1218 1028 quoque
1269 956 1323 1011 in
1373 955 1697 1012 Macedonia
1747 967 1776 1008 a

116 1048 343 1104 Levino
368 1048 645 1117 vineitur,
680 1053 739 1101 et
769 1047 819 1101 in
860 1046 1133 1117 Hispania
1168 1041 1478 1100 Hastrubal
1509 1047 1567 1097 et
1598 1043 1773 1111 Mago,

115 1138 352 1193 tercius
383 1136 565 1191 frater
601 1134 952 1203 Hannibalis,
987 1148 1016 1188 a
1058 1134 1289 1189 duobus
1334 1131 1615 1187 fratribus
1662 1130 1779 1184 Sci-

113 1225 818 1296 pionibusﬁsuperantur,
872 1223 969 1292 qui
1015 1228 1205 1276 tamen
1257 1222 1425 1276 ambo
1478 1219 1777 1290 Scipiones

113 1314 343 1369 fratres
402 1313 478 1378 in,
520 1312 798 1383 Hispania
845 1327 874 1367 a
930 1312 1108 1366 fratre
1156 1308 1523 1365 Hastrubalis
1572 1312 1775 1379 postea

111 1401 308 1457 occisi
352 1406 508 1457 sunt.
558 1399 719 1455 Unde
764 1399 1032 1455 omnibus
1084 1413 1295 1469 pavore
1341 1396 1774 1465 cunctantibus,

113 1490 339 1562 Scipio,
395 1495 598 1561 postea
648 1488 955 1543 Afriranus
1007 1487 1219 1557 dictus,
1268 1490 1441 1542 natus
1490 1488 1629 1541 tunc
1681 1498 1778 1540 an-

108 1569 226 1635 nos
256 1581 353 1648 24,
388 1577 543 1634 ultro
573 1592 634 1633 se
667 1577 902 1645 obtulit,
934 1583 991 1632 et
1026 1576 1446 1649 proconsulare
1470 1576 1773 1646 imperium

104 1660 169 1721 in
258 1666 569 1737 Hispanias
627 1667 895 1736 sortitus,
966 1663 1242 1720 ultionem
1312 1664 1499 1734 patris
1562 1667 1621 1718 et
1683 1677 1775 1733 pa-

102 1754 243 1809 trui
280 1754 556 1825 precipue
594 1754 923 1821 intendens,
973 1755 1291 1822 Pyreneum
1347 1756 1769 1820 transgressus,
1804 1772 1857 1841 Β

102 1842 317 1913 primo
352 1842 570 1912 impetu
604 1841 968 1909 Kartaginem
1000 1855 1204 1895 novam
1239 1839 1527 1909 Hispaniae
1577 1838 1768 1910 caepit,

102 1930 215 1986 ubi
266 1930 460 2000 copiae
504 1930 627 1986 auri
679 1929 1022 1998 argentique
1077 1942 1293 1997 magna)
1344 1926 1412 1959 ²⁶⁵
1461 1929 1770 1983 Poenorum

103 2022 166 2074 et
241 2018 601 2073 nobilissimi
666 2017 920 2088 obsides,
973 2031 1119 2087 quos
1167 2017 1236 2071 ab
1289 2014 1557 2086 Hispanis
1609 2029 1772 2070 acce-

107 2111 351 2180 perant,
388 2122 518 2163 cum
552 2106 774 2175 magnis
808 2105 1081 2177 prcsidiis
1111 2110 1298 2161 erant.
1334 2104 1416 2159 lbi
1451 2104 1622 2159 etiam
1665 2105 1772 2159 Ma-

102 2211 351 2266 gonem,
425 2197 663 2251 fratrem
728 2195 1081 2263 Hannibalis,
1150 2198 1383 2264 captum
1461 2208 1589 2248 cum
1641 2191 1769 2247 aliis

100 2286 357 2341 Romam
389 2285 570 2340 misit.
608 2286 797 2339 Roma}
822 2283 1023 2351 ingens
1044 2282 1254 2337 lzeticia
1279 2281 1488 2337 oritur.
1513 2282 1768 2351 Cumque

102 2375 454 2432 universam
486 2373 815 2445 Hispaniam
851 2387 880 2427 a
908 2374 1166 2444 Pyreneo
1192 2384 1371 2441 usque
1395 2370 1464 2425 ad
1488 2386 1766 2426 oceanum

102 2464 313 2535 Scipio
340 2463 699 2533 subegisset,
717 2466 1071 2518 revocatusa
1088 2459 1381 2528 Romanis,
1400 2474 1528 2515 cum
1546 2457 1766 2527 ingenti

96 2552 303 2623 gloria
337 2553 575 2607 Romam
608 2553 790 2623 venit,
825 2556 884 2607 et
917 2550 1007 2605 140
1045 2565 1194 2607 anno
1229 2553 1534 2620 postquam
1562 2547 1769 2602 [Ianni-

97 2643 199 2699 bal
231 2642 290 2697 in
327 2641 555 2697 Italiam
588 2646 847 2711 venerat,
892 2641 989 2710 qui
1037 2644 1128 2695 est
1176 2643 1292 2693 1563
1332 2637 1762 2709 Phylopatoris,

97 2746 239 2789 cum
275 2731 498 2786 Licinio
533 2732 740 2787 Crasso
768 2729 974 2786 consul
1017 2731 1254 2784 creatus
1300 2730 1355 2782 et
1408 2726 1464 2781 in
1514 2725 1766 2780 Africam

96 2822 327 2878 missus
357 2823 469 2877 est.
504 2820 699 2891 Scipio
731 2819 979 2875 Africam
1014 2831 1311 2886 agressus,
1357 2814 1597 2869 hiberna
1644 2815 1768 2869 Pce-

98 2925 323 2968 norum
382 2915 442 2965 et
490 2908 737 2980 mapalia
784 2907 1177 2975 Numidarum,
1233 2919 1360 2976 quae
1407 2904 1544 2959 haut
1597 2903 1765 2972 longe

101 2995 367 3057 aberant
391 2999 464 3054 ab
489 2998 676 3067 Utica,
711 3002 881 3053 nocte
914 2995 1317 3052 fecitincendi.
1346 2994 1501 3049 Poeni
1528 2991 1761 3063 trepidi,

98 3103 245 3146 cum
294 3102 437 3144 casu
487 3086 771 3143 accidisse
813 3086 998 3156 ignem
1049 3087 1345 3156 putarent,
1398 3082 1648 3137 inermes
1694 3080 1763 3137 ad

96 3178 577 3249 extinguendum
610 3181 995 3234 cucurrerunt
1023 3195 1037 3243 ;
1063 3191 1172 3246 qua
1202 3176 1271 3231 de
1298 3190 1357 3229 re
1383 3173 1550 3229 facile
1574 3173 1645 3228 ab
1677 3188 1765 3228 ar-

93 3270 288 3327 matis
317 3267 586 3339 obpressi
621 3272 774 3323 sunt.
814 3269 870 3321 in
923 3265 1185 3335 utrisque
1236 3264 1464 3328 castris
1497 3265 1562 3317 40
1608 3261 1761 3317 milia

90 3350 404 3416 hominum
438 3357 555 3426 igni
589 3358 859 3427 ferroque
908 3359 1249 3425 consumpta
1301 3357 1455 3423 sunt,
1509 3351 1763 3422 quinque

88 3447 265 3505 milia
300 3452 495 3519 capta,
534 3446 715 3501 duces
745 3446 853 3517 ipsi
877 3444 1290 3500 miserabiliter
1322 3442 1575 3499 ambusti
1609 3456 1762 3512 aegre

88 3537 508 3607 diffugerunt;
544 3534 855 3591 Ilastrubal
888 3534 1005 3590 dux
1056 3534 1427 3603 Kartaginem
1478 3532 1760 3603 profugus

86 3626 288 3683 venit.
316 3626 446 3681 Mox
469 3625 698 3695 Syphax
727 3628 781 3679 et
806 3623 1121 3679 Hastrubal
1146 3623 1457 3693 plurimum
1490 3636 1759 3692 reparan-

89 3721 189 3773 tes
262 3714 611 3784 exercitum,
678 3713 887 3769 iterum
954 3728 1082 3769 cum
1143 3710 1410 3782 Scipione
1457 3709 1759 3779 congressi

84 3808 262 3873 sunt,
290 3804 549 3874 victique
572 3805 864 3873 fugerunt.
893 3802 1209 3874 Syphacem
1231 3800 1543 3869 fugientem
1570 3798 1760 3855 Lelius

86 3883 153 3951 et
178 3893 494 3949 Masinissa
513 3898 817 3964 ceperunt,
845 3897 1042 3947 cetera
1066 3889 1379 3946 multitudo
1394 3889 1609 3945 Cirtam
1625 3903 1759 3945 con-

90 3984 279 4053 fugit,
314 3998 484 4053 quam
517 3981 815 4038 Masinissa
863 3981 1255 4052 obpugnatam
1304 3978 1359 4033 in
1401 3978 1754 4033 deditionem

86 4072 341 4143 accepit
370 4089 385 4139 ;
410 4071 726 4143 Syphacem
758 4069 828 4126 ad
859 4069 1184 4140 Scipionem
1230 4066 1452 4124 catenis
1498 4067 1755 4123 vinctum

88 4160 377 4231 adduxit,
416 4174 584 4230 quem
613 4159 803 4231 Scipio
831 4174 960 4215 cum
1000 4156 1335 4227 ingentibus
1382 4155 1586 4228 spoliis
1635 4154 1757 4228 plu-

88 4250 396 4320 rimisque
427 4249 677 4320 captivis
706 4247 1141 4319 perducendum
1173 4248 1407 4303 Romam
1440 4245 1597 4302 Lelio
1642 4251 1758 4302 tra-

85 4338 274 4396 didit.
316 4338 423 4404 Qui
457 4354 587 4395 cum
623 4338 677 4393 in
700 4337 965 4394 custodia
981 4337 1220 4407 Tyburti
1246 4336 1578 4406 defecisset,
1606 4351 1758 4393 sum-

84 4435 206 4500 ptu
242 4426 484 4499 publico
510 4427 685 4497 jussit
720 4434 962 4483 senatus
985 4441 1112 4482 eum
1136 4424 1455 4481 honorifice
1495 4424 1752 4497 sepeliri.

1797 3129 1847 3193 C

1891 512 1947 562 ct
1982 508 2102 580 ipse
2137 526 2333 582 pacem
2374 519 2430 569 et
2482 513 2838 585 colloquium
2891 518 3197 588 Seipionis.
3247 508 3536 583 Ubiicum

1892 612 1954 652 se
1985 600 2217 655 attoniti
2260 602 2356 659 diu
2404 604 2809 660 ammiratione
2851 612 3050 662 mutua
3082 607 3189 663 deo
3222 609 3536 669 clarissimi

1892 683 2069 741 duces
2099 691 2562 763 conSpexissent,
2590 692 2804 749 infecto
2838 695 2998 765 pacis
3030 697 3267 765 negotio
3309 699 3533 758 disces-

1890 780 2113 831 serunt.
2142 778 2421 835 Hannibal
2444 786 2566 837 tres
2587 783 2994 853 exploratores
3013 785 3083 840 ad
3106 792 3296 842 castra
3316 788 3534 860 Scipio-

1890 862 1979 916 nis
2012 864 2189 934 misit,
2224 882 2370 936 quos
2399 872 2602 939 captos
2636 870 2826 941 Scipio
2854 871 3211 929 circumduci
3256 891 3360 946 per
3409 893 3535 935 cas-

1889 953 2013 1006 tras
2038 952 2213 1021 jussit
2244 956 2445 1026 eisque
2468 958 2726 1013 ostendit
2757 963 2947 1015 totum
2982 963 3327 1033 eicrcitum,
3357 965 3534 1021 nichil

1890 1039 1960 1093 de
1987 1040 2257 1098 hostibus
2289 1051 2721 1115 percunctatus,
2759 1048 3064 1116 prandium
3099 1064 3327 1121 quoque
3355 1052 3535 1121 jussit

1889 1127 1972 1181 eis
2004 1127 2150 1198 dari,
2186 1131 2551 1203 refcctosque
2602 1134 2764 1188 abire
2816 1136 3102 1204 permisit.
3130 1138 3345 1193 Deinde
3389 1156 3535 1212 pra)-

1888 1214 2026 1271 lium
2051 1217 2122 1271 ab
2164 1221 2411 1290 utroque
2458 1220 2605 1277 duce
2650 1223 3021 1279 commissum
3071 1229 3180 1295 est,
3234 1228 3385 1296 quod
3434 1229 3532 1284 diu

1889 1305 2111 1373 magnis
2141 1306 2350 1363 ducum
2383 1308 2612 1365 artibus
2645 1309 3016 1382 dispositum,
3067 1314 3290 1381 magnis
3341 1315 3533 1386 copia-

1887 1408 2013 1448 rum
2044 1394 2294 1451 molibus
2323 1402 2553 1465 gestum
2583 1403 2694 1468 est,
2722 1399 2891 1469 quale
2940 1400 3037 1456 vix
3086 1402 3207 1456 ulla
3257 1405 3531 1461 memoria

1888 1482 2016 1552 fuit,
2055 1483 2267 1556 quippe
2299 1501 2428 1541 cum
2476 1487 2816 1557 peritissimi
2860 1489 2969 1544 viri
3014 1490 3215 1561 copias
3267 1506 3405 1548 suas
3461 1493 3533 1548 ad

1890 1570 2105 1627 bellum
2126 1574 2466 1629 educerent.
2496 1576 2687 1646 Scipio
2714 1580 2903 1632 tamen
2928 1578 3121 1634 victor
3143 1580 3362 1652 extitit,
3384 1595 3531 1652 pene

1886 1665 2058 1731 capto
2090 1662 2425 1718 Hannibale.
2465 1664 2771 1734 Octoginta
2805 1666 3097 1738 elephanti
3129 1668 3205 1723 ibi
3234 1674 3330 1725 aut
3373 1672 3531 1741 capti

1887 1754 1987 1804 aut
2029 1751 2206 1806 occisi
2259 1757 2413 1808 sunt.
2468 1755 2975 1823 Kartaginensium
3029 1756 3277 1813 militum
3327 1759 3531 1828 viginti

1888 1838 2041 1893 milia
2075 1841 2374 1910 quingenti
2408 1843 2703 1898 interfecti
2738 1849 2892 1900 sunt.
2930 1846 3209 1902 Ilannibal
3249 1849 3440 1903 omnia
3470 1852 3527 1903 et

1886 1931 2018 1982 ante
2050 1929 2252 1998 prielio
2283 1936 2342 1984 et
2385 1930 2440 1985 in
2486 1931 2687 2002 przelio
2747 1938 3043 2003 expertus,
3104 1935 3352 2005 primum
3400 1952 3530 1993 cum

1885 2016 2084 2071 multis
2115 2017 2434 2088 equitibus,
2470 2019 2677 2075 deinde
2709 2036 2836 2077 cum
2863 2022 3087 2093 viginti,
3116 2029 3410 2093 postremo
3434 2025 3532 2080 vix

1882 2118 2011 2159 cum
2045 2110 2294 2181 quatuor
2324 2107 2475 2162 inter
2504 2109 2819 2165 tumultum
2867 2110 3121 2181 elapsus,
3150 2113 3530 2169 Adrumetum

1883 2194 2162 2264 confugit,
2198 2200 2403 2265 postea
2438 2198 2828 2268 Kartaginem,
2862 2206 2991 2270 post
3022 2205 3090 2255 36
3121 2215 3301 2256 annos
3324 2216 3393 2257 ex
3418 2217 3530 2272 quo

1882 2280 2014 2337 inde
2049 2298 2263 2353 parvus
2287 2300 2417 2340 cum
2457 2290 2619 2355 patre
2668 2288 2913 2358 exierat,
2969 2289 3148 2361 venit,
3197 2291 3531 2347 consultan-

1880 2370 2040 2441 tique
2072 2374 2299 2428 senatui
2334 2376 2664 2446 Poenornm,
2702 2376 2915 2433 nullam
2951 2393 3113 2449 spem
3143 2393 3273 2436 esse
3315 2381 3421 2436 nisi
3473 2380 3530 2436 in

1882 2459 2129 2529 petenda
2161 2476 2302 2532 pace
2336 2464 2633 2532 persuasit
2661 2462 2747 2518 ³⁸⁸.
2785 2466 2923 2521 Gaio
2956 2467 3223 2523 Cornelio
3262 2467 3526 2539 Lentulo,

1879 2549 2181 2625 Publium
2217 2552 2558 2607 consulibus
2585 2570 2598 2619 ;
2622 2568 2732 2623 pax
2758 2569 2860 2624 per
2883 2556 3211 2626 Scipionem
3225 2558 3528 2614 voluntate

1881 2639 2122 2692 senatus
2173 2638 2488 2709 populique
2541 2641 3059 2709 Kartaginensibus
3110 2660 3391 2700 concessa
3437 2650 3524 2703 est

1879 2738 2056 2780 naves
2081 2731 2268 2779 tamen
2297 2727 2428 2796 plus
2450 2742 2618 2796 quam
2645 2730 2976 2797 quingenta}
3003 2732 3055 2785 in
3090 2731 3270 2787 altum
3314 2733 3528 2804 produ-

1880 2816 2012 2882 ctae,
2048 2813 2101 2867 in
2135 2820 2453 2884 conspectu
2484 2815 2741 2871 civitatis
2772 2818 3092 2875 submersa:
3125 2826 3280 2875 sunt.
3335 2820 3525 2891 Scipio

1880 2900 1996 2970 jam
2032 2906 2170 2957 tunc
2203 2909 2590 2973 cognomento
2620 2906 2949 2977 Africanus,
2987 2923 3118 2964 cum
3151 2908 3305 2964 omni
3334 2909 3522 2979 gloria

1879 2992 2268 3063 triumphans,
2304 2993 2511 3049 Urbem
2554 2994 2851 3064 ingressus
2894 3001 3002 3051 est.
3058 2998 3239 3063 Quem
3285 3000 3524 3056 Terren-

1878 3083 2013 3151 tius,
2051 3084 2146 3151 qui
2186 3086 2383 3153 postea
2417 3089 2543 3139 erat
2571 3087 2851 3155 comicus,
2885 3100 2956 3141 ex
2990 3086 3288 3144 nobilibus
3323 3090 3522 3145 Karta-

1873 3171 2202 3240 ginensium
2268 3172 2535 3243 captivus
2593 3174 3045 3246 triumphantem
3097 3182 3230 3248 post
3284 3193 3519 3236 currum

1874 3267 2109 3316 secutus
2132 3266 2219 3316 est
2245 3262 2523 3333 pilleatus
2542 3264 2697 3335 quod
2719 3264 2960 3321 indulta}
2984 3268 3096 3323 sibi
3117 3266 3384 3324 liberatis
3409 3270 3514 3325 fuit

1873 3348 2120 3418 insigne.
2830 3345 2851 3363 ’

1945 3441 2106 3495 Anno
2139 3440 2319 3509 igitur
2342 3440 2412 3496 ab
2435 3442 2588 3498 Urbe
2611 3443 2846 3500 condita
2873 3447 3339 3515 quingentesimo
3359 3463 3522 3519 qum-

1875 3530 2210 3598 quagesimo
2239 3532 2516 3600 secundo,
2577 3533 2674 3601 qui
2721 3537 2809 3588 est
2857 3536 3149 3591 secundus
3197 3537 3519 3594 Ptholemei

1871 3618 2204 3689 Epyphanis
2235 3618 2452 3676 bellum
2485 3622 2763 3677 Punicum
2794 3626 3111 3680 secundum
3147 3626 3369 3682 ﬁnitum
3403 3633 3517 3699 est,

1872 3710 2003 3777 post
2038 3722 2246 3763 annum
2283 3714 2347 3764 19
2381 3725 2551 3780 quam
2579 3711 2777 3781 coepit.
2804 3712 2995 3767 Jactet
3046 3728 3106 3769 sc
3155 3713 3291 3769 licet
3342 3717 3519 3771 Roma

1869 3795 2138 3852 victoriis
2168 3798 2547 3854 Hannibalem
2571 3799 2883 3872 devicisse,
2934 3806 3127 3857 tamen
3177 3806 3234 3858 in
3285 3806 3521 3876 Campa-

1870 3885 1962 3941 nia
1981 3884 2231 3943 luxuriis
2254 3894 2705 3945 commorantem
2723 3891 3024 3961 provincia
3051 3892 3327 3949 deliciosa
3351 3910 3520 3966 supe-

1870 3975 2023 4031 ravit
2049 3975 2205 4041 ;dum
2239 3982 2405 4048 aquis
2434 3978 2681 4049 innatat,
2717 3979 2852 4035 dum
2896 3981 3159 4051 piscibus
3207 3986 3381 4053 atque
3431 3999 3519 4041 os-

1867 4064 2018 4120 treis
2086 4065 2299 4136 passim
2354 4065 2680 4139 iufercitur,
2739 4067 2873 4124 dum
2927 4069 3066 4140 olet,
3139 4074 3323 4142 potat,
3385 4071 3519 4127 dor-

1870 4155 1993 4225 mit,
2042 4168 2322 4225 aquarum
2374 4157 2659 4215 resolutio
2705 4157 2955 4214 mollivit
3000 4159 3275 4215 Punicam
3322 4159 3519 4217 ferita-

1870 4248 2006 4314 tem,
2075 4248 2153 4315 et,
2218 4260 2387 4315 quem
2452 4245 2561 4302 alia
2634 4249 3010 4318 duraverant,
3068 4264 3199 4305 eum
3260 4249 3516 4321 Seplasia

1871 4332 2108 4403 Opidum
2143 4335 2469 4407 Campaniae
2504 4338 2780 4407 ungentis
2829 4337 3092 4395 odoratis
3139 4337 3515 4397 labefactavit

1869 4425 1929 4476 et
1957 4421 2117 4478 vicut.
2676 4434 2683 4441 ’
2900 4444 2910 4455 ’

92 4491 330 4585 Qua-rc
363 4491 585 4586 audita,
612 4516 797 4573 omnis
828 4516 949 4571 fere
983 4515 1145 4571 Italia
1179 4491 1758 4570 lIanuibalem-dere-
1786 4491 1841 4552 D
1872 4509 2033 4568 Alex.
2070 4512 2283 4570 Maced.
2321 4514 2498 4587 Syriae

84 4605 294 4677 liquit.
330 4607 461 4678 Ipse
493 4610 688 4661 autem
721 4604 1004 4660 Hannibal
1032 4618 1063 4660 a
1113 4603 1625 4674 Kartaginensibus
1672 4618 1760 4659 re-

88 4695 227 4750 dire
291 4695 520 4766 jussus,
559 4700 620 4751 ut
685 4693 1019 4752 subveniret
1071 4694 1296 4766 patria),
1350 4707 1519 4764 quam
1566 4692 1757 4764 Scipio

85 4784 372 4841 vastabat
399 4784 547 4840 llens
581 4782 796 4840 dicitur
827 4781 1048 4840 Italiam
1089 4782 1418 4854 reliquisse.
1476 4785 1561 4838 Ita
1610 4796 1757 4838 anno

84 4875 210 4945 17°,
250 4873 348 4946 qui
385 4878 481 4930 est
515 4874 738 4945 primus
767 4873 1089 4929 Ptholomci
1123 4872 1470 4944 Epyphanis,
1506 4871 1756 4927 liberata

79 4969 193 5020 est
225 4963 394 5019 Italia
426 4964 502 5019 ab
535 4962 872 5020 Hannibale.
906 4960 1101 5034 Legati
1138 4967 1330 5018 autem
1384 4962 1758 5032 Kartagincn-

85 5053 254 5109 sium
291 5068 495 5124 pacem
526 5067 556 5107 a
592 5052 855 5123 Scipione
886 5059 1178 5124 petentes,
1208 5052 1278 5108 ad
1304 5056 1565 5109 senatum
1594 5052 1755 5108 missi

84 5148 261 5214 sunt,
299 5145 358 5198 et
392 5157 469 5199 ex
499 5142 744 5199 arbitrio
777 5143 1063 5215 Scipionis
1110 5157 1310 5213 pacem
1360 5148 1753 5213 acceperunt;

1988 4607 2011 4657 1
2455 4608 2487 4660 4
2597 4605 2808 4679 (Ηιεῐι.)
2838 4605 3213 4664 Ptholemcus
3234 4608 3517 4681 Pliylopa-

1871 4695 1962 4747 tor
1993 4692 2255 4763 regnavit
2286 4692 2652 4752 Alexandriae
2681 4696 2846 4753 annis
2874 4695 2943 4729 ³⁸⁸
2976 4702 3058 4754 17.

2455 4789 2467 4815 ι

2455 4789 2467 4815 ι

1992 4785 2025 4906 ἓ
2199 4858 2246 4908 -1
2444 4788 2483 4909 ὃς
2551 4854 2858 4927 Philippus
2880 4858 3145 4926 regnavit
3166 4858 3513 4918 Macedonia)

1868 4942 2033 4997 annis
2064 4944 2150 4998 42.
2186 4943 2286 4998 Hic
2318 4958 2448 5000 cum
2482 4944 2769 5000 rebellare
2804 4952 3058 5018 pararet,
3113 4949 3360 5019 primum
3410 4964 3513 5022 per

1867 5029 2138 5087 Levinum
2170 5032 2492 5102 consulem,
2524 5032 2735 5090 deinde
2764 5048 2870 5105 per
2886 5036 3073 5092 Titum
3097 5035 3394 5102 Quintium
3420 5053 3514 5095 su-

1866 5125 2109 5192 peratus
2140 5125 2247 5178 est.

3424 302 3543 370 618
3626 366 3633 377 ,

79 5232 197 5288 sed
233 5232 508 5287 veniente
528 5231 845 5288 Ilannibale
866 5233 1748 5306 Kartagiuem,paxturbataest,
2089 5299 2102 5306 _
2189 5215 2253 5266 15
2358 5302 2399 5306 _
2436 5216 2534 5306 90_
2785 5301 2828 5306 __
2977 5303 3005 5306 _
3048 5301 3061 5306 _
3089 5300 3103 5306 _
3248 5305 3255 5306 ί
3532 5290 3535 5295 .

78 5319 401 5394 multaque
423 5320 666 5379 hostilia
690 5321 761 5378 ab
783 5321 937 5380 Afris
960 5298 1110 5379 facta
1131 5298 1288 5380 sunt.
1312 5324 1452 5380 Post
1474 5324 1617 5381 hazcl

1973 5298 2313 5358 ’tholomeus
2357 5302 2723 5376 Epyphanes,
2776 5301 2934 5360 ﬁlius
2976 5300 3263 5362 Pthlomei
3304 5306 3512 5379 Phylo-

1472 5480 1709 5540 VARLE
1746 5481 2042 5542 LECTION
2045 5482 2147 5541 ES.

76 5600 171 5639 ³⁸⁸
203 5601 392 5678 copias
423 5614 652 5674 magna;
683 5617 733 5660 a.
759 5618 807 5661 a.
843 5607 891 5663 δ.
928 5603 997 5640 ⁸⁸⁸
1028 5604 1324 5678 persuasit
1350 5618 1495 5679 pace
1522 5610 1573 5664 δ.
1605 5605 1675 5643 ²⁶τ
1704 5596 1949 5668 Ρ.ἰΕιίο
1978 5609 2124 5667 Peto
2157 5604 2342 5665 HR“
2374 5605 2538 5666 deest
2561 5611 2595 5665 9
2624 5620 2676 5665 c.
2747 5644 2752 5649 ρ

422 5701 691 5764 ΡΑτιιοι.
724 5702 929 5769 CLIV.
3196 5708 3276 5769 20
