3898 6308
404 340 523 404 619

1558 327 2044 394 EKKEHARDI
2085 323 2644 392 URAUIHENSIS

3682 325 3781 388 620

408 473 652 547 patoris,
685 469 948 543 regnavit
971 466 1336 526 Alexandriae
1366 464 1534 524 annis
1561 467 1632 522 24
1654 461 1745 536 ²⁸⁹,
1767 477 1796 520 a
1825 465 2048 519 restau-
2080 463 2132 524 A
2163 458 2454 532 Iosephus
2485 457 2850 530 adolescens,
2883 456 3117 547 sororis
3165 457 3292 531 ejus
3331 455 3490 517 illius
3527 457 3600 516 de
3639 465 3780 533 patre

410 568 635 620 ratione
668 560 868 632 templi
893 573 1040 614 anno
1064 555 1475 613 trecentesimo
1499 558 1582 610 19.
1610 552 1794 622 (Ηιειι.
1817 552 1885 608 in
1898 552 2054 608 Dan-

411 653 450 706 I.
486 653 556 721 I.)
592 649 772 720 IIujus
805 653 970 720 patre
993 645 1384 718 Phylopatore
1407 643 1700 711 defuncto,
1728 639 2052 696 Antiochus

411 743 666 809 Magnus,
693 743 865 808 rupto
887 737 1103 792 foedere
1126 740 1181 789 et
1216 738 1386 805 pacto
1411 731 1706 804 quodcum
1723 733 1888 801 patre
1912 729 2058 783 fece-

413 832 523 898 rat,
558 827 877 882 exercitum
905 826 976 881 de
1008 822 1410 894 superioribus
1434 819 1762 891 Babyloniae
1788 815 2058 888 partibus

411 916 791 986 congregavit
825 915 1090 984 factaque
1121 925 1265 983 pace
1309 925 1442 966 cum
1483 908 1752 979 Philippo
1799 902 2060 961 Macedo-

413 1019 546 1060 num
576 1017 734 1072 rege,
772 1005 976 1059 contra
1031 999 1181 1056 hunc
1231 999 1623 1070 Epyphanem,
1649 995 1746 1066 qui
1769 998 1907 1050 tunc
1930 1003 2062 1062 qua-

413 1098 549 1148 tuor
581 1096 710 1146 erat
741 1087 1370 1156 annorum,exercitum
1404 1085 1579 1140 movit
1609 1082 1697 1137 ²⁷⁰.
1748 1078 2061 1150 Pugnanti-

414 1181 524 1236 bns
555 1185 748 1235 autem
782 1179 934 1234 inter
961 1193 1022 1234 se
1055 1177 1341 1233 Antiocho
1372 1178 1427 1230 et
1457 1173 1706 1230 ducibus
1734 1167 2057 1226 Ptholomei

413 1269 602 1339 pueri,
635 1267 832 1324 Iudaea
877 1267 932 1322 in
965 1266 1154 1322 medio
1193 1264 1378 1337 posita
1410 1262 1706 1332 multaque
1730 1257 1876 1314 mala
1933 1270 2061 1328 per-

415 1371 606 1428 pessa,
643 1357 695 1411 in
722 1355 1017 1411 contraria
1051 1369 1153 1410 sua
1185 1353 1582 1418 scindebatur,
1636 1348 1788 1404 sicut
1840 1350 1900 1402 et
1949 1344 2059 1400 sub

414 1444 756 1501 Ptholomeo
795 1443 1203 1515 Phylopatorc,
1230 1445 1396 1512 patre
1420 1439 1569 1510 ejus,
1593 1436 1725 1493 aliis
1748 1434 2056 1504 Antiocho,

416 1533 548 1588 aliis
579 1532 914 1588 Ptholomeo
940 1529 1554 1598 faventibus.Cumque
1576 1523 2062 1580 Antiochustenc-

417 1626 506 1676 ret
525 1620 804 1689 Iudaeam,
833 1619 1046 1675 missus
1070 1619 1284 1690 Scapas
1310 1617 1426 1672 dux
1452 1615 1705 1687 partium
1729 1611 2059 1684 Epyphanis

418 1709 766 1778 Ptholomei,
803 1707 1084 1766 adversus
1117 1706 1461 1762 Antiochum
1488 1702 1718 1759 fortiter
1738 1698 2057 1766 dimicavit,

2163 547 2336 604 Tobia
2385 547 2572 619 '7’,vir
2616 546 3027 618 sagacissimus
3074 551 3136 604 et
3182 547 3333 605 inter
3383 562 3529 606 suos
3575 549 3777 619 nobilis,

2166 636 2486 708 increpavit
2517 637 2866 694 avunculum
2899 637 3118 693 Oniam.
3154 635 3278 704 Quo
3307 653 3420 694 non
3469 639 3777 696 attendente

2165 741 2272 782 nec
2303 726 2373 782 ad
2413 741 2602 795 regem
2635 726 2718 782 ire
2747 725 2999 796 volente,
3033 726 3188 783 ultro
3215 740 3280 784 se
3307 725 3567 797 legatum
3605 727 3673 783 ad
3711 743 3781 785 re-

2164 827 2293 882 gem
2323 813 2542 885 cbtulit
2574 830 2677 886 pro
2699 815 3056 872 necessitate
3078 813 3297 887 populi,
3323 814 3373 870 si
3397 829 3506 886 per
3525 829 3650 872 eum
3671 815 3778 872 lice-

2168 905 2256 956 ret
2290 899 2421 957 sibi.
2456 901 2562 958 Illo
2592 906 2785 959 autem
2833 903 3189 960 consedente
3219 905 3276 959 et
3321 901 3546 976 populo
3591 903 3779 975 gratias

2169 994 2398 1060 agente,
2433 991 2691 1063 suscepit
2721 991 2974 1062 legatum
3009 991 3163 1063 regis
3195 993 3252 1048 in
3283 991 3521 1049 domum
3553 1007 3716 1065 suam,
3733 999 3781 1051 et

2171 1092 2272 1149 per
2296 1078 2512 1135 multos
2526 1079 2650 1136 dies
2665 1080 2966 1150 magnifice
2984 1085 3269 1152 tractans,
3287 1081 3626 1138 muneribus
3636 1082 3782 1138 hono-

2169 1169 2360 1223 ratum
2391 1167 2614 1224 remisit
2644 1167 2713 1223 ad
2745 1183 2960 1240 regem,
2997 1169 3198 1226 dicens
3230 1183 3293 1226 se
3329 1169 3609 1226 continuo
3647 1184 3783 1228 secu-

2171 1257 2385 1310 turum.
2421 1255 2670 1312 Athenio
2701 1262 2894 1314 autem
2929 1257 3161 1314 rediens
3191 1257 3264 1315 ad
3309 1273 3534 1330 regem,
3581 1274 3698 1316 cum
3737 1260 3780 1316 ei

2169 1343 2359 1399 omnia
2393 1344 2700 1414 indicaret,
2737 1346 3136 1403 advenientem
3170 1350 3370 1420 postea
3399 1347 3676 1420 Iosephus
3700 1363 3782 1406 rex

2170 1436 2230 1487 et
2260 1433 2457 1502 regina
2493 1432 2800 1505 Cleopatra
2831 1435 3077 1506 benigne
3109 1441 3523 1508 susceperunt,
3574 1436 3782 1494 invenit-

2171 1534 2284 1590 que
2317 1524 2534 1577 tantam
2563 1523 2810 1592 gratiam
2842 1538 3039 1580 coram
3071 1539 3226 1596 rege,
3261 1529 3326 1582 ut
3362 1539 3477 1582 non
3507 1524 3680 1584 solum
3705 1541 3782 1598 po-

2175 1607 2371 1680 pulum
2403 1607 2703 1680 liberaret,
2739 1611 2841 1668 sed
2873 1612 3047 1668 etiam
3075 1611 3188 1670 dux
3207 1613 3428 1670 Iudaeae
3451 1619 3623 1685 atque
3637 1614 3781 1670 humi-

2173 1696 2246 1752 lis
2279 1697 2458 1770 Syriae
2489 1704 2549 1754 et
2581 1698 2954 1758 finitimarum
2989 1702 3290 1771 regionum
3314 1703 3390 1759 ab
3411 1717 3482 1758 eo
3503 1703 3782 1760 constitue-

417 1797 691 1868 cepitque
721 1796 977 1852 Iudaeam
1011 1796 1152 1866 (Ios.
1186 1811 1283 1866 xu,
1317 1795 1365 1865 3)
1393 1811 1408 1858 ;
1439 1793 1540 1850 sed
1591 1796 1720 1863 post
1771 1788 2059 1845 modicum
2092 1821 2144 1880 B
2175 1791 2360 1842 retur.
2385 1787 2450 1880 _Is
2480 1787 2757 1880 igitur
2784 1789 2950 1846 annis
2994 1789 3217 1880 tributa
3245 1790 3451 1880 Syriae
3507 1796 3562 1848 et
3594 1791 3780 1849 Fenicis

417 1891 651 1956 tempus
692 1884 1010 1940 Antiochus
1055 1885 1294 1954 Scopam
1343 1883 1503 1951 vicit,
1557 1878 1876 1948 confligens
1929 1889 2060 1932 cum

415 1972 674 2042 eojuxta
709 1973 924 2028 fontem
953 1971 1244 2042 Iordanis,
1296 1970 1630 2039 multosque
1681 1968 1752 2023 de
1797 1963 2062 2021 exercitu

418 2060 545 2130 ejus
575 2065 973 2131 prosternens.
1007 2061 1230 2133 jPostea
1279 2074 1420 2115 vero
1471 2056 1754 2114 Antiocho
1795 2052 2064 2124 capiente

419 2149 732 2204 Samariam
763 2154 824 2204 et
855 2149 1131 2204 civitates
1165 2149 1342 2220 Syriae
1361 2163 1508 2219 quos
1532 2149 1748 2216 Scopas
1775 2148 2063 2212 tenuerat,

416 2251 562 2305 gens
582 2236 915 2292 Iudaeorum
941 2241 1148 2308 sponte
1170 2238 1239 2292 ad
1261 2252 1392 2293 eum
1414 2239 1682 2309 veniens,
1699 2253 1923 2295 omnem
1943 2237 2068 2308 ejus

419 2314 742 2381 exercitum
776 2324 831 2379 in
864 2325 1162 2382 civitatem
1205 2326 1488 2398 suscepit,
1535 2333 1596 2384 et
1646 2342 1825 2400 prono
1875 2327 2066 2382 animo

421 2410 702 2467 auxilium
735 2411 992 2483 prebuit.
1027 2413 1188 2468 Unde
1221 2418 1282 2468 ct
1311 2413 1433 2485 ipse
1465 2415 1646 2472 multa
1669 2415 1758 2473 eis
1790 2413 2066 2472 beneficia

423 2499 692 2562 contulit.
729 2514 854 2570 quae
875 2501 1166 2572 Iosephus
1197 2501 1498 2560 describit.

496 2586 704 2643 Volens
735 2594 930 2643 autem
962 2590 1283 2646 Antiochus
1306 2606 1416 2648 non
1442 2592 1625 2650 solum
1652 2593 1870 2664 Syriam
1895 2596 1954 2648 et
1983 2591 2070 2647 Ci-

426 2674 617 2732 liciam
671 2683 729 2731 et
773 2676 981 2733 Liciam
1039 2683 1095 2732 et
1155 2679 1301 2736 alias
1350 2681 1680 2751 provincias
1730 2696 1856 2752 quae
1901 2685 2070 2737 erant

426 2765 680 2837 partium
703 2765 1028 2822 Ptholomei
1057 2767 1361 2838 possidere
1395 2769 1495 2825 sed
1520 2769 1578 2826 in
1602 2771 1905 2842 Egyptum
1930 2784 2072 2840 quo-

429 2869 538 2924 que
574 2868 812 2924 regnum
845 2868 1012 2911 suum
1041 2856 1376 2928 extendere,
1414 2859 1561 2914 facta
1586 2873 1726 2930 pace
1747 2874 1878 2915 cum
1898 2858 2074 2914 Ptho-

427 2941 616 3000 lomeo
669 2959 772 3015 per
819 2944 1052 3000 Evolcm
1101 2945 1408 3017 Rhodium,
1475 2947 1842 3019 Cleopatram
1897 2946 2070 3003 filiam

429 3047 591 3089 suam
623 3033 872 3104 septimo
901 3048 1051 3090 anno
1088 3033 1476 3092 adolescentis
1533 3035 1840 3107 despondit
1889 3035 1966 3094 ei.
2015 3039 2072 3090 ct

430 3128 523 3179 13°
557 3137 706 3179 anno
736 3121 998 3194 tradidit,
1034 3123 1167 3180 data
1199 3124 1249 3180 ei
1283 3125 1439 3182 dotis
1461 3125 1692 3182 nomine
1730 3126 1883 3183 omni
1917 3125 2076 3184 Cele-

428 3211 581 3284 syria
612 3218 671 3267 et
698 3211 915 3268 Iudaea.
961 3213 1074 3268 Nec
1115 3217 1304 3270 tamen
1357 3219 1626 3290 optineie
1675 3217 1866 3290 potuit
1913 3217 2078 3286 Egy-

427 3305 612 3372 ptum,
649 3299 781 3370 quia
823 3300 1199 3358 Ptholomeus
1247 3304 1588 3376 Epyphanes
1624 3313 1682 3365 et
1723 3307 1905 3363 duces
1952 3305 2080 3376 ejus

428 3388 756 3444 sentientes
771 3386 985 3458 dolum,
1010 3389 1240 3448 cautius
1269 3408 1330 3449 sc
1358 3404 1642 3464 cgercunt
1679 3400 1734 3452 et
1770 3395 2076 3464 Cleopatra

429 3477 616 3546 magis
637 3475 748 3531 viri
778 3489 947 3546 quam
979 3479 1244 3548 parentis
1278 3481 1417 3538 fovit
1461 3490 1681 3556 partes.
1732 3483 1836 3539 IIic
1883 3482 2081 3537 Antio-

432 3567 576 3622 chus
609 3565 845 3636 Magnus
877 3566 1022 3623 duos
1055 3567 1254 3625 habuit
1291 3570 1464 3644 filios,
1503 3575 1714 3630 fratres
1753 3571 2080 3644 Cleopatrae

436 3669 604 3725 quam
621 3654 1163 3728 deditPtholomeo,
1181 3658 1505 3733 Seleucum,
1523 3663 1618 3734 qui
1634 3662 2082 3731 cognominatus

433 3749 520 3798 est
553 3743 762 3798 Sother
793 3743 1009 3814 quique
1039 3747 1301 3815 regnavit
1329 3754 1454 3820 post
1476 3748 2078 3820 eum,etAntiochum,

436 3831 532 3902 qui
564 3830 758 3887 dictus
788 3837 882 3887 est
912 3831 980 3865 ³⁷³
1005 3834 1352 3907 Epyphanes
1410 3843 1470 3894 et
1509 3853 1539 3893 a
1591 3843 1758 3910 patre
1805 3834 2080 3893 Romanis

436 3921 608 3976 datus
637 3925 728 3976 cst
758 3920 928 3977 obses
958 3931 1305 3996 mortuoque
1337 3925 1518 3984 fratre
1542 3926 1806 3998 regnavit
1849 3926 1906 3981 in
1957 3923 2083 3980 loco

435 4009 562 4078 ejus
595 4014 693 4077 ;et
726 4009 821 4066 hic
852 4015 939 4066 est
980 4012 1294 4071 Antiochus
1325 4016 1422 4087 qui
1454 4015 1675 4074 dicitur
1723 4014 1974 4072 illustris
2022 4017 2084 4069 et

438 4098 652 4154 nobilis
685 4099 739 4154 in
773 4098 924 4154 libro
955 4100 1395 4161 Machabeorum
1427 4106 1534 4174 (Cf.
1577 4106 1619 4174 I,
1669 4107 1742 4178 1),
1805 4103 1900 4175 qui
1961 4100 2086 4159 137°

441 4187 604 4257 regni
628 4189 944 4244 Grecorum
979 4204 1127 4246 anno
1157 4207 1399 4262 regnare
1422 4193 1602 4266 cmpit
1641 4193 1939 4264 multaque
1971 4205 2088 4248 ma-

441 4275 495 4331 la
522 4276 740 4332 Iudaeis
777 4275 995 4334 intulit.

517 4365 657 4436 (Ios.
695 4366 732 4422 ι.
766 4366 808 4422 1.
839 4368 860 4438 )
890 4367 968 4423 Eo
1000 4373 1265 4442 tempore
1294 4371 1560 4444 pontifex
1597 4369 1928 4428 Iudazorum
1976 4371 2088 4427 fuit

443 4452 640 4524 Onias,
672 4453 826 4511 filius
852 4455 1119 4527 Symonis
1147 4459 1321 4530 Iusti,
1355 4459 1556 4515 fratris
1588 4458 1867 4516 Eleazari.
1904 4460 1957 4515 Is
1989 4474 2087 4516 au-

2107 3177 2156 3239 C

2175 1878 2351 1944 atque
2379 1875 2650 1932 Samariaa
2679 1877 3058 1949 dispensavit,
3087 1879 3486 1952 populumque
3500 1880 3783 1938 Iudaeorum

2175 1977 2205 2018 a
2229 1969 2574 2036 paupertate
2595 1970 2655 2021 et
2681 1966 2987 2024 debilitate
3003 1967 3074 2024 ad
3097 1967 3468 2026 clarissimas
3482 1984 3664 2027 rerum
3679 1984 3784 2027 cau-

2177 2068 2274 2109 sas
2307 2053 2599 2125 perduxit.
2634 2055 2846 2112 Habuit
2881 2063 3075 2112 autem
3108 2062 3336 2130 septem
3371 2057 3526 2116 ﬁlios
3547 2057 3613 2114 de
3639 2073 3782 2116 uxore

2179 2158 2303 2214 sua,
2338 2148 2398 2200 et
2425 2145 2496 2200 de
2527 2143 2645 2199 filia
2678 2144 2874 2200 fratris
2901 2145 2988 2202 sui
3019 2145 3199 2202 Solini
3222 2161 3403 2204 unum
3433 2147 3652 2205 nomine
3674 2149 3782 2219 Hyr-

2177 2246 2402 2290 canum.
2437 2232 2543 2300 Qui
2576 2248 2706 2290 cum
2736 2233 3020 2290 tredecim
3051 2239 3210 2291 esset
3238 2249 3546 2308 annorum,
3593 2241 3784 2292 natura-

2181 2321 2292 2376 lem
2318 2320 2720 2378 fortitudinem
2743 2326 2802 2378 et
2822 2323 3194 2395 prudentiam
3219 2323 3274 2379 in
3297 2338 3366 2381 se
3383 2323 3779 2394 demonstravit,

2181 2413 2242 2466 ut
2265 2409 2440 2466 etiam
2463 2411 2730 2466 acerbam
2753 2409 3182 2468 aemulationem
3209 2412 3498 2471 fratribus
3518 2411 3780 2470 excitaret.

2178 2499 2467 2570 Iosephus
2498 2513 2636 2556 vero
2667 2499 2911 2570 cupiens
2941 2499 3096 2556 scire
3123 2501 3254 2573 quis
3283 2501 3362 2560 de
3401 2501 3532 2558 filiis
3557 2501 3666 2560 suis
3696 2499 3782 2557 vir—

2181 2594 2308 2646 tute
2339 2589 2544 2645 melior
2571 2589 2876 2660 existeret,
2913 2605 3391 2663 unumquemque
3422 2591 3493 2648 ad
3525 2591 3779 2648 doctorum

2183 2677 2378 2736 studia
2399 2676 2734 2748 destinavit,
2763 2678 2866 2734 sed
2890 2677 3110 2735 desidia
3135 2677 3577 2752 disciplinarum
3601 2676 3778 2736 indocti

2183 2766 2506 2823 redierunt.
2541 2768 2680 2822 Post
2713 2764 2846 2823 illos
2876 2771 3070 2824 autem
3093 2767 3596 2826 adolescentulum
3616 2769 3780 2840 Hyrca-

2183 2871 2318 2915 num
2353 2856 2703 2930 transmisit,
2738 2857 2887 2914 viam
2917 2855 3164 2916 duorum
3197 2857 3432 2918 dierum
3464 2859 3534 2916 ad
3562 2856 3780 2916 solitudi-

2186 2961 2314 3002 nem
2347 2945 2656 3016 seminare,
2690 2945 2837 3004 dans
2863 2947 2915 3004 ei
2947 2948 3204 3019 300juga
3228 2949 3430 3022 boum,
3464 2948 3562 3008 sed
3586 2949 3780 3004 abscon-

2187 3035 2331 3092 dens
2363 3033 2485 3091 lora
2522 3036 2733 3106 quibus
2765 3034 3108 3106 ligarentur.
3145 3039 3411 3110 Cumque
3431 3038 3501 3096 ad
3522 3037 3691 3094 locum
3709 3046 3778 3091 ve-

2187 3123 2340 3180 niret
2373 3128 2434 3181 et
2463 3124 2586 3182 lora
2619 3139 2730 3181 non
2762 3123 3026 3198 haberet,
3061 3111 3451 3184 suadentibus
3479 3123 3776 3189 aratoribus,

2189 3217 2250 3269 ut
2273 3228 2378 3285 pro
2403 3213 2493 3269 his
2513 3211 2827 3270 afferendis
2863 3213 3096 3272 domum
3127 3215 3582 3286 transmitteret,
3603 3210 3688 3270 ille
3708 3223 3780 3266 no-

2191 3301 2316 3358 lens
2346 3306 2577 3374 tempus
2601 3301 2946 3374 deperdere,
2974 3303 3191 3361 occidit
3212 3304 3419 3363 decem
3442 3303 3688 3374 jugorum
3707 3299 3778 3356 bo-

2190 3405 2314 3462 ves,
2346 3395 2405 3447 et
2435 3404 2644 3448 carnes
2677 3391 2909 3462 quidem
2938 3392 3227 3464 operariis
3255 3393 3439 3464 dedit,
3475 3390 3644 3466 pelles
3671 3399 3777 3445 vero

2191 3477 2473 3548 incidens,
2506 3479 2830 3537 retinacula
2867 3479 3005 3537 fecit
3042 3499 3055 3536 :
3097 3480 3302 3553 sicque
3335 3481 3604 3540 seminata
3634 3482 3775 3544 terra,

2193 3567 2264 3624 ad
2289 3571 2512 3639 patrem
2533 3567 2730 3624 rediit.
2758 3569 2874 3624 Pro
2899 3583 3008 3640 qua
3034 3570 3244 3627 mentis
3265 3570 3494 3642 argutia
3515 3572 3664 3642 pater
3680 3577 3776 3620 eum

2196 3655 2442 3726 benigne
2473 3656 2819 3730 suscipiens,
2855 3657 3092 3715 nimium
3125 3657 3357 3730 dilexit,
3392 3656 3542 3732 quod
3576 3654 3622 3714 ei
3661 3649 3776 3725 apud

2196 3743 2415 3800 fratres
2447 3744 2721 3802 invidiam
2755 3746 3083 3803 suscitavit.

2269 3833 2402 3888 Post
2435 3833 2556 3888 hzrc
2586 3833 2922 3890 nunciatum
2954 3839 3042 3892 est
3073 3833 3346 3907 Iosepho,
3383 3834 3552 3893 filium
3589 3825 3776 3888 Ptholo-

2197 3937 2322 3978 meo
2345 3937 2500 3993 regis
2513 3923 2772 3991 genitum
2788 3936 2938 3994 esse,
2954 3937 3270 3996 omnesque
3291 3924 3574 3998 principes
3592 3915 3772 3994 provin-

2197 4009 2416 4067 ciarum
2451 4011 2523 4067 ad
2556 4009 2970 4068 celebrandum
3000 4011 3254 4068 natalem
3287 4011 3451 4085 pueri
3500 4010 3635 4068 diem
3675 4013 3772 4061 cum

2201 4104 2487 4172 apparatu
2519 4099 2765 4157 maximo
2798 4099 3206 4158 Alexandriam
3237 4100 3344 4159 ire.
3401 4102 3638 4170 Cumque
3678 4094 3772 4164 ipse

2199 4187 2284 4244 ire
2317 4187 2479 4244 senio
2504 4187 2934 4260 prohiberetur,
2959 4188 3344 4260 interrogavit
3373 4187 3520 4245 filios
3540 4197 3659 4243 suos
3681 4176 3776 4250 qui!

2199 4289 2401 4332 eorum
2431 4275 2611 4333 vellet
2640 4275 2723 4332 ire
2752 4275 2824 4332 ad
2850 4289 3062 4347 regem.
3088 4279 3402 4349 Majoribus
3426 4269 3774 4334 recusantibus

2199 4369 2256 4420 et
2288 4365 2580 4436 Hycanum
2603 4364 2710 4421 hoc
2734 4365 2923 4422 facere
2949 4380 3123 4438 posse
3157 4365 3505 4436 dicentibus,
3532 4353 3771 4420 consuluit

2201 4454 2412 4526 ipsum.
2449 4453 2556 4522 Qui
2588 4469 2720 4511 cum
2752 4469 2816 4512 se
2844 4453 3207 4527 promisisset
3235 4456 3469 4527 iturum,
3518 4451 3560 4510 si
3597 4451 3772 4506 tantum

442 4543 754 4614 temOnias
775 4544 1056 4616 parvulus
1079 4551 1273 4603 mente
1294 4552 1351 4604 et
1375 4561 1588 4604 avarus
1613 4548 1872 4621 pecuniae
1904 4547 2088 4606 vecti-
2113 4533 2168 4596 D
2200 4542 2459 4600 misisset
2484 4542 2793 4614 epistolam
2817 4543 3016 4600 Arioni
3045 4532 3435 4617 dispensatori
3458 4535 3772 4616 pecuniarum

440 4633 535 4704 gal
559 4631 712 4704 quod
746 4639 947 4706 patres
980 4633 1108 4704 ejus
1137 4650 1242 4706 pro
1264 4634 1478 4708 populo
1501 4635 1739 4707 dabant,
1758 4635 1988 4693 scilicet
2015 4640 2087 4694 20

443 4721 687 4794 talenta,
733 4737 845 4780 non
897 4723 1176 4795 reddidit,
1230 4725 1380 4782 unde
1433 4740 1627 4796 regem
1681 4725 2086 4784 Ptholomeum

442 4811 515 4868 ad
546 4812 690 4868 iram
716 4811 1076 4884 provocavit.
1112 4811 1218 4879 Qui
1269 4813 1508 4872 mittens
1546 4813 1802 4886 legatum
1861 4815 2088 4872 nomine

2199 4647 2346 4706 quas
2380 4631 2501 4704 regi
2532 4631 2806 4704 debedat,
2843 4637 2904 4690 ut
2935 4631 3103 4691 daret
3131 4632 3185 4691 ei
3227 4632 3523 4708 pecuniam
3561 4631 3773 4719 necesse

2201 4722 2367 4794 riam,
2393 4721 2528 4779 data
2550 4720 2803 4794 epistola
2825 4721 3048 4780 dimisit
3067 4737 3218 4781 eum.
3246 4724 3476 4780 Fratres
3495 4717 3768 4778 autemet“s

2199 4811 2537 4869 scribebant
2568 4811 2838 4870 omnibus
2869 4811 3072 4870 amicis
3097 4812 3344 4884 regis,ut
3392 4824 3514 4868 eum
3545 4797 3772 4884 interﬁce

2201 4904 2352 4957 rent.
2385 4899 2654 4967 Quicum
2681 4901 2946 4958 venisset
2985 4899 3056 4935 ³⁷⁸
3099 4881 3516 4968 Alexandriam,
3561 4881 3767 4982 partes“

2203 4987 2403 5045 Arioni
2433 4987 2765 5062 epistolam,
2802 4989 3176 5064 acceptisque
3194 4989 3267 5048 ab
3291 5004 3362 5047 eo
3389 4983 3536 5045 mille
3563 4977 3765 5064 talentis,

2205 5055 2734 5152 latenter-accessit
2751 5055 2823 5136 ad
2855 5055 3280 5152 negotia-tores,
3305 5081 3363 5136 et
3385 5068 3697 5146 comparant
3714 5055 3766 5114 ab

2203 5167 2293 5224 eis
2315 5172 2548 5226 centum
2569 5183 2784 5242 pueros
2805 5169 3059 5227 scientes
3088 5169 3340 5241 litteras,
3372 5155 3766 5242 unumquemfine

2204 5257 2429 5315 talento
2465 5238 2596 5328 uno,
2631 5264 2692 5318 et
2720 5263 2956 5317 centum
3004 5258 3282 5332 virgines,
3325 5238 3568 5328 singulas
3608 5238 3764 5302 eodem

445 4900 827 4958 Athenionem
902 4899 958 4956 in
1007 4900 1388 4974 Hierusalem,
1431 4901 1704 4976 culpabat
1759 4903 1981 4974 Oniam,
2029 4909 2090 4960 et

445 4989 699 5046 minatus
728 4994 823 5046 est
850 4989 1004 5061 quod
1037 4993 1254 5046 terram
1284 4991 1594 5048 metiretur
1651 4990 1722 5047 ad
1767 4991 1995 5064 jugera,
2029 4997 2092 5050 et

447 5077 706 5133 mitteret
731 5079 827 5150 qui
852 5078 1186 5136 habitarent
1210 5077 1266 5136 in
1291 5095 1380 5136 ea.
1407 5080 2094 5138 AudientesIudaaiman-

446 5164 581 5222 data
614 5166 792 5238 regis,
826 5168 1239 5240 turbabantur,
1272 5168 1473 5226 Oniam
1507 5183 1645 5226 vero
1677 5169 1854 5236 nichil
1884 5169 2092 5228 horum

445 5253 992 5330 nectebatpropter
1031 5258 1342 5317 avariciam
1394 5273 1578 5318 suam.
1637 5257 1803 5328 Quod
1851 5259 2096 5318 audiens

1802 5479 2040 5540 VARIE
2080 5479 2481 5542 LECTIONES.

519 5625 592 5665 κ’
617 5625 764 5688 XIIII
793 5630 882 5688 90.
902 5625 974 5666 ’το
1002 5625 1164 5688 misit
1184 5631 1274 5692 90.
1303 5627 1372 5668 ’τι
1402 5629 1562 5694 deest
1589 5633 1643 5692 Β.
1672 5627 1744 5668 ’τί
1772 5630 1972 5692 thobia
2005 5637 2056 5692 δ.
2088 5631 2160 5671 ⁸⁷³
2180 5634 2477 5695 venissent
2509 5639 2560 5694 δ.
