3898 6308
62 412 168 475 621

947 408 1388 474 CHRONICA.
1422 445 1501 457 —
1527 407 2005 475 CHRONICON
2046 408 2594 478 UNIVERSALE.

3348 420 3466 486 622

65 546 272 621 precio.
311 545 641 617 Susceptus
668 546 860 601 autem
893 543 1143 615 benigne
1173 560 1204 602 a
1234 558 1372 615 rege
1394 548 1454 601 et
1477 542 1548 600 ad
1578 556 1714 600 con-
1740 543 1796 604 A
1829 542 2103 615 scalpens
2128 546 2381 604 diversis
2413 536 2780 617 animalibus,
2816 544 3061 621 reliquis
3090 548 3264 610 etiam
3287 554 3468 612 aedifi-

63 637 272 695 vivium
303 636 440 706 ejus
469 634 773 703 invitatus,
821 633 1196 691 discumbens
1239 648 1369 691 cum
1418 632 1715 706 prioribus

64 726 518 798 provinciarum,
576 723 819 780 ultimus
875 723 1129 781 omnium
1184 723 1357 793 sedit,
1423 727 1712 792 tamquam

66 829 205 888 puer
235 814 308 869 ab
329 812 603 869 omnibus
628 812 931 882 despectui
953 812 1208 867 habitus.
1237 811 1492 881 Cumque
1514 824 1715 866 omnes

66 917 186 959 ossa
220 901 494 957 ciborum
528 902 664 955 ante
696 898 857 954 illum
883 899 936 953 in
964 913 1158 955 mensa
1182 899 1560 970 projicerent,
1589 898 1717 969 ipso

66 993 317 1060 tacente,
349 988 606 1059 Triphon
642 986 899 1058 quidam,
938 988 1034 1058 qui
1068 987 1137 1043 ad
1166 987 1537 1044 convivarum
1562 986 1717 1043 risus

65 1081 228 1151 aptus
251 1080 402 1146 erat,
428 1074 775 1145 rogantibus
800 1074 1261 1145 convivis,juxta
1286 1088 1540 1130 mensam
1565 1073 1720 1143 regis

66 1166 362 1236 assistens,
393 1164 478 1219 ait
512 1163 637 1233 regi
664 1182 677 1217 :
724 1163 913 1233 Vides,
943 1163 1198 1234 domine,
1230 1162 1565 1235 autoposita
1586 1174 1722 1218 ossa

64 1256 337 1328 Hyrcano
356 1261 385 1310 γ
410 1254 513 1310 Ea:
543 1251 652 1308 Ιιοσ
668 1251 894 1322 comice
912 1252 1068 1324 quod
1083 1252 1144 1308 et
1155 1253 1331 1325 pater
1349 1252 1479 1321 ejus
1495 1250 1586 1308 sic
1606 1262 1723 1305 om-

64 1343 452 1416 aemIS'yriam
470 1339 819 1409 denudavit,
851 1340 1012 1397 sicut
1028 1338 1150 1397 Ιιιεσ
1174 1353 1302 1398 ossa
1320 1341 1433 1398 iste
1460 1354 1500 1398 a
1527 1339 1724 1398 carni-

74 1434 171 1491 bus
182 1430 559 1504 exspoliaait.
579 1428 827 1485 Ridente
840 1434 1034 1485 autem
1050 1443 1187 1499 rege
1204 1428 1277 1484 ad
1290 1430 1467 1485 verba
1480 1430 1723 1501 Tripho.

74 1522 153 1579 nis
181 1526 239 1577 et
262 1521 663 1588 interrogante
692 1518 1017 1587 Hyrcanum
1051 1532 1157 1573 cur
1190 1522 1349 1574 tanta
1401 1532 1535 1574 ossa
1587 1522 1722 1574 ante

69 1626 191 1668 eum
216 1610 479 1681 jacerent
508 1626 521 1660 :
555 1604 724 1677 Apte,
764 1604 976 1675 inquit,
1007 1605 1260 1674 domine,
1322 1619 1466 1663 nam
1521 1610 1722 1664 canes'

67 1713 288 1771 semper
313 1710 448 1754 ossa
478 1708 609 1752 cum
628 1692 915 1751 carnibus
936 1694 1241 1764 decorant,
1265 1695 1425 1751 sicut
1441 1695 1547 1751 isti
1556 1683 1722 1766 fece:

62 1786 223 1857 rant,
248 1785 384 1842 ante
404 1798 542 1856 quos
553 1795 685 1839 ossa
701 1781 1199 1853 minimejacent;
1210 1781 1469 1839 homines
1482 1795 1617 1839 vero
1630 1795 1719 1839 co-

1831 632 1938 690 ciis
1965 631 2155 690 locum
2187 635 2435 692 munivit
2462 651 2631 706 quem
2664 638 2869 707 Tyrum
2911 633 3287 711 nuncupavit.
3331 644 3467 700 Pre-

1830 720 1942 777 fuit
1966 728 2159 778 autem
2185 722 2303 780 illis
2317 724 2588 795 partibus
2608 738 2712 795 per
2736 739 2915 783 annos
2935 731 3022 796 12,
3038 729 3188 784 omni
3205 736 3466 802 tempore

1829 822 1942 878 quo
1964 809 2263 881 Seleucus,
2292 810 2945 885 flliusAntiochiMagni,
2965 816 3145 886 Syria:
3180 819 3461 888 regnavit.

1830 895 1953 962 Quo
1984 901 2231 969 mortuo,
2268 900 2448 956 frater
2478 899 2605 969 ejus
2636 902 2960 960 Antiochus
2994 904 3324 975 Epiphanes
3376 922 3467 965 re-

1827 998 2002 1054 gnum
2032 986 2305 1043 obtinuit.
2341 988 2519 1053 Quem
2553 993 2819 1046 metuens
2851 992 3169 1062 Hyrcanus,
3204 1008 3274 1050 ne
3303 996 3374 1051 ab
3395 1010 3464 1053 eo

1828 1074 2138 1130 tormentis
2169 1075 2501 1132 afficeretur
2530 1091 2636 1148 pro
2681 1078 2772 1133 his
2822 1092 2951 1148 qua:
2993 1084 3196 1137 contra
3245 1084 3469 1140 Arabas

1830 1166 2051 1231 egerat,
2085 1162 2263 1218 vitam
2298 1163 2531 1235 prOpria
2563 1180 2733 1222 manu
2768 1164 2972 1222 finivit.
3008 1167 3184 1237 Cujus
3204 1170 3470 1226 substan-

1832 1248 1970 1303 tiam
2001 1250 2324 1308 Antiochus
2354 1251 2463 1308 sibi
2495 1252 2802 1323 applicuit.
2844 1254 3104 1312 Mortuus
3136 1259 3223 1312 cst
3272 1263 3466 1316 autem

1830 1340 1887 1392 et
1939 1339 2145 1408 Symon
2190 1338 2470 1410 pontifex,
2506 1340 2661 1397 filius
2711 1341 2889 1410 Onias,
2945 1342 3281 1415 relinquens
3342 1351 3468 1406 tres

1831 1424 2004 1496 filios,
2046 1426 2244 1483 Oniam
2283 1427 2538 1498 Ihesum,
2584 1430 2783 1486 Oniam
2826 1431 2951 1487 sive
2998 1434 3274 1492 Ananiam
3308 1454 3324 1504 ;
3364 1440 3469 1496 sed

1832 1513 1984 1584 patri
2009 1513 2185 1571 Onias
2215 1515 2270 1571 in
2312 1516 2630 1573 sacerdotii
2662 1517 2879 1575 honore
2913 1522 3203 1579 successit
3238 1541 3253 1591 ;
3288 1533 3347 1583 et
3377 1529 3469 1586 hic

1830 1606 1922 1657 est
1955 1602 2025 1658 ad
2057 1617 2227 1673 quem
2262 1605 2433 1661 Arius
2466 1620 2568 1661 rex
2601 1606 2959 1677 Spartarum,
2994 1609 3050 1665 id
3081 1616 3172 1667 est
3215 1612 3465 1674 Lacede-

1830 1692 2152 1750 moniorum
2176 1692 2455 1764 epistolas
2488 1694 2666 1765 misit,
2700 1696 2903 1752 dicens
2933 1699 3167 1756 Iudaeos
3197 1707 3257 1758 et
3300 1704 3470 1762 Lace-

1828 1778 2105 1837 demones
2135 1795 2206 1837 ex
2235 1796 2347 1837 uno
2367 1796 2581 1852 genere
2614 1783 2858 1840 Abrahae
2890 1784 3288 1847 descendisse.

63 1868 1360 1941 medantcames,ossaautemjactant.q-uod
1379 1868 1549 1938 etego
1571 1868 1695 1925 tam
1743 1892 1800 1954 Β
1902 1862 2001 1937 (Η.
2037 1870 2139 1941 m.)
2187 1871 2348 1924 Anno
2394 1870 2468 1925 ab
2513 1870 2666 1926 Urbe
2713 1872 2946 1928 condita
2999 1875 3467 1946 quingentesimo

76 1977 247 2036 quam
276 1961 444 2018 ltomo
481 1972 642 2016 nunc
672 1957 825 2031 feci.
876 1958 998 2012 Rex
1047 1962 1240 2014 autem
1298 1958 1543 2014 miratus
1590 1957 1716 2027 ejus

75 2064 406 2123 responsum
456 2052 578 2105 tam
628 2046 926 2118 sapienter
983 2046 1223 2117 dictum,
1278 2044 1454 2115 jussit
1513 2058 1715 2103 omnes

77 2140 358 2212 plaudere,
394 2138 643 2195 verbum
673 2137 800 2206 ejus
830 2134 1158 2192 laudantes.
1186 2137 1429 2191 Postera
1451 2149 1593 2192 vero
1623 2134 1716 2190 die

76 2231 356 2299 Hyrcanus
386 2226 459 2284 ad
495 2239 963 2296 unumquemque
996 2224 1147 2294 regis
1177 2224 1422 2280 amicum
1468 2238 1717 2300 pergens

76 2322 126 2373 et
145 2316 208 2373 ad
231 2319 503 2388 potentes
529 2312 700 2384 aulae,
725 2312 1000 2369 salutavit
1024 2327 1144 2370 eos.
1173 2314 1435 2369 instante
1457 2327 1599 2369 vero
1621 2312 1716 2369 die

78 2404 233 2461 natali
265 2402 364 2460 filii
396 2402 580 2473 regis,
618 2401 912 2473 principes
943 2401 1065 2471 regi
1107 2400 1430 2457 offerebant
1476 2400 1545 2435 ³⁷⁸
1594 2417 1716 2477 mu.

77 2508 218 2559 nera,
252 2493 346 2563 qui
383 2491 656 2560 multum,
690 2504 804 2547 non
838 2490 969 2561 plus
1008 2504 1177 2560 quam
1213 2490 1418 2560 viginti
1467 2489 1708 2560 talenta,

83 2584 353 2653 Hyrcanus
366 2581 438 2637 ad
456 2580 659 2650 itaque
673 2592 975 2635 assumens
995 2593 1209 2650 pueros
1220 2583 1276 2633 et
1294 2578 1550 2648 virgines
1565 2592 1713 2649 quos

82 2674 516 2743 comparaverat,
546 2668 711 2725 dedit
757 2667 1070 2737 unicuique
1115 2666 1398 2723 talentum
1450 2671 1706 2738 portare,

84 2765 131 2815 et
158 2774 358 2831 pueros
388 2758 629 2831 quidem
662 2756 879 2828 optulit
902 2756 1045 2826 regi,
1073 2755 1299 2828 puellas
1323 2760 1516 2812 autem
1550 2756 1712 2812 Cleo-

88 2854 249 2919 patrm
278 2849 512 2919 reginae.
552 2846 833 2904 Omnibus
866 2846 1044 2916 igitur
1087 2844 1537 2902 munificentiam
1583 2844 1710 2913 ejus

84 2939 525 3008 ammirantibus,
562 2952 666 2993 rex
696 2936 994 2993 honorans
1019 2950 1150 2992 eum
1181 2934 1506 2990 liberaliter
1534 2937 1591 2990 et
1613 2934 1713 2989 do-

1829 1955 2308 2028 quinquagesimo
2368 1956 2572 2029 primo,
2620 1958 2715 2028 qui
2765 1959 3086 2018 Ptholomei
3136 1965 3467 2037 Epyphanis

1827 2050 2203 2117 computatur
2232 2045 2404 2101 etiam
2431 2046 2671 2117 primus,
2695 2048 2858 2103 Titus
2881 2048 3129 2115 Quintus
3152 2053 3467 2113 Flaminius

1826 2139 2033 2192 contra
2057 2134 2386 2206 Philippum
2416 2133 2762 2191 Macedoniae
2795 2151 2987 2207 regem
3020 2139 3231 2198 missus
3258 2144 3370 2212 est,
3405 2150 3465 2200 et

1828 2227 1962 2296 post
1986 2222 2187 2295 praelia
2213 2221 2413 2293 multa,
2445 2222 2660 2293 quibus
2693 2224 3035 2285 Macedones
3063 2228 3225 2300 vicit,
3258 2245 3463 2301 pacem

1825 2317 2094 2390 Philippo
2121 2317 2303 2389 dedit,
2332 2319 2441 2376 sub
2473 2317 2806 2376 conditione
2827 2320 3002 2377 etiam
3026 2324 3381 2383 Demetrium
3405 2327 3466 2383 fi-

1826 2406 1966 2463 lium
2000 2421 2169 2463 suum
2198 2406 2460 2463 obsidem
2494 2406 2675 2463 dedit.
2729 2408 2827 2478 (H.
2876 2411 2974 2477 Ii.)
3032 2411 3463 2472 Lacedemoniis

1827 2509 2058 2567 quoque
2075 2495 2289 2553 bellum
2302 2496 2465 2552 Titus
2485 2496 2634 2552 idem
2653 2496 3208 2573 intulit,ducemque
3232 2502 3464 2561 illorum

1823 2583 2101 2639 Navidem
2131 2583 2273 2639 vicit
2302 2587 2363 2638 et
2396 2582 2609 2653 quibus
2636 2583 2823 2641 voluit
2850 2587 3283 2647 conditionibus
3315 2591 3369 2647 in
3403 2589 3467 2648 fi-

1824 2671 1952 2728 dem
1988 2670 2237 2741 accepit,
2283 2670 2501 2740 ingenti
2552 2670 2737 2740 gloria
2785 2672 3186 2748 triumphavit,
3240 2679 3462 2738 ducens

1823 2763 1958 2815 ante
1980 2773 2217 2815 currum
2241 2774 2405 2815 suum
2422 2758 2818 2816 nobilissimos
2832 2762 3086 2833 obsides,
3110 2766 3464 2825 Demetrium

1822 2847 2075 2919 Philippi
2119 2847 2299 2903 filium
2358 2851 2415 2902 et
2475 2849 2778 2904 Armenem
2838 2851 3089 2908 Navidis.
3150 2855 3464 2916 Transacto

1825 2934 1979 2992 bello
2021 2936 2407 3005 Macedonico,
2445 2940 2710 2993 secutum
2774 2942 2867 2994 est
2912 2940 3228 3011 Syriacum.
3281 2946 3464 3017 (Πιεη.

86 3026 323 3083 nationes
351 3026 629 3098 copiosas
674 3028 961 3096 prestans,
1011 3023 1164 3094 patri
1216 3028 1274 3079 et
1322 3022 1604 3079 fratribus
1651 3025 1709 3078 et
1819 3025 1889 3081 in
1907 3025 2062 3081 Dan.
2091 3024 2957 3097 —H.m.)Antiochusitaque
2975 3028 3211 3099 Magnus
3238 3047 3335 3089 rex
3370 3035 3468 3105 Sy-

84 3115 319 3173 omnibus
351 3115 802 3186 magistratibus
831 3113 1050 3184 scripta
1085 3127 1193 3183 pro
1241 3127 1311 3168 eo
1356 3111 1706 3168 transmisit.

86 3202 369 3260 Audientes
413 3218 615 3261 autem
665 3203 877 3258 fratres
924 3201 1070 3272 ejus,
1124 3201 1263 3258 talia
1313 3214 1444 3257 eum
1496 3215 1526 3255 a
1575 3214 1711 3269 rege

90 3292 339 3349 meruisse
362 3298 578 3349 etcum
604 3305 811 3360 magno
835 3290 1052 3346 reverti
1076 3291 1296 3346 honore
1319 3289 1408 3359 ³⁷⁸,
1434 3289 1490 3345 in
1512 3303 1716 3345 occur-

92 3392 197 3435 sum
224 3381 342 3450 ejus
378 3381 586 3452 egredi
639 3395 701 3444 se
753 3379 1116 3449 simulantes,
1170 3378 1500 3435 interficere
1552 3377 1714 3433 illum

90 3469 381 3526 omnimodo
412 3471 830 3538 decreverunt,
883 3468 1059 3524 etiam
1109 3473 1276 3539 patre
1327 3468 1568 3534 sciente,
1620 3466 1717 3537 qui

93 3563 300 3629 propter
326 3560 609 3631 pecunias
642 3573 787 3630 quas
818 3557 941 3627 regi
983 3556 1276 3627 optulerat
1328 3556 1719 3633 irascebatur,

93 3644 179 3699 sed
207 3662 387 3717 regem
422 3649 656 3716 timens,
708 3648 849 3703 iram
897 3646 1146 3701 celabat.
1205 3646 1718 3703 Committentibus

98 3738 262 3790 autem
292 3737 580 3794 adversus
601 3751 732 3792 eum
765 3735 1047 3791 fratribus
1078 3749 1349 3805 pugnam,
1386 3734 1601 3791 multos
1629 3750 1720 3793 eo.

100 3834 204 3877 rum
234 3838 323 3895 qui
355 3826 756 3897 sequebantur
779 3822 994 3879 occidit
1024 3837 1155 3879 cum
1185 3822 1417 3879 duobus
1438 3822 1719 3879 fratribus

101 3911 237 3979 suis;
265 3916 439 3971 ceteri
475 3917 674 3971 autem
706 3912 777 3969 ad
798 3917 1021 3984 patrem
1045 3910 1487 3967 Hierosolimam
1521 3912 1718 3968 confu-

101 4005 296 4064 gerunt.
327 4002 430 4069 Qui
465 4005 780 4074 postquam
813 4000 884 4056 ad
914 4000 1211 4056 civitatem
1232 3999 1413 4069 venit,
1459 3996 1618 4054 nullo
1653 4011 1716 4054 se

104 4088 442 4161 suscipiente,
478 4090 759 4147 discessit
788 4095 951 4145 trans
971 4089 1282 4145 Iordanem
1317 4087 1576 4157 fluvium,
1613 4086 1718 4143 ibi-

106 4186 198 4243 que
214 4184 552 4247 remoratus,
579 4178 886 4249 vectigalia
911 4178 1186 4248 exigebat
1215 4191 1246 4232 a
1281 4175 1573 4232 barbaris.
1606 4176 1719 4231 Per

107 4261 237 4321 idem
257 4272 442 4325 autem
468 4276 706 4340 tempus
726 4268 1006 4337 regnabat
1033 4267 1089 4322 in
1113 4266 1247 4322 Asia
1279 4264 1583 4336 Seleucus,
1619 4264 1717 4336 qui

109 4349 378 4413 dicebatur
419 4357 650 4428 Sother,
695 4356 853 4413 filius
893 4354 1159 4411 Antiochi
1201 4353 1404 4423 Magni.

162 4442 460 4503 Defunctus
489 4451 581 4504 est
616 4450 811 4503 autem
833 4445 1011 4502 Onias
1038 4445 1322 4517 pontifex,
1350 4442 1505 4500 illius
1526 4443 1721 4515 Symo-

109 4528 184 4584 nis
207 4533 342 4590 Iusti
375 4536 576 4592 fratris
607 4534 890 4606 Eleazari,
921 4532 1245 4591 avunculus
1274 4532 1507 4604 Iosephi
1533 4532 1720 4602 patris

1823 3112 1945 3183 rue,
1977 3128 2107 3169 cum
2140 3127 2381 3183 regnum
2412 3113 2611 3184 generi
2641 3112 2712 3147 ’⁷⁸
2740 3115 2828 3171 sui
2862 3117 3182 3174 Ptholomei
3224 3120 3468 3193 Epipha-

1824 3202 1915 3258 nis
1952 3202 2216 3258 obtinere
2257 3216 2368 3259 non
2417 3206 2635 3274 posset,
2682 3205 2858 3259 vertit
2910 3220 2974 3261 se
3022 3206 3093 3263 ad
3144 3209 3359 3281 Asiam,
3407 3216 3469 3268 et

1826 3290 2015 3347 navali
2061 3291 2379 3347 certamine
2424 3291 2681 3347 obtinuit
2723 3292 2985 3350 Rhodum
3026 3300 3083 3351 et
3132 3296 3360 3355 Samum
3409 3304 3472 3357 et

1828 3379 1971 3435 alias
1994 3378 2211 3435 insulas
2232 3378 2465 3450 multas,
2483 3379 2692 3437 deinde
2706 3386 2911 3438 contra
2927 3384 3213 3443 Romanos
3234 3391 3470 3445 struens

1831 3466 2068 3537 bellum,
2099 3482 2172 3525 ex
2204 3468 2336 3526 Asia
2369 3470 2580 3525 transit
2628 3469 2684 3524 in
2732 3472 3038 3543 Europam.
3090 3476 3245 3532 Tunc
3292 3475 3469 3533 etiam

1831 3556 2114 3613 Hannibal
2152 3557 2415 3613 exhiberi
2453 3559 2689 3614 Romam
2722 3557 2920 3628 jussus
2958 3575 2987 3616 a
3038 3569 3266 3635 senatu,
3321 3566 3471 3622 clam

1830 3661 1902 3703 ex
1925 3646 2117 3702 Africa
2148 3646 2465 3717 profectus,
2492 3660 2562 3702 ne
2581 3648 3220 3722 Romanistraderetur,
3257 3652 3326 3708 ad
3363 3653 3473 3708 An-

1832 3735 2086 3792 tiochum
2130 3734 2403 3805 migravit
2439 3735 2610 3805 eique
2649 3749 2709 3792 se
2757 3737 3077 3806 coniunxit.
3120 3739 3299 3806 Quem
3338 3755 3470 3797 cum

1829 3824 1982 3895 apud
2012 3822 2298 3895 Ephesum
2333 3822 2653 3879 invenisset
2682 3828 3056 3880 cunctantem
3103 3841 3233 3882 mox
3256 3828 3325 3884 ad
3352 3826 3473 3885 bel-

1829 3911 1946 3969 lum
1978 3909 2227 3981 impulit.
2265 3911 2449 3982 (man.
2475 3909 2575 3967 2.1.
2610 3941 2680 3952 --
2708 3912 2789 3967 H.
2817 3913 2918 3983 φη.)
2950 3913 3062 3969 Sed
3092 3916 3354 3972 occurrit
3382 3917 3472 3974 eis

1830 4000 2023 4073 Scipio
2045 3999 2250 4056 Nasica
2283 4014 2413 4056 cum
2445 3999 2625 4054 fratre
2648 4014 2754 4057 suo
2774 4000 3041 4073 Scipione
3065 4002 3359 4076 Africano,
3397 4006 3474 4062 is-

1830 4089 2076 4160 demque
2099 4087 2406 4145 Africanus
2431 4086 2714 4145 familiare
2736 4088 3095 4162 colloquium
3115 4107 3246 4149 cum
3265 4093 3475 4151 Hanni-

1831 4177 1961 4234 bale
1991 4177 2215 4248 habuit,
2246 4177 2347 4235 sed
2380 4177 2595 4234 infecto
2624 4178 2879 4250 negotio,
2913 4181 2986 4236 ab
3017 4182 3305 4239 Antiocho
3361 4183 3478 4240 dis-

1830 4267 2031 4324 cessit.
2059 4266 2334 4337 Sequenti
2356 4281 2504 4323 anno
2522 4266 2672 4323 idem
2700 4267 2893 4340 Scipio
2916 4269 3223 4329 Africanus
3264 4272 3475 4328 Hanni-

1835 4357 2043 4422 balem,
2064 4356 2159 4427 qui
2184 4360 2323 4413 tunc
2338 4356 2604 4413 Antiochi
2629 4356 2807 4414 classi
2831 4363 3085 4430 preerat,
3112 4362 3302 4417 navali
3326 4376 3475 4433 prae-

1832 4444 1911 4501 lio
1941 4444 2082 4501 vicit
2111 4448 2168 4500 et
2203 4444 2465 4514 fugavit;
2501 4446 2684 4503 frater
2716 4461 2944 4518 quoque
2975 4449 3102 4519 ejus
3145 4450 3358 4506 Lucius
3403 4448 3474 4484 ’τ’

1835 4532 2138 4591 Cornelius
2168 4533 2361 4604 Scipio
2394 4534 2596 4591 Nasica
2638 4536 2862 4606 consul,
2906 4536 3124 4593 habens
3163 4537 3220 4592 in
3252 4536 3472 4594 auxilio

117 4615 347 4695 Hyrcani,
381 4625 773 4697 principatum
805 4598 1122 4681 sacerdotii
1156 4598 1570 4693 derelinquens
1602 4620 1721 4676 filio
1748 4598 1803 4660 D
1834 4623 2148 4693 Eumenen,
2180 4598 2360 4678 Attali
2391 4622 2548 4693 regis
2579 4598 3093 4695 fratrem,'ingenti
3119 4623 3321 4697 praelia
3362 4628 3476 4681 An-

116 4718 199 4763 suo
230 4711 466 4782 Symoni.
502 4716 766 4772 Mortuus
791 4718 884 4771 est
916 4719 1108 4771 autem
1142 4717 1200 4769 et
1229 4712 1539 4784 Iosephus,
1571 4710 1722 4780 ejus-

115 4806 205 4863 ‘llle
224 4809 396 4859 morte
410 4804 662 4875 contigit
676 4792 1024 4860 seditiOnem
1040 4802 1162 4874 pati
1179 4799 1455 4874 populum
1481 4805 1722 4872 propter

114 4880 242 4943 filios
268 4893 552 4960 ejus.Nam
576 4893 897 4963 majoribus
918 4892 1133 4949 bellum
1155 4891 1498 4962 gerentibus
1515 4893 1720 4946 contra

113 4968 426 5049 Hyrcanum,
443 4981 727 5038 dissensit
744 4983 816 5038 ab
829 4982 1074 5038 invicem
1091 4978 1428 5051 multitudo,
1443 4983 1503 5034 et
1518 4977 1719 5049 plures

120 5061 318 5127 Quidam
350 5069 661 5139 majoribus
677 5071 959 5128 fratribus
988 5070 1266 5127 auxilium
1292 5070 1555 5126 ferebant
1586 5081 1719 5124 cum

123 5148 352 5224 Principe
384 5161 754 5217 sacerdotum
788 5161 1053 5230 Symone,
1088 5159 1186 5231 qui
1207 5159 1494 5228 cognatus
1516 5170 1720 5212 eorum

118 5240 167 5288 et
193 5240 361 5299 aﬁinis
379 5250 524 5301 erat.
549 5249 849 5320 Hyrcanus
869 5252 1063 5304 autem
1089 5246 1393 5303 discedens
1416 5245 1488 5300 ab
1521 5244 1721 5299 Hiero-

118 5322 295 5421 solima
315 5335 477 5392 trans
497 5336 826 5408 Iordanem,
852 5336 1059 5393 turrim
1083 5336 1161 5392 ibi
1183 5334 1494 5393 aedificavit
1514 5333 1722 5390 firmis-

115 5421 288 5477 snmam
315 5434 386 5480 ex
410 5421 602 5497 lapide
631 5424 786 5497 albo,
816 5431 877 5483 et
922 5429 1107 5484 totam
1152 5439 1335 5498 usque
1384 5423 1458 5482 ad
1500 5427 1720 5480 terram

1833 4710 2091 4769 tiochum
2132 4710 2271 4768 vicit
2314 4711 2417 4782 (Cf.
2460 4712 2674 4782 Ηιεκ.).
2720 4711 2827 4778 Qui
2870 4726 3071 4783 pacem
3124 4726 3355 4783 rogans,
3400 4727 3470 4770 eo

1827 4805 1960 4876 jurc
1982 4806 2239 4863 obtinuit
2275 4810 2336 4862 ut
2365 4805 2532 4862 annis
2563 4804 2808 4875 singulis
2827 4804 2982 4861 mille
3005 4805 3226 4862 talenta
3251 4806 3472 4878 persol-

1832 4898 2017 4965 veret,
2040 4900 2216 4965 atque
2244 4908 2314 4950 ex
2338 4892 2470 4950 Asia
2486 4897 2546 4949 et
2574 4892 2800 4964 EurOpa
2824 4892 3128 4963 recedens,
3156 4893 3307 4949 intra
3328 4895 3471 4951 Tau-

1833 4998 1960 5040 rum
1995 4986 2248 5039 montem
2280 4997 2342 5039 se
2364 4981 2696 5039 contineret
2724 4985 2781 5037 et
2814 4980 3187 5038 Hannibalem
3215 4981 3470 5039 concita-

1834 5077 2019 5128 torem
2037 5069 2173 5127 belli
2189 5069 2453 5126 dederet.
2481 5069 2582 5142 (Η.
2604 5079 2708 5140 m.)
2724 5069 2831 5135 Qui
2856 5068 3081 5138 fugiens
3103 5069 3174 5125 ad
3206 5067 3469 5127 Prusiam

1833 5174 2029 5231 regem
2060 5157 2359 5229 Bytbiniae,
2385 5173 2515 5215 cum
2538 5173 2568 5214 a
2591 5157 2866 5214 Romanis
2898 5162 3324 5228 reposceretur,
3353 5171 3471 5227 jam

1833 5246 2156 5305 tradendus
2194 5260 2478 5302 venenum
2510 5243 2678 5302 bibit.
2733 5245 3057 5302 Antiochus
3106 5260 3245 5302 vero
3295 5245 3475 5302 illium

1831 5334 2111 5407 Africani,
2144 5348 2313 5405 quem
2345 5338 2538 5390 utrum
2566 5334 2968 5405 explorantem
3001 5348 3072 5390 an
3104 5332 3259 5391 bello
3285 5331 3356 5367 ’⁷⁸
3383 5347 3477 5391 ce-

1834 5426 2017 5500 pisset
2050 5423 2340 5505 incertum
2377 5423 2491 5494 est,
2536 5421 2694 5481 ultro
2732 5421 2981 5497 remisit,
3024 5420 3204 5482 filium
3244 5432 3474 5497 quoque

1417 5580 1657 5639 VARIE
1710 5574 2118 5641 LECTIONES.

180 5708 240 5748 '7‘
265 5729 313 5774 ο.
346 5717 464 5791 regi
491 5718 543 5777 4.
574 5716 817 5794 5..regis
848 5737 902 5782 ο.
937 5728 1022 5783 1ο.
1053 5721 1138 5795 ll.
1170 5716 1240 5760 ⁸⁷⁸
1269 5720 1327 5781 b.
1359 5735 1409 5781 ι’.
1440 5724 1491 5781 5.
1523 5719 1595 5758 ³⁷⁸
1618 5720 1854 5795 generis
1879 5718 1931 5780 4.
1960 5716 2030 5757 ’τ’
2059 5714 2297 5779 lucilius
2324 5715 2376 5777 ll.
2406 5716 2493 5790 90,
2529 5716 2614 5774 10.
2646 5706 2717 5752 ’θ’
2745 5726 2817 5773 an
2847 5711 2903 5772 in
2936 5708 3091 5773 bello
3119 5669 3205 5771 ac.
