3898 6330
365 345 482 437 623

1527 331 2008 394 EKKEHARDI
2053 329 2608 416 URAUGIENSIS
2697 405 2705 411 _
2795 408 2832 413 __

3641 332 3754 412 6.2.4

367 481 534 536 suum
559 474 905 532 Antiochum
938 469 1199 527 obsidem
1232 465 1412 524 dedit.
1449 467 1640 538 Scipio
1665 464 1868 521 Nasica
1901 464 2009 520 Ro-
2037 461 2094 520 A
2123 446 2419 520 civitatem
2451 463 2620 520 duxit
2651 460 2995 519 exercitum.
3028 461 3150 528 Quo
3192 460 3564 534 perveniens,
3607 465 3760 538 cepit

367 561 515 622 mam
541 564 794 632 rediens,
830 554 1050 629 ingenti
1084 549 1266 628 gloria
1311 555 1693 626 triumphavit
1725 567 1926 608 nomen
1951 557 2010 608 et

369 655 494 726 ipse
540 652 612 708 ad
663 642 1042 704 imitationem
1086 644 1284 700 fratris
1328 645 1600 713 Asianus,
1643 641 1775 713 quia
1818 641 2008 696 Asiam

367 743 526 810 vicit,
545 739 792 810 accepit.
818 735 1083 806 Philippo
1099 739 1292 790 autem
1311 732 1686 788 Macedonum
1702 729 1849 796 regi,
1877 729 2008 798 quia

368 835 573 889 contra
602 826 949 883 Antiochum
984 821 1256 878 Romanis
1291 821 1509 877 auxilio
1545 819 1673 889 fuit,
1708 819 1862 875 filius
1911 820 2013 872 De-

367 915 700 974 metrius279
733 914 1001 970 redditus
1025 915 1136 968 est.
1167 910 1374 980 (Hum)
1401 909 1644 965 Plautus
1666 922 1738 962 ex
1777 905 2008 962 Umbria

368 1007 616 1078 Arpinas
638 1006 833 1059 Romae
867 1001 1116 1059 moritur
1149 1001 1257 1055 hoc
1295 1005 1578 1068 tempore,
1631 997 1726 1066 qui
1773 1000 2012 1066 propter

365 1107 606 1150 annonae
632 1091 1032 1148 difﬁcultatem
1055 1090 1127 1146 ad
1151 1088 1332 1144 molas
1365 1085 1694 1142 manuarias
1731 1085 2009 1154 pistorem

367 1197 426 1239 se
453 1181 490 1235 I.
511 1183 770 1249 caverat,
807 1179 903 1236 ubi
942 1178 1212 1248 quotiens
1233 1178 1306 1231 ab
1334 1189 1511 1246 Opere
1535 1176 1826 1235 vacasset,
1854 1171 2014 1225 fabu-

366 1273 452 1327 las
470 1256 1297 1325 scribereacven'dercsolitus
1325 1261 1640 1318 erat.1‘itus
1676 1259 1867 1314 Livius
1901 1262 2014 1312 tra-

365 1359 664 1428 gediarum
699 1357 954 1427 scriptor
983 1355 1178 1410 clarus
1229 1353 1554 1407 habebatur
1603 1363 1671 1403 eo
1729 1353 2009 1414 tempore,

369 1448 466 1520 qui
497 1449 572 1501 ob
605 1447 814 1515 ingenii
850 1444 1115 1500 meritum
1151 1459 1178 1496 a
1215 1441 1372 1494 Livio
1402 1454 1431 1494 a
1467 1437 1811 1504 Salinatore,
1845 1433 2014 1502 cujus

367 1537 586 1592 liberos
617 1533 943 1601 erudiebat,
980 1529 1238 1586 libertati
1269 1528 1518 1584 donatus
1545 1530 1655 1582 cst.

425 1645 560 1692 Alex.
594 1641 776 1689 Maccd.
871 1641 976 1699 Syr.

471 1734 496 1786 1
648 1730 714 1784 16
897 1730 956 1781 21
1113 1724 1324 1793 (Πιειι.)
1364 1719 1746 1776 Ptholomeus
1773 1716 2016 1788 Epipha.

365 1834 466 1874 nes
494 1816 758 1886 regnavit
787 1812 1150 1869 Alexandria)
1177 1811 1340 1866 annis
1379 1812 1465 1864 24.

413 1904 534 1994 ’(Η.
570 1932 644 1978 m.
684 1924 799 1976 Hoc
833 1925 1094 1990 tempore
1127 1916 1320 1987 Scipio
1346 1915 1652 1970 Africanus
1673 1914 1746 1969 ab
1783 1913 2010 1981 ingrata

362 2013 471 2069 sibi
513 2013 656 2076 urbe
700 2011 949 2064 Romana
990 2007 1087 2062 diu
1130 2005 1392 2074 exulans,
1435 2002 1587 2073 apud
1651 2001 2010 2056 Amiternum

363 2100 599 2170 cpidum
628 2099 831 2152 morbo
857 2095 1049 2167 periit,
1077 2097 1130 2149 et
1155 2092 1468 2163 sepulchro
1494 2107 1598 2146 suo
1630 2088 1872 2145 inscribi
1891 2088 2012 2158 jus-

371 2189 447 2244 sit
473 2206 486 2244 :
519 2189 776 2257 Ingrata
791 2185 1026 2256 patria,
1057 2197 1129 2238 ne
1145 2196 1276 2238 ossa
1305 2180 1542 2250 Quidam
1568 2193 1697 2234 mea
1737 2176 1936 2232 Izabes.

441 2297 506 2348 17
689 2296 755 2345 32
938 2295 959 2343 1
1115 2287 1410 2354 Seleucus,
1428 2284 1838 2356 quietSother,
1859 2280 2012 2337 filius

367 2379 635 2438 Antiochi
665 2364 870 2448 Magni,
907 2375 1167 2442 regnavit
1199 2372 1564 2429 Alexandria:
1593 2371 1663 2403 ²³⁰
1707 2370 1871 2426 annis
1910 2384 2010 2425 un-

367 2469 573 2523 decim.
611 2467 712 2520 Hic
742 2465 1020 2520 instinctu
1074 2461 1374 2532 cujusdam
1409 2459 1686 2530 Symonis,
1739 2458 1834 2528 qui
1883 2461 2008 2512 erat

369 2552 920 2626 prepositustempli
939 2548 1609 2617 Hierosolimitani,uiisit
1639 2545 2008 2602 Heliodorum

367 2627 438 2699 ad
473 2659 540 2698 au
553 2641 820 2698 ferendas
839 2639 1136 2712 pecunias,
1159 2640 1252 2708 qui
1279 2641 1589 2708 correptus
1611 2641 1705 2691 est
1722 2647 1752 2689 a
1771 2636 1910 2700 Deo,
1947 2637 2006 2688 ut

365 2732 420 2786 in
455 2731 902 2784 Machaheorum
944 2727 1158 2797 legitur
1197 2726 1367 2782 libro.

471 2843 494 2891 1
537 2835 605 2869 ’31
637 2837 706 2890 40
881 2839 915 2888 9
1025 2835 1232 2904 (linem)
1275 2831 1652 2888 Ptholomeus
1711 2829 2009 2898 Phylome-

468 2930 502 2980 2
647 2927 706 2978 41
861 2927 930 2978 10
1105 2926 1221 2989 tor,
1257 2921 1548 2976 secundus
1573 2919 1726 2974 filius
1751 2918 2011 2989 Epypha-

393 3072 395 3075 ,
469 3017 500 3067 3
646 3015 713 3066 42
859 3016 916 3065 11
1107 3010 1197 3066 nis
1227 3009 1490 3077 regnavit
1523 3007 1890 3062 Alexandrim
1915 3020 2010 3060 an-

367 3102 456 3158 nis
477 3106 562 3171 35,
583 3114 614 3155 a
639 3099 1063 3156 restauratione
1093 3098 1292 3168 templi
1321 3112 1468 3152 anno
1494 3095 1787 3151 tricesimo
1822 3097 1933 3149 43°.

471 3211 502 3262 4
687 3211 706 3259 1
898 3210 920 3259 1
1041 3210 1182 3272 (Jos,
1226 3219 1326 3273 xu,
1359 3210 1410 3270 5,
1448 3210 1600 3272 sqq.)
1642 3210 1914 3269 Perseus,
1949 3210 2012 3254 1i-

437 3297 502 3348 13
649 3296 718 3346 10
864 3295 931 3344 10
1051 3287 1058 3293 ’
1111 3289 1222 3345 lius
1261 3289 1534 3359 Philippi,
1578 3289 1842 3358 regnavit
1902 3288 2012 3342 Ma-

363 3380 619 3436 cedoniae
649 3378 816 3434 annis
849 3383 934 3432 10.
967 3407 1036 3417 -
1067 3377 1386 3433 Antiochus
1419 3377 1768 3448 Epiphanes,
1815 3375 1868 3431 id
1917 3379 2007 3430 est

363 3468 635 3536 illustris,
663 3467 844 3521 frater
871 3465 1116 3535 Seleuci,
1153 3465 1308 3520 ﬁlius
1343 3465 1569 3519 scilicet
1602 3464 1868 3519 Antiochi
1901 3465 2011 3518 Ma-

363 3555 481 3626 gni,
515 3561 647 3626 post
683 3560 925 3608 mortem
951 3554 1151 3608 fratris
1172 3554 1260 3609 sui
1288 3553 1512 3608 Seleuci
1545 3553 1808 3622 regnavit
1833 3553 1889 3607 in
1915 3553 2011 3623 Sy-

365 3646 449 3698 ria
471 3643 635 3699 annis
655 3648 740 3699 12.
767 3641 950 3713 Hujus
973 3657 1231 3697 sororem
1257 3641 1620 3712 Cleopatram
1646 3641 1849 3696 habuit
1873 3655 2010 3696 uxo-

365 3747 484 3786 rem
519 3731 912 3799 Ptholomeus,
947 3729 1044 3800 qui
1077 3735 1137 3785 et
1166 3731 1292 3800 ipse
1311 3730 1618 3785 dicebatur
1638 3729 2003 3800 Epyphanes,

363 3820 434 3876 de
458 3834 568 3890 qua
597 3821 743 3876 duos
766 3819 917 3875 filios
942 3819 1186 3889 accepit,
1220 3833 1369 3889 quos
1384 3818 1638 3874 moriens
1663 3817 1850 3874 adhuc
1883 3831 2009 3888 par-

359 3907 527 3964 vulos
561 3907 1109 3979 reliquit.'Quorum
1143 3908 1344 3978 major,
1373 3907 1470 3977 qui
1493 3911 1553 3962 et
1576 3921 1682 3977 pro
1705 3921 1773 3962 eo
1805 3920 2008 3976 regna-

359 3997 464 4068 vit,
491 3997 876 4067 Phylometor.
895 3997 1046 4052 alter
1061 3997 1321 4068 Physcon
1337 3997 1662 4052 dicebatur.
1685 3995 2008 4050 Antiochus

361 4091 578 4154 autem,
604 4099 710 4142 suo
736 4100 916 4154 regno
939 4100 1052 4140 non
1072 4091 1404 4154 contentus,
1435 4085 1758 4140 exercitum
1793 4084 2008 4138 ducere

363 4172 708 4228 deliberavit
742 4173 797 4227 in
831 4175 1156 4244 .Egyptum,
1189 4179 1414 4229 tractus
1444 4172 1738 4228 desiderio
1766 4173 1914 4242 ejus,
1947 4175 2009 4226 et

363 4265 782 4330 contempnens
797 4261 950 4316 filios
965 4261 1185 4317 sororis
1199 4276 1319 4317 suae
1335 4262 1498 4332 quasi
1515 4262 1646 4317 dcbi
1659 4262 1741 4318 les
1755 4275 1821 4316 ac
1847 4264 2009 4315 tanta

363 4347 595 4417 negotia
629 4363 834 4418 regere
862 4364 973 4404 non
1002 4349 1394 4420 prevalentes.
1426 4349 1778 4406 Perveniens
1829 4348 2009 4418 igitur

352 4436 435 4493 'ad
459 4434 749 4492 Pelusium
771 4453 902 4493 cum
928 4452 1129 4506 magna
1153 4438 1395 4501 virtute,
1416 4437 1664 4509 doloque
1688 4439 2011 4494 circumve-

361 4525 532 4581 niens
549 4525 1012 4595 Phylometorem
1027 4527 1518 4596 consanguineum
1544 4541 1735 4596 suum,
1760 4541 2011 4598 occupa-
2036 4551 2091 4613 Β

360 4614 442 4670 vit
462 4613 866 4685 EgyptumEt
885 4629 1014 4672 cum
1031 4615 1249 4672 adisset
1265 4615 1793 4688 locaMemphiticae
1808 4615 2011 4672 civita-

358 4703 461 4772 tis,
487 4702 804 4774 ccpiteam,
833 4703 968 4760 dein
989 4703 1058 4736 ³⁸³
1079 4709 1284 4760 contra
1313 4705 1740 4775 Alexandriam,
1768 4709 1833 4760 ut
1854 4704 2011 4760 obsi-

361 4791 531 4848 deret
553 4789 976 4864 Ptholomeum,
1002 4793 1172 4864 cujus
1205 4790 1329 4850 erat
1361 4793 1706 4864 avunculus,
1729 4791 2007 4862 tetendit,

360 4880 462 4936 sed
501 4893 602 4949 per
621 4879 800 4936 duces
831 4881 1161 4938 Ptholomei
1190 4882 1394 4954 pulsus
1421 4887 1508 4939 est
1544 4898 1654 4938 non
1702 4881 1889 4938 solum
1935 4882 2007 4938 ab

360 4967 948 5037 Alexandria,verum
981 4970 1155 5025 etiam
1189 4975 1309 5026 tota
1359 4971 1714 5041 £gypto(Cf,
1739 4971 1900 5025 lima.
1944 4969 2010 5024 in

357 5054 566 5126 Dum),
598 5054 738 5124 (Jos.
776 5056 814 5114 ι.
851 5057 916 5128 ι.)
949 5058 1087 5115 Inde
1119 5072 1414 5130 reversus,
1449 5059 1519 5116 ad
1559 5057 2006 5115 Hierosolimam

2043 1849 2095 1907 B

2122 568 2246 610 eam
2279 543 2402 609 sine
2434 552 2805 608 conflictione
2836 551 3104 622 alicujus,
3139 551 3547 622 aperientibus
3567 553 3622 610 ei
3639 571 3763 626 por-

2123 646 2214 696 tas
2242 641 2332 696 his
2365 641 2458 710 qui
2491 641 2817 698 voluntatis
2835 642 2962 710 ejus
2981 643 3149 695 erant
3169 641 3412 710 conscii,
3446 642 3765 712 ingressus-

2123 743 2234 798 que
2265 729 2584 799 civitatem,
2617 729 2836 785 multos
2864 728 3155 784 interfecit
3181 729 3290 785 sibi
3315 731 3617 786 contraria
3649 747 3766 788 sen-

2123 816 2371 878 tientes;
2398 817 2499 872 sed
2522 823 2579 872 ct
2601 832 2703 873 eos
2727 817 2890 889 ipsos
2909 817 3005 887 qui
3025 816 3391 873 eicivitatem
3409 826 3764 890 aperuerunt

2124 911 2365 976 propter
2393 905 2630 962 divitias
2665 906 2865 978 templi
2899 905 3136 976 occidit,
3188 906 3533 977 faciensque
3581 910 3766 966 omnia

2124 993 2271 1049 mala
2322 993 2418 1049 illa
2467 1009 2594 1064 quae
2642 995 2697 1048 in
2748 993 3184 1050 Macbabeorum
3235 995 3502 1066 hystoria
3552 996 3769 1069 scripta

2124 1086 2279 1151 sunt,
2316 1081 2512 1137 multis
2544 1085 2614 1138 de
2644 1083 2862 1154 templo
2893 1082 3125 1152 ablatis,
3161 1096 3434 1140 reversus
3462 1089 3555 1140 est
3581 1085 3775 1141 Antio

2121 1170 2330 1226 chiam.
2367 1171 2550 1238 (Hisn.
2583 1172 2650 1228 in
2679 1172 2859 1242 Dan.)
2892 1174 3031 1226 Post
3063 1171 3356 1228 biennium
3388 1187 3536 1230 vero
3569 1189 3772 1232 rursus

2125 1264 2331 1314 contra
2355 1260 2754 1316 Ptholomeum
2779 1260 3517 1332 congregavitexercitum,
3534 1269 3602 1318 et
3625 1264 3777 1319 venit

2126 1347 2551 1403 Alexandriam.
2589 1352 2845 1418 Cumque
2883 1349 2999 1405 duo
3051 1349 3285 1419 fratres,
3332 1349 3670 1406 Ptholomei
3719 1356 3772 1406 et

2127 1435 2448 1506 Cleopatrae
2481 1436 2600 1507 filii,
2637 1452 2878 1507 quorum
2909 1435 3234 1494 avunculus
3259 1441 3387 1493 erat
3429 1438 3772 1508 Antiochus,

2127 1523 2542 1580 obsiderentur
2564 1524 2950 1595 Alexandriae,
2971 1527 3203 1580 Romam
3219 1526 3513 1582 miserunt
3528 1525 3772 1596 legatos.

2127 1610 2264 1666 Cum
2298 1617 2489 1667 autem
2520 1614 2904 1669 Romanorum
2955 1613 3128 1682 legati
3177 1614 3482 1670 venissent
3535 1614 3778 1671 Alexan-

2127 1699 2331 1768 driam,
2369 1715 2610 1770 quorum
2645 1717 2796 1758 unus
2826 1707 2951 1757 erat
2971 1703 3200 1758 Marcus
3223 1701 3551 1773 Pompilius
3578 1703 3778 1768 Lenas,

2123 1792 2185 1846 et
2215 1787 2572 1845 invenissent
2599 1803 2728 1845 eum
2759 1793 3011 1844 stantem
3045 1789 3102 1846 in
3153 1789 3344 1858 litore,
3395 1785 3780 1846 senatuscon-

2128 1875 2344 1931 sultum
2369 1877 2657 1933 dederunt
2679 1877 2751 1946 ei,
2779 1892 2890 1948 quo
2907 1878 3226 1947 jubebatur
3249 1879 3322 1934 ab
3340 1878 3548 1949 amicis
3579 1879 3782 1952 pepuli

2127 1965 2366 2019 Romani
2422 1965 2725 2021 discedere
2780 1971 2840 2022 et
2872 1981 2976 2022 suo
3001 1965 3244 2036 imperio
3272 1970 3598 2024 contentus
3629 1982 3780 2024 esse.

2127 2053 2233 2118 Qui
2263 2068 2392 2108 cum
2429 2054 2863 2124 responsionem
2895 2053 2964 2109 ad
2987 2055 3300 2110 amicorum
3323 2054 3642 2111 consilium
3667 2056 3785 2113 dis-

2127 2139 2381 2208 tulisset,
2419 2142 2615 2196 orbem
2649 2143 2857 2198 fecisse
2891 2142 3076 2198 fertur
3107 2142 3163 2196 in
3194 2156 3367 2198 arena
3400 2157 3534 2199 cum
3567 2144 3782 2201 baculo

2126 2244 2293 2298 quem
2325 2231 2562 2285 tenebat
2594 2245 2784 2300 manu,
2815 2234 2874 2285 et
2901 2230 3329 2302 conscripsisse
3363 2245 3560 2300 regem
3603 2237 3786 2290 atque

2125 2316 2342 2374 dixisse
2368 2337 2379 2372 :
2397 2319 2659 2376 Senatus
2681 2320 2740 2375 et
2750 2319 3006 2390 papulas
3030 2321 3327 2376 Romanus
3343 2321 3702 2392 proripiunt
3717 2323 3790 2378 at

2121 2407 2180 2460 in
2210 2405 2324 2462 isto
2358 2407 2477 2463 loco
2503 2408 2860 2477 respondeas
2889 2408 3042 2478 quid
3068 2407 3310 2464 consilii
3319 2421 3522 2478 geras.
3547 2409 3787 2474 Quibus

2123 2493 2298 2548 dictis
2330 2493 2344 2547 i
2353 2507 2456 2564 pse
2481 2495 2852 2564 perterritus,
2879 2495 2956 2550 ait
2985 2496 3098 2552 :Sz‘
3118 2495 3710 2566 Ιιοσρίασθιεεπαιειί
3733 2499 3792 2556 et

2109 2581 2330 2654 populo
2353 2583 2634 2650 Romcmo,
2659 2583 3048 2640 recedendum
3071 2584 3175 2641 est.
3193 2585 3258 2638 Et
3274 2583 3474 2639 statim
3499 2587 3779 2642 recessit.

2191 2673 2299 2724 Per
2334 2670 2481 2730 idem
2509 2676 2762 2741 tempus,
2793 2676 2852 2727 ut
2874 2671 3162 2742 Josephus
3185 2671 3306 2741 (xu,
3327 2675 3377 2733 6;
3403 2672 3644 2744 scribit,
3689 2675 3787 2730 de

2122 2759 2354 2815 functus
2383 2762 2474 2814 est
2498 2760 2694 2828 Onias,
2719 2759 2872 2816 filius
2891 2760 3177 2831 Symonis,
3202 2761 3475 2832 princeps
3507 2764 3792 2820 sacerdo-

2120 2851 2263 2916 tum,
2297 2847 2632 2918 relinqucns
2665 2848 2840 2904 filium
2877 2848 3177 2920 parvulum
3213 2849 3436 2905 Oniam.
3469 2851 3646 2907 Unde
3683 2857 3792 2909 An-

2121 2936 2352 2992 tiochus
2393 2937 2558 2991 fratri
2607 2937 2734 3006 ejus
2781 2938 2956 2994 Jhesu
3011 2937 3400 3009 principatum
3447 2940 3788 2998 sacerdotii

2122 3024 2390 3093 contulit,
2427 3039 2594 3095 quem
2629 3031 2833 3096 postea
2865 3026 3050 3082 iratus
3075 3026 3318 3083 abstulit
3350 3033 3410 3083 et
3435 3027 3670 3098 juniori
3701 3046 3794 3088 eo—

2123 3128 2248 3168 rum
2284 3111 2448 3167 fratri
2484 3113 2642 3169 Oniae
2675 3113 2796 3168 sive
2846 3114 3080 3170 Ananiae
3129 3113 3310 3170 dedit.
3365 3115 3580 3172 Habuit
3634 3119 3790 3176 enim

1041 3203 1182 3272 (Jos,
1226 3219 1326 3273 χιι,
1359 3207 1410 3270 5,
1448 3207 1600 3272 sqq.)
1642 3203 1914 3269 Perseus,
1949 3201 2013 3254 fi-
2040 3198 2090 3261 Ο
2125 3199 2352 3269 Symon,
2390 3203 2450 3256 ut
2475 3201 2856 3272 prediximus,
2885 3206 3009 3258 tres
3033 3201 3204 3272 filios,
3231 3203 3302 3258 ad
3327 3217 3477 3274 quos
3509 3208 3792 3263 sacerdo-

2122 3287 2190 3342 tii
2226 3288 2588 3358 principatus
2617 3289 2822 3345 orcine
2854 3291 3012 3346 dicto
3038 3291 3322 3361 pervenit.
3347 3291 3563 3350 Jbesus
3583 3301 3791 3352 autem

2120 3377 2387 3431 Jasoncm
2423 3391 2484 3432 se
2509 3377 2847 3444 nominavit,
2878 3379 3052 3435 Onias
3071 3394 3214 3436 vero
3237 3379 3361 3436 sive
3394 3382 3662 3440 Ananias
3685 3385 3795 3442 Me-

2122 3465 2326 3520 nelaus
2357 3471 2450 3520 est
2483 3471 2876 3536 nuncupatus,
2912 3473 2973 3524 ut
3005 3469 3295 3540 Josephus
3343 3469 3504 3526 dicit.
3560 3472 3792 3530 Deinde

2123 3553 2422 3628 subjungit
2457 3553 2606 3609 idem
2638 3556 2949 3626 Josephus,
2983 3557 3238 3628 Jhesum,
3273 3557 3330 3613 id
3362 3563 3451 3614 est
3481 3560 3790 3632 Iasonem,

2122 3642 2285 3712 prius
2320 3642 2682 3697 sacerdotem
2703 3649 2906 3698 contra
2936 3643 3248 3700 Menelaum
3272 3645 3632 3703 seditionem
3654 3665 3794 3707 con-

2120 3731 2357 3799 citasse,
2391 3731 2754 3802 eundemque
2786 3732 3100 3789 Menelaum
3122 3748 3254 3790 cum
3277 3733 3403 3791 suis
3423 3736 3788 3810 fautoribus,

2121 3818 2327 3874 relicta
2360 3817 2642 3887 religione
2673 3825 2935 3891 paterna,
2971 3835 3030 3876 se
3063 3821 3134 3877 ad
3179 3822 3528 3880 Antiochum
3570 3835 3796 3885 contu-

2119 3906 2282 3975 lisse,
2318 3905 2599 3977 illumque
2633 3912 2838 3964 contra
2869 3909 3101 3964 Iudaeos
3133 3909 3434 3980 incitasse,
3461 3918 3524 3968 et
3544 3920 3698 3984 post
3720 3917 3792 3970 ab

2120 3995 2410 4051 Antiocho
2438 3996 2674 4065 juniore
2708 4011 2990 4068 persuasu
3053 3997 3235 4068 Lysiae
3269 3999 3564 4056 occidisse
3593 4001 3693 4058 ’3‘.
3731 4005 3788 4059 In

2121 4084 2334 4154 quibus
2356 4084 2554 4157 verbis
2577 4085 2808 4140 videtur
2827 4085 3111 4157 Josephus
3133 4086 3204 4142 ab
3227 4087 3494 4156 hystoria
3519 4089 3664 4146 libri
3681 4093 3795 4149 Ma-

2063 4249 2068 4252 _
2121 4172 2469 4228 chabeorum
2501 4171 2858 4244 discrepare,
2893 4173 2948 4228 in
2982 4187 3096 4243 qua
3126 4174 3382 4231 refertur
3417 4177 3508 4246 (II,
3533 4181 3586 4249 3,
3628 4185 3791 4253 sqq.)

2122 4261 2275 4330 quod
2310 4260 2602 4316 Menelaus
2634 4262 2816 4317 frater
2851 4261 3027 4318 fuerit
3055 4261 3355 4331 cujusdam
3391 4266 3670 4334 Symonis
3719 4269 3792 4325 de

2121 4350 2280 4405 tribu
2314 4348 2626 4419 Benjamin,
2663 4349 2758 4419 qui
2791 4349 2896 4405 fuit
2928 4349 3268 4421 propositus
3301 4351 3526 4424 templi,
3560 4356 3792 4427 quique
3896 4348 3898 4374 ⁵

2123 4437 2310 4493 adhuc
2361 4437 2594 4492 vivente
2643 4435 2906 4508 Seleuco,
2969 4437 3149 4494 fratre
3206 4439 3476 4496 Antiochi
3535 4449 3791 4514 propter

2123 4525 2317 4582 odium
2352 4525 2508 4582 Oniae
2539 4525 2869 4582 sacerdotis
2901 4526 3011 4582 sibi
3045 4525 3400 4599 resistentis,
3435 4544 3505 4586 ne
3551 4529 3790 4602 aliquid

2123 4613 2257 4670 mali
2282 4614 2713 4671 machinaretur
2735 4613 2790 4669 in
2805 4613 3066 4685 civitate,
3085 4614 3278 4670 effecit
3297 4622 3359 4672 ut
3374 4617 3785 4676 Heliodorus:

2125 4703 2366 4760 Seleuco
2383 4703 3262 4760 mittereturIlierosolimamad
3294 4705 3652 4763 auferendas
3688 4723 3790 4780 pe-
3896 4709 3898 4712 ’

2123 4792 2326 4849 cunias
2368 4792 2439 4849 de
2463 4791 2700 4863 templo.
2727 4791 2834 4857 Qui
2854 4805 2984 4848 cum
3005 4791 3250 4848 territus
3267 4793 3511 4866 rediret,
3558 4794 3786 4866 Symon

2123 4895 2236 4938 non
2268 4879 2518 4936 cessavit
2554 4879 2702 4936 male
2725 4879 2884 4951 loqui
2917 4879 2986 4935 de
3015 4879 3178 4950 Onia,
3199 4879 3577 4952 etinstigavit
3598 4883 3786 4956 Apol-

2122 4967 2341 5025 lonium
2374 4967 2580 5025 ducem
2611 4973 2818 5025 contra
2839 4983 2988 5025 eum.
3016 4967 3239 5033 Quibus
3261 4967 3361 5025 ille
3381 4970 3618 5040 cedens,
3644 4985 3786 5028 con-

2121 5056 2260 5115 tulit
2290 5072 2353 5114 se
2382 5057 2455 5114 ad
2487 5071 2699 5128 regem,
2735 5061 2798 5114 ut
2828 5056 2954 5127 ejus
2973 5054 3312 5114 defensione
3333 5062 3501 5117 tutus
3523 5059 3774 5118 viveret.

1709 5238 1946 5295 VARLE
2005 5237 2410 5298 LECTIONES.

393 5368 397 5372 ’
431 5390 801 5480 ’ξ’ᾂεᾼῑξιςῐῄἰ
833 5401 882 5450 5.
917 5399 1003 5453 9c.
1035 5395 1106 5480 ξθο
1131 5395 1400 5480 ἰιᾳῖᾴίδζ
1420 5398 1620 5480 9σ2.10.
1653 5396 1831 5480 ξξιεὶω
1866 5403 1888 5453 1
1899 5404 1950 5480 _1.
1985 5397 2055 5480 ²εξι
2085 5397 2254 5480 iraa.
2279 5395 2516 5480 nemori
2558 5399 2732 5480 Δ1π11
2766 5392 3459 5480 ’ξὶεηεσνῇρΐξᾼειιτιξηίπ
3505 5399 3608 5480 οο..
3633 5409 3772 5480 vero

362 5467 560 5548 eatea,
588 5463 870 5548 colitan
879 5463 1601 5548 qztrtrtogdrigtadegjt'wr
1620 5485 1632 5520 :
1657 5463 1988 5548 Alexander
2012 5472 2205 5540 1-11,
2227 5468 2368 5548 ᾖξε-4.
2395 5466 2630 5548 numera:
2649 5467 2845 5536 2-13,
2863 5463 3664 5548 41-10,10-1οἰἰθ.ςαπι;ᾀε
3679 5472 3768 5524 10.

359 5537 502 5614 item
533 5535 794 5614 1—13,,-
807 5535 1042 5614 40’710,‘
1071 5539 1296 5614 197-10.
1330 5536 1398 5614 ξδ’
1423 5535 1641 5594 deinde
1669 5541 1749 5614 99.
1780 5537 1850 5574 ³³³
1879 5539 1972 5598 ita
2001 5553 2150 5614 quos
2176 5535 2308 5598 ridi
2339 5537 2562 5596 codices
2575 5538 2718 5610 fere
2743 5535 2938 5596 omines
2951 5555 2980 5610 ,ο
3001 5535 3264 5595 occisum
3295 5551 3426 5597 esse
3471 5535 3773 5597 occidisse

360 5607 550 5666 altera
578 5601 862 5661 vocabulo
890 5601 1073 5664 deleto
1103 5610 1190 5676 10,
1222 5609 1480 5666 occisum
1509 5621 1642 5665 esse
1671 5611 1760 5666 11.‘
