3898 6314
121 306 233 369 825

1012 303 1444 371 CHRONICA.
1476 339 1559 355 —
1588 303 2063 373 CHRONICON
2112 311 2658 383 UNIVERSALE.

3402 286 3523 389 e26

122 440 259 531 Post
280 440 532 531 mortem
555 452 694 497 vero
723 437 948 531 Seleuci
980 454 1110 497 cum
1138 445 1409 511 regnaret
1441 442 1620 498 frater
1642 441 1768 511 ejus
1796 444 1852 506 Α
1884 444 2093 513 fuerat,
2127 451 2480 531 emundavit,
2517 468 2667 512 anno
2699 458 3017 513 centesimo
3039 460 3516 531 quinquagesimo

124 528 468 599 Antiochus,
496 529 599 584 hoc
632 529 784 600 quod
821 530 890 586 de
929 531 1070 586 Onia
1090 531 1348 588 Manelao
1367 532 1655 602 Iosephus
1688 536 1770 587 te-

124 622 330 687 statur,
356 618 414 673 in
442 618 552 673 hac
567 618 825 690 hystoria
851 619 923 688 (c.
953 619 1338 692 4)de.lasone,
1374 621 1554 675 fratre
1586 620 1765 691 Onias,

125 712 413 761 narratur.
465 707 569 762 Hic
600 706 750 762 enim
787 709 980 777 Jason,
1017 709 1111 778 qui
1159 713 1211 764 et
1245 709 1471 778 Jhesus,
1503 708 1768 765 collectis

124 792 330 865 impiis,
374 792 723 850 Antiochum
776 794 940 865 adiit,
975 794 1279 866 ejectoque
1314 811 1415 867 per
1468 796 1767 867 pecuniam

123 882 295 938 fratre
328 881 502 951 Onia,
519 882 909 938 sacerdotium
932 885 1177 956 accepit,
1196 890 1254 939 et
1279 889 1515 956 accepta
1534 885 1767 939 licentia

121 976 181 1026 ut
201 970 567 1042 gymnasium
590 971 991 1028 llierosolimis
1012 972 1351 1048 aedificaret,
1373 972 1439 1029 ad
1462 973 1611 1029 ritus
1633 988 1768 1043 gen-

120 1059 254 1113 tium
290 1057 506 1114 relicta
533 1059 815 1129 religione
838 1075 901 1115 se
926 1060 1247 1116 transtulit.
1285 1063 1417 1117 Post
1454 1062 1764 1117 triennium

119 1146 471 1202 misitJason
499 1147 834 1218 Menelaum,
860 1148 1097 1203 fratrem
1123 1148 1385 1218 Symonis
1418 1149 1762 1219 supradicti,

118 1239 442 1306 portantem
486 1235 788 1306 pecuniam
816 1236 1141 1307 regi’s‘pro
1166 1237 1491 1295 sacerdotio
1522 1237 1767 1309 promis-

118 1335 254 1393 sam,
281 1323 517 1378 scilicet
542 1324 857 1393 quingenta
893 1324 1205 1393 nonaginta
1242 1325 1478 1393 talenta,
1506 1326 1607 1381 sed
1641 1326 1765 1397 ipse

119 1411 419 1481 Menelaus,
460 1412 812 1482 promittens
854 1412 1043 1468 adhuc
1090 1418 1387 1469 trecentas
1417 1413 1595 1471 libras
1620 1415 1760 1484 regi,

117 1501 374 1556 Jasonem
391 1500 811 1572 subplantavit.
836 1501 927 1557 Sic
949 1504 1143 1569 Jason,
1178 1502 1272 1572 qui
1294 1503 1530 1557 fratrem
1561 1502 1762 1558 Oniam

119 1589 356 1661 expulit,
374 1589 498 1661 ipse
519 1594 649 1661 post
665 1590 948 1660 expulsus
967 1589 1037 1645 de
1054 1590 1261 1661 patria,
1280 1591 1593 1646 secundum
1611 1590 1763 1660 quod

119 1678 325 1750 dignus
346 1682 495 1747 erat,
527 1678 659 1734 exul
710 1678 905 1750 periit.
957 1678 1248 1733 Menelaus
1273 1683 1463 1733 autem
1489 1693 1615 1734 cum
1650 1694 1761 1733 non

1881 528 2160 591 secundo.
2190 538 2444 595 Audiens
2460 541 2633 596 etiam
2656 528 3361 616 Romanorumvirtutem,
3389 549 3527 603 ami-

1881 622 2059 679 cicias
2083 625 2387 683 foederavit
2411 646 2541 685 cum
2577 632 2743 687 eiset
2774 634 3137 690 societatem.
3174 638 3309 691 Post
3344 635 3523 692 multa

1883 708 2109 768 demum
2137 716 2335 785 przelia
2353 718 2604 775 feliciter
2624 724 2788 789 gesta
2817 737 3080 792 pugnans
3097 726 3299 777 contra
3326 722 3523 776 Baebi-

1880 795 2028 867 dem,
2060 802 2328 859 Demetrii
2357 806 2696 879 principem,
2732 810 2947 866 multos
2988 810 3300 879 interfecit,
3327 809 3522 880 etipse

1881 887 2171 944 occiditur
2212 905 2361 949 anno
2395 895 2894 967 quinquagesimo,
2931 913 3060 953 cum
3098 902 3322 967 regeret
3343 912 3522 968 popu-

1882 971 2567 1054 lumannosmquinque.
2597 987 2696 1041 Cui
2735 987 3056 1042 succedens
3078 987 3258 1041 frater
3289 985 3522 1054 ejuchr-

1878 1066 2102 1135 nathas,
2137 1071 2373 1137 regebat
2409 1073 2684 1143 populum
2736 1090 2837 1144 per
2862 1090 3043 1130 annos
3076 1080 3158 1129 17.
3196 1076 3319 1137 Quo
3344 1086 3372 1126 a
3402 1070 3520 1126 Tri-

1880 1153 2066 1222 phone
2096 1158 2311 1227 occiso,
2342 1160 2567 1230 Symon,
2589 1163 3205 1232 fratereorum,tenuit
3234 1161 3519 1231 principa-

1877 1244 1998 1296 tum
2034 1246 2200 1301 annis
2229 1252 2381 1317 octo,
2421 1266 2587 1320 quem
2621 1252 2848 1323 accepit
2881 1267 3029 1307 anno
3081 1250 3517 1322 septuagesimo

1875 1328 1944 1361 ’⁸⁸
1976 1334 2135 1404 regni
2171 1336 2503 1394 Grecorum.

1948 1422 2047 1491 (Η.
2074 1438 2147 1478 9n.
2188 1429 2340 1482 etH.
2369 1429 2466 1497 Il.)
2510 1428 2776 1500 Philippo
2801 1445 2935 1497 rege
2958 1428 3333 1485 Macedonum
3369 1442 3519 1483 mor-

1874 1512 1996 1580 tuo‘,
2022 1514 2196 1582 quiet
2226 1516 2505 1571 adversus
2530 1519 2812 1573 Romanos
2839 1519 3053 1573 bellum
3076 1516 3144 1550 ²⁸⁹
3168 1521 3433 1585 gesserat
3460 1519 3520 1570 et

1878 1604 2082 1667 postea
2100 1602 2372 1658 Romanis
2392 1609 2595 1660 contra
2616 1606 2957 1661 Antiochum
2975 1604 3251 1663 auxilium
3278 1605 3516 1673 tulerat,

1878 1684 2032 1741 filius
2056 1689 2182 1757 ejus
2224 1691 2476 1747 Perseus
2504 1708 2741 1763 regnum
2764 1694 2889 1763 ejus
2924 1698 3149 1762 tenens,
3182 1692 3515 1761 rebellavit,

118 1767 481 1838 persolveret
504 1768 814 1838 promissas
840 1767 1143 1839 pecunias,
1188 1782 1289 1822 rex
1323 1766 1568 1822 abstulit
1589 1768 1637 1821 ei
1676 1782 1763 1822 sa-
1791 1804 1847 1865 B
1878 1773 2173 1843 adjutores
2220 1778 2346 1847 ejus
2379 1780 2599 1834 habens
2651 1782 2832 1835 Cotim
2868 1797 3059 1851 regem
3093 1780 3307 1836 Tracize
3340 1783 3399 1834 et
3433 1792 3519 1833 re-

115 1856 457 1924 cerdotium,
483 1860 537 1911 et
565 1855 722 1911 dedit
747 1855 889 1912 illud
916 1855 1087 1910 fratri
1127 1870 1234 1911 suo
1262 1856 1615 1925 Lysimacho.
1656 1857 1765 1910 Me-

114 1948 280 1999 tuens
310 1956 452 1998 vero
500 1943 793 1998 Menelaus
844 1958 914 1997 ne
947 1942 1121 1996 Onias
1153 1942 1445 2013 reciperet
1497 1944 1765 1999 sacerdo-

120 2032 277 2100 tium,
310 2032 429 2101 egit
463 2046 597 2087 cum
653 2030 981 2087 Andronico
1012 2030 1168 2099 regis
1197 2031 1402 2099 amico,
1460 2046 1627 2101 quem
1662 2047 1762 2087 rex

124 2120 313 2176 abiens
332 2120 586 2191 prefecit
602 2121 875 2189 negotiis,
894 2123 953 2177 ut
971 2121 1169 2177 On‘am
1206 2120 1587 2184 interficeret;
1607 2122 1759 2191 quod

123 2213 172 2265 et
205 2208 358 2265 fecit.
392 2209 737 2279 Lysimacho
771 2224 1001 2279 quoque
1030 2224 1060 2265 a
1083 2209 1299 2266 Judzeis
1322 2216 1563 2281 propter
1585 2209 1762 2266 sacri-

122 2296 256 2367 legia
285 2312 384 2353 sua
434 2297 656 2367 occiso,
719 2296 1009 2353 Menelaus
1066 2297 1453 2353 sacerdotium
1513 2298 1756 2368 recepit.

122 2388 280 2454 (Joas.
314 2401 412 2455 xu,
450 2390 544 2456 14,
571 2388 724 2455 sqq.)
750 2386 872 2452 Quo
900 2387 969 2441 ab
995 2385 1276 2441 Antiocho
1301 2387 1615 2456 Eupatore,
1642 2385 1759 2441 filio

121 2473 395 2544 Antiochi,
430 2473 722 2529 suadente
750 2474 930 2544 Lysia,
957 2474 1175 2544 occiso,
1210 2473 1502 2529 Alcbimus
1527 2475 1758 2544 quidam

122 2562 433 2632 alienigena
460 2562 682 2633 impius
706 2562 993 2618 successit
1025 2562 1374 2618 sacerdotio.
1394 2563 1459 2617 Et
1477 2563 1585 2616 hoc
1619 2561 1761 2616 divi-

124 2650 267 2707 nitus
290 2665 601 2723 percusso,
627 2649 1034 2707 deﬁcientibus
1064 2650 1436 2706 hereditariis
1466 2665 1761 2706 successo-

122 2739 290 2809 ribus,
318 2739 580 2796 omnium
606 2738 905 2795 voluntate
926 2739 1105 2795 Judas
1131 2739 1471 2795 Machabeus
1497 2739 1759 2809 suscepit

121 2828 533 2885 sacerdotium.
589 2827 766 2882 Onias
815 2826 1047 2897 quippe,
1076 2826 1231 2883 filius
1255 2827 1618 2897 Onize,quem
1645 2842 1761 2881 mo-

129 2916 297 2972 riente
333 2921 501 2988 patre
536 2914 844 2987 parvulum
883 2915 1150 2970 relictum
1179 2930 1352 2985 supra
1374 2914 1649 2983 diximus,
1681 2914 1761 2968 vi-

123 3004 249 3061 dens
279 3005 422 3061 mala
445 3019 583 3075 quae
610 3003 843 3073 fiebant,
879 3004 1025 3072 fugit
1047 3003 1116 3058 ad
1143 3004 1540 3059 Ptholomeum
1567 3018 1758 3072 regem

123 3089 353 3163 Egypti,
371 3097 427 3147 et
455 3090 711 3159 benigne
735 3091 808 3145 ab
829 3104 899 3145 eo
923 3095 1220 3161 acceptus,
1240 3090 1573 3161 impetravit
1596 3089 1667 3144 ab
1690 3104 1759 3145 eo

126 3181 396 3249 regionem
422 3194 561 3250 qua)
586 3178 970 3249 llelyopoleos
996 3182 1255 3245 vocatur,
1282 3178 1378 3234 ubi
1402 3178 1767 3235 concedente

126 3282 245 3339 rege
263 3268 596 3325 construxit
622 3267 898 3339 templum
925 3267 995 3323 ad
1018 3268 1259 3323 formam
1282 3267 1485 3338 templi
1502 3267 1765 3322 Hieroso-

129 3357 378 3427 limitani,
396 3356 558 3429 quod
578 3370 680 3427 per
712 3369 891 3412 annos
906 3357 1219 3427 permansit
1238 3371 1421 3426 usque
1437 3356 1505 3410 ad
1533 3360 1762 3425 tempus

123 3446 467 3517 Vespasiani.
502 3447 638 3515 Ipsa
672 3450 865 3501 autem
899 3444 1038 3499 urbs
1068 3459 1196 3514 quae
1228 3444 1551 3499 vocabatur
1580 3443 1757 3512 Onize,

125 3532 527 3590 dimicantibus
553 3536 759 3603 postea
780 3532 997 3588 Iudaeis
1025 3532 1332 3588 adversum
1356 3531 1663 3593 Romanos,
1690 3529 1760 3585 ad

124 3620 291 3677 solum
320 3636 508 3693 usque
574 3618 767 3675 diruta
816 3619 884 3653 ’⁸⁵
906 3624 1015 3690 est,
1066 3623 1122 3675 et
1165 3634 1352 3690 neque
1384 3618 1545 3674 urbis
1577 3633 1762 3689 neque

125 3710 305 3781 templi
327 3710 510 3767 ullum
540 3713 730 3765 restat
746 3709 1076 3778 vestigium.
1104 3708 1220 3764 Sub
1251 3707 1557 3764 occasione
1585 3707 1762 3776 igitur

127 3797 266 3854 Onias
294 3800 521 3855 inﬁnita
554 3798 887 3854 Iudaeorum
921 3797 1184 3853 examina
1216 3795 1524 3867 Egyptum
1566 3798 1763 3852 confu-

126 3892 332 3953 gerunt.
358 3886 685 3943 Asserebat
720 3884 870 3939 enim
904 3884 1099 3953 Onias,
1126 3884 1179 3938 in
1215 3898 1277 3939 se
1302 3883 1599 3954 impletum
1633 3898 1761 3939 esse

124 3974 439 4030 vaticinium
460 3972 652 4029 Ysaize
676 3973 1019 4029 scribentis:
1047 3972 1191 4029 Erit
1215 3973 1412 4029 altare
1432 3972 1677 4029 Domini
1700 3974 1764 4028 in

126 4060 356 4134 Egypto
386 4064 445 4119 et
464 4062 689 4120 titulus
710 4062 961 4119 Domini
980 4062 1047 4118 in
1071 4062 1341 4118 terminis
1364 4060 1510 4130 ejus,
1527 4065 1586 4116 et
1610 4062 1761 4131 quod

128 4149 288 4207 Ezras
316 4150 383 4184 ’⁸⁵
414 4156 557 4207 ante
610 4154 922 4206 sexcentos
954 4164 1136 4205 annos
1197 4149 1552 4221 predixerat,
1610 4148 1763 4219 quod

128 4243 413 4309 Oporteret
434 4240 492 4294 in
538 4236 786 4309 Egypto
813 4237 1091 4309 templum
1119 4237 1395 4293 mdificari
1416 4239 1531 4292 Deo
1553 4251 1656 4308 per
1685 4237 1766 4291 vi-

130 4339 240 4381 rum
264 4327 549 4385 Judaeum.
597 4326 882 4383 Antiocho
902 4331 1095 4381 autem
1122 4326 1356 4381 Iudaeos
1390 4325 1676 4393 atlligente
1705 4328 1763 4380 et

130 4413 192 4468 ad
211 4415 599 4484 gentilitatem
626 4428 728 4485 per
753 4428 811 4471 se
846 4413 1032 4485 ipsum
1056 4418 1116 4469 et
1149 4429 1251 4485 per
1275 4412 1485 4468 missos
1506 4427 1647 4468 suos
1673 4428 1767 4468 co-

1874 1862 2320 1933 gemmlllirici
2379 1865 2643 1922 Gentium
2689 1868 2935 1924 nomine.
2998 1868 3270 1923 Romanis
3323 1874 3516 1925 autem

1876 1951 2094 2007 auxilio
2117 1958 2283 2007 erant
2324 1956 2605 2011 Eumenes
2623 1970 2723 2009 rex
2749 1956 2916 2023 Asiae,
2937 1956 3117 2010 frater
3140 1955 3337 2021 Attali,
3360 1956 3517 2010 Aria-

1876 2045 2037 2095 ratus
2063 2056 2162 2095 rex
2182 2042 2541 2111 Capadocize,
2562 2043 2879 2098 Antiochus
2927 2042 3125 2112 Syriae,
3143 2042 3517 2098 Ptholomeus

1874 2128 2120 2198 zEgypti,
2168 2129 2493 2198 Masinissa,
2554 2130 2854 2186 Numidiae.
2893 2131 3134 2186 Arusias
3191 2136 3382 2186 autem
3414 2146 3518 2185 rex

1875 2215 2176 2285 Bythinite,
2207 2216 2342 2273 licet
2370 2218 2565 2274 Persei
2588 2233 2848 2274 sororem
2872 2217 2941 2250 ²⁹ί
2966 2219 3226 2286 haberet,
3252 2220 3515 2289 utrisque

1824 2328 1825 2331 η
1873 2318 1933 2359 se
1963 2320 2191 2374 {equum
2226 2306 2479 2376 prebuit.
2517 2309 2728 2363 Contra
2754 2310 3026 2362 Perseum
3073 2306 3285 2363 missus
3314 2305 3514 2361 consul

1873 2393 2115 2448 Publius
2150 2394 2421 2460 Licmius,
2474 2395 2545 2450 ab
2577 2410 2645 2450 co
2682 2396 2874 2452 vietus
2901 2400 3010 2463 cst,
3047 2409 3152 2449 nec
3181 2398 3371 2448 tamen
3407 2394 3516 2448 Ro-

1873 2481 2022 2535 mani
2048 2482 2169 2550 regi
2191 2498 2389 2553 pacem
2418 2484 2637 2554 potenti
2667 2486 2929 2554 prestare
2960 2481 3291 2550 voluerunt,
3318 2482 3427 2537 nisi
3452 2494 3515 2537 se

1872 2574 1931 2624 et
1957 2584 2095 2625 suos
2111 2571 2339 2625 senatui
2372 2572 2899 2627 subdidiss«t.Mox
2922 2573 3124 2626 contra
3151 2585 3279 2624 eum
3305 2570 3517 2624 missus

1874 2657 2085 2713 Lucius
2129 2659 2391 2714 Emilius
2434 2659 2646 2714 Paulus
2678 2659 2903 2727 consul,
2947 2659 3085 2714 vicit
3119 2673 3272 2727 eum,
3302 2662 3360 2712 et
3390 2670 3519 2712 cum

1873 2744 2091 2813 ingenti
2122 2761 2324 2816 pompa
2346 2748 2577 2802 Romam
2596 2747 2765 2802 rediit
2788 2748 2842 2801 in
2858 2747 2987 2801 navi
3008 2740 3269 2815 ejusdem
3296 2744 3512 2813 Persei,

1873 2833 2247 2901 quzeinusitae
2284 2833 2702 2902 magnitudinis
2736 2832 3246 2901 ferebaturfuisse,
3275 2832 3419 2887 adeo
3452 2835 3512 2886 ut

1872 2920 2126 2975 sedecim
2152 2920 2387 2977 ordines
2412 2936 2698 2977 remorum
2726 2922 2954 2976 dicatur
2975 2920 3267 2975 habuisse.
3301 2918 3517 2975 Trium-

1875 3009 2068 3079 phavit
2123 3015 2316 3065 autem
2350 3009 2566 3066 Paulus
2599 3009 2652 3064 in
2683 3025 2862 3065 curru
2896 3022 3091 3075 aureo,
3125 3007 3350 3063 duobus
3381 3006 3515 3061 filiis

1873 3098 1998 3153 suis
2029 3101 2280 3168 utroque
2328 3098 2511 3154 latere
2541 3097 2889 3153 astantibus.
2948 3095 3113 3152 Ducti
3156 3099 3347 3151 autem
3381 3096 3513 3149 sunt

1872 3192 2006 3243 ante
2030 3202 2265 3243 currum
2281 3186 2406 3256 ejus
2427 3187 2540 3242 duo
2565 3185 2665 3239 filii
2683 3186 2836 3254 regis
2859 3188 2915 3240 et
2942 3185 3066 3255 ipse
3086 3186 3331 3239 Perseus
3347 3184 3514 3238 annis

1874 3276 2259 3345 quadraginta
2313 3275 2573 3351 quinque
2603 3281 2795 3352 natus,
2833 3273 2927 3344 qui
2962 3276 3095 3343 post
3126 3271 3279 3342 apud
3315 3270 3514 3325 Albam

1875 3364 1929 3418 in
1961 3363 2234 3419 custodia
2267 3363 2514 3427 defecit;
2541 3362 2846 3418 Iiliusvero
2870 3362 2996 3431 ejus
3018 3360 3215 3431 junior
3239 3359 3516 3415 fabricam

1874 3452 2137 3508 aerariam
2170 3452 2242 3508 ob
2273 3451 2634 3507 tolerandam
2658 3450 2906 3521 inopiam
2936 3451 3128 3505 Roma;
3153 3447 3380 3518 didicit,
3414 3447 3519 3503 ibi-

1874 3555 1984 3610 que
2015 3541 2327 3596 defunctus
2359 3544 2448 3594 est

1946 3631 2106 3684 Anno
2130 3632 2321 3684 autem
2354 3628 2423 3682 ab
2454 3630 2609 3684 Urbe
2666 3625 2900 3683 condita
2935 3624 3381 3693 sexcentesimo,
3418 3623 3516 3694 qui

1873 3721 2000 3774 26‘“
2023 3716 2457 3789 Phylometoris
2481 3714 2841 3781 inscribitur,
2860 3728 2989 3768 cum
3007 3726 3207 3767 omnes
3227 3712 3518 3767 Romanos

1876 3808 2080 3876 ingens
2113 3806 2539 3861 Celtiberorum
2573 3806 2761 3858 metus
2785 3801 3112 3869 invasisset,
3137 3814 3239 3854 nec
3259 3804 3416 3854 esset
3446 3814 3520 3855 ex

1874 3896 2142 3954 omnibus
2173 3895 2269 3965 qui
2307 3893 2395 3948 vel
2430 3892 2597 3947 miles
2622 3890 2711 3946 vel
2742 3889 2970 3959 legatus
2996 3888 3076 3942 ire
3098 3888 3151 3941 in
3188 3886 3517 3957 llispaniam

1873 3981 2396 4052 audcret,Publius
2429 3978 2637 4049 Scipio,
2678 3976 2927 4032 Africani
2962 3989 3163 4046 nepos,
3191 3975 3286 4045 qui
3310 3979 3369 4029 et
3392 3974 3518 4044 ipse

1876 4079 2007 4146 post
2043 4071 2349 4127 Africanus
2382 4072 2467 4123 cst
2501 4067 2712 4135 dictus,
2750 4064 2906 4120 ultro
2952 4078 3012 4120 se
3044 4062 3426 4118 militaturum
3461 4063 3517 4118 in

1876 4161 2146 4234 Hispania
2178 4156 2417 4226 obtulit,
2451 4159 2792 4211 cumtamen
2820 4153 2874 4208 in
2899 4152 3287 4207 Macedoniam
3312 4153 3521 4205 contra

1875 4252 2205 4323 Philippum
2237 4246 2555 4317 deputatus
2588 4247 2768 4298 esset.
2791 4242 3100 4297 Profectus
3125 4239 3321 4308 itaque
3353 4237 3405 4292 in
3431 4237 3524 4291 lli-

1878 4341 2159 4413 Spaniam,
2183 4341 2436 4405 stragem
2492 4345 2750 4401 magnam
2775 4329 2957 4398 dedit,
2984 4327 3183 4398 sepius
3203 4327 3378 4383 etiam
3421 4323 3522 4378 mi-

1880 4430 2002 4484 litis
2035 4442 2203 4497 quam
2231 4422 2604 4497 ducis‘oflicio
2635 4434 2947 4483 usus;nam
2973 4423 3031 4473 et
3058 4417 3366 4497 barbarum
3392 4429 3523 4486 pro-

130 4509 303 4574 gente,
341 4502 694 4560 Mathathias
723 4517 853 4559 cum
885 4502 1138 4573 quinque
1164 4501 1296 4556 filiis
1325 4501 1447 4557 suis
1480 4501 1766 4557 adversus
1796 4509 1849 4569 D
1880 4488 2183 4558 vocantem
2215 4493 2593 4566 singulariter
2615 4505 2972 4561 congressus
2993 4488 3230 4544 occidit.

137 4603 227 4647 eos
240 4607 392 4649 arma
406 4592 718 4663 corripuit,
734 4595 794 4648 et
811 4591 1028 4663 patrias
1052 4590 1210 4660 leges
1222 4590 1472 4667 viriliter
1486 4590 1761 4645 defendit.

139 4677 247 4745 Quo
268 4687 397 4752 post
420 4695 635 4738 annum
687 4680 991 4750 moriente,
1017 4679 1243 4735 scilicet
1267 4693 1418 4735 anno
1440 4679 1766 4735 centesimo

144 4767 576 4839 quadragesimo
606 4772 776 4824 sexto
832 4768 993 4838 regni
1027 4769 1362 4837 Grecorum,
1398 4767 1494 4838 qui
1519 4771 1608 4822 est
1644 4771 1768 4823 13“!

137 4852 565 4927 Phylometoris,
630 4855 891 4913 decimus
920 4871 1055 4912 vero
1111 4855 1402 4926 Antiochi,
1462 4854 1615 4912 filius
1644 4856 1768 4926 ejus

138 4940 661 5001 JudasMachabeus
679 4943 966 5001 successit
982 4943 1156 5016 patri,
1172 4948 1231 4998 et
1244 4947 1599 5013 congregato
1613 4959 1770 5001 excr-

135 5026 263 5099 citu,
278 5031 599 5088 vindictam
620 5032 675 5087 in
701 5031 849 5087 male
865 5037 1106 5101 agentes
1123 5031 1404 5087 exercuit.
1422 5032 1475 5087 ls
1492 5032 1767 5102 templum

138 5114 202 5169 ab
222 5117 506 5175 Antiocho
519 5119 889 5176 destructum
906 5118 1183 5175 nobiliter
1195 5119 1495 5174 renovavit
1517 5121 1573 5175 et
1599 5133 1629 5174 a
1648 5135 1770 5176 sor-

141 5198 298 5261 dibus
342 5206 669 5278 ydolorum,
719 5205 933 5279 quibus
962 5221 1067 5279 per
1110 5206 1423 5263 triennium
1483 5206 1766 5279 pollutum

1949 4591 2162 4649 Eodem
2188 4592 2453 4657 tempore
2476 4581 2715 4639 Messala
2742 4594 2953 4635 censor
2977 4576 3196 4647 primus
3229 4575 3520 4630 theatrum

1880 4679 2172 4753 lapideum
2198 4675 2253 4730 in
2279 4674 2432 4730 Urbe
2456 4669 2720 4727 construi
2744 4666 2946 4737 jussit,
2975 4663 3126 4753 quod
3153 4676 3221 4717 ne
3255 4661 3524 4753 tuncfi‘e-

1879 4749 1989 4837 ret,
2029 4766 2218 4837 Scipio
2242 4763 2449 4818 Nasica
2471 4757 2815 4828 gravissima
2833 4751 3238 4809 dehortatione
3262 4749 3518 4819 obstitit,

1881 4857 2081 4914 dicens
2114 4847 2578 4908 inimicissimum
2604 4846 2724 4899 fore
2760 4840 2973 4913 populo
3009 4837 3277 4894 bellatori
3310 4837 3419 4893 hoc
3449 4838 3521 4893 ad

1880 4939 2250 5001 nutriendam
2315 4934 2597 4992 desidiam
2662 4929 3036 4997 lasciviaeque
3108 4928 3516 4996 commentum,

1882 5033 2144 5100 adeoque
2164 5026 2341 5083 movit
2360 5028 2647 5088 senatum,
2665 5023 2728 5074 ut
2747 5032 2860 5073 non
2885 5015 3070 5072 solum
3085 5012 3273 5069 omnia
3291 5013 3521 5069 theatro

1880 5122 2216 5190 comparata
2238 5113 2308 5147 ²⁰²
2333 5110 2502 5169 vendi
2536 5105 2803 5180 jusserit,
2832 5101 2930 5161 sed
2960 5102 3134 5158 etiam
3159 5100 3434 5190 subsellia
3465 5102 3520 5156 in

1881 5189 2037 5263 ludis
2070 5202 2204 5276 poni
2228 5195 2699 5273 prohibuerit“,
2726 5200 2786 5251 et
2809 5197 2872 5250 ut
2889 5205 3074 5262 neque
3089 5189 3315 5260 urbani,
3335 5192 3520 5258 neque

1476 5356 1566 5414 VA
1576 5358 1712 5414 Rl/E
1751 5354 2154 5414 LECTIONES.

206 5466 270 5545 "f
299 5484 346 5528 r.
383 5485 441 5545 p.
477 5477 525 5545 δ,
562 5471 673 5545 α²⁸⁸
701 5472 956 5545 dirutum
987 5479 1037 5533 δ.
1070 5478 1147 5531 9°.
1192 5472 1294 5545 ﬁ”
1337 5473 1546 5531 ezdras
1594 5478 1644 5530 δ.
1722 5471 1794 5545 ῗετ
1825 5486 2007 5545 annos

147 5542 286 5622 sapt.
322 5541 409 5615 Μ’,
468 5543 524 5622 et
546 5543 641 5622 ita
678 5541 1281 5622 deincepantoonis
1332 5545 1599 5622 numeris
1656 5543 1847 5607 addit.

144 5607 565 5691 m'comp'arato
595 5618 644 5676 ὕ.
672 5613 751 5676 οο.
785 5607 906 5678 to.’
944 5614 1012 5657 ’θ’
1039 5614 1460 5695 prohibuerunt
1488 5621 1536 5678 ὅ.

2062 5468 2314 5542 quinque
2345 5458 2684 5542 -—A_‘regeb'at
2736 5461 2954 5542 {iescmt
2982 5463 3073 5542 4.__
3108 5455 3178 5492 ²⁸⁸
3199 5452 3523 5542 gentesimo

1955 5526 2023 5579 iis
2052 5526 2277 5602 1591133,
2384 5533 2453 5572 ιοο
2478 5526 2622 5607 θὶς,
2660 5533 2778 5593 n..i.
2815 5545 3023 5607 regem.
3042 5535 3093 5591 5.
3199 5526 3267 5566 ²⁰¹
3297 5526 3433 5585 h..s.
3468 5529 3516 5579 δ.
