3898 6324
390 276 508 351 62⁸1

1547 273 2031 341 EKKEHARDI
2073 274 2630 342 URAUGIENSIS

3654 271 3750 340 628

397 418 494 494 qui
529 433 562 480 a
592 419 734 480 foris
761 417 919 478 mille
950 417 1222 492 passibus
1253 414 1550 480 adessent,
1569 413 1840 473 sedentes
1867 410 2038 469 ludos
2065 412 2120 473 Α
2151 425 2262 482 que
2281 411 2878 484 pugnaretur,u'tima
2893 409 3227 482 desperatio
3252 407 3751 481 Kartaginensesad

397 514 754 582 spectarent,
799 524 870 567 ne
910 506 1193 564 fortitudo
1227 505 1457 562 illorum
1504 503 1897 562 mollesceret.
1929 501 2036 559 Illo

397 610 631 668 quoque
668 601 932 669 tempore
959 595 1172 652 Tuccia
1201 593 1366 664 virgo
1397 591 1650 648 Vestalis
1682 591 2038 660 arguebatur

398 682 624 742 incesti.
664 687 735 740 At
778 683 877 739 illa
911 696 1160 754 purgare
1205 695 1267 738 se
1321 678 1680 750 argumentis
1726 675 2038 746 dedignata

399 770 767 840 mortalibus,
815 771 884 828 ad
914 770 984 804 ³⁸⁸
1011 769 1276 841 Tyberim
1309 766 1520 824 detulit
1553 765 1830 832 cribrum,
1867 763 2039 832 idque

401 857 787 928 submergens
816 857 904 928 ³⁸⁸,
939 871 1108 930 prece
1139 855 1356 925 addita,
1393 853 1614 924 inquit:
1665 853 1710 910 Ο
1768 850 1954 919 Vesta,
1984 848 2041 906 si

392 945 504 1016 pia
528 959 676 1015 sum,
702 945 758 1002 si
801 945 974 1016 virgo
1000 959 1150 1013 sum,
1201 943 1407 1000 hance
1460 940 1675 1014 Tybew’
1721 951 1944 1010 aquam
1962 936 2044 994 ad

403 1032 683 1105 templum
715 1035 882 1092 tuam
901 1033 1189 1106 deferam.
1217 1033 1284 1088 Et
1304 1029 1569 1103 pertulit.

472 1123 636 1181 Anno
687 1123 1177 1193 sexingentesimo
1206 1120 1462 1178 secundo
1495 1117 1740 1175 tercium
1764 1119 2041 1174 Punicum

402 1213 618 1270 bellum
649 1217 918 1269 exortum
949 1216 1060 1268 est.
1085 1211 1413 1279 lgiturcum
1447 1209 1682 1266 senatus
1701 1205 2042 1262 abolendam

400 1303 770 1372 Kartaginem
799 1301 1219 1370 decrevissent,
1255 1297 1501 1371 profecti
1531 1294 1806 1354 consules
1836 1293 2044 1350 Lucius

401 1391 650 1448 Manlius
695 1391 1052 1448 Censorinus
1082 1393 1140 1445 et
1181 1391 1408 1444 Marcus
1463 1385 1728 1454 Manlius,
1760 1388 1820 1440 et
1851 1382 2044 1453 Scipio

403 1483 542 1536 tunc
563 1477 839 1534 tribunus
860 1477 1128 1545 militum,
1153 1475 1570 1547 propeUticam
1597 1475 1792 1528 castra
1808 1469 2046 1540 majoris

403 1565 659 1623 Africani
695 1569 1025 1622 tenuerunt.
1087 1564 1168 1620 lbi
1201 1560 1720 1633 Kartaginsnsibus
1779 1555 2044 1614 evocatis

397 1651 701 1724 jussisque
733 1657 794 1709 ut
839 1667 995 1709 arma
1027 1653 1082 1708 et
1105 1665 1284 1707 naves
1320 1649 1626 1708 traderent
1648 1663 1755 1704 nec
1779 1644 2041 1713 moratis,

2149 501 2507 559 deditionem
2517 501 2717 572 traxit,
2738 506 3028 573 petentes,
3050 503 3114 556 ut
3128 513 3273 572 quos
3289 497 3429 554 belli
3446 497 3634 555 clades
3646 501 3754 556 reli-

2151 605 2297 662 quos
2311 591 2685 661 fecit,saltem
2711 590 2934 647 servire
2963 588 3201 654 liceret;
3221 601 3289 643 ac
3317 586 3564 658 primum
3585 601 3752 659 agmen

2151 677 2455 736 mulierum
2481 680 2626 737 satis
2657 679 3008 750 miserabile,
3040 678 3177 750 post
3205 675 3466 731 virorum
3496 676 3665 746 magis
3683 678 3755 734 de-

2151 769 2333 824 forme
2356 767 2679 824 descendit.
2710 769 2845 824 Nam
2874 768 3050 826 fuisse
3082 765 3391 823 mulierum
3417 767 3487 818 25
3509 762 3670 836 milia,
3693 766 3754 822 vi-

2149 870 2346 913 rorum
2379 859 2448 912 30
2477 855 2652 925 milia,
2687 856 2980 914 memoriae
3021 854 3295 912 traditur.
3327 854 3454 910 Rex
3483 854 3757 912 Hastrubal

2153 957 2216 1000 se
2247 943 2402 1001 ultro
2432 945 2613 1015 dedit,
2671 945 2907 1016 suisque
2936 947 3163 1000 tantum
3195 943 3451 1000 salutem
3499 941 3754 1009 obtinuit;

2154 1032 2470 1103 transfugae
2500 1032 2832 1090 voluntario
2887 1031 3206 1105 precipicio
3261 1029 3409 1100 dati,
3470 1032 3756 1102 consumpti

2153 1120 2456 1202 suntigni,
2515 1136 2814 1192 quosquos
2873 1125 3066 1178 autem
3120 1120 3460 1189 transfugas
3515 1119 3760 1176 Romanos

2153 1209 2346 1280 Scipio
2378 1209 2644 1266 obtinere
2676 1209 2890 1280 potuit,
2924 1209 3200 1266 crucibus
3220 1207 3428 1278 afllxit,
3455 1207 3670 1263 Latinos
3693 1221 3760 1263 se-

2153 1297 2277 1354 curi
2306 1299 2618 1368 percussit.
2650 1299 2808 1356 Uxor
2839 1297 3207 1355 Hastrubalis
3233 1295 3640 1353 ubiardentem
3657 1297 3761 1350 Kar-

2158 1386 2407 1455 taginem
2433 1387 2681 1458 aSpexit,
2706 1387 2834 1443 viro
2858 1402 2966 1444 suo
2986 1402 3116 1443 cum
3141 1385 3378 1442 duobus
3402 1383 3534 1440 filiis
3556 1383 3664 1440 suis
3689 1397 3759 1440 oe-

2154 1475 2360 1545 currit,
2377 1475 2548 1546 eique
2563 1475 2740 1531 dixit:
2771 1476 2908 1532 Vive
2922 1475 3120 1546 timui
3129 1474 3432 1546 superstes
3449 1473 3762 1530 esseKartar

2150 1563 2288 1630 gini
2295 1563 2477 1632 potes,
2497 1577 2750 1634 nampro
2765 1563 3487 1636 nobisfmstrarogasses.
3512 1561 3578 1615 Et
3603 1558 3761 1615 volen-

2160 1647 2317 1705 tibus
2349 1650 2501 1720 filiis,
2530 1650 2682 1706 virili
2713 1651 2937 1722 dolore,
2964 1651 3212 1708 femineo
3236 1649 3530 1720 furore,in
3553 1647 3759 1704 medium

405 1743 566 1796 tanta
592 1741 680 1797 vis
701 1755 989 1797 armorum
1014 1744 1252 1812 repente
1271 1739 1486 1794 tradita
1502 1741 1614 1808 est,
1639 1741 1700 1792 ut
1730 1735 1897 1791 facile
1917 1736 2042 1790 tota
2075 1759 2126 1819 Β
2159 1749 2222 1790 se
2250 1737 2497 1807 conjecit
2526 1739 2875 1810 incendium,
2905 1739 3111 1797 eodem
3144 1737 3320 1796 modo
3351 1737 3568 1794 exitum
3595 1734 3761 1792 mortis

404 1839 478 1882 ex
499 1827 590 1884 his
623 1828 811 1884 Africa
835 1827 1127 1900 potuisset
1145 1826 1376 1883 armari.
1415 1825 1524 1882 Sed
1547 1829 1859 1896 postquam
1883 1833 2044 1877 arma

405 1915 777 1974 tradiderunt
799 1920 858 1972 et
876 1915 1157 1972 derelicta
1175 1915 1318 1971 urbe
1339 1913 1612 1971 recedere
1629 1910 1882 1984 procula
1900 1907 2043 1964 mari

405 2005 604 2061 decem
626 2005 862 2061 milibus
898 2019 1169 2076 passuum
1196 2002 1346 2075 jussi
1371 2007 1526 2071 sunt,
1564 2000 1826 2056 dolorem
1857 1998 1928 2054 ad
1951 1997 2046 2053 de-

406 2093 800 2165 sperationem
855 2091 1256 2158 contulerunt,
1290 2095 1391 2147 aut
1420 2089 1716 2146 defensuri
1747 2087 2044 2146 civitatem

404 2186 505 2239 aut
527 2197 656 2238 cum
683 2181 808 2253 ipsa
838 2195 943 2252 per
975 2180 1156 2252 ipsam
1191 2176 1536 2250 sepeliendi,
1569 2189 1818 2246 moxque
1839 2175 1948 2230 sibi
1977 2173 2047 2207 ²⁹⁶

405 2268 554 2326 duos
581 2266 964 2324 Hastrubales
989 2267 1169 2322 duces
1191 2268 1414 2331 creant,
1441 2277 1714 2334 armaque
1741 2263 1930 2318 facere
1954 2277 2050 2332 ag-

405 2356 617 2427 gressi,
653 2359 962 2426 postquam
994 2369 1075 2410 aes
1119 2354 1451 2422 ferrumque
1483 2351 1718 2420 defecit,
1753 2363 1930 2406 aurea
1960 2364 2048 2404 ar-

401 2449 730 2514 genteaque
747 2439 1318 2498 fecerunt.Consules
1331 2439 1570 2496 Romani
1588 2439 1790 2495 urbem
1804 2437 2044 2508 agressi,

404 2547 534 2590 cum
567 2531 927 2602 aliquantum
968 2529 1115 2584 muri
1149 2532 1371 2599 partem
1419 2526 1489 2560 ²⁹⁷
1517 2525 1800 2582 machinis
1842 2524 2050 2582 diruis-

405 2623 556 2690 sent,
591 2633 620 2675 a
672 2615 1190 2684 Kartaginensibus
1233 2614 1373 2670 victi
1403 2617 1537 2670 sunt
1595 2618 1771 2684 atque
1804 2611 2044 2684 repulsi.

407 2709 564 2775 Quos
601 2705 892 2775 fugientes
925 2702 1114 2773 Scipio
1143 2700 1421 2767 defendit,
1470 2700 1638 2756 hoste
1668 2699 1821 2755 intra
1853 2713 2051 2754 muros

405 2792 660 2866 repulso.
695 2793 751 2847 Is
783 2788 934 2862 apud
963 2801 1165 2844 omnes
1189 2787 1408 2857 ingenti
1441 2791 1597 2842 metu
1627 2789 1684 2842 et
1717 2785 2050 2841 reverentia

407 2887 554 2951 erat,
579 2893 709 2936 nam
733 2881 792 2933 et
816 2875 1226 2948 paratissimus
1251 2875 1321 2930 ad
1354 2873 1744 2931 dimicandum
1773 2875 1835 2926 et
1864 2885 2053 2942 prom-

409 2969 713 3043 ptissimus
743 2967 868 3020 erat
893 2961 964 3019 ad
992 2961 1432 3034 consulendum,
1465 2975 1574 3018 nec
1606 2959 1914 3032 quicquam
1938 2973 2055 3014 ma-

402 3061 494 3130 gis
518 3058 698 3114 duces
717 3054 1024 3108 Pomorum
1046 3049 1332 3117 vitabant,
1351 3064 1520 3121 quam
1547 3052 1749 3105 contra
1774 3060 1899 3101 eam
1926 3059 2056 3117 par-

399 3105 943 3205 tetigissem...
975 3105 1345 3194 committere
1369 3105 1466 3193 ubi
1491 3135 1683 3218 Scipio
1717 3105 2052 3190 dimicabat.
2087 3105 2135 3163 C

401 3241 514 3302 Per
547 3247 699 3305 idem
758 3238 990 3298 tempus
1021 3224 1321 3288 Masinissa
1365 3255 1469 3296 rex
1522 3223 1918 3292 Numidarum,
1956 3238 2060 3293 per

404 3346 586 3390 annos
619 3334 740 3390 fere
784 3329 1080 3400 sexaginta
1114 3331 1335 3389 amicus
1370 3329 1568 3405 pepuli
1610 3329 1870 3401 Romani,
1908 3336 2059 3386 mor‘

402 3424 544 3478 tuus
565 3424 652 3476 est
677 3433 826 3476 anno
852 3419 986 3475 vitae
1010 3433 1130 3476 suae
1161 3419 1536 3491 nonagesimo
1567 3419 1836 3490 septimo,
1863 3417 2057 3475 valen-

411 3508 640 3565 tissime
655 3522 885 3579 semper
907 3521 1156 3578 corpore
1172 3522 1572 3579 perseverans.
1599 3507 1700 3564 Ilic
1723 3511 1814 3563 est
1838 3505 1926 3562 vir
1956 3506 2053 3578 qui

407 3609 719 3667 numquam
752 3595 808 3650 in
838 3596 1040 3668 ymbre
1079 3595 1170 3652 vel
1203 3596 1452 3652 maximo
1483 3600 1656 3668 caput
1705 3610 1873 3652 suum
1903 3597 2050 3652 texit

406 3689 508 3740 aut
533 3683 839 3754 frigore,ct
857 3687 975 3740 tam
1000 3683 1096 3740 diu
1117 3683 1170 3739 in
1196 3698 1310 3740 uno
1333 3684 1496 3740 stetit
1523 3683 1865 3754 vestigio,ut
1889 3683 2054 3754 prius

399 3771 644 3842 juvenes
671 3771 1022 3830 lassitudine
1047 3769 1344 3842 cederent,
1396 3787 1567 3843 quam
1601 3771 1699 3829 ille
1729 3771 1799 3828 de
1831 3771 1961 3828 loco
1993 3771 2048 3827 in

406 3873 520 3930 quo
541 3863 790 3916 steterat
821 3864 1174 3917 moveretur.
1209 3859 1265 3916 Si
1313 3863 1602 3932 stetisset,
1629 3875 1700 3916 ne
1730 3861 2049 3916 membrum

409 3945 641 4017 quidem
662 3949 786 4004 tota
801 3948 893 4004 die
905 3949 1195 4017 movebat,
1221 3947 1266 4004 si
1283 3947 1396 4005 iter
1411 3948 1714 4018 ingressus
1726 3952 1819 4005 est
1842 3961 2046 4018 eques,

404 4047 519 4091 non
560 4035 972 4106 descendebat,
1005 4035 1053 4092 si
1093 4034 1294 4107 pedes,
1328 4051 1442 4094 non
1497 4035 1870 4107 ascendebat,
1902 4035 2052 4093 sole-

407 4121 623 4192 batque
675 4123 948 4194 equitans
979 4123 1037 4179 in
1065 4123 1326 4182 exercitu
1365 4124 1520 4181 nocti
1555 4123 1706 4180 diem
1739 4123 2048 4195 sepissime

404 4209 780 4279 conjungere,
797 4213 856 4266 et
879 4209 967 4266 sui
991 4211 1314 4268 custodiam
1341 4212 1701 4283 tutelamque
1724 4211 2049 4268 sevissimis

403 4295 652 4353 canibus
671 4297 1094 4356 committebat.
1112 4300 1252 4356 Post
1272 4299 1690 4370 octogesimum
1709 4303 1936 4357 sextum
1952 4315 2049 4356 an-

402 4396 538 4440 num
559 4385 760 4454 genuit
787 4385 988 4457 filium,
1009 4386 1102 4444 cui
1130 4401 1335 4446 nomen
1366 4387 1476 4445 fuit
1510 4387 1818 4458 Methuma,
1845 4387 2048 4445 nichil-

2161 1823 2374 1882 faciens
2417 1831 2677 1885 extrema
2733 1829 2954 1900 regina,
3005 1843 3172 1901 quem
3235 1827 3524 1900 quondam
3583 1825 3758 1882 fecerat

2135 1911 2360 1982 prima.
2388 1916 2516 1986 Ipsa
2531 1931 2672 1972 vero
2689 1917 2899 1974 civitas
2913 1916 3112 1974 decem
3136 1919 3193 1974 et
3216 1919 3442 1987 septem
3458 1913 3762 1970 diebuscon-

2159 2001 2333 2058 tinnis
2363 2004 2526 2073 assit,
2567 2005 2958 2075 miserumque
2990 2003 3392 2076 spectaculum
3424 2003 3494 2058 de
3521 2002 3760 2059 varietate

2155 2089 2509 2148 conditionis
2528 2091 2791 2150 humanae
2815 2091 3142 2149 victoribus
3165 2091 3293 2148 suis
3312 2091 3564 2162 prebuit,
3583 2089 3761 2146 diruta-

2157 2193 2270 2248 que
2301 2183 2412 2250 est,
2449 2180 2602 2235 omni
2637 2179 2841 2237 murali
2863 2178 3058 2251 lapide
3087 2179 3144 2234 in
3175 2179 3478 2251 pulverem
3501 2191 3754 2234 converso.

2158 2265 2335 2336 Cujus
2359 2266 2509 2322 situs
2533 2267 2861 2337 hujusmodi
2884 2267 3059 2324 fuisse
3085 2267 3324 2324 dicitur.
3347 2267 3460 2322 Per
3476 2265 3760 2336 vigintiduo

2160 2353 2313 2409 milia
2343 2369 2618 2426 passuum
2650 2370 2813 2412 muro
2846 2355 3132 2428 amplexa,
3167 2359 3298 2412 toto
3342 2369 3488 2426 pene
3518 2353 3646 2409 mari
3671 2351 3760 2409 cin-

2156 2442 2427 2512 gebatur,
2464 2443 2686 2514 absque
2719 2443 3003 2514 faucibus,
3039 2457 3166 2514 qua
3196 2442 3396 2500 tribus
3429 2440 3646 2497 milibus
3667 2453 3763 2510 pas-

2159 2544 2325 2586 suum
2351 2531 2784 2602 aperiebantur.
2811 2533 2866 2588 Is
2881 2531 3044 2588 locus
3064 2529 3550 2601 murumtriginta
3565 2526 3761 2601 pedibus

2161 2616 2340 2674 latum
2373 2617 2576 2675 habuit
2608 2633 2750 2676 saxo
2806 2619 3114 2689 quadrato,
3150 2617 3205 2674 in
3239 2617 3555 2675 altitudine
3582 2615 3761 2674 cubito-

2162 2720 2286 2761 rum
2318 2707 2404 2762 to.
2441 2708 2578 2775 Arx,
2613 2707 2704 2763 cui
2737 2707 2918 2764 Birsaa
2952 2721 3156 2765 nomen
3189 2706 3324 2776 fuit,
3359 2704 3530 2779 paulo
3561 2703 3758 2777 amplius

2162 2807 2332 2864 quam
2347 2793 2463 2850 duo
2477 2794 2632 2850 milia
2651 2797 3296 2868 passuumtenebat.Ex
3311 2808 3424 2852 una
3439 2798 3595 2868 parte
3607 2805 3762 2849 murus

2161 2882 2482 2938 communis
2506 2883 2633 2939 urbi
2657 2889 2716 2940 et
2749 2884 2929 2940 Birsae
2951 2888 3098 2954 erat,
3125 2883 3437 2940 imminens
3469 2880 3618 2951 mari,
3645 2875 3761 2950 quod

2163 2983 2320 3026 mare
2336 2971 2612 3042 Stagnum
2629 2971 2864 3030 dicitur.
2884 2973 3069 3042 [gitur
3093 2974 3352 3042 Kartago
3367 2965 3762 3044 septingentesi-

2166 3073 2256 3115 mo
2270 3074 2418 3116 anno
2455 3064 2761 3132 postquam
2779 3061 3013 3117 condita
3037 3065 3129 3117 est
3145 3059 3342 3116 deleta
3357 3064 3464 3130 est,
3498 3052 3758 3114 multitudo

2166 3146 2751 3218 omniscaptivorum,
2767 3148 3030 3220 exceptis
3047 3147 3251 3220 paucis
3278 3146 3648 3220 principibus,
3661 3154 3762 3198 ven-

2169 3233 2291 3289 dita
2313 3239 2420 3290 est.
2439 3235 2522 3291 Ita
2548 3242 2758 3308 quarto
2789 3244 3096 3309 postquam
3137 3241 3400 3306 coeptum
3419 3239 3506 3292 est
3529 3245 3658 3290 anno
3677 3232 3762 3283 ter

2166 3322 2318 3380 cium
2335 3325 2615 3381 Punicum
2631 3324 2843 3382 bellum
2859 3329 2954 3382 est
2973 3323 3375 3381 terminatum.
3403 3323 3587 3397 Scipio
3601 3331 3762 3378 nomen

2167 3411 2322 3481 quod
2337 3426 2482 3468 avus
2496 3413 2622 3482 ejus
2635 3417 2962 3486 acceperat,
2980 3413 3212 3483 meruit,
3251 3413 3481 3470 scilicet
3496 3417 3552 3470 ut
3567 3413 3761 3484 propter

2163 3499 2444 3556 virtutem
2467 3503 2641 3560 etiam
2675 3504 2800 3575 ipse
2822 3503 3130 3559 Africanus
3147 3503 3349 3574 junior
3369 3506 3678 3562 vocaretur.

2235 3590 2446 3646 Eodem
2479 3607 2628 3649 anno
2661 3591 3030 3663 Chorinthus,
3068 3592 3437 3651 nobilissima
3481 3589 3676 3647 Cresia:
3703 3585 3761 3642 ci-

2161 3679 2333 3750 vitas,
2365 3680 2644 3739 subversa
2673 3687 2766 3762 est
2798 3682 3067 3740 incendio
3099 3698 3128 3740 a
3161 3683 3433 3740 Mummio
3453 3679 3519 3719 ²⁹⁸
3543 3673 3756 3738 consule.

2161 3769 2266 3826 Ubi
2293 3784 2442 3841 cum,
2477 3775 2722 3843 propter
2750 3771 3183 3830 multitudinem
3213 3776 3274 3828 et
3321 3771 3646 3829 varietatem
3671 3768 3760 3822 sta-

2161 3861 2390 3915 tuarum
2415 3859 3040 3932 simulachrorumque,
3065 3859 3436 3918 inillotantas
3451 3857 3684 3918 civitatis
3698 3855 3760 3912 in-

2157 3946 2366 4004 cendio
2396 3947 2680 4020 permixta
2715 3948 2771 4004 in
2805 3962 2979 4004 unum
3011 3948 3158 4019 auri,
3195 3949 3426 4019 argenti
3465 3950 3627 4018 atque
3653 3945 3758 4002 aeris

2160 4035 2394 4093 metalla
2429 4036 2718 4106 fluissent,
2752 4049 2966 4092 novum
2993 4051 3177 4106 genus
3207 4035 3431 4094 metalli
3455 4037 3652 4092 factum
3670 4034 3753 4087 est.

2161 4124 2320 4181 Unde
2344 4138 2526 4196 usque
2559 4123 2752 4194 hodie,
2789 4137 2914 4179 eive
2944 4138 3014 4180 ex
3048 4124 3176 4196 ipso
3225 4126 3353 4184 sive
3381 4140 3454 4181 ex
3483 4119 3757 4180 imitatione

2159 4215 2307 4287 ejus,
2329 4229 2412 4272 ms
2441 4213 2803 4270 Corinthium
2836 4211 3052 4270 dicitur
3082 4218 3141 4269 et
3175 4228 3313 4272 vasa
3346 4211 3646 4271 Corinthia.
3668 4207 3758 4263 Hoc

2157 4306 2422 4374 tempore
2445 4306 2570 4358 tres
2597 4300 2965 4359 celeberrimi
2983 4301 3261 4375 triumphi
3276 4301 3449 4360 Simul
3470 4302 3650 4357 Roma
3669 4294 3758 4351 fue-

2157 4397 2324 4447 runt:
2350 4391 2602 4448 Africani
2625 4405 2698 4448 ex
2721 4391 2936 4463 Africa,
2965 4395 3102 4448 ante
3133 4391 3304 4462 cujus
3324 4405 3556 4450 currum
3584 4388 3755 4446 ductus

402 4485 514 4543 que
538 4471 692 4544 quod
719 4473 949 4544 juvenis
974 4455 1118 4533 fecit
1141 4491 1266 4534 aevo
1298 4475 1502 4533 ultimo
1531 4455 1908 4548 pretermisit.
1936 4477 2048 4534 Mo—
2076 4455 2128 4516 D
2157 4482 2248 4536 est
2269 4478 2612 4545 Hastrubal;
2639 4478 2854 4536 Metelli
2886 4455 2958 4537 ex
2990 4455 3343 4547 Macedonia,
3369 4479 3532 4552 cujus
3560 4485 3754 4534 currum

401 4559 558 4619 riens
589 4561 769 4632 igitur
801 4565 869 4619 44
898 4562 1050 4620 ﬁlios
1080 4565 1340 4635 reliquit,
1371 4563 1525 4620 inter
1554 4579 1702 4636 quos
1734 4564 2045 4622 divisorem
2159 4567 2440 4639 precessit
2471 4567 2848 4640 Andariscus,
2883 4567 2982 4640 qui
3010 4571 3072 4624 et
3111 4567 3648 4640 PseudOphilippus,
3675 4574 3754 4618 rex

399 4662 532 4706 esse
563 4649 890 4723 Scipionem
919 4652 1118 4723 jussit.
1153 4652 1262 4718 Qui
1292 4657 1600 4725 postquam
1624 4653 1776 4710 inter
1809 4669 1914 4711 eos
1935 4655 2048 4710 Nu-
2157 4654 2562 4724 Macedonum;
2592 4655 2840 4712 Mummii
2882 4655 2953 4690 ’9’
2978 4669 3050 4712 ex
3090 4657 3389 4729 Corintho,
3446 4657 3572 4712 ante
3619 4662 3752 4723 quem

399 4735 591 4794 midias
612 4752 853 4808 regnum
879 4738 1098 4810 divisit,
1129 4740 1498 4810 Kartaginem
1529 4755 1802 4800 reversus
1823 4746 1938 4800 est.
2157 4742 2321 4813 signa
2351 4756 2511 4800 aenea
2533 4749 2591 4800 et
2617 4743 2788 4816 pictze
2815 4742 3032 4801 tabula
3057 4749 3114 4800 et
3137 4744 3249 4804 alia
3274 4745 3441 4802 urbis
3462 4737 3751 4802 clarissima)

468 4825 635 4884 Anno
657 4841 688 4883 a
720 4828 904 4884 Roma
931 4825 1168 4884 condita
1199 4828 1690 4898 sexingentesimo
1726 4835 1918 4903 sexto,
1949 4831 2046 4903 qui
2157 4836 2498 4888 ornamenta
2526 4830 2752 4904 prelata
2783 4835 2941 4889 sunt.
2971 4833 3290 4892 Interfecto
3318 4837 3510 4891 autem
3539 4823 3752 4886 Pseudo-

396 4918 490 4971 est
518 4912 950 4984 Pbylometoris
998 4917 1143 4986 32‘",
1176 4929 1308 4974 cum
1343 4915 1566 4973 clarum
1623 4921 1782 4974 esset
1839 4933 2044 4976 nomen
2156 4917 2442 4992 philippo,
2478 4921 2575 4993 qui
2608 4919 2720 4978 sibi
2753 4920 3146 4979 Macedoniam
3179 4920 3502 4994 usurpavit,
3536 4919 3749 4984 itemque

399 4999 948 5073 Scipionis,juvenis
972 5001 1376 5060 adhucconsul
1410 5004 1602 5062 factus
1630 5007 1742 5076 est,
1768 5007 1826 5062 et
1851 5003 2048 5063 delere
2157 5008 2620 5082 Pseudoperseo,
2653 5009 2750 5082 qui
2784 5023 2847 5066 se
2877 5011 3076 5068 Persei
3118 5010 3298 5070 lilium
3324 5007 3581 5082 jactavit,
3607 5004 3751 5061 Mace-

397 5086 768 5158 Kartaginem
819 5103 1092 5162 suprema
1123 5093 1286 5147 sorte
1323 5089 1582 5160 molitus,
1617 5091 1935 5150 Cothonem
1967 5093 2050 5150 in-
2157 5096 3227 5169 donesgentiumdominosmﬂomani
3251 5094 3750 5172 principestributa-

399 5183 639 5241 gressus
663 5179 774 5233 est.
794 5177 902 5234 Ubi
924 5191 1056 5235 cum
1079 5191 1182 5236 sex
1205 5177 1414 5236 diebus
1436 5177 1733 5237 continuis
1753 5179 2048 5238 noctibus-
2159 5184 2280 5244 rios
2295 5186 2943 5264 fecerunt,regnumque
2956 5187 3329 5248 Macedonum
3344 5177 3742 5258 defecit.(Htxn).

1769 5349 2006 5406 VARIAE
2046 5353 2446 5413 LECTIONES.

395 5460 836 5566 :..’°.f..‘.’.‘.’f..‘.‘.3.°'
853 5461 1196 5566 ηῗῗξηξέιεέίὲο
1221 5463 1354 5566 αξξ,ίέ
1368 5467 2132 5566 ,θῖέἔιέιᾶξξειάἐξέιωέαλιξας
2162 5477 2564 5566 insanam}:-
2608 5555 2621 5566 .
2643 5479 2714 5566 '1‘
2736 5496 2812 5566 ιη-
2837 5481 2894 5566 d:
2926 5483 2990 5540 Ην
3027 5483 3137 5566 είΡί
3159 5485 3418 5566 sucosa-
3491 5479 3554 5516 ’⁸⁷
3573 5493 3620 5552 ρ·
3640 5474 3736 5530 ἰλ-⁵

500 5535 758 5590 nummio
777 5535 828 5590 δ.
853 5535 1128 5592 muminio
1149 5539 1198 5594 4.
1277 5536 1690 5600 ²⁰⁹.ωιιιιιὶιιὶἱ4.
1717 5545 1976 5602 nummii.
2003 5535 2082 5605 9°.
2117 5535 2131 5547 ’
2161 5547 2232 5584 ³⁰⁰
2250 5535 2571 5609 domini—El.
2605 5535 3346 5615 tribﬁiaiibiséﬁb'éﬁiﬁ
3359 5535 3433 5612 δέ.
