3898 6312
127 303 244 366 629

993 297 1437 366 CHRONICA.
1471 332 1554 351 ι-
1583 295 2054 367 CHRONICON
2106 300 2657 370 UNIVERSALE.

3415 315 3535 379 630

196 437 422 496 Statius
444 434 695 494 Cecilius
725 433 1120 494 comediarum
1153 435 1409 507 scriptor
1458 434 1654 494 clarus
1676 434 1773 523 ba:
1800 433 1859 495 A
1886 440 1978 493 tra
2011 436 2188 497 illium
2223 440 2427 497 habuit
2463 441 2721 511 ejusdem
2755 443 3006 503 nominis
3032 445 3398 519 Antiochum,
3431 449 3527 523 qui

125 528 297 587 betur
320 526 417 583 his
459 525 689 595 diebus,
726 525 822 595 qui
853 524 1089 581 natione
1149 525 1364 589 Gallus,
1394 524 1515 581 sive
1546 529 1605 581 ut
1675 522 1771 580 alii

124 617 320 674 dicunt
337 613 723 683 Mediolanus,
751 613 996 686 primum
1012 612 1176 669 Ennii
1203 611 1663 683 contubernalis,
1683 626 1774 669 se-

127 704 320 777 quenti
351 718 503 760 anno
535 707 669 774 post
697 706 939 759 mortem
969 701 1094 773 ejus
1128 706 1390 758 mortuus
1420 706 1529 758 est.
1555 702 1772 757 Ennius

125 799 260 842 vero
289 788 465 857 poeta
496 786 594 840 70'
626 782 822 839 aetatis
852 796 972 838 suae
1020 796 1169 837 anno
1209 781 1514 838 articulari
1569 779 1771 836 morbo

126 874 314 947 periit,
345 873 739 946 sepultusque
792 874 893 928 est
924 871 980 927 in
1037 876 1410 927 monumento
1464 868 1769 941 Scipionis,

125 963 209 1020 via
243 960 447 1035 Appia,
482 960 637 1017 intra
673 960 919 1032 primum
950 960 1022 1015 ab
1052 958 1204 1017 Urbe
1257 958 1590 1015 miliarium.
1614 957 1773 1014 Tunc

125 1051 292 1108 etiam
321 1049 533 1108 Lucius
556 1047 623 1088 ³⁰¹
654 1054 826 1121 poeta
860 1049 1146 1105 nascitur.

172 1151 305 1199 Alex.
419 1147 517 1197 ,ιυά
674 1149 781 1209 Syr.

191 1230 257 1285 14
478 1231 499 1284 1
691 1229 748 1283 11
937 1229 1257 1282 Deficiente
1290 1237 1473 1293 regno
1516 1229 1776 1277 Macedo-

189 1320 256 1372 15
474 1320 510 1372 2
691 1318 760 1371 12
834 1329 989 1385 num,
1024 1314 1203 1385 C(Bpif.
1244 1327 1487 1383 regnum
1543 1307 1777 1366 ludam-

130 1419 269 1469 rum.
302 1403 401 1461 ubi
435 1403 663 1475 primus
686 1416 754 1459 eo
777 1407 1041 1475 tempore
1076 1402 1464 1475 principatum
1525 1399 1769 1458 tenebat

122 1492 294 1550 ludas
312 1492 680 1549 Machabaaus
712 1491 880 1547 annis
912 1496 965 1561 5,
1025 1493 1096 1547 ab
1124 1505 1273 1547 anno
1303 1493 1370 1547 47
1414 1490 1578 1560 regni
1636 1490 1775 1546 Gre‘

125 1595 341 1651 corum,
365 1582 463 1652 qui
491 1586 583 1637 est
604 1582 673 1637 14
699 1587 757 1619 ιιι
778 1579 1213 1653 Pbylomitoris,
1238 1584 1363 1634 11ιι³
1393 1593 1535 1635 vero
1576 1577 1773 1635 Antio.

124 1669 215 1725 chi
234 1669 491 1727 lllustris
531 1668 637 1740 (Cf.
673 1670 889 1741 lnam).

197 1760 266 1814 16
466 1761 497 1814 3
711 1763 736 1813 1

194 1848 262 1901 17
448 1849 484 1904 4
693 1849 729 1902 2
808 1843 964 1903 illius
1018 1844 1281 1902 Antiochi
1340 1844 1621 1914 Illustris,
1681 1856 1768 1899 re-

123 1933 315 2003 gnavit
345 1932 400 1990 in
432 1933 598 2005 Syria
631 1934 797 1992 annis
819 1933 1065 1991 duobus.

1042 2022 1186 2079 Anni
1245 2022 1317 2078 ab
1370 2020 1545 2077 inicio
1605 2022 1763 2077 3800-

187 2116 252 2169 18
456 2117 492 2168 5
711 2116 733 2168 1
910 2110 1243 2167 Demetrius
1314 2108 1543 2167 Seleuci
1608 2106 1764 2164 illius

126 2200 309 2258 fratris
332 2198 611 2257 Antiochi
630 2198 909 2269 lllustris,
926 2199 1121 2256 occiso
1144 2198 1430 2254 Antiocho
1446 2198 1759 2267 Eupatore,

125 2288 781 2362 ﬁliompatruimsui,
822 2288 1090 2358 regnavit
1141 2288 1196 2343 in
1247 2287 1409 2359 Syria
1460 2285 1624 2342 annis
1673 2288 1758 2342 11.

126 2379 218 2435 llic
244 2378 309 2413 ³⁰⁴
337 2377 551 2435 habuit
588 2376 736 2433 fllios
767 2375 931 2445 duos,
958 2375 1310 2433 Demetrium
1372 2373 1483 2431 sibi
1510 2374 1764 2444 tenuive-

129 2481 242 2523 cum
270 2471 327 2523 et
358 2465 734 2529 Antiochum,
768 2464 865 2536 qui
893 2464 1085 2522 dictus
1108 2463 1340 2519 Sedites
1394 2462 1487 2519 vel
1530 2463 1756 2519 Sother.

192 2560 253 2612 19
465 2558 491 2610 1
719 2556 753 2609 2
925 2552 1225 2621 Jonathas,
1263 2552 1444 2607 frater
1473 2549 1634 2607 Iudae
1653 2549 1762 2605 Ma-

130 2642 335 2714 cbabei,
375 2647 507 2715 post
545 2646 791 2699 mortem
822 2639 1218 2711 ejussuscepit
1249 2638 1661 2711 principatum,
1702 2640 1760 2693 et

131 2746 191 2787 eo
211 2746 383 2788 annos
413 2735 484 2789 18
539 2734 782 2786 strenue
829 2728 982 2784 rexit
1014 2726 1309 2799 populum.
1367 2727 1580 2799 (Ηιειι.)
1639 2725 1765 2781 llis-

937 1225 1257 1282 Deflciente
1290 1237 1473 1293 regno
1515 1219 1776 1277 Macedo-

131 2820 472 2892 temporibus
507 2816 882 2875 Aristobolus
907 2816 1174 2886 equidem
1197 2815 1593 2887 phylosophus
1608 2830 1763 2870 com-

130 2908 423 2967 mentarios
456 2906 704 2980 scripsit
732 2906 787 2962 in
820 2904 1004 2963 libros
1036 2904 1236 2977 Moysi,
1264 2907 1324 2960 et
1348 2902 1562 2961 obtulit
1589 2903 1762 2958 Ptho-

130 2994 299 3054 lomeo
334 2997 476 3069 regi.

186 3088 249 3142 27
457 3089 494 3141 9
672 3089 740 3141 10
1062 3083 1260 3137 Annus
1293 3080 1758 3137 sexcentesimus

185 3176 250 3230 28
425 3177 497 3231 10
676 3176 735 3229 11
1101 3170 1173 3225 ab
1196 3170 1350 3225 Urbe
1380 3169 1637 3226 condita.

184 3264 248 3317 29
419 3266 478 3318 11
701 3265 725 3316 1
906 3257 973 3316 Al
991 3257 1256 3329 :xander,
1292 3258 1429 3315 item
1462 3257 1616 3315 illius
1648 3259 1758 3314 An-

187 3351 248 3406 30
419 3353 489 3406 12
701 3351 736 3404 2
809 3346 991 3404 tiocbi
1019 3345 1292 3413 lllustris,
1312 3347 1492 3402 frater
1506 3347 1756 3417 Eupato-

191 3441 244 3492 31
424 3443 494 3495 13
712 3439 743 3491 3
818 3434 923 3505 ris,
971 3434 1166 3491 occiso
1214 3433 1526 3504 Demetrio,
1562 3433 1752 3505 patrui

188 3527 249 3581 32
423 3528 493 3583 14
708 3524 742 3578 4
816 3522 1150 3580 suiSeleuci
1192 3521 1332 3592 filio,
1366 3522 1627 3592 regnavit
1658 3536 1755 3578 an-

127 3612 206 3671 nis
228 3616 275 3670 4.
304 3613 649 3671 Hicducens
680 3611 1072 3682 CleOpatram,
1116 3608 1437 3667 Ptholomei
1478 3609 1635 3680 regis
1693 3609 1755 3665 fl-

131 3701 270 3773 liam,
298 3703 498 3773 genuit
533 3714 608 3757 ex
639 3714 705 3756 ea
736 3699 1100 3757 Antiochum.

186 3794 246 3845 33
411 3796 477 3847 15
695 3792 718 3843 1
905 3787 1067 3860 (los).
1095 3787 1441 3857 Demetrius,
1474 3786 1629 3844 filius
1648 3788 1752 3843 De-

185 3882 246 3934 34
405 3884 473 3937 16
687 3880 722 3932 2
796 3876 1007 3946 metrii,
1043 3890 1210 3947 quem
1243 3875 1571 3932 Alexander
1600 3876 1752 3933 occi-

186 3972 245 4024 35
407 3972 476 4025 17
686 3969 719 4021 3
795 3965 899 4033 dit,
919 3978 1159 4035 regnum
1174 3978 1244 4020 eo
1264 3963 1495 4021 vivente
1510 3964 1746 4036 invasit,

126 4055 205 4111 cui
257 4054 637 4113 Ptholomeus
690 4052 1066 4124 Phylometor
1137 4052 1503 4125 CleOpatram
1572 4052 1748 4108 flliam

128 4156 267 4199 suam
348 4141 681 4201 Alexandro
736 4140 987 4197 ablatam
1044 4139 1367 4210 conjunxit,
1434 4140 1749 4212 occisoque

126 4228 452 4304 Alexandro,
488 4230 762 4301 regnavit
791 4228 1121 4285 Demetrius
1138 4228 1301 4285 annis
1333 4228 1609 4301 quinque,
1644 4230 1743 4286 sed

124 4319 304 4388 quinto
324 4325 540 4393 captus
568 4322 655 4376 est
688 4318 760 4374 ab
793 4319 1008 4375 Arsace
1039 4315 1385 4373 Parthorum
1421 4331 1585 4387 rege.
1642 4317 1746 4374 Re-

124 4412 312 4473 gnante
328 4414 526 4465 autem
552 4406 738 4463 adhuc
755 4405 1069 4474 Demetrio,
1093 4404 1344 4476 Triphon
1368 4404 1600 4476 quidam
1617 4420 1745 4478 par-

125 4493 249 4550 tium
279 4495 591 4553 Alexandri
635 4494 775 4551 tulit
832 4492 1199 4563 Antiochum,
1242 4492 1422 4550 illium
1480 4493 1741 4563 ejusdem

127 4580 435 4655 Alexandri,
450 4589 513 4641 et
542 4583 679 4640 licet
695 4583 883 4639 adhuc
905 4581 1149 4654 parvulo
1169 4581 1431 4638 diadema
1466 4582 1745 4654 imposuit

128 4673 181 4723 ut
207 4678 489 4743 regnaret,
514 4670 619 4729 sed
648 4674 857 4742 quarto
890 4668 1116 4742 imperii
1146 4669 1273 4739 ejus
1299 4683 1448 4725 anno
1490 4670 1623 4727 dolo
1654 4686 1748 4728 oc-

124 4756 247 4813 cidit
275 4774 423 4830 eum,
458 4760 703 4831 ipseque
736 4757 1020 4829 regnavit.
1044 4758 1151 4813 Sed
1182 4760 1240 4813 et
1272 4757 1381 4815 hoc
1437 4758 1623 4815 tercio
1654 4760 1743 4816 sui

126 4846 267 4915 regni
301 4861 450 4904 anno
497 4847 596 4903 int-
623 4846 830 4917 rfecto,
865 4845 1189 4903 Antiochus
1231 4847 1414 4903 frater
1466 4848 1741 4904 Demetrii

126 4936 387 5007 regnavit,
418 4935 515 4992 cui
549 4934 856 5006 Cleopatra
885 4934 1083 4991 fratris
1105 4950 1254 4991 uxor
1278 4935 1500 5006 nupsit,
1534 4934 1605 4992 de
1629 4951 1743 5007 qua

125 5014 284 5076 ﬁlium
310 5022 570 5094 suscepit
599 5022 828 5080 nomine
856 5021 1223 5093 Antiochum,
1260 5023 1357 5094 qui
1398 5022 1595 5080 dictus
1650 5029 1740 5081 est

127 5105 404 5168 Ciziceuus
425 5126 456 5167 a
479 5111 719 5168 civitate
752 5110 961 5181 Cizico,
995 5111 1050 5168 in
1068 5127 1178 5183 qua
1203 5112 1461 5169 nutritus
1489 5119 1602 5169 est.
1637 5114 1742 5169 Dc-

125 5196 347 5255 metrius
376 5213 628 5271 quoque,
660 5200 841 5257 frater
872 5199 1163 5272 Antiochi,
1188 5216 1261 5257 ex
1277 5201 1479 5258 eadem
1505 5200 1741 5274 Cleopa-

928 1756 1094 1829 (Jos.)
1126 1756 1469 1826 Antiochus,
1488 1755 1764 1827 Eupator.
1796 1782 1850 1844 Β

1886 527 2082 585 dictus
2113 532 2199 586 est
2235 529 2500 601 Griphus.
2539 532 2603 586 lli
2636 531 2751 588 duo
2784 532 2997 589 fratres
3061 535 3331 591 Antiochi
3386 537 3527 596 dicti

1886 621 2087 689 postea
2106 618 2176 674 de
2194 631 2370 687 regno
2386 619 2834 677 contenderunt.
2855 620 3197 692 Antiochus,
3217 621 3528 682 Alexandri

1885 704 2060 776 illius,
2096 705 2370 777 imposito
2392 706 2503 762 sibi
2533 706 2860 763 diademate
2884 723 2913 763 a
2937 708 3245 780 Triphone,
3266 712 3529 781 regnavit

1884 799 2086 851 contra
2122 794 2476 851 Demetrium
2507 795 2674 851 annis
2706 798 2757 867 4,
2793 797 2895 853 sed
2926 802 3136 868 quarto
3162 812 3313 855 anno
3343 800 3417 856 ab
3438 814 3533 857 eo-

1883 882 2013 939 dem
2043 882 2328 955 Triphone
2358 898 2462 955 per
2493 882 2690 941 dolum
2724 886 2956 942 occisus
2978 890 3087 944 est.

1908 973 2066 1020 Alex..
2164 971 2279 1020 Jud.
2408 974 2517 1035 Syr.

1989 1055 2012 1106 1
2191 1053 2258 1107 18
2475 1053 2509 1107 4
2675 1052 2886 1126 (Πιειι.)
2931 1052 3308 1113 Ptholomeus
3358 1056 3531 1113 Ever-

1881 1143 2050 1209 getes
2107 1138 2398 1197 secundus
2440 1140 2707 1209 regnavit
2743 1141 3106 1199 Alexandria
3155 1144 3321 1199 annis
3360 1147 3447 1214 29,
3499 1157 3530 1200 a

1886 1228 2321 1286 restauratione
2344 1228 2547 1302 templi
2576 1233 2889 1287 ann03880.
2926 1230 3027 1297 (Η.
3049 1231 3276 1302 M.)His
3309 1236 3530 1304 tempo-

1885 1316 2047 1372 ribus
2078 1319 2269 1373 Romae
2303 1333 2447 1390 puer
2487 1333 2558 1376 ex
2588 1318 2795 1375 ancilla
2838 1323 3012 1377 natus
3065 1324 3152 1376 est
3196 1319 3528 1392 quadrupes

1886 1404 2321 1476 quadrimanus,
2349 1406 2536 1463 oculis
2567 1410 2836 1478 quatuor,
2870 1405 3112 1463 auribus
3140 1406 3405 1476 totidem,
3432 1422 3529 1463 na-

1883 1497 2073 1548 turam
2109 1493 2331 1549 virilem
2366 1493 2655 1566 duplicem
2692 1496 2927 1551 habens.
2966 1496 3025 1550 ln
3082 1494 3411 1552 Boniniensi
3460 1493 3530 1528 ³⁰⁸

1881 1594 2024 1651 agro
2056 1583 2250 1653 fruges
2281 1584 2338 1638 in
2368 1584 2679 1641 arboribus
2710 1589 2860 1640 natae
2900 1587 3065 1642 sunt.

2002 1673 2036 1725 2
2250 1676 2274 1726 1
2496 1676 2527 1727 ὅ
2710 1671 2878 1745 (10s.)
2918 1672 3145 1743 Symon,
3195 1672 3376 1728 frater
3430 1672 3527 1727 Ju-

1880 1756 1967 1816 dm
1984 1762 2042 1814 et
2072 1759 2355 1829 Jonathae,
2376 1762 2504 1831 post
2539 1766 2778 1817 mortem
2814 1775 3015 1818 eorum
3043 1761 3217 1831 rexit,
3248 1758 3523 1833 pepulum

1876 1844 2208 1904 Iudaeorum
2242 1848 2409 1903 annis
2437 1852 2592 1904 octo.

2018 1938 2050 1989 3
2265 1939 2300 1992 2
2515 1938 2539 1990 1
2725 1935 2994 2007 Triphon,
3066 1935 3264 1993 occiso
3330 1935 3528 1993 Antio-

2018 2024 2052 2077 4
2266 2027 2297 2079 3
2511 2027 2545 2079 2
2618 2024 2727 2080 eho
2768 2025 3035 2095 regnavit
3094 2026 3260 2081 annis
3307 2026 3520 2096 tribus,

2017 2116 2048 2167 tt
2264 2114 2298 2168 4
2504 2118 2536 2169 3
2610 2112 2711 2171 sed
2733 2127 2882 2170 anno
2902 2114 3089 2172 tercio
3118 2115 3292 2172 etiam
3317 2115 3442 2188 ipse
3456 2113 3524 2149 ³⁰⁸

1873 2202 2108 2259 occisus
2130 2205 2241 2258 est.

2018 2296 2051 2349 6
2267 2294 2297 2346 5
2517 2294 2541 2346 1
2728 2289 3072 2360 Antiochus,
3092 2292 3188 2363 qui
3209 2295 3267 2349 et
3292 2290 3521 2348 Sedites

1872 2384 1963 2438 est
1998 2380 2329 2452 appellatus
2353 2380 2534 2436 frater
2556 2380 2852 2449 Demetrii,
2874 2385 3184 2451 postquam
3205 2385 3413 2453 captus
3428 2387 3520 2438 est

1874 2470 2056 2525 frater
2068 2467 2238 2539 ejusa
2256 2482 2390 2538 rege
2413 2468 2781 2537 Parthorum,
2808 2467 2934 2538 ipse
2958 2468 3222 2537 regnavit
3245 2469 3409 2526 annis
3430 2473 3516 2540 15,

1873 2557 2112 2614 fratrem
2144 2572 2174 2614 a
2206 2558 2551 2631 captivitate
2580 2556 2875 2629 liberavit,
2912 2558 3008 2629 qui
3042 2563 3172 2631 post
3218 2558 3406 2631 ipsum
3436 2573 3525 2615 re-

1870 2646 2096 2715 gnavn.

1944 2734 2011 2789 lO
2227 2738 2250 2789 1
2473 2738 2505 2789 5
2689 2732 2853 2803 Uos.)
2887 2735 3051 2806 xm.)
3086 2734 3397 2804 Iohannes,
3424 2734 3520 2804 qui

1870 2826 1929 2878 et
1956 2824 2273 2893 Hyrcanus,
2308 2820 2465 2879 illius
2512 2821 2796 2892 Symonis,
2830 2821 3142 2879 interfecto
3197 2826 3364 2893 patre
3386 2837 3516 2879 cum

1870 2910 2098 2968 duobus
2127 2908 2262 2966 ﬁliis
2305 2909 2361 2965 in
2418 2909 2684 2967 convivio
2718 2923 2821 2981 per
2871 2908 3112 2965 insidias
3171 2908 3371 2980 generi
3426 2908 3515 2967 sui

1869 2998 2211 3068 Ptholomei,
2240 2997 2336 3069 qni
2361 3000 2486 3054 erat
2517 2997 2635 3053 dux
2657 2998 2811 3053 circa
2844 2997 3330 3068 Hiericho,tenuit
3359 2998 3516 3070 prin-

1868 3088 2125 3159 cipatum
2156 3085 2487 3144 Iudaeorum
2520 3085 2685 3141 annis
2713 3086 2955 3153 triginta
2980 3089 3037 3142 et
3087 3100 3219 3142 uno.
3254 3085 3354 3142 His
3376 3100 3513 3143 con-

1869 3181 1957 3231 tra
1979 3175 2255 3231 Hircanos
2280 3172 2492 3229 bellum
2508 3185 2737 3241 gerens,
2756 3172 3040 3229 llircanns
3054 3172 3384 3243 appellatus
3397 3177 3504 3229 est.

1867 3262 2159 3335 (HlER.-—)
2180 3262 2387 3318 Jos.de
2414 3259 2534 3317 bell
2548 3259 2715 3330 Jud.,
2743 3275 2781 3331 ι,
2814 3263 2892 3334 3.)
2923 3260 3025 3316 llic
3057 3261 3147 3316 vir
3176 3260 3347 3333 plane
3380 3261 3513 3318 bea-

1864 3352 2151 3421 tissimus,
2182 3352 2297 3407 tria
2312 3349 2557 3406 maxime
2585 3348 2879 3420 praecipua
2911 3347 3073 3405 solus
3092 3348 3508 3421 habebat,quia

1865 3439 1978 3497 dux
2008 3443 2067 3496 et
2090 3439 2348 3511 pontifex
2379 3443 2439 3493 et
2462 3436 2748 3509 propheta
2779 3439 2926 3504 erat,
2956 3451 3085 3492 cum
3110 3451 3224 3507 quo
3257 3439 3410 3494 Deus
3439 3435 3508 3470 ³⁰⁷

1864 3528 1942 3584 ita
1972 3528 2511 3600 colloquebatur,ut
2546 3526 2874 3582 futurorum
2898 3524 3073 3581 nichil
3096 3526 3327 3596 penitus
3352 3526 3511 3597 igno-

1864 3623 2041 3674 raret.
2086 3615 2298 3687 (illam)
2332 3614 2435 3670 llic
2491 3612 2692 3684 praelia
2736 3611 2914 3668 multa
2950 3614 3197 3683 peregit,
3259 3614 3508 3685 primum

1861 3710 2064 3763 contra
2094 3704 2494 3760 Ptholomeum
2523 3701 2746 3759 sororis
2777 3715 2896 3757 sua;
2925 3700 3132 3771 virum,
3173 3700 3380 3758 deinde
3413 3703 3511 3759 Sa-

1861 3795 2098 3850 mariam
2122 3791 2424 3850 obsidione
2446 3794 2677 3862 captam
2701 3788 2825 3845 solo
2846 3789 3193 3859 coaequavit,
3221 3804 3390 3860 quam
3413 3806 3509 3862 po-

1859 3887 1985 3940 stea
2018 3882 2274 3939 Herodes
2293 3868 2651 3949 instaurans,
2679 3876 2978 3933 Sebastem
3010 3876 3067 3933 in
3093 3876 3370 3933 honorem
3396 3880 3508 3936 Au-

1857 3971 2015 4040 gusti
2045 3967 2383 4042 appellavit.
2420 3965 2744 4022 Antiochus
2774 3978 3027 4035 quoque,
3063 3979 3232 4035 quem
3268 3964 3503 4035 quidam

1858 4057 2134 4127 Seditem,
2167 4053 2397 4127 quidam
2417 4067 2555 4109 vero
2580 4051 2892 4123 Spondium
2926 4055 3155 4121 vocant,
3190 4052 3374 4108 frater
3402 4055 3507 4109 De-

1858 4145 2073 4212 metrii,
2107 4144 2330 4216 pridem
2364 4142 2593 4214 Symoni
2626 4141 2908 4209 infensus,
2942 4139 3201 4197 secundo
3256 4143 3504 4214 Hyrcani

1858 4249 2028 4304 anno,
2060 4232 2314 4289 deducto
2351 4229 2639 4299 exercitu,
2674 4227 3075 4285 Hierosolimis
3104 4227 3334 4285 obsedit
3365 4231 3509 4300 Hyr-

1855 4336 2082 4379 canum.
2112 4320 2249 4390 (Jos.
2270 4318 2349 4389 ib,
2378 4333 2415 4389 ι,
2439 4320 2494 4390 2)
2518 4318 2593 4373 At
2620 4315 2717 4372 ille
2742 4316 3032 4388 patefacto
3064 4316 3377 4388 sepulchro
3400 4319 3507 4375 Da-

1854 4410 1972 4479 vid,
2006 4408 2136 4481 plus
2161 4408 2353 4479 quiam
2376 4405 2492 4462 tria
2525 4403 3052 4462 miliatalentorum
3078 4405 3212 4461 inde
3236 4405 3504 4476 abstulit,

1773 4481 1827 4543 D
1857 4495 2427 4569 datisquetrecentis
2443 4494 2750 4562 Antiocho,
2784 4498 2847 4549 ut
2874 4507 2905 4549 a
2935 4493 3175 4549 civitate
3197 4493 3502 4550 recederet

1857 4585 2167 4658 persuasit.
2204 4584 2270 4639 Et
2305 4586 2367 4639 ut
2392 4581 2524 4637 facti
2558 4581 2769 4638 leniret
2797 4579 3285 4642 invidiam,fertur
3308 4580 3503 4636 exhac

1855 4673 2099 4747 pecunia
2133 4672 2464 4729 instituisse
2499 4668 2883 4738 xenodochia,
2924 4668 3136 4738 quibus
3175 4668 3502 4739 susciperct

1853 4776 2144 4835 pauperes
2170 4765 2231 4817 et
2262 4758 2624 4832 peregrinos.
2644 4758 2899 4826 Cumque
2930 4755 3393 4812 fortunatissime
3421 4756 3503 4812 vi-

1852 4855 2018 4907 veret
2053 4863 2155 4921 per
2187 4862 2368 4904 annos
2399 4851 2466 4903 30
2492 4848 2552 4901 et
2585 4842 3015 4913 unum,optime
3040 4843 3217 4898 rebus
3240 4843 3501 4899 ammini-

1852 4937 2079 5009 stratis,
2119 4935 2387 5006 moritur,
2448 4932 2702 5003 quinque
2763 4930 2897 4987 flliis
2950 4929 3192 4987 relictis.
3239 4930 3495 4997 Quorum

1851 5026 2137 5083 maximus
2175 5029 2315 5081 natu
2364 5019 2754 5089 Aristobolus,
2798 5018 3084 5076 translato
3146 5018 3201 5074 in
3250 5033 3494 5088 regnum

1851 5114 2204 5187 principatu,
2238 5112 2462 5185 primus
2493 5108 2645 5183 apud
2695 5107 2925 5166 Iudaeos
2947 5106 3212 5164 diadema
3240 5107 3348 5165 sibi
3396 5107 3497 5164 im-

1850 5201 2066 5275 posuit,
2102 5205 2205 5259 398
2231 5201 2397 5257 annis
2428 5215 2495 5256 ac
2522 5197 2713 5255 tribus
2744 5197 3043 5255 mensibus
3070 5201 3295 5254 exactis
3336 5202 3497 5269 post-

1457 5378 1694 5436 VARIE
1734 5379 2132 5439 LECTIONES.

179 5500 505 5563 '“lucilius
536 5511 619 5565 11.
677 5506 744 5543 ’θ’
770 5508 935 5570 deest
976 5512 1033 5567 4.
1103 5514 1186 5568 9°.

1257 5509 1329 5545 ⁸⁰³
1384 5517 1595 5584 patruo
1650 5528 1775 5584 suo,
1836 5517 1887 5572 4.
1976 5511 2043 5547 ³⁰⁸
2078 5512 2184 5571 llic
2220 5544 2274 5555 «-
2304 5510 2515 5570 Sother
2535 5510 2752 5570 desunt
2780 5515 2870 5569 10.
2910 5516 3002 5570 11.
3042 5508 3111 5544 ³⁰⁸
3154 5509 3417 5570 boniensi
3442 5515 3491 5565 5.

122 5568 183 5606 ³⁸⁸
208 5586 262 5632 e.
297 5574 333 5633 i.
367 5590 419 5634 a.
448 5580 497 5633 t.
532 5583 583 5650 5,
611 5593 759 5639 anno
788 5568 974 5641 tercio
1008 5580 1131 5657 ipse
1160 5582 1344 5643 eciam
1362 5568 1454 5641 ἀεῖ
1472 5568 1959 5643 ίθοῖοιιῖιῖᾱθο-ίθθ.
