3898 6318
339 343 452 410 681

1497 329 1981 400 EKKEHARDI
2024 331 2585 403 URAUGIENSIS

3634 334 3747 398 632

341 495 510 553 quam
543 477 791 553 populus
813 477 884 536 de
911 475 1257 551 Babylonica
1273 474 1446 534 rediit
1466 471 1824 546 captivitate.
1851 467 1982 522 Fra-
2010 465 2066 526 A
2097 468 2336 528 invenit.
2370 473 2556 544 Igitur
2589 471 2922 531 Numantini
2954 469 3050 528 diu
3073 469 3339 528 conclusi
3372 471 3434 526 et
3459 466 3614 524 fame
3629 469 3751 523 tru-

338 575 488 628 trem
523 569 873 640 Antigonum
905 584 935 627 a
959 583 1020 626 se
1035 567 1351 625 secundum
1373 568 1531 633 natu,
1552 576 1719 633 quem
1736 557 1980 627 diligere

337 660 668 730 videbatur,
706 660 760 715 in
791 661 1011 716 honore
1045 659 1170 730 pari
1230 654 1618 728 producebat,
1654 648 1799 705 alios
1842 659 1980 701 vero

337 749 568 806 vinctos
583 747 862 805 custodias
877 746 1737 814 tradidit,matremque,ausam
1759 731 1976 806 aliquid

337 838 408 894 de
451 835 1212 910 potestatecontenderem,
1241 834 1438 889 itidem
1462 827 1758 898 colligavit
1810 825 1981 878 fame-

337 941 449 997 que
481 925 839 994 necavit,sed
865 930 920 982 et
950 925 1296 996 Antigonum
1320 923 1557 978 fratrem
1585 921 1783 989 postea
1818 926 1980 984 pere-

335 1015 462 1073 mit.
493 1017 631 1070 Post
664 1030 862 1072 necem
895 1030 1034 1070 vcro
1073 1013 1276 1072 matris
1305 1016 1364 1067 et
1389 1004 1878 1076 Antigonifratris
1901 1002 1980 1072 ip-

337 1116 396 1160 se
428 1102 774 1170 dignissimo
807 1106 982 1172 atque
1013 1099 1424 1157 crudelissimo
1453 1096 1742 1152 viscerum
1781 1089 1980 1146 dolore

337 1192 532 1246 tortus
561 1189 998 1246 detestabiliter
1031 1189 1296 1258 moritur,
1332 1202 1461 1244 eum
1521 1198 1628 1238 non
1677 1179 1808 1252 plus
1868 1191 1982 1233 uno

337 1292 486 1335 anno
526 1283 828 1347 regnaret.
864 1281 1016 1334 Uxor
1037 1283 1233 1335 autem
1291 1277 1416 1346 ejus
1465 1273 1552 1342 3°”,
1589 1273 1830 1326 fratrum
1864 1265 1985 1321 viu-

336 1368 488 1426 culis
513 1367 839 1438 dissolutis,
865 1381 1059 1436 regem
1095 1366 1398 1424 constituit
1427 1359 1838 1427 Alexandrum,
1876 1358 1985 1411 fra-

335 1461 483 1514 trem
507 1456 662 1532 ejus,
685 1457 779 1527 qui
811 1461 984 1513 aitate
1016 1455 1197 1526 major
1223 1458 1370 1520 erat,
1403 1457 1462 1509 et
1494 1450 1777 1508 modestia
1808 1458 1984 1520 praes-

341 1551 462 1600 tare
491 1545 826 1601 videbatur.

391 1644 527 1691 Aha.

406 1727 465 1778 21
659 1726 724 1776 12
923 1726 946 1777 1

625 1643 739 1692 Jud.
863 1645 968 1703 Syr.

1135 1718 1480 1786 Demetrius,
1543 1719 1726 1772 frater
1781 1714 1978 1769 Antio-

2093 561 2295 633 cidati,
2328 579 2455 620 cum
2490 563 2821 621 facultatem
2849 577 3053 635 pugnae
3085 575 3222 632 sepe
3265 561 3750 632 deposcerent,ut

2091 650 2176 706 eis
2207 650 2273 685 ³³³
2303 654 2445 710 mori
2479 658 2771 726 tamquam
2831 653 2974 708 viris
3007 651 3232 719 liceret,
3277 666 3384 708 nec
3442 649 3750 721 impetras-

2091 743 2240 808 sent,
2259 742 2568 799 novissime
2583 743 2810 799 duabus
2832 741 3026 798 subito
3041 741 3570 812 portiscruperunt
3592 739 3750 809 larga

2092 828 2256 896 prius
2279 829 2514 900 potione
2549 832 2779 900 usi,non
2805 829 3127 899 vini,cujus
3162 829 3322 884 ferax
3355 828 3405 884 is
3437 827 3611 883 locus
3641 842 3750 883 non

2091 921 2202 986 est,
2231 919 2331 974 sed
2349 935 2488 975 suco
2513 919 2695 974 tritici
2720 934 2821 990 per
2834 922 3018 973 artem
3039 918 3331 988 confecto,
3351 931 3526 988 quem
3548 931 3750 972 sucum

2091 1020 2121 1060 a
2155 1006 2551 1066 calefaciendo
2573 1008 2776 1064 ccliam
2799 1012 3036 1064 vocant.
3061 1009 3174 1065 l‘lac
3207 1005 3473 1077 igitur“
3505 1007 3751 1078 potione

2094 1101 2224 1166 post
2257 1096 2484 1166 longam
2519 1099 2724 1154 famem
2758 1097 3204 1166 recalescentes,
3240 1095 3392 1153 bello
3417 1110 3482 1154 se
3517 1096 3754 1152 obtule-

2093 1189 2250 1255 runt,
2283 1187 2594 1257 subitoque
2639 1200 2815 1257 super
2861 1187 3152 1242 Romanos
3201 1186 3522 1243 irruerunt.
3567 1187 3754 1246 Atrox

2095 1273 2193 1330 diu
2223 1282 2516 1332 certamen
2557 1278 2612 1331 et
2648 1290 2831 1344 usque
2864 1277 2932 1332 ad
2965 1275 3290 1347 periculum
3349 1277 3752 1336 Romanorum

2097 1366 2238 1432 fuit;
2266 1368 2590 1435 iterumque
2610 1379 2670 1421 se
2684 1365 2920 1421 Romani
2947 1365 3255 1421 adversum
3269 1362 3338 1398 ³¹⁸
3357 1367 3752 1425 Numantinos

2095 1470 2353 1530 pugnare
2388 1453 2658 1524 fugiendo
2697 1455 3129 1524 probavissent,
3155 1453 3267 1510 nisi
3303 1455 3414 1510 sub
3474 1454 3753 1527 Scipione

2095 1549 2470 1619 pugnaSsent.
2505 1543 2858 1612 Numantini,
2895 1543 3223 1601 interfectis
3267 1559 3507 1601 suorum
3554 1545 3755 1603 fortis-

2093 1636 2276 1704 simis,
2295 1633 2448 1689 bello
2463 1634 2698 1702 cedunt,
2716 1633 3058 1704 compositis
3076 1636 3268 1690 tamen
3295 1631 3614 1690 ordinibus
3648 1649 3754 1694 nec

2089 1723 2243 1782 sicut
2277 1723 2565 1791 fugientes
2589 1722 2644 1777 in
2673 1723 2876 1778 urbem
2937 1725 3348 1788 revertuntur;
3383 1737 3640 1793 corpora
3673 1725 3758 1780 in-

335 1811 449 1878 chi,
484 1826 586 1884 per
619 1813 855 1867 fratrem
888 1826 918 1867 a
951 1809 1298 1880 captivitate
1331 1807 1638 1871 liberatus,
1710 1803 1974 1875 regnavit

2168 1815 2477 1870 rfeetorum
2511 1811 2582 1867 ad
2615 1809 2976 1882 sepulturam
3006 1809 3204 1866 oblata
3239 1810 3512 1882 accipere
3552 1810 3754 1869 nolue-

337 1905 467 1970 post
499 1905 744 1955 mortem
775 1899 975 1955 fratris
1007 1898 1171 1954 annis
1202 1901 1286 1954 12.

405 1991 474 2043 29
646 1990 716 2044 20
919 1993 952 2044 9

407 2074 510 2144 (Η.
534 2077 638 2148 m.)
659 2078 817 2132 Anno
847 2076 919 2131 ab
941 2077 1095 2132 Urbe
1110 2075 1346 2132 condita
1390 2073 1882 2142 soxingentesimo
1901 2073 1982 2128 vi-

335 2162 576 2228 cesimo,
617 2163 712 2234 qui
742 2167 974 2220 estll‘”
1006 2162 1328 2218 l’tholomei
1383 2161 1682 2230 Evergetis
1717 2159 1978 2230 secundi,

339 2251 530 2322 Scipio
565 2251 872 2306 Africanus
901 2251 1098 2320 junior
1127 2264 1409 2306 consensu
1425 2249 1678 2304 omnium
1724 2249 1982 2305 secundo

338 2338 540 2395 consul
567 2343 652 2394 est
690 2345 926 2395 creatus
956 2343 1131 2410 atque
1165 2339 1236 2394 ab
1269 2337 1711 2408 obpugnandam
1742 2338 1984 2391 Numan-

343 2428 483 2484 tiam
509 2427 799 2498 Hispania}
831 2427 1125 2484 civitatem
1151 2427 1560 2483 cumcxereitu
1592 2425 1821 2481 missus.
1852 2427 1984 2480 Haec

342 2531 447 2588 per
478 2531 660 2572 annos
698 2519 760 2573 14
790 2532 916 2571 cum
949 2515 1091 2572 solis
1119 2519 1150 2570 4
1186 2516 1418 2572 milibus
1443 2531 1679 2572 suorum
1731 2515 1798 2568 40
1830 2513 1982 2568 milia

341 2604 730 2660 Romanorum
765 2619 875 2660 non
909 2605 1104 2660 solum’
1129 2604 1435 2669 sustinuit,
1472 2603 1572 2658 sed
1623 2603 1795 2658 etiam
1845 2601 1985 2656 vicit

341 2691 750 2762 pudendisque
783 2691 1100 2748 foederibus
1116 2690 1985 2762 affecit.Scipioitaqueingres-

341 2794 444 2835 sus
460 2779 804 2851 Hispaniam.
829 2794 939 2835 non
962 2780 1160 2836 statim
1187 2794 1464 2848 agressus
1488 2783 1582 2834 est
1603 2777 1984 2834 Numantinos

341 2868 506 2937 quasi
541 2869 824 2937 incautos,
853 2884 1000 2939 quos
1031 2873 1269 2925 noverat
1306 2883 1535 2939 semper
1565 2882 1698 2923 esse
1723 2869 1982 2938 paratos,

341 2956 444 3010 sed
477 2955 830 3026 aliquamdiu
863 2956 1103 3012 militem
1145 2971 1334 3026 suum,
1387 2955 1672 3011 viciosum
1715 2960 1771 3009 et
1831 2954 1986 3023 igna-

341 3057 473 3100 vum
509 3059 613 3116 pro
643 3044 813 3116 culpa
847 3043 1059 3100 ducum
1097 3043 1376 3114 priorum,
1437 3041 1764 3098 exercendo
1805 3042 1986 3110 magis

342 3147 511 3203 quam
551 3133 846 3204 puniendo
878 3133 1000 3188 sine
1039 3132 1231 3202 aliqua
1284 3132 1607 3188 acerbitate
1666 3131 1721 3186 in
1773 3129 1984 3186 castris
2017 3168 2066 3231 Ο

341 3221 500 3277 velut
539 3221 592 3276 in
626 3221 804 3278 scolis
822 3221 1108 3284 exercuit;
1127 3219 1335 3275 deinde
1358 3219 1548 3276 omnia
1572 3234 1699 3290 qua:
1724 3219 1988 3290 volupta-

341 3310 423 3365 tis
449 3324 621 3365 eausa
654 3309 1010 3364 haberentur
1045 3309 1099 3363 in
1131 3308 1343 3364 castris
1375 3323 1583 3364 severo
1634 3307 1984 3364 summoveri

337 3395 518 3464 jussit
551 3397 766 3452 edicto.
813 3396 1066 3466 Denique
1109 3400 1433 3452 scortorum
1493 3395 1608 3451 duo
1663 3394 1817 3450 milia
1856 3410 1986 3450 cum

345 3482 480 3538 lixis
515 3488 575 3538 et
609 3484 946 3554 procinctus
977 3482 1244 3552 ejusloco
1267 3483 1448 3551 ejecta
1476 3487 1988 3552 sunt,tantumque

347 3572 545 3628 subito
578 3573 687 3628 sub
717 3572 990 3628 districto
1026 3573 1220 3643 judice
1254 3573 1500 3643 profecit
1549 3572 1862 3640 exercitus,
1927 3575 1989 3626 ut

349 3660 732 3728 Numantiam,
769 3662 866 3718 diu
913 3662 1459 3732 pernicississimam
1495 3661 1790 3730 Romanis,
1825 3660 1986 3716 brevi

345 3752 682 3818 exaequaret
715 3747 858 3804 solo.
894 3749 1077 3818 Igitur
1109 3765 1238 3806 cum
1261 3754 1484 3820 partem
1517 3749 1743 3806 aestatis
1780 3752 1990 3804 totam-

347 3850 456 3906 que
499 3835 765 3908 hiemem,
792 3853 861 3894 ne
893 3842 1239 3910 attemptata
1274 3837 1503 3908 quidem
1539 3851 1748 3908 pugna,
1805 3841 1988 3892 trans-

345 3924 587 3992 egisset,
636 3940 835 3996 parum
855 3927 1270 3998 propemodum
1289 3927 1393 3982 hac
1420 3925 1984 3998 profecitindustria.

346 4012 484 4068 Nam
517 4013 616 4068 ubi
667 4014 833 4084 copia
878 4015 1168 4085 pugnandi
1212 4015 1363 4072 facta
1394 4021 1504 4084 est,
1561 4014 1856 4070 exercitus
1886 4015 1992 4069 Ro-

346 4113 552 4157 manus
583 4101 801 4172 impetu
830 4103 1308 4159 Numantinorum
1357 4106 1696 4176 obpressus,
1723 4103 1877 4158 sicut
1904 4117 1994 4158 so-

346 4185 530 4255 lebat,
572 4191 734 4257 terga
769 4188 1086 4259 vertit,sed
1122 4191 1524 4262 increpatione
1555 4190 1804 4246 etminis
1837 4191 1995 4261 obje-

348 4274 566 4330 ctantis
606 4290 668 4331 se
691 4275 952 4332 consulis
987 4293 1272 4348 manuque
1305 4279 1616 4335 retinentis
1661 4278 1731 4312 ³¹⁰
1763 4278 1993 4335 tandem

349 4361 705 4433 indignatus,
740 4363 794 4419 in
827 4365 1054 4420 hostem
1087 4366 1359 4437 rediit,et
1394 4382 1562 4437 quem
1623 4366 1879 4436 fugiebat
1914 4367 1994 4422 fu-

345 4463 486 4519 gere
517 4451 817 4522 compulit.
847 4453 1107 4510 Difficilis
1137 4458 1276 4512 tunc
1306 4455 1363 4510 in
1395 4455 1586 4510 relatu
1634 4454 1776 4511 fides
1807 4472 1822 4519 ;
1883 4457 1994 4510 Nu-

2094 1907 2215 1969 unt,
2249 1902 2560 1958 novissima
2589 1915 2690 1970 spe
2714 1899 3140 1970 deSperationis
3159 1914 3360 1956 omnes
3403 1899 3460 1954 in
3501 1905 3754 1958 mortem

2092 1993 2390 2061 destinati,
2424 1991 2681 2046 clausam
2713 1989 2912 2044 urbem
2947 1987 3057 2059 ipsi
3082 1988 3402 2044 introrsum
3429 1989 3757 2047 succende-

2089 2083 2266 2148 dunt,
2301 2079 2616 2148 cunctique
2652 2077 2870 2148 pariter
2907 2076 3082 2144 ferro,
3115 2090 3341 2132 veneno
3389 2081 3568 2147 atque
3619 2078 3754 2148 igne

2091 2169 2421 2239 consumpti
2446 2172 2601 2222 sunt.
2674 2165 2911 2221 Romani
2937 2163 3114 2220 nichil
3147 2179 3219 2220 ex
3252 2164 3342 2220 his
3381 2165 3556 2223 victis
3589 2168 3755 2239 peni-

2094 2261 2190 2314 tus
2221 2257 2476 2312 habuere
2504 2255 2610 2311 nisi
2644 2253 3020 2309 securitatem
3059 2266 3223 2308 suam
3259 2270 3274 2319 ;
3337 2267 3526 2323 neque
3587 2255 3753 2312 enim

2094 2359 2305 2400 eversa
2363 2341 2688 2408 Numantia,
2741 2339 2951 2395 vicisse
2983 2353 3045 2395 se
3073 2339 3256 2406 magis
3287 2353 3456 2409 quam
3489 2342 3756 2400 evasisse

2095 2431 2206 2486 dixi
2235 2432 2389 2486 runt.
2426 2431 2609 2484 Unum
2641 2426 3052 2482 Numantinum
3081 2425 3327 2482 victoris
3361 2431 3567 2484 catena
3631 2443 3754 2485 non

2095 2517 2312 2586 tetigit,
2347 2515 2498 2571 unde
2530 2513 2886 2584 triumphum
2912 2511 3172 2576 dederit;
3197 2513 3473 2582 quiequid
3494 2515 3759 2585 supelle-

2096 2611 2155 2661 ct
2189 2605 2282 2660 ilis
2312 2603 2441 2672 fuit,
2475 2599 2995 2676 ignisabsumpsit.
3041 2601 3196 2656 Tunc
3227 2599 3420 2672 Scipio
3450 2602 3757 2672 Tyresium

2097 2694 2382 2764 quendam
2417 2691 2699 2746 Celticum
2737 2688 3054 2759 principem
3106 2688 3488 2758 interrogavit
3530 2705 3646 2762 qua
3679 2691 3758 2749 de

2095 2797 2200 2838 eau
2212 2796 2268 2837 sa
2287 2779 2588 2835 Numantia
2604 2778 2771 2850 prius
2785 2777 3002 2832 invicta
3029 2777 3297 2834 durasset
3315 2780 3371 2833 et
3389 2783 3522 2850 post
3541 2793 3758 2838 eversa

2098 2871 2324 2928 fuisset.
2351 2867 2670 2938 ReSpondit
2697 2867 3006 2936 Tyresius:
3044 2865 3375 2923 Concordia
3405 2867 3751 2926 victoriam.

2095 2959 2402 3018 discordia
2429 2956 2732 3013 excidium
2752 2954 3180 3025 prebztit.Quod
3200 2956 3436 3012 Romani
3453 2960 3755 3028 tamquam

2096 3047 2208 3103 sibi
2252 3062 2317 3102 ac
2369 3045 2439 3100 de
2499 3059 2558 3100 se
2617 3043 2836 3099 dictum
2891 3043 3138 3114 exempli
3198 3043 3324 3099 loco
3364 3039 3760 3117 acceperunt,

2096 3136 2310 3206 quippe
2343 3133 2553 3204 quibus
2577 3133 2691 3202 jam
2726 3131 2796 3187 de
2831 3131 3216 3188 seditionibus
3248 3131 3648 3192 discordantis
3667 3140 3757 3192 to-

2096 3225 2215 3280 tius
2251 3221 2421 3279 Urbis
2451 3221 2865 3278 nunciabatur.

2168 3312 2243 3366 Ea
2276 3324 2520 3380 namque
2537 3312 2906 3378 tempestate,
2935 3321 3045 3376 qua
3071 3305 3195 3362 haec
3209 3307 3570 3377 gerebantur
3591 3311 3752 3382 apud

2095 3395 2888 3466 Numantiam,Gracchorum
2917 3392 2985 3427 ³¹⁴
3018 3393 3346 3450 seditiones
3370 3395 3755 3464 agitabantur

2096 3486 2249 3558 apud
2280 3487 2536 3540 Romam.
2558 3483 2866 3551 Kartagine
2891 3483 3106 3553 quippe
3137 3482 3565 3554 Numantiaque
3593 3485 3758 3543 dele-

2098 3575 2390 3644 tis,oritur
2421 3573 2570 3644 apud
2593 3575 2882 3628 Romanos
2918 3570 3080 3626 utilis
3113 3570 3184 3626 de
3219 3571 3556 3642 provisione
3575 3574 3756 3632 colla-

2098 3662 2308 3730 tio,scd
2335 3660 2563 3716 infamis
2577 3659 2646 3715 de
2663 3659 2976 3714 ambitione
2995 3659 3320 3715 contentio.
3365 3661 3670 3720 Gracchus
3687 3662 3756 3696 '“

2100 3752 2296 3821 itaque
2334 3749 2611 3804 tribunus
2646 3746 3041 3818 plebisiratus
3074 3745 3760 3818 nobilitati,curcumin-

2100 3835 2824 3895 tcrauetoresNumantini
2843 3834 3103 3902 foederis,
3122 3835 3272 3905 quod
3294 3851 3328 3907 p
3351 3851 3402 3892 ιν
3427 3837 3757 3896 Mancinum

2097 3927 2394 3986 consulem
2425 3925 2685 3994 turpiter
2715 3925 2930 3980 factum
2961 3926 3374 3993 cst,notarent,
3408 3939 3659 3995 agruma
3692 3943 3758 3984 se

2103 4014 2372 4089 privatim
2405 4016 2648 4069 eatenus
2682 4012 2986 4068 obsessum
3021 4011 3238 4082 populo
3279 4011 3450 4068 diviti
3518 4015 3754 4086 statuit,

2102 4103 2419 4161 Octaviano
2452 4101 2688 4157 tribuno
2721 4099 3034 4156 obsistenti
3066 4099 3284 4156 ademit
3335 4101 3651 4174 imperium
3680 4104 3759 4160 ei-

2103 4207 2214 4263 que
2243 4203 2647 4248 successorem
2680 4188 2840 4244 dedit
2873 4187 3194 4244 Minutium.
3217 4189 3317 4244 His
3347 4191 3551 4248 causis
3592 4206 3760 4250 sena-

2102 4283 2224 4336 tum
2259 4279 2366 4348 ira,
2400 4276 2674 4348 populum
2708 4275 2985 4346 superbia
3031 4274 3438 4332 invasit.lnter
3469 4279 3595 4336 hac
3618 4295 3762 4351 quo-

2105 4383 2216 4439 que
2248 4364 2482 4422 Attalus
2515 4379 2616 4420 rex
2642 4364 3012 4434 Asize,frater
3040 4363 3334 4433 Eumenis,
3371 4366 3642 4435 moritur,
3663 4385 3760 4442 po-

2107 4454 2304 4526 pulum
2342 4455 2657 4510 Romanum
2688 4452 2912 4523 scripto
2940 4449 3213 4508 heredem
3246 4451 3514 4524 reliquit,
3559 4461 3620 4512 et
3681 4457 3758 4514 ita

349 4539 641 4596 mantiuos
672 4541 1002 4612 effugavere
1041 4546 1097 4599 et
1139 4542 1428 4612 fugientes
1481 4543 1680 4598 videre
1729 4542 1988 4599 Romani.
2022 4530 2076 4590 D
2106 4545 2362 4600 Romano
2393 4539 2636 4611 imperio
2660 4554 2899 4608 regnum
2932 4539 3081 4596 Asiae
3099 4553 3201 4610 per
3224 4543 3642 4601 testamentum
3669 4560 3762 4602 ac-

345 4627 508 4684 Unde
539 4630 804 4699 quamvis
835 4631 1198 4702 Scipio,quia
1228 4635 1430 4701 preter
1459 4647 1620 4702 spem
1674 4631 1991 4704 acciderat,

307 4714 325 4768 l
369 4717 518 4770 zetus
548 4722 726 4786 esset,
764 4721 955 4774 tamen
990 4717 1143 4773 bello
1177 4718 1331 4774 ultra
1377 4719 1683 4776 adversum
1740 4734 1842 4776 eos
1898 4735 1996 4775 au-

263 4799 269 4804 ’
347 4801 596 4860 dendum
628 4821 740 4862 non
771 4821 902 4862 esse
932 4807 1236 4878 professus
1265 4815 1382 4863 est.
1426 4809 1626 4879 Itaque
1667 4810 1865 4864 urbem
1897 4809 1996 4864 ob-

350 4891 577 4948 sidione
599 4894 912 4962 conclusit,
943 4895 1091 4950 fossa
1125 4894 1719 4967 circumdedit,cujus
1741 4896 1994 4954 latitudo

350 4979 598 5050 pedibus
611 4981 1093 5050 decem,altitudo
1107 4982 1309 5053 viginti
1325 4984 1769 5056 fuit,ipsumquc
1784 4985 1995 5041 deinde

349 5082 618 5138 aggerem
641 5071 886 5128 sudibus
897 5075 1298 5143 prestructum
1321 5074 1827 5131 crebristurribus
1847 5089 1998 5130 com-

353 5155 624 5212 munivit.
664 5157 748 5213 Ad
787 5160 894 5214 hoc
928 5158 1143 5216 bellum
1183 5160 1424 5234 Micipsa
1480 5175 1586 5218 rex
1621 5162 1996 5218 Numidarum

377 5255 411 5297 n
451 5243 730 5301 auxilium
760 5246 1012 5318 Scipioni
1060 5249 1363 5320 Jugurtam
1422 5251 1602 5320 misit,
1638 5250 1734 5322 qui
1767 5251 1998 5308 fortiter

355 5342 554 5403 agens,
567 5331 810 5402 gloriam
835 5337 1148 5407 acquisivit
1168 5341 1225 5394 et
1245 5339 1493 5408 gratiam
1505 5353 1702 5397 coram
1730 5339 1998 5412 Scipione

2104 4631 2300 4690 cessit.
2339 4629 2633 4686 Gracchus
2653 4626 2721 4660 3“
2738 4626 2934 4698 populi
2957 4627 3206 4698 gratiam
3225 4629 3426 4699 precio
3450 4635 3760 4705 appetens,

2107 4721 2291 4789 legem
2315 4718 2454 4775 tulit
2476 4722 2537 4773 ut
2557 4717 2797 4788 pecunia
2817 4731 2944 4787 quae
2961 4715 3140 4772 Attali
3167 4717 3375 4774 fuisset
3398 4719 3622 4792 pOpulo
3649 4722 3769 4780 dis.

2102 4811 2486 4866 tribueretur.
2506 4806 2844 4877 Opsistcnte
2869 4804 3136 4877 Scipione
3167 4806 3370 4862 Nasica
3393 4808 3577 4865 etiam
3600 4812 3768 4868 Pom-

2106 4897 2230 4970 pcis
2255 4893 2567 4966 spopondit
2592 4907 2657 4950 se
2670 4891 3012 4962 Gracchum,
3033 4907 3162 4948 cum
3181 4893 3428 4964 primum
3455 4898 3770 4968 magistra-

2108 4992 2168 5042 tu
2199 4985 2407 5052 abiret,
2434 4985 2863 5039 accusaturum.
2903 4981 3198 5038 Gracchus
3227 4986 3426 5040 autem
3460 4985 3768 5043 anniteba-

2107 5080 2203 5134 tur
2233 5077 2295 5130 ut
2327 5073 2453 5144 ipse
2485 5071 2758 5128 tribunus
2788 5069 2976 5142 plebis
3007 5070 3272 5140 sequenti
3324 5086 3479 5128 anno
3539 5089 3766 5147 perma-

2107 5167 2293 5222 neret.
2326 5163 2394 5217 Et
2431 5174 2562 5217 cum
2619 5157 2995 5216 comitiorum
3041 5157 3135 5214 die
3175 5158 3504 5217 seditiones
3563 5161 3760 5234 populi

2109 5247 2518 5320 accenderent,
2554 5252 2794 5305 auctore
2825 5247 3032 5304 Nasica
3067 5247 3347 5305 nobilitas
3381 5247 3757 5322 inﬂammata,

2111 5337 2450 5408 fragmentis
2475 5335 2888 5395 subselliorum
2910 5334 3138 5408 plebem
3170 5336 3414 5407 fugavit.
3466 5337 3763 5396 Gracchus

1709 5451 1945 5512 ΥᾹΒῙίΕ
1985 5453 2384 5511 LECTIONES.

423 5541 679 5626 ὀξᾱθεξί
705 5549 781 5626 g0.
825 5543 894 5580 δον
919 5556 969 5602 e.
1003 5547 1304 5626 que‘_etate
1345 5551 1834 5626 ceteraomissa
1855 5557 1932 5626 9°.
1976 5550 2047 5586 διο
2075 5550 2386 5610 renitentis
2416 5555 2475 5610 5.
2546 5547 2614 5586 ³⁸³
2669 5549 2756 5609 eis
2785 5553 2846 5608 ut
2877 5555 2927 5608 5.
2991 5547 3060 5585 ³³³
3091 5563 3229 5626 ergo
3289 5555 3340 5610 5.
3403 5547 3473 5586 ⁸³³
3560 5551 3762 5611 adver-

357 5623 455 5671 sus
485 5618 545 5671 5'
581 5613 652 5650 '“
705 5613 1078 5690 Graecorum,
1113 5618 1368 5678 Graccus
1427 5621 1606 5679 Codd.
1639 5622 1737 5684 his
1766 5623 1927 5683 locis.
