3898 6332
80 371 223 437 683
975 372 1414 437 CHRONICA.
1458 408 1527 419 —
1559 370 2037 435 CHRONICON
2078 372 2630 435 UNIVERSALE.
3396 374 3515 436 634

75 522 196 579 per
230 506 450 580 gradus
486 506 585 580 qui
621 512 756 566 sunt
791 523 967 580 super
992 506 1304 579 Calpurnii'
1325 506 1621 575 fornicem,
1662 506 1757 562 de—
1792 506 1841 565 Λ
1874 504 2178 563 devectum
2201 512 2308 562 est.
2333 510 2464 563 llaec
2488 512 2679 563 autem
2705 505 2969 563 Cornelia
2999 505 3232 575 majoris
3258 503 3511 564 Africani

76 599 283 653 tracto
327 596 693 654 adminiculo
743 597 989 666 fugiens,
1045 597 1199 653 ictus
1249 598 1573 665 fragmento
1625 596 1761 650 sub-
1874 594 1991 649 ﬁlia
2018 597 2290 667 fuit,qute
2317 613 2347 667 p
2376 601 2444 651 νει
2470 596 2682 666 prioris
2704 595 3062 651 ﬁliiGracchi
3090 598 3332 651 mortem
3356 596 3516 650 Mise-

80 685 247 743 sellii
295 686 550 755 corruit,
586 700 912 756 rursusque.
942 700 1280 755 assurgens,
1311 685 1424 740 alio
1459 686 1579 740 ictu
1607 671 1758 740 clavi
1874 698 2006 739 num
2028 686 2291 739 secessit.
2322 687 2471 740 Bona
2500 684 2740 738 Gracchi
2768 683 3059 754 publicata
3082 688 3245 746 sunt;
3273 681 3513 738 Flaccus

77 776 342 831 cerebro
376 774 637 845 impacto
672 774 1039 831 exanimatus
1062 780 1172 830 cst.
1210 774 1450 830 Ducenti
1488 778 1756 844 preterea
1875 772 2215 829 adolescens
2245 774 2297 828 in
2333 774 2538 828 robore
2571 776 2813 827 necatus
2836 776 2946 840 est,
2970 788 3040 828 ex
3066 771 3315 828 factione
3345 772 3516 827 Grac-

79 862 141 919 in
198 877 265 919 ea
315 863 612 919 seditione
663 862 976 930 interfecti,
1028 877 1347 933 eorumque
1397 876 1649 933 corpora
1703 862 1757 916 in
1873 860 1962 915 chi
1998 861 2230 917 ducenti
2260 862 2314 917 in
2341 862 2621 916 Aventino
2654 865 2844 917 monte
2876 860 3010 916 cresi
3049 860 3225 916 fuisse
3258 860 3516 915 referun-

78 951 359 1022 Tyberim
386 952 647 1023 projecta
671 956 825 1019 sunt,
852 952 1037 1022 ipsius
1062 966 1290 1023 quoque
1314 951 1557 1007 Gracchi
1591 950 1761 1007 cada'
1872 953 1985 1004 tur.
2025 950 2284 1021 Opimius
2306 957 2497 1006 autem
2522 949 2750 1018 consul,
2774 950 2925 1005 sicut
2953 949 3004 1004 in
3032 948 3183 1004 bello
3208 948 3399 1015 fortis,
3434 947 3514 1002 ita

79 1054 197 1097 ver
230 1040 597 1097 inhumatum
626 1040 951 1096 contabuit.
1870 1036 1925 1092 in
1961 1038 2263 1108 questionc
2298 1039 2403 1093 fuit
2442 1038 2728 1102 crudelis;
2764 1052 2888 1091 nam
2924 1036 3169 1108 amplius
3201 1051 3368 1107 quam
3399 1035 3514 1092 tria

158 1128 336 1184 Anno
376 1126 587 1183 dehinc
621 1128 875 1184 secundo
908 1126 1172 1184 Publium
1205 1126 1529 1199 Scipionem
1570 1128 1754 1199 pridie
1870 1126 2025 1181 milia
2079 1128 2367 1183 hominum
2416 1127 2720 1197 suppliciis
2771 1125 2958 1181 necati
3012 1129 3163 1194 sunt,
3198 1140 3267 1180 ex
3301 1125 3513 1194 quibus

80 1216 142 1271 in
168 1217 464 1273 concione
481 1215 552 1249 “5
572 1217 642 1273 de
665 1216 927 1288 periculo
950 1216 1162 1272 salutis
1187 1232 1309 1274 sum
1332 1222 1749 1288 eontestatum,
1868 1213 2123 1285 plurimi,
2160 1231 2229 1270 ne
2263 1215 2414 1271 dicta
2451 1215 2679 1285 quidem
2721 1230 2914 1283 causa,
2966 1213 3306 1269 innocentes
3336 1212 3509 1269 occisi

82 1305 250 1376 quod
274 1306 386 1361 sibi
413 1321 515 1377 pro
540 1306 727 1377 patria
762 1305 1048 1361 laboranti
1082 1306 1153 1360 ab
1183 1306 1464 1377 improbis
1482 1311 1541 1361 et
1566 1307 1756 1375 ingra-
1868 1306 2021 1358 sunt.
2056 1305 2186 1359 llzec
2218 1304 2603 1359 Gracchorum
2636 1303 2868 1371 seditio,
2898 1302 2989 1356 hic
3016 1301 3144 1356 ﬁnis
3171 1301 3296 1356 fuit.

82 1393 167 1449 tis
218 1394 566 1450 denunciari
618 1394 1008 1464 cognovissrt,
1060 1393 1173 1449 alio
1223 1408 1385 1449 mane
1431 1382 1751 1450 exanimem
1937 1394 2099 1447 Anno
2132 1395 2203 1447 ab
2237 1394 2344 1448 urb
2370 1412 2379 1427 ι
2410 1393 2641 1448 condita
2675 1391 3166 1459 scxingcntesimo
3190 1394 3278 1458 37,
3304 1389 3400 1458 qui
3423 1394 3510 1445 est

82 1488 471 1554 repererunt,
510 1482 683 1553 idque
723 1483 876 1539 inter
908 1484 1152 1539 maxima
1181 1485 1568 1540 Romanorum
1604 1484 1750 1540 mala
1864 1484 1990 1537 28W
2024 1480 2345 1535 Ptholomci
2382 1480 2683 1549 Evcrgetis
2718 1480 2975 1547 secundi,
3012 1477 3214 1533 Publio
3247 1476 3510 1546 Scipione

82 1576 460 1628 censuerunt
483 1570 571 1641 ³³⁸,
608 1571 932 1643 praesertim
966 1586 1095 1627 cum
1128 1576 1352 1627 tantum
1387 1572 1441 1627 in
1478 1574 1618 1628 urbe
1653 1571 1750 1628 illa
1862 1569 2065 1625 Nasica
2092 1574 2151 1624 et
2178 1569 2348 1624 Lucio
2372 1568 2682 1638 Calpurnio
2711 1569 2896 1623 Bestia
2922 1566 3285 1635 consulibus,
3308 1566 3513 1634 Jugur-

81 1661 363 1716 Africani
412 1661 577 1731 vigor
605 1664 665 1714 ot
698 1660 979 1716 modestia
1028 1661 1270 1728 valeret,
1307 1665 1368 1717 ut
1412 1660 1603 1717 facille
1652 1662 1749 1718 illo
1864 1662 1958 1726 tre,
2011 1656 2385 1712 Numidarum
2446 1672 2685 1725 regnum
2744 1656 3035 1711 invadenti
3083 1653 3172 1723 3’0,
3221 1667 3511 1708 consensu

81 1748 236 1803 vivo
290 1762 476 1818 nequa
517 1747 729 1805 sociale
777 1763 962 1819 neque
1010 1749 1180 1805 civile
1233 1749 1444 1805 bellum
1493 1751 1748 1806 existere
1862 1746 2099 1800 Romani
2144 1745 2337 1816 populi
2384 1745 2597 1799 bellum
2634 1751 2873 1799 senatus
2906 1743 3135 1808 indixit,
3169 1741 3239 1797 de
3272 1755 3386 1811 quo
3418 1740 3516 1796 Sa-

84 1850 276 1908 posse
338 1836 694 1893 crederetur.
748 1840 907 1893 Hunc
954 1838 1185 1908 quidem
1237 1844 1504 1893 necatum
1558 1840 1747 1895 ferunt
1779 1860 1831 1920 Β
1864 1834 2076 1889 lustius
2108 1835 2346 1903 Crispus
2384 1833 2711 1904 plenissime
2734 1831 2956 1888 scribit.

82 1924 226 1981 dolo
264 1925 471 1981 uxoris
512 1940 631 1982 suae
672 1926 1033 1998 Simpronizn,
1068 1943 1193 1997 qua;
1226 1942 1393 1984 soror
1425 1933 1550 1983 erat
1582 1930 1749 1985 Grac-
1779 1916 1824 1920 _
1933 1924 2031 1978 llis
2065 1924 2424 1993 temporibus
2459 1922 2775 1976 Ptholomci
2812 1919 3112 1987 Evergctis
3147 1916 3385 1973 secundi
3412 1916 3513 1971 mi-

80 2014 362 2085 cborum,
386 2028 456 2069 ne
473 2014 780 2081 scelerata,
802 2021 865 2071 ut
884 2018 1083 2084 credo,
1108 2017 1319 2071 familia
1340 2017 1408 2071 ad
1433 2018 1748 2088 perniciem
1862 2026 1988 2067 sera
2016 2012 2131 2065 vita
2156 2010 2633 2065 miserabiliorem
2659 2011 2792 2063 vitm
2816 2009 3034 2063 exitum
3062 2006 3241 2061 dedit.
3280 2008 3334 2060 Is
3357 2005 3508 2059 enim

86 2104 305 2175 patriae
355 2119 479 2159 sua}
529 2104 681 2159 inter
730 2104 937 2174 impias
988 2105 1308 2161 seditiones
1351 2105 1605 2161 virorum
1640 2123 1750 2162 non

86 2192 268 2249 etiam
324 2192 654 2248 sceleribus
685 2192 985 2249 mulierum
1017 2200 1177 2249 esset
1209 2194 1528 2249 immanior.
1567 2196 1750 2252 Causa

86 2296 233 2337 vero
270 2281 556 2337 interitus
586 2282 712 2351 ejus
744 2282 865 2338 htee
895 2283 1019 2337 fuit.
1061 2282 1234 2338 Gaius
1260 2285 1444 2339 Carbo
1479 2285 1751 2341 tribunus

68 2369 289 2442 plebis
348 2370 596 2440 cupiens
644 2385 840 2426 necem
892 2371 1185 2426 vindicare
1231 2373 1641 2428 Graccbianam
1694 2379 1752 2428 et

85 2459 360 2515 excitare
409 2458 751 2515 seditionem
796 2460 1064 2530 sopitam,
1114 2461 1379 2516 Publium
1426 2462 1751 2531 Scipionem

89 2547 457 2616 Africanum,
484 2551 651 2603 eruta
677 2548 979 2603 Numantia
1006 2553 1397 2604 revertentem
1432 2549 1754 2617 interroga-

86 2635 172 2691 vit
203 2635 353 2705 quid
388 2635 460 2690 de
492 2636 732 2691 Gracchi
778 2643 961 2691 morte
1008 2637 1272 2692 sentiret.
1312 2638 1411 2694 Cui
1446 2639 1760 2695 Africanus

89 2724 191 2791 ait,
224 2723 293 2792 ju
307 2738 367 2778 re
386 2724 643 2779 occisum
667 2724 777 2779 sibi
803 2724 1006 2780 videri.
1592 2741 1600 2747 ·

156 2814 309 2869 Post
328 2813 455 2869 haec
478 2813 654 2869 Gaius
679 2814 955 2879 Grachns,
981 2814 1224 2870 Gracchi
1251 2814 1412 2871 illius
1436 2816 1532 2885 qui
1560 2816 1673 2885 jam
1697 2815 1754 2869 in

88 2900 391 2957 seditione
417 2901 651 2957 occisus
682 2902 868 2957 fuerat
902 2903 1105 2971 frater,
1134 2904 1402 2959 tribunus
1434 2904 1621 2975 plebis
1655 2919 1756 2973 per

89 2989 416 3047 tumultum
436 2996 691 3059 creatus,
716 3004 916 3060 magna
939 2992 1019 3046 rei
1046 2992 1294 3063 publica:
1316 2993 1606 3063 pernicies
1627 2994 1751 3049 fuit.

89 3079 230 3135 Nam
288 3093 423 3134 cum
470 3092 610 3149 sepe
648 3078 925 3150 populum
976 3081 1292 3136 Romanum
1347 3081 1758 3149 largitionibus

96 3166 534 3237 promissisque
607 3168 800 3223 nimiis
855 3168 911 3223 in
965 3169 1371 3225 acerbissimas
1435 3170 1756 3226 seditiones

92 3256 443 3325 excitasset,
465 3257 701 3312 tandem
725 3271 754 3312 a
777 3258 1103 3327 tribunatu,
1131 3258 1365 3314 Minutio
1390 3274 1755 3329 successore,

93 3342 376 3400 decessit.
424 3342 531 3409 Qui
565 3344 840 3401 Minutius
871 3361 1001 3401 cum
1036 3346 1360 3402 decessoris
1392 3348 1481 3403 sui
1518 3347 1757 3403 Gracchi

90 3436 322 3487 statuta
371 3432 763 3489 convulsisset
825 3433 1094 3503 legesque
1155 3436 1519 3504 abrogasset,
1586 3436 1758 3493 Gaius

94 3520 405 3576 Gracchus
427 3535 559 3575 cum
584 3519 787 3576 Fulvio
809 3521 1031 3590 Flacco,
1068 3522 1283 3591 ingenti
1311 3524 1565 3594 stipatus
1587 3523 1761 3593 agmi-

92 3622 188 3680 ne,
212 3607 596 3679 Capitolium,
627 3608 718 3663 ubi
744 3610 939 3664 contio
963 3610 1315 3679 agitabatur,
1345 3613 1629 3675 ascendit,
1658 3613 1762 3668 ibi-

92 3712 204 3768 que
239 3709 377 3752 cum
403 3710 474 3751 eo
498 3696 845 3766 duobusque
881 3697 1013 3753 ﬁliis
1038 3697 1161 3753 suis
1190 3700 1432 3754 armatis
1456 3701 1760 3757 maximum

92 3784 422 3842 tumultum
451 3784 761 3848 excitavit;
796 3786 897 3841 sed
932 3790 1170 3842 econtra
1198 3787 1406 3844 Decius
1433 3789 1645 3845 Brutus
1678 3791 1764 3845 vir

92 3871 437 3931 consularis
456 3887 522 3928 ac
540 3874 752 3929 Lucius
772 3874 1229 3945 Publicius(213)
1252 3891 1380 3931 cum
1404 3876 1622 3945 ingenti
1640 3894 1764 3933 cer‘

92 3962 320 4017 tamine
354 3960 656 4017 insistunt.
703 3962 786 4017 Ibi
820 3962 1061 4019 Flaccus
1096 3963 1429 4019 diutissime
1464 3967 1759 4035 pugnavit,

97 4049 405 4107 Gracchus
436 4064 576 4105 vero
609 4050 664 4104 in
695 4050 975 4122 templum
1010 4052 1277 4108 Minervae
1310 4053 1608 4121 secedens,
1643 4055 1764 4123 gla-

95 4139 188 4195 dio
222 4138 570 4194 incumbere
592 4137 805 4209 yoluit,
839 4138 939 4193 sed
972 4139 1308 4196 interventu
1340 4142 1551 4196 Letorii
1582 4142 1650 4176 3”
1675 4158 1765 4198 re-

94 4232 302 4282 tentus
350 4229 465 4281 est.
518 4227 776 4295 Cumque
808 4226 904 4282 diu
936 4242 1151 4298 anceps
1197 4226 1412 4284 bellum
1459 4236 1759 4299 ageretur,

93 4315 338 4371 tandem
372 4312 666 4381 sagittarii
691 4314 763 4368 ab
786 4314 1010 4385 Opimio
1036 4315 1218 4384 missi,
1255 4323 1586 4373 consertam
1624 4319 1766 4374 mul-

96 4403 415 4459 titud.nem
439 4401 937 4458 disturbave.‘ant.
964 4404 1087 4459 Duo
1110 4405 1293 4461 Flacc:
1316 4410 1481 4476 pater
1501 4412 1561 4462 et
1587 4407 1759 4471 ﬁlius.

95 4506 227 4548 cum
265 4504 372 4562 per
399 4489 580 4546 aedem
615 4490 785 4547 Lunae
818 4491 874 4546 in
908 4492 1194 4563 privatam
1225 4493 1456 4550 domum
1491 4496 1761 4552 desiluis-

1791 3217 1839 3279 Ο

1863 2114 2119 2155 sororem
2153 2112 2333 2165 suam,
2364 2104 2570 2167 stupro
2601 2098 2892 2165 cognitam
2917 2112 2979 2150 ac
3004 2093 3211 2149 deinde
3236 2092 3288 2147 in
3314 2090 3512 2146 matri-

1864 2188 2053 2243 monio
2087 2194 2403 2257 receptam,
2433 2186 2738 2240 novissime
2772 2185 2999 2254 turpius
3027 2196 3193 2252 quam
3218 2180 3380 2235 duxit
3414 2180 3512 2233 ab-

1858 2274 2031 2344 jecit;
2086 2275 2403 2346 privignam
2457 2289 2639 2341 suam,
2694 2275 2799 2327 hoc
2850 2275 2937 2327 est
2988 2272 3160 2326 filiam
3204 2268 3420 2325 sororis
3451 2270 3511 2322 et

1864 2362 2146 2432 conjugis,
2179 2363 2483 2431 conjugem
2509 2362 2777 2427 asscivit;
2812 2361 2988 2416 ﬁlium
3024 2374 3191 2429 quem
3215 2373 3287 2413 ex
3311 2370 3510 2411 sorore

1866 2458 2224 2523 susceperat,
2260 2466 2481 2507 necnon
2506 2456 2563 2506 et
2591 2450 2768 2506 ﬁlium
2805 2448 3001 2503 fratris
3031 2447 3264 2503 occidit.
3303 2445 3513 2510 Quam-

1865 2539 2086 2605 obrem,
2142 2538 2322 2592 tantis
2375 2536 2617 2591 incestis
2666 2534 3109 2606 parricidiisque
3142 2530 3512 2600 execrabilis,

1866 2641 2013 2681 anno
2062 2624 2223 2694 regni
2269 2625 2356 2681 sui
2392 2632 2485 2680 :29"
2518 2626 2588 2680 ab
2624 2623 3031 2679 Alexandrinis
3082 2636 3259 2689 regno
3311 2617 3516 2690 pulsus

1865 2720 1975 2769 CSL

1939 2801 2149 2871 (Ιίιειι.)
2187 2801 2283 2854 llis
2315 2800 2678 2871 temporibus
2728 2799 2928 2853 Cicero
2978 2796 3175 2866 Arpini
3228 2794 3509 2862 nascitur,

1868 2895 2052 2945 matre
2086 2889 2303 2943 Ilclwia
2340 2888 2589 2957 nomine,
2615 2903 2686 2941 ex
2720 2887 2877 2955 regio
2904 2884 3245 2941 Vulscorum
3277 2895 3509 2951 genere,

1868 2986 2033 3049 patre
2058 2993 2196 3033 vero
2221 2976 2513 3047 equestris
2534 2975 2774 3031 ordinis.
2812 2976 3035 3030 Marcus
3058 2988 3286 3043 quoque
3312 2968 3516 3025 Furius

1869 3073 2058 3137 poeta,
2093 3070 2478 3134 cognomento
2526 3063 2858 3134 Bibaculus,
2902 3064 3197 3118 Cremonze
3229 3057 3510 3114 nascitur.

1918 3185 2052 3232 Alex.
2120 3184 2235 3231 .lud.
2293 3183 2460 3243 Syrim.

1976 3268 2001 3320 I
2150 3268 2209 3318 2t
2364 3267 2431 3316 10
2540 3260 2937 3327 Ptholomeus,
3002 3257 3097 3328 qui
3155 3262 3211 3313 et
3266 3255 3516 3312 Phiscon

1869 3353 1960 3407 vel
1993 3352 2220 3420 Sother,
2250 3349 2511 3419 regnavit
2545 3348 2907 3403 Alexandrim
2939 3346 3104 3402 annis
3126 3351 3211 3414 17,
3239 3360 3268 3401 a
3292 3347 3518 3399 restau-

1872 3439 2096 3495 ratione
2150 3437 2344 3508 templi
2379 3452 2527 3492 anno
2567 3438 2714 3491 4070.
2771 3436 2870 3491 IIic
2905 3440 3105 3505 postea
3144 3448 3246 3504 per
3274 3433 3515 3487 matrem

1874 3528 2235 3598 Cleopatram
2268 3526 2337 3581 de
2368 3540 2545 3594 regno
2577 3525 2797 3595 pulsus,
2834 3525 3081 3593 Cyprum
3115 3521 3377 3591 secessit,
3413 3519 3519 3575 ite-

1873 3629 2117 3686 rumque
2151 3619 2278 3685 post
2311 3629 2492 3670 annos
2520 3613 2739 3682 aliquot
2773 3613 2826 3666 in
2860 3626 3098 3679 regnum
3142 3610 3333 3666 rediit.

1981 3710 2003 3759 1
2158 3706 2227 3760 24
2372 3708 2392 3757 1
2517 3702 2853 3767 Antiochus,
2899 3699 2994 3769 qui
3033 3704 3090 3754 et
3134 3698 3421 3768 Grypbus,
3457 3696 3518 3751 ﬁ-

1876 3792 1987 3848 lius
2026 3790 2323 3859 Demetrii,
2371 3790 2630 3859 regnavit
2666 3789 2873 3858 Syrite;
2908 3787 3007 3843 sed
3044 3788 3221 3841 frater
3252 3785 3376 3853 ejus
3406 3785 3517 3838 An-

1876 3882 2104 3939 tiochus
2134 3881 2456 3948 Cizicenus,
2503 3880 2655 3934 ﬁlius
2694 3877 2979 3946 Antiochi,
3016 3876 3212 3931 fratris
3243 3873 3518 3929 Demetrii

1874 3985 1945 4026 ex
1968 3970 2167 4025 eadem
2193 3967 2435 4023 muliere
2460 3968 2785 4037 Cleopatra,
2812 3965 3001 4033 ejecto
3024 3965 3221 4033 fratre,
3250 3961 3515 4030 regnavit

1875 4058 2031 4128 ipse;
2066 4070 2381 4125 rursusque
2414 4057 2613 4123 frater,
2657 4054 2763 4109 hoc
2796 4052 3057 4123 depulso,
3091 4065 3330 4120 regnum
3362 4063 3521 4105 rece-

1875 4146 1991 4218 pit;
2026 4146 2224 4215 sicque
2252 4143 2686 4200 contcndehant
2716 4142 2867 4197 inter
2901 4156 2963 4197 se
2994 4155 3098 4212 per
3127 4154 3308 4195 annos
3342 4142 3426 4209 19,
3459 4140 3518 4192 et

1875 4249 1947 4289 ex
1976 4234 2081 4289 hoc
2117 4248 2353 4302 regnum
2395 4232 2538 4287 illud
2572 4247 2676 4303 per
2706 4247 2768 4286 se
2799 4245 2911 4286 non
2941 4227 3163 4298 habuit,
3197 4227 3300 4285 sed
3327 4228 3385 4282 in
3413 4228 3523 4281 Ro-

1876 4337 2170 4379 manorum
2206 4322 2485 4377 ditionem
2516 4322 2710 4376 cessit.

1946 4414 2013 4466 12
2196 4416 2216 4465 1
2406 4415 2438 4465 9
2550 4406 2938 4475 Aristobolus,
3014 4405 3168 4462 ﬁlius
3242 4402 3522 4460 Johannis

1878 4496 2142 4568 Hyrcani,
2193 4496 2581 4568 principatum
2625 4496 2953 4551 Iudaeorum
3001 4500 3129 4565 post
3180 4496 3401 4563 patrem
3430 4505 3524 4545 su-

100 4582 229 4637 sent
266 4579 542 4649 foresque
568 4578 950 4650 objecissent,
1003 4582 1245 4637 areticio
1288 4584 1540 4652 graticio
1570 4584 1638 4617 31°
1672 4601 1764 4656 pa-
1794 4573 1846 4633 D
1878 4586 2089 4657 scepit,
2123 4585 2479 4657 primusque,
2516 4584 2781 4656 imposita
2811 4582 2920 4639 sibi
2955 4594 3190 4651 corona,
3225 4594 3373 4636 anno
3406 4592 3524 4635 uno

101 4668 237 4724 rieti
256 4665 327 4700 ³¹⁹
345 4666 498 4722 affixi
519 4672 678 4723 sunt.
704 4667 1021 4738 Gracchus,
1045 4670 1142 4726 diu
1160 4686 1266 4740 pro
1289 4686 1349 4727 se
1368 4673 1764 4742 pugnantibus

102 4755 310 4812 amicis
333 4769 401 4811 ac
425 4755 832 4826 pereuntibus,
859 4770 1013 4825 aegre
1034 4756 1105 4812 ad
1132 4763 1365 4828 pontem
1391 4756 1793 4820 Subsilicium.

106 4844 395 4916 pervenit,
418 4844 639 4913 ibique,
661 4857 731 4898 ne
751 4842 917 4900 vivus
935 4850 1270 4916 caperetur.
1285 4847 1572 4903 cervicem
1594 4863 1765 4905 servo

106 4946 211 4989 suo
244 4931 500 5004 prebuit.
538 4930 720 5000 Cujus
754 4937 931 5003 caput
963 4934 1248 4990 abscisum
1271 4935 1499 4991 consuli
1523 4935 1769 4993 allatum

102 5025 212 5091 est,
247 5034 464 5092 corpus
484 5020 558 5076 ad
584 5018 908 5075 Corneliam
940 5026 1182 5076 matrem
1216 5023 1492 5079 Misenum
1526 5024 1763 5095 epidum

1874 4674 2160 4745 regnavit.

1946 4768 2011 4818 13
2194 4769 2217 4818 1
2374 4763 2440 4818 10
2549 4762 2694 4833 (los.
2754 4762 2841 4817 De
2895 4758 3033 4816 bell.
3092 4757 3284 4827 [κάη
3340 4772 3377 4813 ι.
3441 4756 3522 4829 3.)

1876 4851 2222 4919 Alexander,
2274 4850 2370 4920 qui
2404 4854 2459 4905 et
2491 4852 2763 4919 Janneus,
2797 4850 2976 4904 frater
3006 4844 3349 4915 Aristoboli,
3386 4849 3522 4916 post

1876 4942 2118 4993 mortem
2145 4936 2342 4991 fratris
2367 4935 2764 5005 pontiﬁcatum
2787 4934 3116 4991 Iudaeorum
3140 4931 3362 5003 pariter
3384 4945 3518 4988 cum

1876 5039 2053 5093 regno
2102 5023 2386 5094 suscepit,
2420 5026 2480 5076 et
2511 5037 2614 5092 per
2646 5021 2850 5091 viginti
2881 5025 3106 5092 septem
3148 5033 3329 5076 annos
3360 5015 3429 5050 ³²¹
3461 5016 3520 5074 in

1471 5208 1706 5265 VARUE
1748 5208 2147 5264 LECTIONES.

175 5301 243 5335 ³³
261 5301 647 5360 contentione
678 5302 730 5370 4,
765 5306 813 5357 5.

109 5443 176 5476 ³²⁰
200 5443 517 5502 invadendi
553 5446 605 5500 4.
643 5446 693 5499 5.
727 5447 802 5500 9°.
840 5447 922 5499 10.
1001 5443 1070 5477 ³²¹
1100 5446 1160 5501 et
1189 5445 1407 5503 XXVIII
1438 5443 1603 5504 annis
1630 5451 1708 5504 9°.

892 5300 960 5335 ³1⁸
983 5307 1406 5360 recensuerunt
1435 5309 1493 5360 t)c
1567 5303 1636 5337 “7
1661 5304 1890 5361 lictoris
1921 5308 2005 5361 11.

106 5373 232 5447 aldi
249 5375 713 5447 σοίίᾀοσδλᾳατιη
732 5373 798 5428 in
818 5372 979 5429 Hist.
1002 5374 1275 5447 miscellqf
1290 5375 1396 5447 eli
1416 5379 1458 5429 1.
1489 5376 1723 5446 legatur
1743 5394 1761 5431 :
1786 5376 2045 5434 rescisso
2075 5372 2319 5433 craticio
2352 5375 2574 5447 pariete
2602 5372 2862 5433 confossi
2891 5375 3042 5428 sunt.

2085 5303 2153 5337 31°
2176 5305 2264 5361 ita
2294 5304 2357 5374 (ἰ.
2391 5317 2437 5360 e.
2470 5318 2499 5360 a
2533 5302 2756 5360 Reticio
2789 5300 3104 5373 Gratieio?)
3137 5314 3333 5359 omnes
3363 5314 3513 5372 quos

2085 5376 2319 5428 graticio
2354 5375 2574 5428 pariete
2602 5372 2862 5428 confossi
2891 5375 3042 5428 sunt.
3121 5369 3190 5405 “9
3214 5372 3441 5428 pariete
3460 5376 3511 5427 5.

3213 5386 3441 5445 pariete
3460 5386 3511 5427 δ.

1705 5554 1927 5613 NOTAE.

183 5649 329 5729 (213)
363 5652 506 5711 Haec
538 5648 917 5710 Ekkehardus
948 5664 1021 5710 ex
1049 5652 1243 5715 verbis
1273 5654 1344 5713 Η.
1385 5667 1467 5712 ω.
1512 5672 1524 5710 :
1556 5665 1596 5713 α
1624 5654 1776 5714 clivo
1814 5652 2091 5716 Publicio
2128 5651 2495 5714 deformavit.
