3898 6320
441 290 557 359 685

1601 291 2082 362 EKKEHARDI
2125 294 2686 362 URAUGIENSIS

3709 304 3807 370 636

441 428 602 490 cives
630 444 772 490 suos
799 429 1209 491 crudelissime
1236 432 1519 505 regnavit.
1564 435 1686 493 Non
1719 432 1869 491 enim
1902 432 2091 490 minus
2118 435 2177 497 Α
2281 432 2445 488 Anno
2478 429 2692 504 quippe
2714 430 2891 489 Urbis
2918 431 3168 491 conditae
3193 432 3618 493 sexcentesimo
3636 439 3805 498 62°30-

445 516 653 590 [quam
675 517 778 591 ⁸²²]
810 520 1227 592 quinquaginta
1259 522 1412 577 milia
1438 522 1509 579 de
1531 522 1769 594 propria
1800 527 1973 592 gente
1996 521 2092 578 de-

445 607 717 664 hellando
743 623 847 680 per
868 624 970 665 sex
994 624 1175 666 annos
1206 610 1522 681 interfecit,
1552 610 1828 682 proprios
1861 623 2090 681 quoque

445 694 662 755 fratres
689 695 759 731 ³²³
788 696 1033 755 alterum
1067 699 1302 771 occidit,
1336 699 1580 756 alterum
1614 700 1792 755 rebus
1820 698 2090 755 omnibus

444 785 725 842 nudatum
758 788 1188 859 contemptibili
1222 789 1338 846 vita
1371 804 1565 846 secum
1599 788 1820 845 habuit.
1858 788 1965 855 Qui
1996 793 2092 844 27°

446 886 595 929 anno
628 875 899 945 moriens,
933 877 1163 948 conjugi
1196 894 1316 934 suae
1348 878 1713 944 Alexandrze,
1748 893 1874 948 quae
1903 881 1959 931 ct
1995 878 2091 931 Sa-

442 959 559 1018 lina
619 964 962 1036 vocabatur,
1016 968 1176 1037 regni
1225 966 1619 1037 gubernacula
1678 982 1807 1023 cum
1866 966 2091 1021 duobus

442 1048 583 1107 flliis
615 1053 877 1124 parvulis
909 1053 1164 1126 reliquit.
1198 1055 1372 1126 Cujus
1403 1061 1569 1113 actus
1601 1055 1696 1126 qui
1732 1054 1909 1110 latius
1939 1053 2089 1110 scire

442 1137 718 1211 voluerit,
750 1142 996 1199 tercium
1026 1143 1310 1201 decimum
1338 1144 1570 1217 Iosephi
1601 1144 1811 1200 librum
1842 1140 2090 1213 antiqui-

446 1227 590 1284 tatis
630 1229 909 1301 hystoriaa
950 1231 1145 1303 legere
1188 1237 1377 1290 curet.

494 1324 631 1373 Alex.
717 1326 831 1376 Iud.
918 1330 1023 1389 Syr.

550 1406 575 1459 1
764 1409 797 1460 6
944 1413 1009 1463 1:5
1120 1406 1348 1481 (Πιειι.)
1406 1407 1815 1476 Ptholomeus,
1872 1406 1969 1478 qui
2026 1411 2088 1463 ct

443 1490 792 1564 Alexander,
821 1494 987 1566 pulso
1011 1495 1081 1552 de
1103 1512 1283 1566 regno
1306 1497 1647 1553 Ptholomeo
1676 1496 1959 1553 Phiscone
1982 1510 2087 1568 per

442 1583 687 1636 matrem
741 1582 1127 1654 Cleopatram,
1186 1584 1450 1654 regnavit
1506 1583 1869 1641 Alexandria;
1920 1583 2086 1639 annis

441 1680 667 1738 novem,
699 1683 728 1726 a
759 1672 1191 1729 restauratione
1232 1671 1432 1744 templi
1476 1686 1625 1727 anno
1672 1674 1802 1727 4240

545 1760 580 1813 2
755 1763 789 1814 7
936 1764 1004 1816 16

545 1847 576 1899 3
755 1850 788 1903 8
935 1852 1001 1903 17

543 1933 577 1986 ι
755 1936 788 1989 9
934 1939 1001 1991 18

542 2021 575 2073 δ
721 2023 791 2077 10
937 2024 1004 2079 19

541 2110 575 2164 6
722 2111 778 2164 11

543 2199 578 2251 7
728 2201 794 2252 12
868 2196 1086 2255 defecit

543 2286 577 2338 8
725 2288 790 2340 13
865 2300 1105 2356 regnum

545 2376 578 2427 9
724 2374 793 2428 14
868 2373 1068 2443 Syriae.

512 2458 613 2528 (H.
646 2474 722 2516 θη.
759 2466 819 2517 et
844 2462 922 2517 Η.
959 2463 1057 2534 R.)
1090 2464 1253 2520 Anno
1281 2462 1769 2533 sexingentesimo
1802 2464 2083 2536 quinqua-

435 2547 660 2618 gesimo
684 2563 856 2619 nono,
883 2549 979 2620 qui
1003 2554 1095 2606 est
1117 2556 1362 2621 quartus
1390 2551 1714 2608 Ptholomei
1745 2551 2079 2619 Alexandri,

435 2647 565 2689 cum
602 2650 778 2706 prope
810 2637 998 2692 omnia
1031 2638 1181 2693 bella
1224 2643 1500 2694 extranea
1534 2646 1883 2705 cessassent,
1913 2657 2083 2713 supe-

434 2727 564 2779 rato
596 2723 652 2779 in
685 2725 951 2781 Numidia
982 2741 1085 2797 per
1116 2727 1406 2783 Metellum
1442 2728 1704 2799 primum,
1738 2730 1946 2787 deinde
1978 2745 2081 2802 per

435 2810 673 2869 Marium
703 2817 763 2867 et
795 2813 1004 2883 Syllam
1050 2817 1315 2886 Jugurta,
1369 2825 1501 2888 post
1550 2818 1672 2874 haec
1724 2819 1972 2875 Cimbris
2021 2825 2081 2876 et

432 2899 791 2957 Teutonibus
830 2916 932 2973 per
964 2903 1199 2960 Marium
1229 2909 1289 2960 et
1317 2903 1588 2970 Quintum
1630 2907 1917 2977 Catulum,
1952 2922 2083 2977 gra-

431 2986 727 3044 vissimum
760 2990 817 3045 in
847 2989 1009 3047 Italia
1045 2990 1259 3048 bellum
1292 2993 1563 3049 Picenses
1588 2992 1656 3027 ³²⁴
1686 3000 1745 3050 et
1776 2995 1945 3051 Marsi
1978 2997 2080 3052 Pe-

431 3073 691 3146 lignique
722 3084 1048 3146 moverunt,
1077 3080 1171 3150 qui
1197 3080 1362 3137 annis
1393 3082 1849 3151 numerosisjam
1874 3084 2080 3139 Roma-

431 3136 522 3220 nis
554 3136 996 3235 subjacuerunt.
1033 3136 1244 3225 Contra
1276 3184 1421 3239 quos
1445 3185 1475 3226 ε
1500 3136 1770 3227 Romani;
1800 3172 1944 3228 bene
1979 3189 2079 3243 ρυ-
2111 3136 2159 3198 C
2190 3162 2308 3220 filio
2340 3178 2447 3221 suo
2480 3164 2676 3235 Mario,
2713 3164 2809 3221 ubi
2844 3164 2893 3220 is
2923 3164 3190 3221 custodia
3223 3165 3655 3231 observabatur,
3681 3175 3782 3217 con-

426 3257 666 3321 gnatum
718 3260 811 3310 est
841 3270 869 3310 a
902 3256 1041 3311 Gaio
1092 3257 1285 3326 Mario,
1329 3258 1427 3328 qui
1472 3258 1587 3328 jam
1634 3260 1825 3316 sexies
1872 3262 2075 3319 consul

430 3340 641 3410 fuerat,
674 3346 733 3396 et
765 3356 794 3396 a
827 3342 982 3398 Gnco
1014 3345 1305 3415 Pompeio,
1337 3346 1584 3403 maxime
1614 3351 1806 3403 tamen
1838 3363 1869 3404 a
1904 3350 2075 3406 Lucio

431 3428 700 3485 Cornelio
728 3429 903 3500 Sylla,
930 3431 1026 3502 qui
1052 3432 1204 3487 inter
1226 3433 1339 3488 alia
1361 3435 1596 3504 egregia
1625 3436 1951 3492 Cluentium
1976 3438 2076 3495 du-

428 3529 554 3572 cem
603 3516 857 3574 hostium
890 3518 969 3575 ita
999 3534 1128 3576 cum
1181 3522 1404 3589 magnis
1454 3522 1639 3593 copiis
1687 3523 1856 3594 fudit,
1901 3530 1963 3581 ut
2002 3540 2074 3581 ex

427 3604 553 3661 suis
601 3620 775 3662 unum
805 3604 874 3640 ³³⁸
901 3607 1217 3665 amitteret.
1260 3611 1377 3666 Hoc
1427 3610 1642 3667 bellum
1691 3613 2075 3682 quadriennio

425 3706 555 3748 cum
582 3693 746 3763 gravi
776 3695 1112 3752 calamitate
1134 3700 1409 3766 tractum,
1435 3699 1639 3769 quinto
1662 3700 1890 3757 demum
1920 3716 2070 3758 anno

425 3779 594 3838 finem
627 3783 851 3857 accepit
890 3799 996 3857 per
1036 3785 1270 3843 Lucium
1313 3787 1640 3843 Cornelium
1681 3789 1913 3859 Syllam,
1950 3795 2069 3846 tum

422 3869 741 3943 consulem,
774 3887 904 3929 cum
933 3879 1102 3929 antea
1128 3874 1183 3929 in
1205 3873 1409 3931 eodem
1433 3876 1587 3932 bello
1616 3877 1794 3934 multa
1829 3882 2070 3935 strenue

420 3963 639 4029 praetor
666 3960 901 4030 egisset.
934 3963 1065 4033 Ipso
1098 3962 1154 4017 in
1186 3967 1448 4035 tempore
1490 3965 1616 4020 dira
1650 3965 1914 4037 prodigia
1947 3966 2067 4023 visa

421 4050 576 4102 sunt.
629 4047 767 4103 Nam
818 4050 927 4105 sub
971 4053 1104 4105 ortu
1149 4051 1294 4107 solis
1335 4051 1545 4121 globus
1591 4053 1742 4123 ignis
1772 4067 1802 4109 a
1836 4058 2069 4126 septen-

417 4134 610 4189 trione
630 4149 761 4190 cum
786 4136 1033 4193 maximo
1062 4139 1193 4195 coeli
1219 4140 1447 4210 fragore
1481 4140 1711 4206 micuit;
1745 4142 1895 4213 apud
1931 4145 2070 4198 Are-

419 4220 576 4278 tinos
596 4222 653 4279 in
675 4218 944 4281 convivio
964 4240 996 4281 e
1023 4227 1269 4297 panibus
1289 4243 1467 4285 cruor
1491 4229 1653 4300 quasi
1674 4242 1705 4285 e
1724 4230 2066 4289 vulneribus

419 4324 732 4381 corporum
768 4311 963 4381 ﬂuxit;
995 4329 1097 4386 per
1117 4320 1340 4387 septem
1362 4317 1672 4374 continuos
1695 4317 1821 4375 dies
1841 4321 2066 4390 grando

417 4396 697 4470 lapidum,
727 4399 1005 4459 immixtis
1033 4404 1210 4460 etiam
1239 4408 1524 4481 testarum
1557 4404 1918 4475 fragmentis,
1950 4412 2069 4465 ter-

2202 520 2336 577 ciali
2369 519 2544 590 bello,
2572 520 2771 577 multis
2803 520 3266 593 repugnantibus
3288 537 3394 594 per
3416 526 3596 579 totam
3620 525 3798 584 Italiam

2202 609 2512 679 suscitato,
2548 609 2885 667 intestinum
2919 610 3133 666 bellum
3163 610 3498 680 adjunctum
3526 616 3630 681 est,
3651 615 3799 672 multi-

2202 698 2502 769 plicesque
2525 697 2891 754 calamitates
2915 699 3413 770 perturbaverunt
3444 699 3699 771 populum
3718 703 3799 760 Ro-

2201 802 2448 857 manum,
2483 787 2744 857 quamvis
2769 787 2884 856 jam
2917 786 3153 843 Romani
3179 787 3493 844 multarum
3515 786 3705 845 domini
3726 806 3800 847 vo-

2197 880 2475 931 carentur
2505 875 2785 944 gentium.
2814 876 3056 931 Causam
3080 890 3219 931 vero
3240 874 3434 932 civilis
3455 876 3588 931 belli
3608 878 3794 949 Marius,

2193 961 2308 1032 jam
2361 963 2554 1018 sexies
2604 962 2830 1032 consul,
2865 962 3045 1019 dedit.
3099 964 3237 1018 Nam
3269 978 3400 1019 cum
3436 964 3581 1036 Sylla
3611 968 3793 1037 consul,

2197 1056 2475 1120 gesturus
2521 1050 2735 1107 bellum
2779 1055 2983 1107 contra
3016 1051 3403 1122 Metridatem,
3438 1053 3534 1122 qui
3566 1053 3731 1110 Asiam
3752 1062 3793 1111 et

2199 1139 2468 1197 Achaiam
2491 1139 2806 1209 invaserat,
2825 1139 3180 1211 mitteretur,
3200 1139 3303 1196 sed
3318 1141 3631 1198 exercitum
3647 1143 3795 1201 adhuc

2199 1228 2495 1299 paulisper
2537 1227 2593 1283 in
2637 1228 2942 1299 Campania
2996 1232 3242 1299 teneret,
3293 1233 3358 1285 ut
3405 1229 3538 1286 belli
3581 1230 3792 1301 socialis,

2198 1315 2373 1386 quod,
2410 1320 2470 1371 ut
2501 1330 2676 1386 supra
2712 1314 2984 1376 diximus.
3025 1315 3079 1370 in
3114 1314 3278 1371 Italia
3310 1318 3538 1385 gestum
3568 1321 3667 1386 est,
3695 1318 3795 1374 reli-

2198 1404 2346 1474 quiae
2377 1393 2746 1474 tollerentn'r,
2773 1403 2985 1461 Marius
3010 1403 3302 1460 affectavit
3325 1409 3409 1475 ut,
3437 1406 3669 1476 septimo
3690 1422 3793 1464 con-

2194 1491 2389 1548 sulatu
2423 1492 2530 1548 sibi
2562 1492 2888 1559 commisso,
2923 1492 3047 1563 ipse
3071 1492 3140 1548 ad
3168 1492 3385 1548 bellum
3421 1493 3789 1551 Metridaticum

2198 1579 2551 1634 mitteretur.
2594 1579 2714 1645 Qua
2750 1594 2812 1634 re
2844 1578 2995 1649 Sylla
3028 1584 3377 1650 commotus,
3418 1595 3545 1636 cum
3575 1582 3787 1638 exercitu

2198 1666 2267 1723 ad
2292 1668 2501 1723 Urbem
2526 1668 2704 1733 venit,
2730 1671 2787 1722 et
2812 1672 2945 1722 ante
2970 1669 3181 1723 Urbem
3204 1667 3464 1736 legatum
3487 1667 3634 1724 Marii
3661 1668 3786 1739 quasi

2113 1786 2165 1847 B
2197 1755 2437 1847 primam
2467 1755 2760 1811 victimam
2798 1754 2934 1847 belli
2975 1754 3439 1847 civilis_occi_dit,
3474 1770 3599 1847 mox
3622 1757 3784 1847 Urbem

2195 1843 2429 1915 irrupit,
2462 1848 2523 1899 et
2550 1850 2751 1900 contra
2798 1843 3036 1899 Marium
3069 1858 3135 1900 ac
3170 1842 3494 1915 Sulpicium
3539 1843 3785 1914 dimicans,

2195 1931 2511 2003 Sulpicium
2544 1931 2783 2001 occidit,
2816 1931 3054 1988 Marium
3095 1932 3340 2002 fugavit,
3375 1937 3549 2004 atque
3578 1932 3648 1989 ita
3674 1931 3789 1989 ordi-

2194 2020 2347 2077 natis
2370 2020 2426 2075 in
2455 2020 2711 2077 futurum
2737 2034 2944 2077 annum
2967 2020 3313 2078 consulibus
3339 2021 3494 2077 Gneo
3514 2020 3725 2078 Octavio
3746 2025 3790 2077 et

2195 2108 2461 2164 Cornelio
2479 2108 2675 2178 Cinna,
2702 2109 2772 2165 ad
2797 2109 2986 2165 Asiam
3008 2109 3312 2191 profectus
3333 2112 3443 2165 est.
3468 2108 3661 2165 Marius
3687 2122 3790 2164 vero

2191 2211 2320 2252 cum
2356 2211 2694 2268 permovere
2744 2196 3133 2266 nobilitatem,
3182 2196 3540 2253 inflammare
3587 2196 3786 2268 plebem,

2192 2298 2527 2355 perarmare
2550 2285 2810 2341 ordinem
2830 2289 3163 2355 equestrem
3186 2284 3475 2341 adversus
3499 2283 3683 2357 Syllam
3703 2284 3789 2340 fru-

2194 2377 2316 2427 stra
2364 2376 2711 2444 temptasset
2743 2372 2831 2443 m,
2863 2372 3097 2429 tandem
3145 2372 3201 2428 in
3250 2372 3595 2445 Capitolium
3623 2372 3788 2438 cessit;

2193 2459 2295 2515 sed
2315 2475 2345 2515 a
2371 2461 2639 2532 partibus
2661 2460 2909 2532 Syllanis
2927 2460 3188 2530 graviter
3211 2460 3525 2525 contritus,
3550 2461 3615 2515 ab
3633 2473 3692 2516 eo
3710 2458 3788 2514 dif-

2196 2548 2360 2619 tugit,
2395 2552 2455 2604 et
2488 2548 2959 2619 persequentium
2992 2548 3271 2605 instantia
3307 2549 3722 2619 circumseptus,
3743 2546 3782 2602 in

2192 2636 2671 2693 Minturnensium
2723 2636 3035 2708 paludibus
3081 2650 3209 2693 sese
3259 2635 3509 2705 abdidit,
3553 2651 3583 2691 θ
3619 2635 3783 2706 quibus

2193 2723 2506 2780 infeliciter
2538 2724 2662 2781 luto
2689 2724 2912 2780 oblitus
2944 2724 3453 2796 ignominioseque
3484 2726 3779 2796 protractus,

2194 2812 2348 2883 turpi
2382 2826 2613 2883 quoque
2645 2811 2984 2883 spectaculo
3016 2812 3342 2869 Minturnas
3370 2812 3658 2880 deductus,
3683 2824 3784 2866 con-

2190 2904 2510 2971 trususque
2563 2900 2617 2956 in
2666 2914 2987 2964 carcerem,
3041 2915 3453 2971 percussorem
3495 2900 3561 2957 ad
3591 2915 3646 2957 se
3685 2897 3783 2954 mis-

2189 3002 2313 3044 sum
2336 2987 2405 3020 ³³⁷
2427 2988 2553 3045 solo
2583 2988 2710 3045 visu
2744 2988 3091 3045 conterruit.
3124 2988 3350 3046 Deinde
3383 2986 3783 3060 lapsusevincu-

2192 3074 2283 3145 lis,
2316 3075 2370 3132 in
2406 3076 2655 3134 Africam
2702 3076 3041 3146 transfugit,
3094 3075 3537 3147 sollicitatoque
3571 3090 3635 3132 ex
3657 3073 3779 3132 Utica

2189 3250 2350 3308 tinuo
2397 3258 2627 3309 Romam
2675 3267 2976 3322 regressus
3003 3256 3113 3321 est,
3150 3252 3466 3324 Cinnaque
3496 3248 3694 3309 consuli
3714 3261 3782 3305 so-

2185 3340 2399 3397 cietate
2447 3341 2733 3397 scelerum
2784 3339 3130 3409 conjunctus
3174 3337 3302 3405 est;
3358 3342 3554 3411 sicque
3581 3336 3779 3395 collecto

2183 3428 2469 3495 exercitu,
2495 3430 2731 3485 Romam
2760 3429 3032 3499 ingressi,
3068 3428 3468 3486 nobilissimos
3487 3442 3516 3484 θ
3536 3429 3709 3484 senatu
3732 3426 3775 3479 et

2182 3518 2524 3575 consulares
2563 3517 2719 3575 viros
2749 3518 3194 3588 interfecerunt,
3226 3517 3446 3574 multos
3477 3513 3775 3589 proscripse-
3848 3513 3849 3577 Ῐ

2184 3610 2349 3673 runt;
2381 3606 2566 3677 ipsius
2595 3606 2766 3678 Sylla)
2800 3607 2971 3662 domo
3002 3619 3230 3673 eversa,
3264 3620 3502 3663 uxorem
3530 3605 3640 3674 ejus
3660 3604 3707 3657 et
3730 3599 3775 3653 ﬂ-

2182 3692 2293 3751 lios
2322 3696 2394 3751 ad
2418 3695 2607 3765 fugam
2637 3693 3075 3765 compulerunt;
3110 3694 3421 3751 universus
3450 3692 3685 3763 reliquus
3708 3700 3773 3743 se-

2181 3787 2356 3840 natus
2378 3797 2449 3839 ex
2474 3784 2625 3839 Urbe
2658 3782 2901 3852 fugiens,
2930 3782 3001 3837 ad
3031 3780 3243 3852 Syllam
3270 3782 3324 3837 in
3350 3780 3595 3837 Greciam
3622 3774 3769 3836 venit;

2179 3887 2354 3931 orans
2381 3878 2446 3928 ut
2477 3871 2684 3944 patrias
2733 3870 3094 3927 subveniret.
3145 3870 3252 3937 Qui
3284 3869 3482 3927 statim
3510 3868 3565 3939 in
3592 3863 3767 3923 Italiam

2181 3959 2432 4031 trajecit.
2468 3958 2680 4016 Marius
2722 3962 2914 4016 autem
2953 3973 3083 4015 cum
3125 3958 3435 4029 septimum
3463 3952 3767 4013 consulatum

2180 4050 2511 4118 invasisset,
2535 4048 2710 4104 Cinna
2730 4046 2846 4117 jam
2871 4045 3053 4103 tercio
3075 4044 3333 4117 consule,
3359 4046 3414 4101 in
3432 4041 3652 4102 exordio
3668 4050 3768 4094 con-

2177 4137 2404 4195 sulatus
2440 4136 2672 4208 septimi
2709 4149 2840 4192 sera
2877 4134 3107 4191 tandem
3140 4140 3328 4190 morte
3360 4137 3650 4205 prereptus
3673 4127 3763 4184 est;

2178 4226 2353 4283 Cinna
2388 4239 2527 4281 vero
2559 4225 2632 4280 ab
2660 4223 2924 4280 exercitu
2958 4237 3067 4280 suo
3098 4221 3445 4279 interfectus
3472 4224 3574 4276 est.
3601 4217 3765 4304 never:

2177 4316 2310 4371 tens
2340 4318 2532 4370 autem
2562 4312 2738 4384 Sylla,
2771 4325 2900 4368 cum
2940 4311 3056 4381 jam
3093 4312 3287 4366 Romae
3317 4307 3580 4366 consules
3603 4302 3759 4359 mutati

2176 4406 2391 4471 essent,
2426 4407 2486 4457 et
2515 4400 2749 4470 Marius,
2800 4398 2959 4454 Marii
3009 4397 3186 4468 illius,
3223 4411 3291 4453 ac
3324 4394 3580 4468 Papirius
3620 4385 3760 4444 Carbo

418 4498 539 4541 ram
587 4484 872 4545 latissime
920 4477 1299 4556 verberavit;
1336 4490 1391 4546 in
1441 4491 1686 4549 Samniaa
1736 4495 2063 4564 partibuse

2188 4489 2542 4547 consulatum
2588 4487 2954 4559 accepissent
3000 4488 3205 4543 contra
3253 4485 3486 4541 Marium
3528 4477 3757 4564 iuniorem

415 4574 749 4632 vastissimo
778 4582 951 4634 terrm
975 4578 1136 4635 hiatu
1160 4578 1382 4633 flamma
1412 4581 1684 4652 prorupit
1705 4586 1765 4637 et
1789 4597 1970 4653 usque
1991 4584 2061 4640 ad

416 4662 621 4720 caalum
652 4665 887 4722 extendi
921 4665 1045 4721 visa
1077 4670 1185 4721 est.
1219 4667 1373 4721 Tunc
1403 4666 1577 4723 etiam
1610 4669 1862 4726 omnium
1893 4685 2066 4740 gene-

415 4766 542 4809 rum
592 4753 882 4823 animalia,
937 4767 1065 4824 quze
1115 4753 1272 4809 inter
1318 4753 1580 4812 homines
1621 4757 1827 4815 vivere’
1846 4758 2061 4832 solent,

416 4840 642 4899 relictis
690 4841 942 4898 stabulis
991 4842 1364 4914 pascuisque,
1399 4858 1529 4900 cum
1563 4844 1779 4916 balatu,
1834 4845 2063 4904 hinnitu

412 4930 752 5001 gemituque
803 4930 1124 4987 miserabili
1172 4930 1243 4987 ad
1290 4931 1469 4989 siivas
1513 4939 1857 5006 montesque
1908 4936 2067 5007 fuge-

415 5024 582 5085 runt;
611 5032 806 5090 canes,
840 5034 1085 5091 quorum
1109 5024 1316 5076 natura
1339 5024 1430 5077 est
1453 5025 1619 5077 extra
1645 5021 1905 5080 homines
1934 5037 2066 5082 esse

415 5119 529 5161 non
563 5120 755 5179 posse,
791 5107 1119 5165 lacrimosis
1146 5107 1468 5166 ululatibus
1492 5109 1621 5179 vagi
1651 5109 1917 5182 luporum
1945 5112 2063 5169 ritu

417 5193 865 5252 oberraverunt.
899 5197 1012 5253 Nec
1044 5210 1225 5268 mora,
1250 5197 1530 5269 posthaec
1562 5204 1678 5255 tam
1706 5199 1905 5270 gravia
1932 5215 2069 5273 pro-

417 5278 571 5352 digia
604 5282 799 5339 civilia
827 5283 980 5340 bella
1000 5287 1200 5341 secuta
1232 5290 1389 5342 sunt.

2178 4579 2481 4647 dimicans,
2517 4582 2582 4633 15
2611 4576 2766 4632 milia
2798 4575 3033 4645 occidit,
3066 4574 3137 4630 de
3164 4574 3290 4630 suis
3318 4576 3423 4629 400
3445 4567 3637 4628 amisit.
3666 4561 3757 4617 on

2174 4668 2350 4724 etiam
2382 4667 2593 4723 Urbem
2627 4665 2947 4735 ingressus,
2973 4663 3085 4719 tria
3110 4662 3265 4718 milia
3294 4660 3574 4718 hominum
3600 4654 3754 4710 contra

2174 4756 2367 4813 datam
2399 4754 2569 4811 fidem
2599 4753 2850 4810 inermes
2878 4750 3144 4824 peremit.
3179 4752 3434 4822 Cumque
3460 4756 3640 4815 magna
3658 4749 3756 4795 cru-

2174 4843 2415 4901 delitate
2435 4845 2865 4922 contralsontes
2888 4842 3269 4912 insontesque
3293 4837 3527 4908 seviret,
3559 4828 3753 4922 Quintus

2175 4932 2416 4990 Catulus
2438 4931 2625 5003 palam
2652 4916 2829 5002 'Synae
2854 4930 3001 4986 dixit
3028 4948 3040 4984 :
3068 4931 3219 4987 Cum
3239 4926 3453 5001 quibus
3472 4916 3753 4981 tumvi-

2172 5021 2332 5080 cturi
2368 5033 2592 5090 sumus,
2625 5020 2681 5076 si
2706 5020 2775 5075 in
2802 5018 2949 5075 bello
2978 5018 3264 5088 armatos,
3295 5018 3363 5072 in
3379 5025 3525 5086 pace
3548 5009 3750 5067 iw“

2173 5108 2528 5168 occidimus?
2555 5106 2708 5178 Sylla
2741 5106 2939 5177 itaque
2971 5105 3231 5175 Marium,
3256 5102 3411 5159 Marii
3435 5099 3614 5162 illium,

2174 5200 2340 5254 ueste
2369 5176 2735 5268 persecutus,
2772 5176 3008 5249 obsedit
3038 5196 3097 5249 et
3129 5192 3199 5248 ad
3232 5194 3468 5247 mortem
3496 5176 3740 5271 compulit,

2176 5290 2309 5360 post
2340 5263 2463 5342 haec
2492 5283 2563 5342 de
2591 5280 2900 5339 Metridate
2930 5281 3150 5353 ingenti
3197 5279 3381 5352 gloria
3424 5263 3741 5342 triumphavit

1785 5399 2023 5459 VARIE
2063 5399 2464 5461 LECTIONES.

480 5509 673 5592 “ita
700 5515 779 5594 ἕξοι
812 5511 976 5572 dust
1000 5516 1049 5573 4.
1084 5517 1136 5570 5ο
1173 5517 1258 5569 10.
1294 5518 1378 5576 tl.
1457 5514 1526 5549 ³⁸³
1558 5514 1722 5579 deest
1749 5520 1798 5575 5.
1878 5516 1945 5551 ⁸³⁸
1977 5516 2233 5594 picensis
2262 5522 2312 5581 5.
2390 5515 2462 5550 ³²⁸
2498 5528 2673 5575 unum
2712 5528 2827 5573 non
2859 5515 2909 5569 4.
2943 5525 3057 5570 non
3097 5526 3270 5571 unum
3300 5513 3382 5569 tt.
3457 5502 3523 5541 ³¹⁶
3544 5493 3735 5559 ἀϐαΐθ·

408 5575 476 5617 ³¹⁷
505 5581 681 5640 misso
703 5584 759 5638 5.
