3898 6312
91 264 201 330 687

956 254 1402 323 CHRONICA.
1440 288 1522 302 —
1547 252 2031 319 CHRONICON
2072 258 2619 325 UNIVERSALE.

3386 253 3507 320 638

120 402 195 461 ΗΖ
224 398 334 472 m.)
368 398 562 456 Gneus
590 399 784 453 autem
811 396 1147 469 Pompeius,
1184 397 1340 468 quod
1364 394 1507 454 nulli
1536 393 1742 451 Roma-
1768 390 1824 449 A
1858 413 1987 455 cum
2018 396 2155 454 filiis
2187 395 2434 454 includit
2461 398 2517 454 in
2548 397 2793 456 castello
2828 398 3110 471 quodam;
3146 401 3282 456 ante
3310 397 3507 455 tamen

94 504 291 549 norum
322 488 615 545 tributum
644 489 792 555 erat,
824 486 1163 544 vicesimum
1204 492 1477 558 quartum
1529 502 1737 545 annum

97 579 283 639 aetatis
305 575 588 647 agens,de
614 574 805 631 Africa
828 576 1190 648 trimphavit.
1219 577 1374 647 Sylla
1397 577 1592 649 itaque
1609 582 1741 650 post

98 667 269 725 multa
296 665 525 734 flagicia
551 663 812 720 dictator
834 669 1070 721 creatus
1091 668 1202 735 est,
1241 670 1305 722 ut
1329 667 1743 724 dominationis

100 760 154 814 et
176 752 554 812 crudelitatis
577 751 758 807 libido
782 752 1010 809 honesti
1030 753 1281 809 nominis
1305 756 1635 811 reverentia
1648 770 1744 812 ve-

101 843 334 900 laretur.
372 840 700 897 Novissime
731 843 921 898 tamen
955 845 1248 913 potestate
1270 844 1538 915 privatus
1571 845 1744 901 mori-

103 937 213 1003 tur,
240 930 600 1000 tandemque
621 929 893 986 conclusa
927 934 1064 985 sunt
1096 932 1210 988 duo
1243 932 1393 990 bella
1420 934 1743 992 funestissi-

101 1035 204 1091 ma,
230 1018 453 1076 sociale
478 1018 743 1075 Italicum
770 1024 830 1075 et
850 1019 1021 1076 civile
1045 1020 1496 1093 Syllanum,qu:e
1524 1038 1623 1095 per
1647 1037 1744 1080 an-

105 1124 203 1167 nos
231 1108 430 1165 decem
466 1111 792 1179 protracta,
825 1107 958 1179 plus
991 1123 1158 1179 quam
1194 1114 1424 1168 centum
1464 1112 1744 1183 quinqua-

103 1199 250 1269 ginta
276 1196 431 1252 milia
457 1197 849 1252 Romanorum
873 1204 1379 1269 consumpserunt.
1409 1200 1619 1271 (Ηιειι.)
1645 1201 1745 1259 His

109 1286 466 1357 temporibus
493 1285 830 1342 Terrentius
857 1286 1040 1343 Varro
1070 1287 1430 1345 tricesimum
1477 1291 1741 1359 quintum

107 1389 306 1431 annum
338 1374 539 1431 aetatis
570 1388 768 1444 agens,
798 1373 1028 1431 litteras
1048 1390 1272 1432 summo
1295 1377 1489 1434 studio
1513 1377 1738 1434 didicit.

107 1462 320 1531 Cicero,
354 1460 599 1517 defenso
645 1466 850 1518 contra
898 1463 1319 1534 Chrisogonum
1376 1466 1619 1522 Rustico
1649 1465 1737 1536 “3,

112 1550 361 1607 Athenas
388 1549 569 1619 cedit,
603 1550 813 1606 deinde
845 1555 980 1621 post
1009 1552 1322 1609 triennium
1371 1556 1609 1611 Romam
1657 1570 1744 1611 re-

103 1642 463 1710 gressus,26°
493 1638 693 1695 aetatis
720 1654 842 1695 suae
893 1654 1040 1696 anno
1082 1641 1258 1697 etiam
1300 1642 1595 1709 Quintium
1645 1644 1741 1699 de-

1859 490 2127 561 moritur,
2152 504 2322 562 quam
2354 488 2597 559 injurias
2617 489 2864 561 Hyrcani
2888 490 2960 546 ad
2988 490 3221 563 plenum
3253 488 3495 548 ulcices—

1858 584 2042 637 retur.
3460 597 3471 607 ·

1906 672 2041 719 Alex.
2102 669 2217 719 Jud.

1926 737 1992 789 15
2174 737 2196 787 1
2314 732 2634 801 Hyrcanus.
2677 729 2989 787 Alexandri
3019 728 3221 786 Jannei
3266 733 3325 785 et
3377 730 3508 787 Ale-

1854 821 2091 878 xandrea
2125 819 2331 878 Salinae
2362 820 2536 891 illius,
2574 823 2701 892 post
2735 821 2957 877 obitum
2989 820 3193 877 matris
3242 821 3506 893 suscepit

1855 925 2096 981 regnum
2126 911 2477 980 Judzeorum,
2514 925 2544 967 a
2595 914 2781 967 matre
2819 910 2927 968 sibi
2958 909 3365 975 commissum;
3399 910 3504 967 sed

1858 1000 2037 1057 frater
2068 1000 2193 1069 ejus
2222 999 2594 1057 Aristobolus
2626 998 2754 1056 zelo
2790 997 3025 1069 ductus,
3062 998 3424 1070 impugnavit
3445 1002 3508 1056 et

1844 1088 2078 1160 expulit
2104 1088 2426 1154 illum.Qua
2453 1089 2817 1146 dissensione
2839 1092 3031 1144 actum
3063 1091 3157 1144 est
3196 1092 3260 1145 ut
3300 1089 3508 1145 Roma-

1855 1178 1911 1232 ni
1964 1179 2241 1235 ductores
2297 1176 2553 1235 Judzeam
2603 1178 2928 1243 intrarent;
2960 1177 3162 1247 sicque
3212 1180 3505 1234 annuente

1856 1266 2131 1338 Pompeio
2160 1269 2459 1337 Hyrcanus
2488 1268 2879 1339 principatum
2904 1266 3347 1337 recepit.Quem
3372 1280 3503 1323 cum

1858 1370 1960 1426 per
1990 1361 2056 1412 33
2090 1372 2272 1412 annos
2305 1357 2764 1427 administraret,
2799 1356 3046 1413 consilio
3072 1355 3367 1426 Antigoni,
3399 1353 3503 1413 filii

1858 1444 2056 1502 fratris
2084 1447 2194 1515 sui,
2227 1462 2257 1503 a
2287 1447 2519 1504 Parthis
2568 1452 2777 1519 captus
2808 1450 2920 1516 est,
2950 1449 3008 1503 et
3035 1445 3117 1502 ita
3156 1458 3395 1515 regnum
3442 1447 3502 1502 et

1855 1534 2246 1590 sacerdotium
2278 1536 2609 1593 Iudaeorum
2640 1536 2880 1592 defecit.
2921 1535 3060 1590 Nam
3094 1533 3244 1589 idem
3270 1532 3508 1603 Antigo-

1854 1637 1965 1679 nus
1997 1638 2026 1679 a
2057 1624 2289 1681 Parthis
2322 1625 2707 1696 principatum
2739 1625 3102 1694 accipiens,a
3124 1622 3398 1680 Romanis
3421 1621 3505 1678 in-

107 1709 784 1798 fendit.Quointempore
798 1727 1023 1785 Plotius
1043 1729 1241 1786 Callus
1264 1732 1458 1788 Romae
1484 1732 1716 1787 Latinan

1905 1713 2141 1770 :rfectus
2171 1716 2356 1785 est,et
2382 1714 2747 1786 principatus
2770 1714 2839 1771 ad
2874 1713 3230 1785 alienigenas
3248 1709 3502 1769 transla-

106 1815 452 1872 retboricam
492 1815 714 1886 primus
746 1815 965 1887 docuit,
991 1817 1157 1887 cujus
1184 1820 1359 1876 etiam
1409 1822 1608 1877 Cicero
1626 1837 1740 1877 me-

104 1904 284 1960 minit.
310 1904 522 1961 Lucius
545 1905 898 1975 Pomponius
922 1907 1297 1965 Bononiensis
1320 1909 1650 1966 catillarum
1671 1909 1742 1943 m

108 1995 353 2066 scriptor
382 1999 522 2050 tunc
552 1994 787 2051 claruit.
820 1996 1123 2054 Lucretius
1150 1998 1324 2054 etiam
1357 2004 1529 2070 poeta
1554 2001 1742 2056 nasci-

106 2084 212 2149 tur,
244 2081 339 2152 qui
374 2082 664 2137 amatorio
696 2083 902 2153 poculo
934 2083 1143 2141 hausto
1172 2085 1225 2140 in
1258 2087 1567 2143 amentiam
1614 2102 1743 2143 ver-

109 2184 217 2239 sus,
247 2168 477 2239 aliquos
508 2168 698 2227 libros
732 2185 834 2241 per
862 2171 1168 2228 intervalla
1193 2174 1445 2231 vesaniae
1479 2175 1737 2245 scripsit,

110 2273 242 2330 quos
265 2259 470 2315 Cicero
494 2262 703 2329 postea
725 2260 1084 2316 emendavit.
1122 2262 1361 2333 Crispus
1391 2279 1624 2335 quoque
1647 2266 1742 2321 Sa-

112 2346 308 2403 lustius
327 2347 860 2418 bystoriographus
883 2349 1172 2406 nascitur.
1210 2351 1484 2420 Virgilius
1506 2354 1660 2409 Maro
1682 2353 1740 2409 in

114 2448 244 2505 pago
273 2434 366 2504 qui
393 2434 596 2491 Andes
615 2435 831 2492 dicitur
848 2437 987 2493 baut
1013 2438 1266 2509 procula
1292 2440 1519 2496 Mantua
1557 2443 1743 2499 nasci-

109 2528 217 2578 tur.
244 2522 477 2579 Portius
505 2523 650 2579 Cato
674 2517 900 2581 Stoicus
927 2524 1738 2599 pbylosOpbuscognoscitur.

109 2609 195 2665 His
226 2612 588 2682 temporibus
627 2610 1019 2682 Apollodorus
1075 2616 1466 2685 Pergamenus
1522 2619 1741 2677 Grecus

110 2699 880 2771 orator,preceptorCallidii
896 2705 951 2757 et
971 2703 1440 2771 Augusti,clarus
1468 2706 1734 2765 habetur.

109 2787 361 2843 Horatius
394 2786 643 2844 Flaccus
674 2786 949 2844 libertino
978 2794 1145 2861 patre
1172 2793 1407 2849 Venusii
1452 2796 1735 2866 nascitur,

115 2875 384 2945 satyricus
417 2880 626 2948 postea
657 2880 718 2932 et
746 2877 967 2947 lyricus
990 2882 1180 2949 poeta.
1208 2880 1487 2951 Virgilius
1512 2883 1740 2939 Cremo-

116 2976 191 3018 nae
211 2963 418 3020 studiis
447 2963 755 3031 eruditur;
786 2964 994 3022 dehinc
1023 2972 1251 3039 sumpta
1282 2972 1438 3040 toga,
1472 2971 1740 3028 Mediola-

1854 1804 1950 1857 tus
1977 1808 2067 1858 est
2093 1801 2187 1858 “3°.

1924 1892 1990 1945 18
2172 1895 2206 1946 4
2314 1889 2459 1946 Anni
2492 1891 2563 1947 ab
2591 1890 2765 1947 inicio
2792 1894 2957 1948 3900.

1921 1981 1991 2033 3O
2137 1982 2203 2033 16

1924 2066 2025 2135 (Η.
2060 2082 2136 2124 m.
2173 2072 2229 2124 et
2255 2069 2332 2125 Η.
2359 2070 2456 2141 R.)
2484 2071 2645 2124 Anno
2669 2068 2738 2124 ab
2757 2067 2910 2124 Urbe
2935 2066 3171 2124 condita
3195 2064 3503 2135 sexingen-

1852 2154 2057 2210 tesimo
2085 2160 2201 2226 81°,
2232 2157 2329 2225 qui
2362 2161 2452 2212 est
2484 2172 2670 2213 nonus
2708 2155 3033 2211 Ptholomei
3083 2152 3346 2223 Dionisii,
3382 2151 3497 2210 duo

1852 2244 2075 2301 tantum
2108 2247 2306 2315 gravia
2339 2245 2488 2301 bella
2524 2245 2576 2300 in
2612 2245 2857 2315 imperio
2885 2243 2952 2278 ³³1
2992 2246 3161 2299 erant
3214 2244 3495 2310 Romano,

1851 2332 2362 2401 Metridaticum,et
2380 2332 2972 2390 Macedonicumﬂmc
2995 2330 3111 2388 duo
3126 2328 3344 2388 Luculli
3368 2342 3504 2397 age-

1853 2421 2230 2488 bant,Lucius
2256 2422 2527 2479 Lucullus
2546 2421 2994 2489 Metridaticum,
3021 2423 3081 2476 et
3107 2416 3498 2476 consobrinus

1852 2511 1978 2580 ejus
2010 2512 2233 2567 Marcus
2283 2511 2554 2567 Lucullus
2583 2510 3034 2567 Macedonicum.
3063 2511 3132 2564 At
3156 2506 3366 2564 Lucius
3395 2506 3503 2564 Lu-

1852 2599 2044 2656 cullus
2075 2607 2485 2667 transgressus
2516 2601 2790 2657 Eufraten
2809 2603 2867 2657 et
2889 2598 3117 2669 Tygrin,
3145 2612 3276 2655 cum
3304 2594 3505 2653 Metri-

1852 2686 1987 2743 date
2014 2702 2371 2753 congressus
2403 2694 2515 2757 est,
2549 2692 2609 2744 et
2637 2703 2767 2744 cum
2807 2702 2984 2758 parva
3040 2699 3278 2743 suorum
3323 2696 3494 2740 manu

1850 2780 2027 2833 30000
2077 2777 2329 2833 hostium
2387 2777 2633 2841 occidit;
2683 2775 3041 2843 Metridates,
3093 2774 3192 2830 vix
3261 2776 3494 2829 centum

1852 2866 2270 2935 quinquaginta
2303 2865 2740 2931 comitantibus,
2779 2863 3027 2932 aufugit,
3052 2861 3379 2918 diademate
3435 2862 3496 2915 et

1848 2954 2053 3024 thyara
2085 2953 2174 3020 ³³³,
2206 2970 2275 3011 ne
2333 2957 2767 3023 agnosceretur,
2809 2951 3083 3020 ahjectis;
3117 2954 3312 3007 castra
3364 2946 3493 3017 ejus

112 3052 717 3150 numtransgreditur,
742 3058 803 3109 et
841 3058 973 3125 post
1005 3036 1181 3113 breve
1228 3036 1456 3130 tempus
1502 3062 1737 3117 Romam
1768 3092 1818 3156 α
1850 3041 2084 3156 άξνθιῐξῑῖξ
2109 3046 2242 3156 sum:
2265 3060 2280 3108 ;
2296 3042 2567 3156 ξνξηξηίξὶ
2594 3054 2822 3111 quoque
2846 3036 3492 3156 mirorinqyfmrt'igrit;

112 3139 278 3209 pergit
293 3182 305 3196 .

108 3228 316 3278 Alexand.
357 3229 474 3279 Jud.

201 3295 223 3346 1
368 3296 437 3349 15
559 3291 782 3365 (Ηιειι.)
857 3292 1236 3352 Ptholomeus
1297 3297 1577 3370 Phiscon,
1639 3300 1735 3372 qui

111 3376 310 3446 ejectus
341 3381 538 3437 fuerat
569 3395 599 3436 a
633 3387 837 3452 matre,
872 3396 1180 3453 regressus
1211 3385 1281 3441 de
1312 3385 1465 3458 fuga,
1496 3404 1735 3458 regnum

110 3467 328 3539 recepit,
362 3468 644 3540 quoniam
676 3469 1088 3537 Alexandrum,
1109 3473 1203 3543 qui
1236 3488 1304 3530 co
1336 3475 1506 3546 pulso
1536 3492 1738 3547 regna-

110 3553 200 3623 vit,
221 3556 290 3611 ob
312 3556 785 3613 interfectionem
813 3559 1015 3615 matris
1034 3559 1160 3629 ejus
1179 3561 1340 3618 cives
1362 3564 1734 3635 expulerunt.

108 3640 363 3713 Regnavit
384 3650 590 3703 autem
611 3645 703 3702 hic
728 3650 930 3717 postea
954 3649 1122 3705 annis
1144 3653 1232 3720 30,
1252 3666 1281 3707 a
1306 3654 1736 3711 restauratione

110 3732 288 3803 templi
316 3748 467 3790 anno
503 3734 1086 3805 quadringentesimo
1121 3738 1415 3796 tricesimo
1458 3742 1660 3798 tcrcio.

200 3824 222 3873 1
365 3826 434 3878 23
555 3820 932 3879 Ptholomcus
994 3824 1299 3897 Dionisius,
1336 3828 1517 3885 frater
1577 3830 1736 3888 Cleo-

106 3910 290 3977 patra),
322 3909 598 3982 regnavit
629 3911 996 3969 Alexandriae
1045 3913 1212 3970 annis
1245 3920 1331 3987 30,
1367 3930 1397 3971 a
1442 3924 1735 3976 restaura-

108 3992 245 4053 tione
272 3998 472 4071 templi
506 4014 660 4056 anno
681 4003 836 4058 4M”.

196 4088 226 4140 6
404 4093 427 4143 1
557 4088 783 4146 Mortuo
830 4089 1160 4148 Alexandro
1202 4092 1531 4151 Iudaeorum
1578 4097 1733 4167 prin-

106 4168 230 4240 cipe,
256 4188 399 4230 uxor
428 4175 564 4245 ejus
598 4175 945 4248 Alexandra,
973 4193 1101 4250 qua)
1128 4184 1188 4236 et
1211 4179 1407 4254 §alina
1442 4182 1598 4240 dicta
1618 4190 1726 4256 est,

108 4271 322 4328 regnum
352 4263 692 4321 Iudaeorum
716 4279 823 4336 per
850 4280 1031 4322 annos
1054 4281 1258 4323 novem
1285 4270 1558 4328 obtinuit.
1587 4272 1725 4341 (Jos.

105 4344 179 4403 De
205 4346 234 4403 ὸ
260 4351 360 4419 ..Ῑ.,
393 4367 432 4421 ῐ,
466 4353 552 4424 4.)
585 4351 724 4418 Quae
755 4367 883 4410 cum
916 4354 1060 4411 duos
1087 4354 1241 4413 filios
1279 4358 1350 4413 ab
1396 4359 1727 4418 Alexandro

1849 3130 1900 3185 ei
1930 3131 2123 3187 ablata
2153 3135 2264 3187 est.
2296 3130 2400 3198 Qui
2437 3130 2681 3200 fugiens,
2709 3131 3020 3199 susceptus
3047 3135 3139 3183 est
3162 3140 3191 3181 a
3241 3127 3494 3196 l‘ygrane

1848 3232 1984 3288 rege
2021 3218 2326 3288 Armeniae,
2363 3218 2457 3288 qui
2492 3222 2612 3273 tum
2635 3230 2763 3272 cum
2793 3214 3012 3284 ingenti
3036 3212 3222 3283 gloria
3244 3212 3494 3282 impera-

1849 3305 1971 3369 bat,
2003 3306 2278 3363 Lucullus
2306 3321 2444 3362 vero
2478 3310 2750 3375 repetens
2772 3304 2998 3360 hostem
3024 3300 3487 3372 fugatum,etiam

1846 3393 2121 3463 Tygranis
2149 3394 2447 3463 ingressus
2478 3396 2564 3450 est
2600 3406 2840 3461 regnum
2868 3391 3176 3463 ipsumque
3205 3385 3491 3445 rebellan-

1848 3485 1962 3537 tem
1995 3481 2074 3537 ita
2108 3482 2342 3551 devicit,
2377 3486 2441 3539 ut
2472 3496 2731 3551 magnam
2764 3484 2987 3552 partem
3017 3476 3302 3535 Armenia)
3334 3473 3494 3532 dele-

1846 3569 2197 3626 verit.Alter
2226 3576 2418 3628 autem
2453 3568 2746 3637 Lucullus,
2779 3568 2874 3639 qui
2906 3565 3294 3624 Macedoniam
3313 3562 3496 3620 admi-

1847 3656 2357 3729 nistrabat,Bessis
2382 3659 2602 3731 primus
2617 3659 3003 3714 Romanorum
3028 3654 3225 3710 intulit
3247 3652 3484 3713 bellum.

1847 3744 2052 3816 hisque
2080 3762 2209 3803 cum
2240 3747 2504 3819 pluribus
2525 3746 2656 3801 aliis
2686 3743 2963 3813 gentibus
2986 3740 3489 3813 superatis,Mace-

1846 3832 2073 3889 doniam
2106 3838 2287 3890 totam
2317 3833 2554 3903 devicit,
2579 3837 2638 3889 et
2669 3831 2860 3888 victor
2885 3829 3077 3887 rediit.
3105 3828 3317 3884 Eodem
3346 3830 3491 3883 tem-

1845 3936 1986 3992 pore
2012 3922 2238 3978 Cretam
2271 3921 2518 3979 insulam
2554 3918 2818 3976 Metellus
2845 3931 2950 3990 per
2976 3915 3270 3972 biennium
3294 3912 3490 3970 debel-

1844 4010 1989 4079 lans,
2026 4010 2079 4065 in
2116 4012 2465 4080 potestatem
2497 4010 2886 4065 Romanorum
2934 4004 3180 4074 redegit,
3206 4003 3486 4072 legesque

1841 4098 2057 4155 Minoas
2091 4097 2358 4153 Romanis
2404 4096 2633 4167 legibus
2665 4092 3052 4167 permutavit;
3084 4090 3236 4149 unde
3266 4093 3327 4147 et
3354 4091 3489 4147 Cre-

1842 4187 1999 4243 ticus
2028 4187 2224 4242 dictus
2256 4190 2348 4241 est
2379 4199 2411 4241 a
2439 4187 2629 4241 Creta.

1913 4274 2035 4341 Quo
2066 4279 2326 4344 tempore
2361 4274 2533 4344 Lybia
2567 4284 2906 4344 quoqueper
2944 4272 3354 4325 testamentum
3378 4266 3490 4338 Ap-

1842 4362 2047 4433 pionis,
2083 4362 2179 4433 qui
2205 4366 2343 4420 tunc
2375 4376 2478 4418 rex
2506 4362 2636 4433 ejus
2657 4364 2807 4430 erat,
2824 4360 3079 4415 Romano
3118 4354 3363 4427 imperio
3397 4368 3490 4411 ac-

104 4441 390 4502 generatos
406 4439 1008 4511 baberet.Hyrcanum
1032 4446 1170 4499 natu
1194 4444 1468 4514 majorem
1488 4453 1728 4520 propter
1756 4447 1811 4509 D
1839 4452 2104 4520 cedebat,
2132 4452 2187 4506 in
2217 4466 2328 4522 qua
2363 4450 2577 4507 inclitae
2600 4449 2776 4506 urbes
2799 4451 2964 4504 erant
3000 4444 3284 4514 Beronici,
3312 4442 3490 4499 Ptbo-

105 4525 311 4581 atatem
334 4527 658 4584 declaravit
687 4529 1017 4600 pontificem
1038 4535 1095 4585 et
1114 4537 1358 4603 propter
1382 4535 1727 4592 modestiam

106 4621 274 4680 regem
307 4620 441 4685 post
464 4630 529 4672 se
556 4617 1170 4687 constituit,minorem
1202 4627 1394 4677 autem
1426 4623 1729 4682 Aristobo-

106 4692 203 4753 lum
228 4703 521 4772 privatum
553 4703 751 4761 vivere
782 4705 986 4777 voluit,
1021 4707 1153 4779 quia
1188 4708 1558 4768 ferventioris
1598 4720 1724 4770 erat

105 4781 665 4855 ingenii.Alexandra
696 4807 834 4849 vero
866 4792 1001 4850 dum
1031 4809 1274 4866 regnum
1323 4812 1527 4854 novem
1561 4801 1726 4860 annis

106 4871 543 4948 administraret,
570 4881 775 4936 morbo
809 4880 1121 4939 laboravit.
1157 4885 1309 4941 Tunc
1344 4886 1530 4942 minor
1570 4888 1724 4946 filius

102 4957 212 5029 ejus
239 4964 610 5024 Aristobolus
640 4983 772 5024 cum
797 4969 984 5025 servis
1013 4970 1157 5041 suis,
1193 4986 1337 5042 quos
1368 4974 1583 5031 multos
1627 4976 1725 5033 ba-

105 5045 259 5105 bebat
286 5067 603 5126 omnesque
638 5069 742 5127 pro
770 5057 963 5113 aetatis
998 5058 1224 5115 fervore
1241 5059 1577 5133 fidissimos,
1600 5066 1722 5121 uni-

102 5147 249 5193 versa
271 5140 516 5197 castella
534 5143 1198 5214 obtinuit,etconductis
1222 5149 1454 5207 auxiliis
1475 5154 1717 5222 pecunia

104 5233 254 5290 quam
279 5226 356 5284 ibi
388 5230 629 5301 reperit,
664 5245 858 5302 regem
887 5246 952 5289 se
984 5232 1432 5307 declaravit.0b
1461 5239 1587 5296 haec
1618 5241 1721 5297 mi-

1842 4538 2064 4609 lomais,
2099 4543 2335 4611 Cyrene.
2371 4541 2511 4595 Dum
2571 4538 2694 4594 haec
2733 4539 3006 4605 aguntur,
3041 4533 3246 4605 piratae
3272 4529 3342 4564 ³⁸³
3377 4545 3483 4602 per

1838 4628 2024 4683 omnia
2056 4623 2241 4700 sparsi
2277 4627 2594 4696 maria,non
2625 4624 2813 4683 solum
2846 4622 3078 4678 navium
3119 4620 3481 4677 commeatus

1839 4714 2309 4787 intercipiebant,
2337 4715 2439 4771 sed
2463 4714 2637 4771 etiam
2662 4711 2886 4770 insulas
2918 4707 3364 4783 provinciasque
3384 4721 3485 4763 va-

1835 4804 2091 4859 stabant.
2109 4803 2266 4870 Quos
2288 4804 2478 4859 Gneus
2500 4798 3145 4875 Pompeius,commisso
3167 4794 3278 4852 sibi
3303 4793 3477 4864 bello,

1835 4891 1986 4948 intra
2022 4906 2239 4963 paucos
2268 4904 2497 4946 menses
2526 4888 2747 4959 ingenti
2782 4888 3064 4946 felicitate
3097 4884 3356 4954 miraque
3385 4897 3479 4938 ce-

1833 4978 2069 5035 leritate
2091 4977 2677 5049 compressit.Postea
2693 4990 3005 5033 successor
3025 4971 3242 5029 Luculli
3261 4970 3471 5039 factus,

1832 5066 2194 5124 Metridatem
2228 5063 2661 5135 impugnatione
2685 5062 2975 5134 frequenti
2999 5061 3374 5117 vehementer
3397 5058 3478 5113 af-

1835 5155 2000 5210 flixit.
2029 5156 2108 5211 Eo
2136 5159 2398 5225 tempore
2423 5154 2648 5221 Castor,
2681 5150 3007 5207 Metridatis
3040 5146 3473 5222 prefectus,qui

1829 5240 2152 5311 Panagorio
2186 5243 2440 5312 preerat,
2471 5237 2801 5295 interfectis
2843 5237 3045 5293 amicis
3069 5236 3245 5307 regis,
3280 5248 3471 5292 arcem

104 5317 275 5368 serata
304 5316 577 5386 querelas
605 5318 836 5375 Hircani
867 5323 1053 5377 mater
1072 5323 1375 5394 conjugem
1394 5326 1715 5387 Aristoboli
1828 5330 2028 5403 coepit,
2062 5334 2119 5385 et
2155 5333 2404 5401 quatuor
2428 5327 2582 5385 filios
2610 5325 2937 5383 Metridatis
2968 5324 3037 5381 ad
3072 5323 3327 5396 presidia
3364 5324 3476 5379 Ro-

1414 5415 1679 5490 ‘VARLE
1717 5419 2118 5475 LECTIONES.

162 5481 717 5585 '“a‘ftf‘tﬁroﬂoscio
744 5494 912 5556 codd.
995 5495 1066 5532 ³²⁹
1092 5498 1184 5558 ita
1208 5514 1318 5575 pro
1355 5481 1767 5563 attellanarum
1798 5506 1947 5565 codd
2015 5505 2086 5541 ⁸³⁰
2122 5504 2358 5564 transiit
2383 5508 2432 5562 5.
2510 5502 2579 5539 ³³⁸
2609 5509 2774 5567 erant
2825 5507 2881 5563 in
2914 5504 2953 5565 ἱ.
2994 5508 3044 5567 5.
3122 5502 3192 5539 ³³³
3232 5501 3472 5585 cylhara

104 5553 176 5609 9⁸-
208 5554 275 5593 ³³³
302 5553 495 5634 p§rati
527 5568 583 5626 ὅ.
