3898 6334
353 363 476 428 639

1511 368 1995 432 EKKEHARDI
2035 367 2591 436 URAUGIENSIS

3658 366 3780 432 640

360 502 1252 563 manatransmisit.Metridates
1275 521 1558 566 accensus
1581 507 1687 578 ira,
1709 510 1925 565 exarsit
1949 511 2005 566 in
2035 503 2092 562 A
2126 521 2324 564 mense
2365 507 2522 564 illam
2555 521 2920 580 expugnans,
2955 509 3132 564 14000
3169 504 3506 562 Iudaeorum
3529 501 3770 574 occidit,

363 591 622 659 scelera;
654 607 782 648 nam
815 593 1015 665 plures
1043 597 1259 652 amicos
1282 612 1420 654 suos
1472 598 1850 668 interﬁciens,
1879 599 2009 655 Exi-

367 680 604 751 podram
637 681 817 738 filium
851 698 1018 739 suum
1055 684 1349 752 interficit,
1377 701 1504 743 cum
1531 687 1646 755 jam
1677 692 1811 744 ante
1833 689 2007 744 alium

363 767 546 824 filium
586 768 654 804 ³³⁸
685 771 990 829 Mocharen
1022 775 1398 832 trucidasset.
1435 777 1764 834 Pharnaces
1791 783 2007 849 autem,

367 857 522 914 filius
550 859 693 928 ejus,
727 861 992 932 exemplo
1023 863 1265 918 fratrum
1300 865 1562 934 territus,
1585 867 1904 924 exercitum
1939 867 2008 924 ad

363 959 428 1001 se
461 949 926 1018 persequendum
960 965 990 1006 a
1027 956 1191 1024 patre
1215 954 1451 1010 missum
1486 955 1593 1010 sibi
1653 956 2006 1027 conciliavit,

363 1035 680 1106 statimque
705 1037 991 1094 adversus
1017 1046 1240 1112 patrem
1265 1042 2011 1114 duxitjustojudicio,quia

363 1128 424 1178 et
453 1123 551 1181 ille
587 1125 872 1183 adversus
893 1133 1113 1199 patrem
1146 1146 1310 1187 suum
1333 1131 1402 1188 de
1425 1147 1603 1202 regno
1625 1132 1693 1166 ³³⁵
1712 1141 2014 1191 concerta-

360 1213 466 1268 vit.
494 1215 720 1270 Interea
756 1217 1096 1274 Metridates
1119 1219 1214 1276 diu
1239 1235 1309 1275 ex
1331 1221 1616 1278 altissimo
1641 1238 1805 1280 muro
1830 1223 2007 1280 filium

361 1301 582 1358 frustra
611 1303 981 1377 deprecatus,
1002 1308 1098 1363 ubi
1122 1323 1250 1364 eum
1277 1310 1694 1366 inexorabilem
1719 1312 2012 1380 vidit,mo-

364 1390 588 1446 riturus
611 1393 972 1450 exclamasse
999 1396 1212 1452 fertur:
1243 1399 1531 1461 Quoniam-
1555 1401 2012 1472 Pharnaces,in-

368 1479 516 1548 quit,
545 1482 698 1537 mori
717 1481 907 1552 jubet,
933 1498 1052 1552 eos,
1075 1485 1131 1540 si
1153 1484 1296 1542 estis
1325 1486 1416 1542 dii
1440 1489 1654 1558 patrii,
1682 1503 1909 1559 precor,
1943 1491 2016 1546 ut

363 1569 858 1640 quandocumque
873 1574 932 1628 et
946 1573 1073 1643 ipse
1099 1573 1254 1632 lianc
1271 1589 1459 1632 vocem
1474 1590 1513 1633 α
1537 1576 1744 1635 liberis
1763 1578 2009 1636 suisau-

361 1656 513 1713 diat.
550 1659 871 1730 Statimque
901 1661 1260 1719 descendens
1292 1663 1360 1718 ad
1387 1681 1599 1722 uxores
1619 1671 1674 1721 et
1701 1667 1918 1738 pelices
1943 1685 2006 1725 ac
2050 1724 2063 1741 ,

361 1745 514 1802 ﬁlias
536 1761 690 1814 suas,
709 1763 987 1805 venenum
1021 1751 1289 1808 omnibus
1322 1753 1500 1809 dedit.
1539 1755 1703 1820 Quod
1728 1773 1856 1812 cum
1883 1758 2005 1828 ipse

2123 604 2322 654 cetera
2338 597 2648 655 multitudo
2663 597 2716 652 in
2738 597 2907 654 (idem
2925 595 3316 659 venit,muros
3329 591 3600 650 civitatis
3615 606 3776 649 ever-

2120 689 2166 744 ti
2201 687 2455 758 soloque
2479 685 2696 758 aequari
2723 685 2986 758 precepit
3009 702 3023 751 ;
3049 683 3218 754 cujus
3239 681 3534 739 circuitus
3565 684 3601 736 4
3620 679 3772 736 milia

2123 791 2402 849 passuum
2437 776 2616 832 fuisse
2639 773 2875 831 dicitur.
2928 775 3074 841 (Jos.
3104 773 3192 831 De
3223 771 3275 828 b.
3306 772 3392 840 J.,
3426 771 3464 828 Ζ.
3504 769 3567 837 ι.)
3612 770 3777 826 Pom-

2121 867 2290 939 peius
2321 881 2449 922 cum
2481 865 2604 921 suis
2634 863 2950 920 comitibus
2981 859 3262 932 templum
3285 859 3776 930 ingressus—pro

2125 969 2238 1025 quo
2270 959 2458 1009 tamen
2491 951 2671 1009 Iudaei
2705 951 2950 1006 maxime
2984 948 3300 1006 doluerunt
3324 945 3621 1005 -—.omnia
3646 959 3776 1016 qua

2123 1043 2481 1100 intrinsecus
2512 1047 2680 1098 erant
2707 1039 3025 1112 perspexit,
3051 1051 3187 1094 vasa
3223 1051 3390 1092 saera
3420 1040 3482 1091 et
3499 1033 3778 1092 candela-

2125 1133 2225 1190 bra
2255 1137 2313 1189 et
2343 1135 2680 1202 congestam
2716 1127 2924 1183 molem
2958 1126 3383 1199 pigmentorum
3414 1129 3476 1181 et
3505 1124 3773 1195 pecuniae

2124 1235 2519 1292 sacrze,pr0pe
2563 1219 2631 1275 ad
2666 1219 2780 1275 duo
2812 1216 2966 1272 milia
3019 1215 3402 1280 talentorum;
3433 1228 3544 1270 nec
3573 1217 3772 1269 tamen

2121 1311 2211 1368 vel
2245 1311 2368 1367 haec
2399 1309 2492 1366 vel
2524 1306 2679 1364 aliud
2713 1305 3018 1377 quicquam
3051 1304 3122 1360 de
3145 1303 3332 1360 sacris
3355 1302 3774 1372 attigerat,sed

2123 1407 2356 1472 postera
2391 1398 2483 1454 die
2516 1400 2644 1468 post
2677 1393 3161 1464 excidiumjussit
3190 1391 3442 1448 aedituos
3485 1389 3772 1462 templum

2121 1502 2428 1557 curare,ne
2462 1485 2599 1557 quid
2645 1483 2902 1541 sordium
2948 1482 3280 1550 haberet,et
3326 1483 3390 1536 ut
3442 1478 3769 1550 solempnia

2121 1592 2282 1634 saera
2315 1576 2712 1634 celebrarent.
2735 1575 2863 1644 Ipse
2882 1575 3073 1627 autem
3097 1585 3198 1626 eos
3222 1570 3318 1640 qui
3360 1568 3613 1626 maxime
3633 1567 3771 1626 belli

2121 1679 2294 1722 causa
2331 1665 2555 1720 fuerant
2591 1659 2783 1718 securi
2818 1657 3238 1730 percussit,eos
3269 1672 3406 1714 vero
3438 1657 3537 1728 qui
3570 1671 3769 1714 secum

2123 1753 2353 1810 fortiter
2384 1754 2624 1821 egerant
2659 1747 2942 1821 preclaris
2973 1747 3212 1818 premiis
3242 1745 3503 1816 donavit,
3534 1750 3594 1802 et
3632 1747 3770 1818 Hyr-

361 1833 708 1892 novissimus
736 1838 986 1893 omnium
1011 1839 1326 1912 hausisset,
1363 1857 1465 1898 nec
1512 1848 1721 1914 tamen,
1765 1851 2006 1917 propter
2035 1858 2088 1918 Β
2121 1857 2328 1898 canum
2355 1841 2688 1912 pontificem
2704 1835 3008 1892 declarans
3023 1834 3466 1892 ceterisIudaeis
3481 1833 3770 1890 tributum

365 1923 622 1978 remedia
656 1924 868 1994 quibus
897 1927 1093 1984 vitalia
1121 1944 1217 1984 sua
1249 1929 1535 1988 adversus
1581 1933 1784 1990 noxios
1832 1950 2006 1990 sucos

361 2025 498 2081 sepe
529 2013 1159 2084 obstruxerat,veneno
1185 2019 1387 2074 conﬁci
1420 2025 1636 2092 posset,
1672 2023 2006 2094 frustraque

364 2099 732 2170 spaciaretur
787 2103 836 2158 si
863 2118 976 2174 quo
1008 2106 1240 2161 tandem
1274 2108 1440 2163 modo
1471 2109 1658 2165 infusa
1692 2111 1874 2181 pestis
1906 2127 2010 2183 per

363 2202 543 2245 venas
561 2193 934 2259 vegetatione
957 2195 1223 2265 corporis
1238 2201 1367 2252 acta
1387 2197 1766 2268 discurreret,
1787 2201 2008 2257 Gallum

369 2277 652 2345 quendam
690 2279 950 2350 mil'tem,
979 2281 1094 2350 jam
1131 2284 1314 2339 fracto
1347 2301 1509 2341 muro
1557 2287 2006 2361 discurrentem,

368 2363 637 2420 invitavit
670 2365 757 2434 ³³⁸,
793 2369 964 2438 eique
991 2369 1254 2439 jugulum
1291 2375 1541 2444 prebuit.
1589 2377 1750 2432 IIunc
1792 2378 2010 2434 exitum

369 2451 506 2508 vitae
531 2454 872 2510 Metridates
922 2458 1143 2528 habuit,
1178 2461 1367 2529 homo,
1405 2466 1466 2517 ut
1514 2464 1724 2536 ferunt,
1759 2466 2010 2522 omnium

373 2539 1014 2615 superstieiosissimus,
1067 2547 1162 2617 qui
1211 2548 1418 2618 viginti
1460 2551 1702 2607 duarum
1752 2553 2010 2621 gentium

350 2625 602 2698 linguis,
637 2644 779 2700 quas
811 2631 919 2687 sub
942 2647 1118 2702 regno
1151 2651 1254 2692 suo
1285 2638 1488 2694 habuit
1533 2640 1611 2694 ita
1639 2640 1871 2697 locutus
1901 2646 2009 2712 est,

365 2719 428 2770 ut
466 2731 772 2788 numquam
809 2721 1128 2788 legationes
1159 2726 1268 2781 sub
1293 2727 1716 2799 interpretibus
1756 2730 2012 2785 audiret.

369 2803 551 2859 Periit
573 2813 764 2862 autem
798 2811 949 2880 apud
984 2811 1359 2884 Bosphorum,
1387 2815 1473 2870 vir
1497 2817 1750 2885 ingentis
1782 2817 2013 2874 consilii

369 2895 426 2946 et
463 2891 786 2953 industriae.
824 2899 1103 2968 Regnavit
1155 2902 1322 2958 annis
1373 2907 1458 2972 40,
1492 2905 1630 2960 vixit
1664 2911 1751 2976 72,
1786 2921 2016 2978 semper

367 2979 588 3037 habens
616 2999 814 3040 secum
846 2987 1242 3059 phylosophos
1271 2992 1640 3063 omniumque
1679 2995 1888 3050 artium
1922 3011 2016 3067 pc-

369 3068 704 3156 ritissimos.
724 3075 936 3131 Contra
969 3077 1259 3134 Romanos
1279 3079 1482 3136 habuit
1507 3081 1719 3139 bellum
1744 3084 1910 3140 annis
1925 3089 2010 3156 40,

365 3155 511 3227 sive,
547 3163 612 3214 ut
642 3159 739 3215 alii
765 3161 986 3233 dicunt,
1021 3169 1108 3220 30.

435 3247 748 3318 Pompeius
778 3252 1281 3318 vero,Metridatis
1313 3255 1492 3310 occisi
1518 3257 1728 3314 nuncio
1749 3265 2010 3330 accepto,

369 3334 612 3403 'I‘ygrani
648 3335 860 3392 bellum
892 3338 1128 3406 intulit;
1161 3341 1262 3396 sed
1294 3341 1392 3398 ille
1413 3344 1463 3399 ei
1501 3360 1564 3401 se
1591 3344 1660 3379 ³³⁷
1697 3347 2016 3414 dedidit,ac

365 3419 626 3477 diadema
661 3439 851 3493 suum,
883 3442 1012 3482 cum
1055 3431 1469 3499 procubuisset
1515 3433 1585 3488 ad
1617 3448 1803 3503 genua
1851 3437 2017 3491 Pom-

368 3507 481 3578 peii
511 3507 598 3578 ³³⁸,
636 3510 688 3565 in
722 3526 889 3568 manu
921 3515 1048 3584 ejus
1079 3516 1409 3588 collocavit,
1437 3522 1588 3591 quod
1629 3522 1680 3578 ei
1705 3525 2015 3594 Pompeius

368 3597 652 3666 reposuit,
691 3599 1123 3674 honoriﬁceque
1167 3620 1297 3662 cum
1348 3607 1570 3680 habuit,
1607 3611 1768 3679 regni
1823 3615 2014 3668 tamen

367 3689 532 3754 parte
554 3687 804 3758 sublata,
847 3691 1205 3758 grandieum
1258 3697 1499 3766 pecunia
1553 3698 1846 3770 multavit,
1881 3701 2014 3770 quia

363 3771 583 3830 bellum
616 3775 742 3833 sine
775 3792 948 3836 causa
987 3782 1260 3839 Romanis
1317 3785 1533 3842 intulit.
1569 3786 1708 3855 (Jos.
1742 3789 1831 3844 De
1859 3786 2011 3858 b.J.,

361 3873 402 3931 1,
430 3864 519 3933 5.)
553 3865 710 3920 Inter
747 3866 864 3922 hzec
896 3874 1089 3925 autem
1124 3873 1401 3928 Scaurum
1433 3873 1686 3944 legatum
1719 3875 1772 3930 in
1794 3875 2014 3948 Syriam

368 3951 524 4008 misit
559 3953 730 4024 eique
759 3957 948 4013 omnia
974 3961 1209 4028 negocia
1245 3961 1322 4016 ibi
1347 3964 1567 4031 agenda
1591 3965 2013 4032 commisit.Qui

363 4053 491 4096 cum
518 4042 857 4099 Damascum
881 4046 1128 4116 veniret,
1155 4049 1398 4106 audiens
1423 4066 1550 4122 quae
1569 4051 1624 4106 in
1648 4052 1845 4109 Iudaea
1863 4053 2016 4109 inter

362 4128 689 4198 Hyrcanum
717 4135 778 4186 et
825 4133 1223 4193 Aristobolum
1273 4138 1486 4194 fratres
1534 4141 1894 4208 gerebantur
1923 4140 2012 4211 ³³⁸,

367 4214 506 4272 illuc
523 4217 792 4274 tetendit.
815 4220 898 4276 Ad
923 4238 1092 4294 quem
1119 4241 1248 4282 cum
1270 4228 1582 4298 utriusque
1609 4229 1811 4285 fratris
1839 4229 2017 4300 legati

368 4302 657 4376 venirent,
675 4309 1053 4380 acceptisque
1082 4313 1154 4368 ab
1178 4313 1514 4370 Aristobolo
1537 4315 1819 4372 trecentis
1838 4317 2020 4374 talen-

363 4389 474 4462 ‘tis,
509 4393 660 4462 parti
694 4395 820 4466 ejus
839 4397 998 4470 favit,
1022 4399 1250 4469 justitia
1287 4401 1546 4473 pecuniae
1575 4404 1908 4474 posthabita
1929 4405 2016 4462 διο.

2123 1930 2355 1988 indixit.
2390 1932 2523 1985 Post
2559 1930 2682 1985 haec
2711 1929 2928 1983 Scauro
2960 1924 3331 1981 committens
3353 1923 3548 1980 omnia
3599 1937 3774 1993 nego-

2124 2021 2200 2076 tia
2235 2035 2262 2076 a
2291 2019 2521 2076 ﬂumine
2544 2019 2780 2074 Eufrate
2798 2029 2982 2086 usque
3006 2013 3076 2071 ad
3110 2013 3252 2070 ﬁnes
3271 2013 3773 2084 Egyptiﬁomam

2124 2109 2246 2180 ipse
2269 2107 2821 2177 eontendit,ducens
2836 2119 3028 2162 secum
3057 2100 3452 2158 Aristobolum
3473 2101 3779 2171 captivum

2122 2213 2248 2254 cum
2279 2197 2504 2254 duabus
2536 2194 2765 2251 ﬁliabus
2797 2192 3162 2262 totidemque
3185 2187 3601 2258 ﬁliis,quorum
3629 2201 3782 2245 unus

2123 2285 2449 2343 Alexander
2471 2301 2541 2340 ex
2574 2284 2785 2339 itinere
2818 2279 3190 2349 fugit,minor
3209 2281 3403 2333 autem
3438 2276 3778 2346 Antigonus

2123 2391 2254 2434 cum
2288 2374 2590 2432 sororibus
2619 2376 2680 2426 et
2714 2376 2883 2442 patre
2915 2371 3151 2426 Romam
3172 2366 3492 2438 perductus
3532 2364 3774 2429 est.(Ib.

2122 2481 2172 2522 c.
2200 2465 2279 2534 6.)
2313 2461 2638 2520 Alexander
2669 2461 3245 2530 itaque,congregata
3279 2469 3446 2510 manu
3473 2454 3544 2510 ad
3567 2453 3775 2510 decem

2125 2553 2280 2609 milia
2306 2553 2564 2624 peditum
2589 2554 2644 2606 et
2673 2548 2830 2604 mille
2853 2547 3202 2617 quingentos
3222 2543 3474 2614 equites,
3501 2544 3776 2610 Hyrcano

2125 2642 2361 2712 gravius
2385 2639 2720 2695 imminebat
2745 2637 3102 2705 Judeamque
3119 2631 3776 2704 populabatur.lnterea

2127 2731 2404 2788 Gabinius
2433 2731 2488 2785 in
2532 2728 2750 2800 Syriam
2803 2725 3014 2782 missus
3061 2735 3366 2780 successor
3398 2720 3642 2790 Scauro,
3677 2719 3779 2776 ad-

2124 2834 2334 2878 versus
2365 2817 2751 2875 Alexandrum
2773 2829 2901 2872 cum
2920 2813 3108 2870 valida
3135 2825 3309 2866 manu
3329 2809 3633 2865 dimicavit
3656 2823 3776 2880 quo

2127 2909 2327 2980 praelio
2352 2906 2678 2964 Alexander
2707 2918 2811 2960 sex
2857 2902 3092 2958 milibus
3135 2898 3386 2968 amissis,
3423 2897 3478 2952 in
3526 2896 3780 2952 Alexan-

2127 2998 2314 3054 drium
2338 2994 2646 3053 castellum
2669 2989 3066 3061 confugit.Ubi
3091 2987 3396 3045 obsidione
3411 2985 3782 3053 cinctus,ve-

2126 3086 2276 3142 niam
2309 3099 2518 3154 rogare
2549 3085 2792 3142 coaetus
2820 3082 2910 3135 est
2931 3082 2987 3134 et
3010 3075 3316 3136 castellum
3341 3071 3783 3130 tradere.Gabi-

2126 3175 2258 3229 nius
2280 3188 2438 3243 vero,
2469 3169 2728 3229 castellis
2753 3167 3024 3226 omnibus
3057 3161 3548 3233 dirutis,cousilio
3568 3161 3782 3218 matris

2129 3260 2439 3318 Alexandri
2473 3262 2796 3330 Hyrcanum
2822 3253 3261 3311 "ierosolimam
3299 3250 3782 3322 perducit,eique

2123 3349 2324 3422 templi
2347 3363 2543 3406 curam
2567 3343 3079 3419 permisit,ceteris
3111 3341 3192 3398 rei
3218 3339 3471 3413 publicae
3501 3339 3780 3410 partibus

2125 3439 2438 3510 optimates
2465 3435 3080 3508 prefeeit,omnemque
3095 3428 3428 3486 Iudaeorum
3449 3432 3686 3496 gentem
3719 3426 3784 3484 in

2127 3527 2382 3598 quinque
2397 3527 2720 3582 conventus
2735 3520 2952 3578 divisit:
2971 3533 3144 3575 unum
3163 3514 3786 3584 Hierosolimis,alium

2125 3615 2312 3684 Doris,
2335 3613 2580 3670 tercium
2615 3609 2769 3680 apud
2804 3607 3176 3675 Amathunta,
3211 3607 3484 3676 quartum
3520 3603 3780 3675 Hierico,

2127 3679 2389 3774 quintum
2411 3699 2610 3755 Setl'ori
2633 3679 2868 3754 Calileaa
2899 3695 3140 3752 civitate
3163 3693 3233 3750 de
3247 3692 3786 3765 posuit.Singulari

2125 3795 2318 3848 autem
2352 3786 2937 3846 uniusdominatione
2968 3779 3787 3851 Judmiliberatiﬁibenterab
3896 3779 3898 3852 ξ

2125 3879 2514 3952 optimatibus
2545 3877 2926 3946 regebantur.

2197 3966 2296 4036 (H.
2326 3965 2424 4037 R.)
2474 3966 2632 4018 Anno
2661 3962 2734 4017 ab
2784 3961 2936 4016 Urbe
2994 3957 3230 4014 condita
3280 3955 3790 4025 sexingentesimo

2123 4060 2241 4125 89°,
2277 4054 2374 4126 qui
2406 4055 2496 4108 est
2530 4048 2852 4106 Ptholemei
2902 4046 3141 4104 Dionisii
3184 4049 3338 4134 179°,
3354 4045 3563 4134 Marco
3598 4043 3789 4102 Tullio

2129 4144 2406 4201 Cicerone
2435 4143 2668 4196 oratore
2689 4143 2750 4194 et
2804 4137 2960 4192 Gneo
3012 4133 3262 4190 Antonio
3311 4132 3683 4202 consulibus,
3716 4147 3785 4189 ea

2129 4231 2342 4304 quiede
2357 4228 2603 4286 Catilina
2617 4225 2870 4283 etsociis
2901 4223 3030 4294 ejus
3054 4221 3347 4280 Salustius
3375 4220 3623 4294 Crispus
3645 4221 3789 4279 scri-

2131 4321 2218 4378 bit
2239 4322 2369 4376 aeta
2388 4321 2546 4374 sunt.

2203 4408 2304 4478 (Η.
2346 4407 2451 4478 m.)
2501 4407 2662 4461 Anno
2717 4399 3009 4473 sequenti,
3041 4399 3139 4470 qui
3171 4401 3262 4456 est
3300 4397 3478 4456 Urbis
3529 4397 3784 4456 condita:

373 4479 601 4538 Interea
660 4485 987 4558 Pompeius,
1023 4489 1288 4544 Armenia
1329 4495 1604 4562 superata
1633 4495 1692 4548 et
1749 4495 2019 4552 omnibus
2047 4565 2088 4567 _
2129 4503 2314 4567 690‘“,
2362 4493 2594 4551 Decimo
2620 4489 2691 4525 '“
2730 4489 2902 4546 Iunio
2951 4486 3183 4560 Syllano
3213 4489 3273 4544 et
3324 4485 3500 4544 Lucio
3551 4487 3784 4544 Murena

371 4569 640 4640 partibus
672 4572 807 4644 illis,
834 4575 1182 4647 cunctisque
1208 4591 1312 4648 pro
1343 4584 1480 4634 voto
1511 4581 1819 4652 ordinatis,
1844 4583 1897 4638 in
1924 4585 2020 4655 Sy-
2045 4565 2102 4628 D
2132 4565 2490 4652 consulibus,
2515 4577 2783 4636 Metellus
2833 4573 3213 4648 triumphavit
3263 4573 3336 4630 de
3389 4574 3588 4644 Creta,
3632 4575 3791 4631 Pom~

366 4659 508 4716 riam
524 4661 786 4736 divertit,
802 4664 1014 4722 deinde
1035 4668 1376 4725 Damascum
1394 4670 1574 4740 venit,
1592 4672 1900 4744 Antipater
1922 4688 2020 4730 au-

365 4751 488 4806 tem
521 4751 754 4822 quidam
785 4767 1000 4824 genere
1026 4754 1318 4828 Idumeus,
1343 4757 1635 4816 divitiiset
1661 4759 1902 4817 aliarum
1932 4777 2020 4818 re-

365 4853 500 4894 rum
533 4840 702 4912 cepia
729 4842 923 4912 gentis
954 4858 1075 4901 suae
1107 4846 1492 4918 preceps,jam
1523 4847 1740 4904 dudum
1794 4847 2020 4907 invisus

370 4927 727 4996 Aristobolo,
764 4930 1116 4990 hortabatur
1145 4936 1470 5004 Hyrcanum
1501 4941 1566 4992 ut
1609 4951 1672 4992 se
1719 4938 2018 4994 conferret

366 5015 438 5072 ad
464 5017 822 5090 Pompeium.
841 5021 924 5077 Ad
947 5037 1114 5094 quem
1138 5024 1629 5095 veniens,magnis
1647 5025 1699 5082 ei
1720 5025 1873 5082 datis
1897 5041 2017 5084 mu-

365 5103 624 5176 neribus,
657 5107 768 5164 sibi
799 5124 928 5167 eum
961 5111 1318 5169 conciliavit.
1351 5111 1453 5182 (H.
1483 5113 1587 5184 m.)
1621 5113 1728 5180 Qui
1767 5113 2015 5171 tendens

367 5189 834 5270 Hierosolimam,
858 5214 988 5258 cum
1011 5201 1124 5258 sibi
1175 5215 1204 5257 a
1233 5203 1503 5274 partibus
1521 5202 1837 5259 Aristoboli
1869 5204 2013 5276 resi-

366 5279 650 5350 steretur,
691 5284 1178 5358 obpugnationem
1233 5289 1505 5363 intendit,
1555 5289 1770 5362 vixque
1825 5290 2008 5348 tercio

2131 4673 2298 4747 peius
2329 4672 2402 4729 de
2435 4668 2586 4728 bello
2616 4665 2881 4740 pyratieo
2903 4668 2964 4720 et
3012 4661 3408 4721 Metridatico.
3449 4661 3622 4719 Nulla
3667 4663 3792 4720 um-

2131 4777 2300 4834 quam
2345 4773 2553 4833 pompa
2582 4753 2864 4827 triumphi
2895 4751 3104 4810 similis
3135 4749 3262 4808 fuit.
3288 4749 3462 4807 Ducti
3489 4753 3628 4806 sunt
3653 4753 3788 4806 ante

2129 4863 2366 4907 currum
2399 4843 2657 4917 Pompeii
2683 4843 2783 4898 filii
2809 4838 3137 4898 Metridatis
3159 4841 3216 4894 et
3249 4835 3406 4894 ﬁlius
3425 4837 3713 4908 Tygranis
3727 4842 3786 4893 et

2130 4935 2506 4994 Aristobulus
2533 4949 2606 4990 ex
2634 4931 2852 5000 Iudaea,
2886 4927 3110 5002 prelata
3141 4929 3234 4983 est
3278 4925 3488 4996 ingens
3543 4925 3784 4997 pecunia

2129 5025 2256 5083 auri
2301 5027 2478 5094 atque
2531 5003 2759 5092 argenti
2809 5016 3055 5074 inﬁnita.
3099 5015 3216 5070 Hoc
3259 5017 3527 5086 tempore
3559 5011 3780 5070 nullum

2127 5128 2302 5186 grave
2335 5111 2551 5170 bellum
2582 5111 2736 5165 erat.

2195 5205 2359 5258 Anno
2382 5200 2454 5256 ab
2482 5197 2637 5255 Urbe
2657 5194 2893 5253 condita
2940 5195 3074 5250 693°
3105 5189 3278 5249 Gaius
3313 5187 3507 5248 Julius
3548 5189 3788 5258 Casar,‘

2123 5290 2220 5362 qui
2254 5293 2456 5362 postea
2486 5284 2817 5358 imperavit,
2842 5296 2978 5341 cum
3009 5279 3188 5339 Lucio
3219 5277 3433 5337 Bibulo
3463 5277 3676 5338 consul
3713 5277 3765 5332 fa

1750 5457 1986 5516 VARUE
2027 5453 2434 5516 LECTIONES.

433 5600 504 5638 ³³⁸
529 5600 700 5678 deest
715 5605 802 5678 ρο.
857 5621 1026 5678 suum
1061 5611 1120 5678 4.
1184 5604 1272 5678 ξ³⁸⁸
1301 5609 1372 5668 de
1427 5623 1472 5668 r.
1504 5607 1624 5670 des.
1657 5610 1734 5668 9°.
1812 5605 1881 5644 ³³⁸
1913 5606 2124 5669 invasit
2183 5610 2260 5666 9°.
2339 5602 2410 5644 ⁸³⁷
2449 5617 2514 5666 se
2536 5601 2586 5665 ei
2620 5605 2677 5662 δ.
2761 5599 2832 5638 ³³⁸
2887 5597 3112 5678 pompei
3143 5601 3221 5658 9°.
3303 5594 3377 5636 ’³ο
3433 5595 3787 5673 agebantur.

361 5671 432 5708 ³⁴⁰
459 5671 797 5750 postposita
835 5680 926 5733 ti.‘
963 5676 1032 5714 ³⁴ι
1063 5676 1234 5736 decio
1271 5681 1324 5738 4.
1359 5683 1450 5739 10.
1491 5683 1576 5740 tt.
