3898 6298
90 306 186 367 641
932 287 1372 354 CHRONICA.
1411 322 1480 332 —
1518 282 1998 348 CHRONICON
2042 285 2595 349 UNIVERSALE.
3349 288 3470 354 642

91 406 205 498 ctus
231 440 335 494 est.
372 433 611 489 Decreta
642 432 734 485 est
763 426 816 482 ei
848 424 1028 481 Gallia
1050 421 1423 493 Transalpina
1443 424 1502 476 et
1525 417 1701 475 Cisal-
1732 419 1788 478 A
1817 418 2043 483 urebat,
2066 432 2295 477 aurum.
2323 421 2402 475 Eo
2425 435 2701 478 successu
2728 422 2924 477 Parthi
2948 422 3224 479 elatiorcs
3254 426 3447 483 effecti

94 530 210 602 pina
228 532 284 582 et
304 522 593 593 Illyricum
615 533 746 575 cum
769 514 1096 585 legionibus
1119 512 1283 569 denis
1306 511 1361 565 in
1385 509 1704 602 quinquen-
1820 506 2105 602 tﬂranssirc
2139 507 2193 561 in
2226 508 2850 602 Syriam-censuerunt.
2885 510 3121 602 (Jos.De
3151 510 3200 565 ὑ.
3232 512 3290 567 J.
3315 528 3352 602 r,
3387 515 3467 585 6.)

95 592 230 674 nium
257 592 431 676 datis;
465 608 704 665 Galliam
736 608 1020 662 comatam
1047 605 1246 673 postea
1282 603 1522 655 senatus
1554 596 1708 666 adje-
1823 592 1977 659 Quos
2010 600 2245 651 strenue
2275 597 2327 651 in
2344 596 2504 652 sidiis
2534 597 2767 667 excepit
2799 597 3032 654 Cassius
3059 602 3116 653 et
3141 601 3465 657 commissae

97 705 181 761 cit.
206 699 604 767 Caesaritaque
628 687 1471 762 inGalliamprofectus,multa
1503 684 1707 756 praelia
1823 682 1933 737 sibi
1967 684 2282 754 provinciae
2316 684 2528 756 repulit
2572 686 2819 746 finibus:
2856 686 3063 741 deinde
3116 687 3169 742 in
3208 689 3466 745 Iudaeam

98 806 210 848 cum
240 787 412 843 Gallis
446 782 862 851 Germanisque
891 777 1203 846 commisit,
1240 788 1493 847 sepequc
1516 773 1710 829 victus
1825 770 2014 840 irruit,
2048 779 2107 827 et
2135 773 2469 831 Tharicbeis
2516 774 2745 846 deletis,
2799 779 2975 832 30000
3018 776 3351 834 Iudaeorum
3414 779 3469 834 in

102 879 383 950 sepiusque
411 874 673 941 vincens,
706 868 945 926 Galliam
982 871 1164 923 totam
1197 871 1256 920 et
1288 864 1526 931 Suevos,
1578 874 1714 950 gene
1827 861 2171 917 servitutem
2203 862 2485 918 vendidit.

100 949 199 1023 tein
222 962 650 1030 ferocissimam,
670 971 916 1030 quorum
940 963 1172 1011 centum
1200 968 1381 1025 pagos
1399 965 1531 1008 esse
1548 949 1713 1005 multi
1901 949 2206 1019 Antipater
2228 953 2441 1021 autem,
2470 952 2541 1007 de
2565 968 2679 1023 quo
2704 969 2876 1025 supra
2899 953 3018 1010 dixi
3035 956 3188 1024 quod
3207 957 3470 1027 Hyrcano

104 1053 478 1127 prodiderunt,
514 1060 860 1115 omnemque
892 1041 1248 1099 Germaniam
1278 1042 1533 1096 Romano
1584 1038 1720 1094 sub-
1830 1038 2072 1108 faveret,
2108 1040 2333 1111 accepit
2358 1056 2593 1096 uxorem
2619 1041 2711 1097 cui
2736 1056 2943 1097 nomen
2969 1043 3192 1113 Cypris,
3219 1044 3478 1115 splendi-

105 1125 235 1200 didit
265 1138 521 1211 imperio.
556 1134 786 1192 Domuit
822 1138 1016 1188 autem
1049 1145 1252 1186 novem
1284 1129 1449 1185 annis
1492 1141 1717 1183 omnem
1831 1125 2073 1182 dissimo
2108 1132 2262 1183 inter
2294 1130 2521 1185 Arabiae
2569 1128 2637 1161 ³⁸⁸
2670 1130 2911 1185 feminas
2962 1130 3087 1186 loco
3136 1137 3350 1203 natam,
3401 1148 3476 1189 ex

106 1233 208 1287 fere
233 1227 482 1295 Galliam,
519 1224 824 1297 quaeinter
848 1223 1021 1293 Alpes
1042 1224 1100 1276 et
1125 1220 1334 1276 flumen
1378 1217 1719 1273 Rhodanum

104 1319 453 1387 Rhenumque
481 1312 553 1347 ⁸⁴³
578 1318 638 1369 et
668 1325 947 1367 oceanum
974 1315 1067 1365 est
1096 1307 1424 1363 etcircuitu
1460 1309 1620 1376 patet
1651 1305 1722 1360 ab

106 1408 183 1464 liis
221 1406 411 1462 tricies
454 1407 700 1459 centena
755 1399 907 1455 milia
952 1412 1245 1469 passuum.
1282 1395 1417 1450 Inde
1449 1395 1521 1450 ad
1562 1392 1724 1449 lllari-

106 1510 198 1551 nos
238 1492 303 1527 ³⁴³
347 1492 522 1559 venit,
577 1489 729 1547 unde
781 1488 835 1542 in
887 1486 1241 1543 Brithaniam
1298 1482 1364 1516 ³⁸⁵
1421 1482 1723 1553 proximus

106 1588 157 1640 et
183 1582 550 1640 brevissimus
584 1576 872 1633 transitus
921 1583 1034 1644 est,
1067 1571 1476 1641 Britannisque
1507 1570 1722 1626 bellum

107 1671 311 1739 intulit,
343 1669 550 1739 quibus
597 1669 731 1722 ante
762 1678 833 1720 ne
882 1677 1088 1720 nomen
1126 1660 1357 1732 quidem
1404 1661 1720 1715 Romanum

1834 1229 1943 1284 qua
1976 1218 2237 1286 suscepit
2271 1218 2420 1273 lilios
2450 1223 2721 1288 quatuor,
2751 1218 3033 1287 Fasclum,
3062 1221 3365 1292 Herodem,
3387 1223 3479 1277 Jo-

1836 1305 2101 1374 scphum,
2140 1306 2431 1377 Fcroram,
2462 1312 2518 1362 et
2571 1308 2744 1362 filiam
2798 1308 3027 1364 nomine
3073 1307 3317 1365 Salome.
3368 1309 3474 1375 Qui

1836 1407 1966 1448 cum
1999 1393 2224 1448 Gabinii
2259 1395 2512 1451 favorem
2562 1396 2900 1452 muneribus
2952 1402 3126 1468 atque
3176 1398 3481 1469 obsequiis

1836 1482 2281 1552 promeruisset,
2312 1484 2485 1539 etiam
2520 1486 2701 1540 Cassii
2735 1486 3190 1542 familiaritatem
3230 1488 3479 1559 adeptus

1838 1574 1949 1624 est.
1999 1571 2182 1626 Causa
2215 1572 2428 1643 quippe
2460 1577 2750 1629 tantorum
2794 1575 3043 1631 filiorum
3083 1577 3170 1631 vir
3205 1577 3478 1647 egregius

1839 1661 1929 1712 est
1971 1659 2159 1715 factus
2188 1660 2258 1715 ad
2292 1662 2733 1731 promerendam
2768 1665 3106 1720 muneribus
3140 1665 3479 1722 societatem

107 1760 384 1830 cognitum
414 1757 536 1813 fuit.
573 1755 654 1811 lbi
687 1755 895 1811 acerba
927 1752 1174 1824 primum
1208 1764 1396 1822 pugna
1444 1748 1721 1818 fatigatus
1755 1771 1805 1829 Β
1841 1749 2181 1817 potentium.
2220 1750 2312 1804 Sic
2341 1751 2628 1821 Josephus
2658 1751 2729 1806 de
2758 1766 2826 1807 eo
2860 1757 3141 1818 testatur;
3177 1753 3484 1811 Africanus

107 1863 207 1905 non
223 1848 344 1903 siue
367 1860 570 1915 magno
593 1859 829 1901 suorum
852 1840 1187 1898 discrimine
1214 1839 1444 1894 tandem
1466 1836 1721 1927 eosvicit

108 1950 240 1994 anno
263 1939 389 1990 ante
424 1933 778 1989 Dominicam
810 1930 1289 1997 incarnationem,
1323 1932 1384 1983 ut
1409 1926 1557 1982 Beda
1583 1926 1725 1982 scri-

111 2025 203 2093 bit,
235 2022 402 2092 quinq
429 2021 709 2090 'agesimo
744 2019 819 2089 (Ιι.
848 2033 893 2075 e.
923 2020 984 2072 A.
1012 2017 1191 2086 1.2.).
1227 2018 1381 2072 Hanc
1421 2015 1725 2071 historiam

112 2110 397 2168 Suetonius
427 2107 801 2179 Tranquillus
828 2105 1112 2177 explicuit
1158 2103 1510 2174 planissime.

169 2201 317 2255 Anno
347 2199 418 2253 ab
448 2198 607 2253 Urbe
658 2195 892 2251 condita
941 2197 1065 2259 697,
1116 2193 1214 2263 qui
1265 2196 1355 2248 est
1406 2190 1727 2246 Ptholomei

110 2287 323 2344 Dionisii
371 2291 521 2355 25118,
576 2286 801 2340 Marcus
848 2283 1102 2338 Licinius
1169 2283 1436 2349 Grassus,
1506 2278 1730 2348 collega

113 2377 230 2432 Gnci
245 2375 491 2446 Pompeii
510 2373 695 2443 Magni
712 2373 765 2428 in
779 2372 1087 2428 consulatu
1102 2370 1359 2427 secundo
1377 2368 1731 2441 provinciam

113 2465 333 2522 sortitus
358 2465 413 2519 in
442 2463 718 2532 Parthos,
769 2462 937 2517 homo
979 2459 1348 2531 inexplebilis
1369 2457 1729 2529 cupiditatis,

113 2554 284 2610 audita
311 2552 515 2623 templi
547 2550 618 2584 ³⁸³
648 2549 1141 2606 Hierosolimitani
1191 2547 1508 2617 opulentia,
1562 2558 1732 2615 quam

115 2642 394 2713 Pompeius
418 2641 702 2696 intactam
728 2637 1065 2709 reliquerat,
1092 2637 1147 2691 in
1172 2635 1522 2692 Palestinam
1548 2633 1736 2688 diver-

116 2730 192 2799 tit,
218 2728 653 2786 Hierosolimam
685 2726 827 2794 adit,
859 2722 1138 2796 templum
1172 2722 1458 2794 pervadit,
1486 2736 1629 2790 opes
1653 2720 1736 2775 di-

115 2818 251 2889 ripit.
283 2819 416 2874 Inde
447 2832 557 2890 per
589 2811 1316 2886 Mesopotamiamtcndens
1339 2808 1730 2879 iuParthiam,

115 2920 449 2977 quacumque
481 2906 602 2962 iter
631 2904 853 2973 habuit,
908 2901 1083 2958 sociis
1133 2900 1486 2956 civitatibus.
1519 2896 1733 2954 auxilia

114 2994 318 3065 indixit,
349 2993 556 3067 precia
584 2992 817 3061 exegit;
852 3004 1099 3060 moxque
1122 2992 1181 3045 ut
1208 2985 1736 3044 Eufratentransiit

112 3081 327 3152 Bajaseu
360 3083 622 3154 legatum
655 3080 727 3135 ab
759 3077 986 3134 Herode
1013 3076 1081 3109 ³⁸⁸
1113 3091 1247 3146 rege
1276 3076 1622 3131 Parthorum
1664 3071 1735 3128 ad

115 3185 165 3226 se
192 3173 419 3228 missum
448 3171 683 3227 obviam
708 3167 932 3237 habuit,
959 3181 987 3221 a
1013 3181 1128 3236 quo
1145 3166 1521 3221 vehementer
1552 3163 1737 3217 incre-

113 3263 262 3329 patus
290 3265 380 3316 est
420 3273 534 3316 cur
586 3260 793 3313 contra
837 3253 1023 3310 foedus
1070 3251 1294 3308 Luculli
1346 3255 1406 3305 et
1457 3249 1731 3321 Pompeii,

114 3348 336 3403 avaricia
365 3348 669 3414 inductus,
707 3344 981 3400 Eufraten
1016 3341 1317 3397 transierit
1359 3340 1736 3411 quamobrem

116 3435 345 3493 futurum
400 3435 534 3492 sine
588 3448 746 3491 mora
793 3436 855 3489 ut
910 3446 1013 3503 pro
1063 3445 1206 3487 auro
1256 3429 1530 3487 Parthico
1582 3430 1737 3484 ferro

115 3529 431 3581 oneraretur
462 3522 667 3580 Serico
697 3520 782 3576 3‘7.
821 3522 1020 3590 Itaque
1071 3534 1202 3575 cum
1254 3532 1434 3589 prope
1493 3518 1742 3572 Charras

117 3616 327 3668 ventum
354 3617 544 3681 esset,
580 3609 778 3665 Parthi
804 3607 1002 3665 subito
1026 3608 1321 3663 irruentes
1351 3621 1480 3662 cum
1522 3606 1740 3661 Surena

116 3704 167 3754 et
193 3700 417 3757 Salacea
451 3698 756 3772 prefectis,
787 3697 1135 3768 obpressere
1166 3696 1457 3750 Romanos
1490 3693 1738 3764 sagittis,

121 3787 543 3845 Cecideruntibi
573 3785 1143 3857 plurimisenatores,
1171 3784 1390 3853 aliquot
1415 3782 1589 3838 etiam
1611 3796 1745 3837 con-

120 3875 322 3933 sulares
345 3884 402 3932 ct
441 3872 838 3948 pretoriiviri.
875 3874 1122 3928 Crassus
1154 3885 1383 3941 quoque
1414 3870 1746 3926 filiusCras—

121 3963 179 4033 si,
208 3964 605 4022 electissimus
627 3961 875 4033 juvenis,
910 3960 965 4016 in
998 3961 1122 4017 acie
1155 3960 1386 4016 occisus
1417 3963 1538 4025 est;
1583 3963 1746 4031 prete

118 4067 204 4109 rea
229 4060 479 4125 quatuor
515 4052 798 4109 cohortes
826 4066 955 4107 cum
983 4049 1358 4119 Wargunteio
1388 4049 1583 4118 legato
1632 4063 1748 4103 me-

120 4138 216 4197 diis
244 4141 627 4214 deprehensae
650 4138 891 4209 campis,
928 4138 1253 4193 interfecta:
1284 4144 1436 4193 sunt.
1474 4138 1743 4207 Surenas,

119 4233 266 4301 rapto
287 4231 582 4302 equitatu,
610 4230 883 4283 Crassum
900 4225 1171 4297 persequi
1204 4224 1474 4295 intendit,
1499 4239 1748 4296 eumque

118 4316 582 4387 circumventum,
620 4332 685 4373 ac
717 4316 933 4371 frustra
965 4314 1322 4385 colloquium
1372 4313 1498 4383 ejus
1550 4320 1750 4385 peten-

119 4409 240 4479 tem,
271 4406 595 4476 interfecit,
638 4404 902 4476 quamvis
933 4403 1126 4460 vivum
1152 4403 1382 4459 auferre
1413 4402 1747 4470 maluisset;

1769 3124 1817 3186 C

1840 1850 1977 1891 vero
2009 1836 2516 1910 historiographus
2567 1840 2879 1911 precipuus
2929 1842 3108 1910 (Eus.,
3150 1842 3308 1898 Hist.
3342 1844 3477 1900 eccl.

1840 1939 1878 1993 ι,
1911 1927 1962 1995 lt)
2001 1944 2013 1978 :
2047 1944 2076 1976 «
2112 1926 2303 1996 Aiunt,
2338 1928 2545 1998 inquit,
2581 1929 2676 1997 qui
2712 1929 2869 1984 deeo
2890 1929 3200 1997 diligenter
3220 1931 3483 2001 explora-

1840 2019 1995 2083 runt,
2033 2016 2398 2086 Antipatrum
2435 2017 2718 2087 quendam
2752 2022 2978 2088 patrem
3013 2018 3193 2074 fuisse
3236 2018 3482 2074 Herodis

1842 2101 2213 2163 Ascalonitze.
2248 2105 2343 2174 Qui
2391 2110 2448 2159 et
2496 2105 2620 2176 ipse
2671 2106 2838 2161 fuerit
2884 2107 3129 2162 Herodis
3178 2106 3478 2176 cujusdam

1842 2189 2015 2259 filius,
2038 2192 2240 2261 templi
2270 2193 2550 2263 Apollinis
2572 2194 2774 2249 editui.
2800 2194 2900 2248 Hic
2925 2194 3231 2265 Antipater
3250 2197 3322 2251 ah
3352 2195 3483 2252 Idu-

1844 2277 1987 2333 meis
2021 2278 2348 2336 latronibus
2377 2286 2586 2353 captus
2614 2283 2920 2338 admodum
2957 2297 3118 2353 puer,
3161 2284 3486 2354 permansit

1844 2380 1973 2422 cum
2008 2368 2385 2439 predonibus,
2412 2385 2518 2441 pro
2540 2385 2609 2426 eo
2634 2371 2788 2441 quod
2808 2376 2973 2442 pater
2989 2371 3114 2440 ejus
3138 2372 3220 2426 rei
3246 2370 3487 2427 familia-

1846 2454 1928 2509 ris
1959 2455 2150 2526 inopia
2185 2456 2361 2514 filium
2388 2459 2674 2514 redimere
2698 2475 2807 2515 non
2834 2464 3055 2531 posset.
3093 2461 3303 2515 Verum
3338 2474 3484 2531 puer

1846 2542 2137 2600 latronum
2153 2546 2269 2601 vita
2286 2552 2345 2601 et
2362 2548 2620 2603 moribus
2636 2548 2963 2618 institutus,
2982 2551 3242 2619 Hyrcano
3256 2549 3484 2606 cuidam

1843 2632 2175 2688 Iudaeorum
2210 2636 2469 2704 pontifici
2508 2637 2806 2693 familiaris
2836 2638 3102 2693 efficitur.
3139 2640 3220 2693 Ex
3253 2653 3366 2708 quo
3389 2652 3487 2693 na-

1849 2722 1942 2774 tus
1969 2725 2062 2775 est
2093 2723 2370 2792 Herodes,
2408 2724 2500 2779 hic
2530 2723 2599 2756 3“
2629 2724 2725 2794 qui
2758 2724 3079 2781 Salvator-is
3117 2725 3486 2797 temporibus

1849 2805 1975 2878 fuit,
2012 2812 2203 2881 ud'llaac
2235 2811 2559 2868 Africanus.

1922 2895 2021 2965 (Η.
2052 2914 2127 2954 m.
2163 2905 2218 2955 et
2251 2901 2328 2955 Η.
2364 2902 2460 2972 R.)
2512 2903 2674 2957 Anno
2706 2902 2777 2957 ab
2804 2903 2957 2957 Urbe
2988 2902 3219 2958 condita
3269 2902 3490 2974 septin-

1847 2989 2191 3061 gentesimo,
2230 2988 2325 3058 qui
2365 2992 2455 3045 est
2486 2988 2808 3045 Ptholomei
2838 2990 3079 3045 Dionisii
3118 2994 3265 3061 28“,
3301 2991 3486 3046 incer-

1850 3084 1972 3137 tum
2006 3079 2158 3135 unde
2185 3082 2497 3133 concretus
2526 3078 2831 3149 plurimam
2862 3079 3030 3135 Urbis
3064 3084 3294 3151 partem“
3334 3078 3484 3148 ignis

1849 3169 2093 3235 invasit;
2127 3182 2232 3224 nec
2266 3182 2534 3238 umquam
2570 3171 2739 3223 antea
2785 3171 2951 3223 tanto
3000 3168 3267 3224 incendio
3298 3181 3493 3225 corre-

1850 3262 2006 3330 ptam
2035 3261 2091 3312 et
2126 3260 2411 3312 vastatam
2443 3256 2739 3312 civitatem
2774 3257 2984 3313 ferunt.
3029 3259 3167 3312 Nam
3214 3260 3491 3327 quatuor-

1850 3345 2037 3402 decim
2069 3345 2224 3401 vicos
2256 3346 2383 3415 ejus
2411 3351 2769 3416 consunptos
2800 3345 3173 3402 dicunt.Hinc
3205 3345 3323 3415 jam
3373 3344 3494 3401 bel-

1852 3434 1968 3492 lum
1991 3434 2163 3491 civile
2202 3435 2488 3491 successit
2540 3434 2931 3491 execrandum
2981 3450 3049 3491 ac
3094 3434 3487 3505 lamentabile,

1855 3524 2008 3593 quod
2041 3523 2223 3593 magis
2246 3523 2361 3592 jam
2395 3523 2610 3579 dudum
2641 3523 3109 3580 dissensionibus
3141 3539 3207 3580 ac
3242 3524 3490 3579 molitio-

1856 3612 2024 3667 nibus
2049 3612 2384 3682 parabatur,
2413 3627 2525 3681 quo
2550 3616 2749 3683 preter
2767 3612 3133 3667 calamitates
3150 3627 3278 3681 quae
3300 3612 3356 3666 in
3373 3610 3494 3667 bel-

1856 3700 1927 3756 lis
1948 3700 2310 3769 acciderunt,
2335 3700 2511 3754 etiam
2536 3700 2763 3755 fortuna
2788 3699 2986 3771 pepuli
3004 3700 3243 3754 Romani
3271 3703 3490 3755 mutata

1857 3795 1967 3845 est.
2002 3790 2138 3843 Nam
2172 3788 2403 3844 rediens
2431 3790 2624 3844 Caesar
2653 3788 2841 3844 victor
2880 3802 2952 3843 ex
3002 3787 3205 3857 Gallia,
3254 3788 3491 3843 decerni

1859 3877 1969 3933 sibi
2003 3877 2229 3931 absenti
2265 3877 2473 3931 iterum
2505 3876 2870 3931 consulatum
2903 3876 3201 3946 poposcit;
3223 3875 3325 3930 sed
3357 3890 3497 3931 cou-

1859 3964 2177 4020 tradictum
2199 3968 2292 4019 est
2314 3963 2366 4018 ei
2390 3978 2418 4019 a
2444 3963 2716 4019 Marcello
2736 3963 2999 4032 consule,
3016 3964 3495 4019 annitentePom—

1860 4053 1988 4125 peio
2018 4056 2074 4108 et
2109 4053 2326 4108 Catone
2355 4051 2442 4122 πο,
2471 4051 2787 4123 jussusque
2818 4057 2908 4107 est
2938 4053 3129 4108 Caesar
3160 4051 3412 4108 dimissis
3433 4050 3502 4084 ³⁵³

1859 4139 2218 4196 exercitibus
2250 4141 2487 4195 Romam
2509 4139 2707 4194 venire
2733 4158 2748 4206 ;
2772 4145 2829 4195 et
2852 4154 2925 4195 ex
2956 4139 3210 4196 Marcelli
3242 4138 3503 4196 consulis

1862 4229 2213 4286 auctoritate
2249 4229 2318 4285 ad
2351 4228 2610 4298 legiones
2644 4244 2770 4299 quae
2801 4228 2955 4301 apud
3000 4229 3296 4286 Luceriam
3331 4232 3498 4285 erant

1863 4319 2055 4373 Gneus
2087 4318 2395 4389 Pompeius
2426 4332 2555 4373 cum
2588 4317 2832 4389 imperio
2864 4319 3075 4374 missus
3107 4323 3220 4375 est.
3253 4319 3505 4389 Propter

1864 4422 2031 4477 quam
2066 4406 2332 4475 injuriam
2366 4407 2560 4462 Caesar
2588 4420 2651 4462 se
2680 4406 2931 4467 contulit
2964 4408 3313 4464 Ravennam.
3365 4407 3508 4461 Mar-

120 4476 269 4565 pauci
286 4496 575 4554 beneﬁcio
591 4491 1051 4563 noctisliberati,
1086 4492 1333 4548 Charras
1360 4492 1747 4562 confugerunt
1780 4476 1831 4536 D
1864 4476 1969 4552 cus
1993 4495 2346 4553 Antoniuset
2371 4495 2613 4553 Publius
2634 4495 2890 4566 Cassius,
2911 4496 3131 4552 tribuni
3166 4495 3372 4567 plebis,
3397 4509 3504 4564 pro

123 4584 215 4653 (Cf.
244 4586 412 4643 Onos.
451 4600 527 4655 vt,
562 4588 647 4640 13.
678 4614 751 4623 -
791 4583 873 4639 Cf.
923 4584 1087 4638 Jonn.
1138 4581 1278 4637 Der.
1339 4581 1436 4653 3.).
1484 4580 1749 4637 Avaricia

124 4674 254 4730 enim
279 4676 452 4733 unius
474 4673 548 4729 ad
570 4678 797 4731 tantum
822 4672 985 4728 nefas
1004 4669 1280 4733 exolevit,
1304 4675 1369 4727 ut
1394 4674 1460 4727 12
1490 4670 1752 4742 legiones

124 4756 497 4820 Romanorum
528 4766 627 4819 aut
663 4765 872 4833 capta,
908 4759 1109 4831 paucis
1159 4758 1394 4831 elapsis,
1448 4762 1549 4816 aut
1589 4774 1754 4817 caesae

124 4861 237 4905 cum
264 4851 518 4909 ducibus
545 4852 812 4908 fuissent.
851 4850 1037 4920 Caput
1067 4862 1205 4905 vero
1238 4849 1431 4906 Crassi
1461 4864 1591 4907 cum
1616 4850 1755 4906 dex-

121 4938 233 4994 tera
255 4941 325 4996 ad
348 4954 549 5009 regem
573 4939 848 5009 delatum,
872 4937 1390 5010 spectantibusfuit
1411 4937 1747 4995 ludibrium.

120 5022 230 5081 Rex
257 5027 457 5099 itaque
494 5041 694 5084 aurum
736 5026 795 5082 in
842 5026 963 5083 oris
1010 5025 1137 5097 ejus
1189 5025 1398 5083 rictum
1444 5026 1623 5096 jussit
1672 5027 1755 5082 in-

120 5110 365 5187 fundere,
392 5114 598 5174 dicens
618 5135 630 5170 :
662 5115 809 5175 Uret
828 5116 882 5174 te
901 5114 1280 5187 Parthicum,
1299 5114 1459 5188 quod
1478 5116 1532 5173 te
1552 5116 1754 5173 vivum

1867 4585 2089 4641 Csesare
2113 4584 2564 4656 intercedentes,
2593 4598 2623 4639 a
2649 4584 2890 4641 Lentulo
2908 4584 3152 4641 consule
3172 4584 3334 4640 curia
3356 4583 3508 4639 foro-

1866 4687 1976 4744 que
2010 4673 2306 4744 prohibiti,
2345 4672 2414 4728 ad
2445 4674 2727 4729 Cmsarem
2760 4672 3006 4744 profecti
3055 4675 3207 4741 sunt,
3256 4658 3506 4727 Curione

1866 4761 2036 4819 simul
2061 4761 2350 4832 Caelioque
2371 4761 2802 4817 comitantibus.
2832 4762 3025 4817 Caesar
3047 4775 3177 4816 cum
3213 4758 3501 4815 militibus

1868 4866 2017 4923 quos
2048 4850 2300 4907 habebat
2330 4854 2533 4906 contra
2566 4848 2811 4920 patriam
2857 4848 3036 4919 venit,
3084 4854 3142 4903 et
3204 4846 3504 4904 Ruhicoue

1867 4939 2101 4996 ﬂumine
2130 4942 2509 5009 transmeato,
2544 4952 2678 4995 mox
2727 4941 2790 4993 ut
2838 4936 3158 4992 Ariminum
3211 4934 3281 4970 ⁸⁸³
3326 4936 3505 5008 venit,

1868 5029 2123 5100 quinque
2143 5028 2419 5084 cohortes
2442 5042 2587 5099 quas
2604 5029 2746 5083 tunc
2765 5025 2922 5082 solas
2934 5024 3208 5092 habebat,
3229 5039 3360 5081 cum
3387 5025 3512 5096 qui-

1867 5116 1994 5188 bus,
2048 5121 2110 5173 ut
2161 5115 2356 5175 Livius
2403 5115 2485 5173 ait
2531 5116 2732 5173 orbem
2777 5118 3073 5172 teararum
3123 5112 3370 5172 adortus
3417 5119 3512 5172 est

1476 5303 1714 5362 VARIE
1753 5303 2156 5366 LECTIONES.

180 5438 245 5518 ’ξ’
282 5455 606 5518 renumque
644 5445 948 5518 4.779°.__1_0,
991 5456 1217 5518 semper
1264 5444 1407 5518 fere
1476 5444 1546 5518 ⁸ἐ³
1600 5449 1861 5508 morinos
1909 5453 1959 5506 4.
2004 5446 2256 5518 marinas
2306 5447 2534 5518 10,11.
2612 5444 2830 5518 Νέμεα
2861 5444 3025 5504 codd.
3069 5444 3173 5518 ﬁ“
3229 5444 3392 5504 deest
3434 5448 3492 5501 9°

120 5508 181 5543 ³⁸⁸
204 5511 423 5570 herode
453 5508 623 5570 (9°.
667 5517 751 5570 10.

123 5578 472 5643 διί.-ιιοιιιιίεί
533 5582 586 5641 d.
640 5587 716 5642 9°.
792 5582 862 5621 ⁸⁶²
910 5578 1251 5647 ar'riminum
1293 5591 1344 5646 5.

828 5485 1232 5605 3313,3833.
1464 5485 2116 5580 siricl;‘1’2‘e‘lms3r‘ilc:oalio.u
2131 5485 2256 5553 ’.πῖ
2298 5485 2534 5575 ἇῖἑῠῖέέ
2579 5518 2659 5575 9°.
2703 5485 3025 5576 ira"???
3065 5516 3137 5554 "°
3173 5485 3409 5577 οεῖἷδῖιᾏ
3436 5485 3514 5575 νδ.
