  <div class='ocr_page' id='page_1' title='image "/cluster/home/n/w/nwhite01/storage/ocr_20150623/154/uva.x000829797/327.png"; bbox 0 0 3898 6312; ppageno 0'>
   <div class='ocr_carea' id='block_1_1' title="bbox 336 405 459 470">
    <p class='ocr_par' dir='ltr' id='par_1_1' title="bbox 336 405 459 470">
     <span class='ocr_line' id='line_1_1' title="bbox 336 405 459 470; baseline -0.033 1"><span class='ocrx_word' id='word_1_1' title='bbox 336 405 459 470; x_wconf 73' lang='grc'><strong>648</strong></span> 
     </span>
    </p>
   </div>
   <div class='ocr_carea' id='block_1_2' title="bbox 1499 386 2588 452">
    <p class='ocr_par' dir='ltr' id='par_1_2' title="bbox 1499 386 2588 452">
     <span class='ocr_line' id='line_1_2' title="bbox 1499 386 2588 452; baseline -0.003 -1"><span class='ocrx_word' id='word_1_2' title='bbox 1499 389 1984 452; x_wconf 83' lang='lat' dir='ltr'><strong>EKKEHARDI</strong></span> <span class='ocrx_word' id='word_1_3' title='bbox 2025 386 2588 450; x_wconf 83' lang='lat' dir='ltr'><strong>URAUGIENSIS</strong></span> 
     </span>
    </p>
   </div>
   <div class='ocr_carea' id='block_1_3' title="bbox 3637 383 3753 446">
    <p class='ocr_par' dir='ltr' id='par_1_3' title="bbox 3637 383 3753 446">
     <span class='ocr_line' id='line_1_3' title="bbox 3637 383 3753 446; baseline 0 0"><span class='ocrx_word' id='word_1_4' title='bbox 3637 383 3753 446; x_wconf 68' lang='grc'><strong>644</strong></span> 
     </span>
    </p>
   </div>
   <div class='ocr_carea' id='block_1_4' title="bbox 339 505 3754 594">
    <p class='ocr_par' dir='ltr' id='par_1_4' title="bbox 339 505 3754 594">
     <span class='ocr_line' id='line_1_4' title="bbox 339 505 3754 594; baseline -0.005 -17"><span class='ocrx_word' id='word_1_5' title='bbox 339 519 478 594; x_wconf 92' lang='lat' dir='ltr'><strong>quid</strong></span> <span class='ocrx_word' id='word_1_6' title='bbox 511 519 667 574; x_wconf 92' lang='lat' dir='ltr'><strong>facto</strong></span> <span class='ocrx_word' id='word_1_7' title='bbox 699 527 846 586; x_wconf 92' lang='lat' dir='ltr'><strong>opus</strong></span> <span class='ocrx_word' id='word_1_8' title='bbox 873 515 1050 580; x_wconf 84' lang='lat' dir='ltr'><strong>esset,</strong></span> <span class='ocrx_word' id='word_1_9' title='bbox 1086 506 1344 577; x_wconf 82' lang='lat' dir='ltr'><strong>edocuit,</strong></span> <span class='ocrx_word' id='word_1_10' title='bbox 1392 505 1707 578; x_wconf 81' lang='lat' dir='ltr'><strong>deplorans</strong></span> <span class='ocrx_word' id='word_1_11' title='bbox 1743 506 1984 577; x_wconf 81' lang='lat' dir='ltr'><strong>injurias</strong></span> <span class='ocrx_word' id='word_1_12' title='bbox 2018 511 2065 566; x_wconf 78' lang='grc' dir='ltr'><strong>Λ</strong></span> <span class='ocrx_word' id='word_1_13' title='bbox 2101 535 2212 592; x_wconf 75' lang='lat' dir='ltr'><strong>que</strong></span> <span class='ocrx_word' id='word_1_14' title='bbox 2241 521 2470 592; x_wconf 64' lang='lat' dir='ltr'><strong>direpta</strong></span> <span class='ocrx_word' id='word_1_15' title='bbox 2504 524 2661 577; x_wconf 69' lang='lat' dir='ltr'><strong>sum,</strong></span> <span class='ocrx_word' id='word_1_16' title='bbox 2697 521 2849 578; x_wconf 54' lang='lat' dir='ltr'><strong>Caesa</strong></span> <span class='ocrx_word' id='word_1_17' title='bbox 2883 523 3016 578; x_wconf 74' lang='grc' dir='ltr'><strong>ευηι</strong></span> <span class='ocrx_word' id='word_1_18' title='bbox 3041 518 3098 575; x_wconf 74' lang='lat' dir='ltr'><strong>in</strong></span> <span class='ocrx_word' id='word_1_19' title='bbox 3120 533 3191 576; x_wconf 73' lang='lat' dir='ltr'><strong>eo</strong></span> <span class='ocrx_word' id='word_1_20' title='bbox 3223 517 3429 592; x_wconf 70' lang='grc' dir='ltr'><strong>ρι-εειιίο</strong></span> <span class='ocrx_word' id='word_1_21' title='bbox 3449 518 3754 590; x_wconf 71' lang='lat' dir='ltr'><strong>pompeia.</strong></span> 
     </span>
    </p>
   </div>
   <div class='ocr_carea' id='block_1_5' title="bbox 337 595 1984 677">
    <p class='ocr_par' dir='ltr' id='par_1_5' title="bbox 337 595 1984 677">
     <span class='ocr_line' id='line_1_5' title="bbox 337 595 1984 677; baseline -0.01 -11"><span class='ocrx_word' id='word_1_22' title='bbox 337 623 498 677; x_wconf 87' lang='lat' dir='ltr'><strong>suas,</strong></span> <span class='ocrx_word' id='word_1_23' title='bbox 516 619 749 664; x_wconf 83' lang='lat' dir='ltr'><strong>causam</strong></span> <span class='ocrx_word' id='word_1_24' title='bbox 771 601 910 658; x_wconf 88' lang='lat' dir='ltr'><strong>belli</strong></span> <span class='ocrx_word' id='word_1_25' title='bbox 926 599 1118 656; x_wconf 90' lang='lat' dir='ltr'><strong>civilis</strong></span> <span class='ocrx_word' id='word_1_26' title='bbox 1131 613 1236 669; x_wconf 92' lang='lat' dir='ltr'><strong>pro</strong></span> <span class='ocrx_word' id='word_1_27' title='bbox 1254 595 1702 652; x_wconf 88' lang='lat' dir='ltr'><strong>restituendisin</strong></span> <span class='ocrx_word' id='word_1_28' title='bbox 1736 596 1984 666; x_wconf 90' lang='lat' dir='ltr'><strong>patriam</strong></span> 
     </span>
    </p>
   </div>
   <div class='ocr_carea' id='block_1_6' title="bbox 337 684 1988 754">
    <p class='ocr_par' dir='ltr' id='par_1_6' title="bbox 337 684 1988 754">
     <span class='ocr_line' id='line_1_6' title="bbox 337 684 1988 754; baseline -0.008 -2"><span class='ocrx_word' id='word_1_29' title='bbox 337 695 590 754; x_wconf 76' lang='lat' dir='ltr'><strong>tribunis</strong></span> <span class='ocrx_word' id='word_1_30' title='bbox 619 705 748 750; x_wconf 91' lang='lat' dir='ltr'><strong>esse</strong></span> <span class='ocrx_word' id='word_1_31' title='bbox 779 692 1039 746; x_wconf 89' lang='lat' dir='ltr'><strong>testatus</strong></span> <span class='ocrx_word' id='word_1_32' title='bbox 1066 691 1177 742; x_wconf 88' lang='lat' dir='ltr'><strong>est.</strong></span> <span class='ocrx_word' id='word_1_33' title='bbox 1212 685 1349 740; x_wconf 87' lang='lat' dir='ltr'><strong>Inde</strong></span> <span class='ocrx_word' id='word_1_34' title='bbox 1399 698 1504 754; x_wconf 90' lang='lat' dir='ltr'><strong>per</strong></span> <span class='ocrx_word' id='word_1_35' title='bbox 1547 684 1856 739; x_wconf 87' lang='lat' dir='ltr'><strong>Antonium</strong></span> <span class='ocrx_word' id='word_1_36' title='bbox 1898 697 1988 740; x_wconf 90' lang='lat' dir='ltr'><strong>se-</strong></span> 
     </span>
    </p>
   </div>
   <div class='ocr_carea' id='block_1_7' title="bbox 340 771 1982 858">
    <p class='ocr_par' dir='ltr' id='par_1_7' title="bbox 340 771 1982 858">
     <span class='ocr_line' id='line_1_7' title="bbox 340 771 1982 858; baseline -0.01 -16"><span class='ocrx_word' id='word_1_37' title='bbox 340 791 496 858; x_wconf 95' lang='lat' dir='ltr'><strong>ptem</strong></span> <span class='ocrx_word' id='word_1_38' title='bbox 519 783 793 840; x_wconf 77' lang='lat' dir='ltr'><strong>cohortes</strong></span> <span class='ocrx_word' id='word_1_39' title='bbox 816 793 944 849; x_wconf 71' lang='lat' dir='ltr'><strong>qua:</strong></span> <span class='ocrx_word' id='word_1_40' title='bbox 967 775 1120 848; x_wconf 89' lang='lat' dir='ltr'><strong>apud</strong></span> <span class='ocrx_word' id='word_1_41' title='bbox 1141 773 1466 830; x_wconf 84' lang='lat' dir='ltr'><strong>Sulmonem</strong></span> <span class='ocrx_word' id='word_1_42' title='bbox 1489 771 1558 805; x_wconf 78' lang='grc'><strong>³⁵³</strong></span> <span class='ocrx_word' id='word_1_43' title='bbox 1584 774 1982 842; x_wconf 76' lang='lat' dir='ltr'><strong>morabantur,</strong></span> 
     </span>
    </p>
   </div>
   <div class='ocr_carea' id='block_1_8' title="bbox 342 859 1984 938">
    <p class='ocr_par' dir='ltr' id='par_1_8' title="bbox 342 859 1984 938">
     <span class='ocr_line' id='line_1_8' title="bbox 342 859 1984 938; baseline -0.01 -6"><span class='ocrx_word' id='word_1_44' title='bbox 342 891 372 932; x_wconf 92' lang='lat' dir='ltr'><strong>a</strong></span> <span class='ocrx_word' id='word_1_45' title='bbox 395 871 664 930; x_wconf 89' lang='lat' dir='ltr'><strong>Lucretio</strong></span> <span class='ocrx_word' id='word_1_46' title='bbox 689 867 934 938; x_wconf 89' lang='lat' dir='ltr'><strong>accepit,</strong></span> <span class='ocrx_word' id='word_1_47' title='bbox 964 871 1085 920; x_wconf 90' lang='lat' dir='ltr'><strong>tres</strong></span> <span class='ocrx_word' id='word_1_48' title='bbox 1110 863 1387 934; x_wconf 66' lang='lat' dir='ltr'><strong>legiones,</strong></span> <span class='ocrx_word' id='word_1_49' title='bbox 1415 877 1544 931; x_wconf 57' lang='lat' dir='ltr'><strong>quae</strong></span> <span class='ocrx_word' id='word_1_50' title='bbox 1567 876 1696 916; x_wconf 92' lang='lat' dir='ltr'><strong>cum</strong></span> <span class='ocrx_word' id='word_1_51' title='bbox 1727 859 1984 916; x_wconf 89' lang='lat' dir='ltr'><strong>Domicio</strong></span> 
     </span>
    </p>
   </div>
   <div class='ocr_carea' id='block_1_9' title="bbox 339 952 1987 1035">
    <p class='ocr_par' dir='ltr' id='par_1_9' title="bbox 339 952 1987 1035">
     <span class='ocr_line' id='line_1_9' title="bbox 339 952 1987 1035; baseline -0.01 -14"><span class='ocrx_word' id='word_1_52' title='bbox 339 961 493 1035; x_wconf 92' lang='lat' dir='ltr'><strong>apud</strong></span> <span class='ocrx_word' id='word_1_53' title='bbox 524 956 892 1015; x_wconf 87' lang='lat' dir='ltr'><strong>Cornificium</strong></span> <span class='ocrx_word' id='word_1_54' title='bbox 909 954 1307 1022; x_wconf 78' lang='lat' dir='ltr'><strong>morabantur,</strong></span> <span class='ocrx_word' id='word_1_55' title='bbox 1329 952 1397 1006; x_wconf 92' lang='lat' dir='ltr'><strong>ad</strong></span> <span class='ocrx_word' id='word_1_56' title='bbox 1415 965 1553 1006; x_wconf 92' lang='lat' dir='ltr'><strong>suas</strong></span> <span class='ocrx_word' id='word_1_57' title='bbox 1579 954 1774 1021; x_wconf 87' lang='lat' dir='ltr'><strong>partes</strong></span> <span class='ocrx_word' id='word_1_58' title='bbox 1797 953 1987 1004; x_wconf 90' lang='lat' dir='ltr'><strong>trans-</strong></span> 
     </span>
    </p>
   </div>
   <div class='ocr_carea' id='block_1_10' title="bbox 340 1037 1984 1110">
    <p class='ocr_par' dir='ltr' id='par_1_10' title="bbox 340 1037 1984 1110">
     <span class='ocr_line' id='line_1_10' title="bbox 340 1037 1984 1110; baseline -0.012 0"><span class='ocrx_word' id='word_1_59' title='bbox 340 1050 517 1110; x_wconf 84' lang='lat' dir='ltr'><strong>misit.</strong></span> <span class='ocrx_word' id='word_1_60' title='bbox 554 1045 837 1105; x_wconf 87' lang='lat' dir='ltr'><strong>Consules</strong></span> <span class='ocrx_word' id='word_1_61' title='bbox 867 1059 1008 1100; x_wconf 89' lang='lat' dir='ltr'><strong>vero</strong></span> <span class='ocrx_word' id='word_1_62' title='bbox 1034 1058 1163 1100; x_wconf 91' lang='lat' dir='ltr'><strong>cum</strong></span> <span class='ocrx_word' id='word_1_63' title='bbox 1200 1042 1354 1096; x_wconf 85' lang='lat' dir='ltr'><strong>Gneo</strong></span> <span class='ocrx_word' id='word_1_64' title='bbox 1401 1037 1692 1110; x_wconf 89' lang='lat' dir='ltr'><strong>Pompeio,</strong></span> <span class='ocrx_word' id='word_1_65' title='bbox 1743 1041 1984 1092; x_wconf 86' lang='lat' dir='ltr'><strong>senatus</strong></span> 
     </span>
    </p>
   </div>
   <div class='ocr_carea' id='block_1_11' title="bbox 339 1125 1982 1208">
    <p class='ocr_par' dir='ltr' id='par_1_11' title="bbox 339 1125 1982 1208">
     <span class='ocr_line' id='line_1_11' title="bbox 339 1125 1982 1208; baseline -0.012 -9"><span class='ocrx_word' id='word_1_66' title='bbox 339 1138 528 1199; x_wconf 89' lang='lat' dir='ltr'><strong>omnis</strong></span> <span class='ocrx_word' id='word_1_67' title='bbox 554 1142 730 1208; x_wconf 91' lang='lat' dir='ltr'><strong>atque</strong></span> <span class='ocrx_word' id='word_1_68' title='bbox 763 1134 1033 1192; x_wconf 88' lang='lat' dir='ltr'><strong>universa</strong></span> <span class='ocrx_word' id='word_1_69' title='bbox 1065 1129 1343 1188; x_wconf 88' lang='lat' dir='ltr'><strong>nobilitas</strong></span> <span class='ocrx_word' id='word_1_70' title='bbox 1372 1143 1443 1183; x_wconf 87' lang='lat' dir='ltr'><strong>ex</strong></span> <span class='ocrx_word' id='word_1_71' title='bbox 1475 1128 1628 1183; x_wconf 87' lang='lat' dir='ltr'><strong>Urbe</strong></span> <span class='ocrx_word' id='word_1_72' title='bbox 1660 1125 1887 1193; x_wconf 77' lang='lat' dir='ltr'><strong>fugiens</strong></span> <span class='ocrx_word' id='word_1_73' title='bbox 1925 1129 1982 1180; x_wconf 91' lang='lat' dir='ltr'><strong>et</strong></span> 
     </span>
    </p>
   </div>
   <div class='ocr_carea' id='block_1_12' title="bbox 339 1212 1983 1290">
    <p class='ocr_par' dir='ltr' id='par_1_12' title="bbox 339 1212 1983 1290">
     <span class='ocr_line' id='line_1_12' title="bbox 339 1212 1983 1290; baseline -0.011 -4"><span class='ocrx_word' id='word_1_74' title='bbox 339 1231 395 1286; x_wconf 91' lang='lat' dir='ltr'><strong>in</strong></span> <span class='ocrx_word' id='word_1_75' title='bbox 445 1227 706 1284; x_wconf 85' lang='lat' dir='ltr'><strong>Greciam</strong></span> <span class='ocrx_word' id='word_1_76' title='bbox 755 1223 1068 1289; x_wconf 89' lang='lat' dir='ltr'><strong>transiens,</strong></span> <span class='ocrx_word' id='word_1_77' title='bbox 1126 1219 1277 1290; x_wconf 91' lang='lat' dir='ltr'><strong>apud</strong></span> <span class='ocrx_word' id='word_1_78' title='bbox 1324 1215 1702 1286; x_wconf 86' lang='lat' dir='ltr'><strong>Dyrrachium</strong></span> <span class='ocrx_word' id='word_1_79' title='bbox 1769 1212 1983 1269; x_wconf 90' lang='lat' dir='ltr'><strong>bellum</strong></span> 
     </span>
    </p>
   </div>
   <div class='ocr_carea' id='block_1_13' title="bbox 339 1302 1986 1382">
    <p class='ocr_par' dir='ltr' id='par_1_13' title="bbox 339 1302 1986 1382">
     <span class='ocr_line' id='line_1_13' title="bbox 339 1302 1986 1382; baseline -0.012 -7"><span class='ocrx_word' id='word_1_80' title='bbox 339 1322 548 1376; x_wconf 86' lang='lat' dir='ltr'><strong>contra</strong></span> <span class='ocrx_word' id='word_1_81' title='bbox 583 1316 868 1371; x_wconf 63' lang='lat' dir='ltr'><strong>Caesarem</strong></span> <span class='ocrx_word' id='word_1_82' title='bbox 897 1309 1203 1382; x_wconf 89' lang='lat' dir='ltr'><strong>parabant,</strong></span> <span class='ocrx_word' id='word_1_83' title='bbox 1235 1321 1350 1376; x_wconf 93' lang='lat' dir='ltr'><strong>quo</strong></span> <span class='ocrx_word' id='word_1_84' title='bbox 1389 1303 1555 1360; x_wconf 91' lang='lat' dir='ltr'><strong>multi</strong></span> <span class='ocrx_word' id='word_1_85' title='bbox 1605 1302 1848 1358; x_wconf 87' lang='lat' dir='ltr'><strong>orientis</strong></span> <span class='ocrx_word' id='word_1_86' title='bbox 1897 1315 1986 1357; x_wconf 89' lang='lat' dir='ltr'><strong>re-</strong></span> 
     </span>
    </p>
   </div>
   <div class='ocr_carea' id='block_1_14' title="bbox 337 1394 1982 1478">
    <p class='ocr_par' dir='ltr' id='par_1_14' title="bbox 337 1394 1982 1478">
     <span class='ocr_line' id='line_1_14' title="bbox 337 1394 1982 1478; baseline -0.01 -15"><span class='ocrx_word' id='word_1_87' title='bbox 337 1421 445 1478; x_wconf 84' lang='lat' dir='ltr'><strong>ges</strong></span> <span class='ocrx_word' id='word_1_88' title='bbox 469 1405 539 1440; x_wconf 80' lang='grc'><strong>⁸⁸⁴</strong></span> <span class='ocrx_word' id='word_1_89' title='bbox 569 1418 698 1462; x_wconf 91' lang='lat' dir='ltr'><strong>cum</strong></span> <span class='ocrx_word' id='word_1_90' title='bbox 731 1399 966 1458; x_wconf 85' lang='lat' dir='ltr'><strong>auxiliis</strong></span> <span class='ocrx_word' id='word_1_91' title='bbox 1014 1394 1456 1453; x_wconf 84' lang='lat' dir='ltr'><strong>conveniebant.</strong></span> <span class='ocrx_word' id='word_1_92' title='bbox 1501 1394 1695 1448; x_wconf 75' lang='lat' dir='ltr'><strong>Caesar</strong></span> <span class='ocrx_word' id='word_1_93' title='bbox 1742 1405 1982 1447; x_wconf 89' lang='lat' dir='ltr'><strong>vacuam</strong></span> 
     </span>
    </p>
   </div>
   <div class='ocr_carea' id='block_1_15' title="bbox 337 1481 1984 1563">
    <p class='ocr_par' dir='ltr' id='par_1_15' title="bbox 337 1481 1984 1563">
     <span class='ocr_line' id='line_1_15' title="bbox 337 1481 1984 1563; baseline -0.012 -8"><span class='ocrx_word' id='word_1_94' title='bbox 337 1497 552 1554; x_wconf 81' lang='lat' dir='ltr'><strong>Urbem</strong></span> <span class='ocrx_word' id='word_1_95' title='bbox 583 1494 908 1563; x_wconf 89' lang='lat' dir='ltr'><strong>ingressus,</strong></span> <span class='ocrx_word' id='word_1_96' title='bbox 942 1487 1289 1543; x_wconf 90' lang='lat' dir='ltr'><strong>dictatorem</strong></span> <span class='ocrx_word' id='word_1_97' title='bbox 1315 1497 1376 1537; x_wconf 92' lang='lat' dir='ltr'><strong>se</strong></span> <span class='ocrx_word' id='word_1_98' title='bbox 1403 1481 1558 1552; x_wconf 91' lang='lat' dir='ltr'><strong>fecit,</strong></span> <span class='ocrx_word' id='word_1_99' title='bbox 1597 1484 1984 1550; x_wconf 91' lang='lat' dir='ltr'><strong>negatamque</strong></span> 
     </span>
    </p>
   </div>
   <div class='ocr_carea' id='block_1_16' title="bbox 338 1569 1981 1649">
    <p class='ocr_par' dir='ltr' id='par_1_16' title="bbox 338 1569 1981 1649">
     <span class='ocr_line' id='line_1_16' title="bbox 338 1569 1981 1649; baseline -0.012 -7"><span class='ocrx_word' id='word_1_100' title='bbox 338 1585 456 1643; x_wconf 85' lang='lat' dir='ltr'><strong>sibi</strong></span> <span class='ocrx_word' id='word_1_101' title='bbox 487 1599 560 1641; x_wconf 89' lang='lat' dir='ltr'><strong>ex</strong></span> <span class='ocrx_word' id='word_1_102' title='bbox 605 1579 815 1639; x_wconf 70' lang='lat' dir='ltr'><strong>aerario</strong></span> <span class='ocrx_word' id='word_1_103' title='bbox 863 1575 1166 1649; x_wconf 88' lang='lat' dir='ltr'><strong>pecuniam</strong></span> <span class='ocrx_word' id='word_1_104' title='bbox 1220 1571 1421 1627; x_wconf 85' lang='lat' dir='ltr'><strong>fractis</strong></span> <span class='ocrx_word' id='word_1_105' title='bbox 1472 1569 1695 1626; x_wconf 90' lang='lat' dir='ltr'><strong>foribus</strong></span> <span class='ocrx_word' id='word_1_106' title='bbox 1751 1569 1981 1638; x_wconf 90' lang='lat' dir='ltr'><strong>invasit,</strong></span> 
     </span>
    </p>
   </div>
   <div class='ocr_carea' id='block_1_17' title="bbox 340 1658 1985 1750">
    <p class='ocr_par' dir='ltr' id='par_1_17' title="bbox 340 1658 1985 1750">
     <span class='ocr_line' id='line_1_17' title="bbox 340 1658 1985 1750; baseline -0.013 -18"><span class='ocrx_word' id='word_1_107' title='bbox 340 1672 674 1750; x_wconf 88' lang='lat' dir='ltr'><strong>protulitex</strong></span> <span class='ocrx_word' id='word_1_108' title='bbox 693 1684 763 1725; x_wconf 91' lang='lat' dir='ltr'><strong>eo</strong></span> <span class='ocrx_word' id='word_1_109' title='bbox 785 1665 910 1723; x_wconf 90' lang='lat' dir='ltr'><strong>auri</strong></span> <span class='ocrx_word' id='word_1_110' title='bbox 934 1663 1126 1736; x_wconf 91' lang='lat' dir='ltr'><strong>pondo</strong></span> <span class='ocrx_word' id='word_1_111' title='bbox 1147 1665 1304 1731; x_wconf 78' lang='grc'><strong>4135,</strong></span> <span class='ocrx_word' id='word_1_112' title='bbox 1330 1659 1555 1750; x_wconf 81' lang='lat' dir='ltr'><strong>argenti</strong></span> <span class='ocrx_word' id='word_1_113' title='bbox 1577 1658 1769 1750; x_wconf 84' lang='lat' dir='ltr'><strong>pondo</strong></span> <span class='ocrx_word' id='word_1_114' title='bbox 1803 1671 1985 1750; x_wconf 84' lang='lat' dir='ltr'><strong>prope</strong></span> 
     </span>
    </p>
   </div>
   <div class='ocr_carea' id='block_1_18' title="bbox 337 1746 1984 1834">
    <p class='ocr_par' dir='ltr' id='par_1_18' title="bbox 337 1746 1984 1834">
     <span class='ocr_line' id='line_1_18' title="bbox 337 1746 1984 1834; baseline -0.015 -11"><span class='ocrx_word' id='word_1_115' title='bbox 337 1746 635 1834; x_wconf 78' lang='lat' dir='ltr'><strong>nongenta</strong></span> <span class='ocrx_word' id='word_1_116' title='bbox 667 1756 842 1814; x_wconf 89' lang='lat' dir='ltr'><strong>milia.</strong></span> <span class='ocrx_word' id='word_1_117' title='bbox 875 1752 1012 1810; x_wconf 86' lang='lat' dir='ltr'><strong>Inde</strong></span> <span class='ocrx_word' id='word_1_118' title='bbox 1040 1751 1199 1807; x_wconf 89' lang='lat' dir='ltr'><strong>venit</strong></span> <span class='ocrx_word' id='word_1_119' title='bbox 1221 1748 1550 1818; x_wconf 78' lang='lat' dir='ltr'><strong>Massiliam,</strong></span> <span class='ocrx_word' id='word_1_120' title='bbox 1576 1747 1646 1804; x_wconf 90' lang='lat' dir='ltr'><strong>ad</strong></span> <span class='ocrx_word' id='word_1_121' title='bbox 1671 1761 1840 1817; x_wconf 91' lang='lat' dir='ltr'><strong>quam</strong></span> <span class='ocrx_word' id='word_1_122' title='bbox 1880 1746 1984 1834; x_wconf 91' lang='lat' dir='ltr'><strong>ob-</strong></span> 
     </span>
    </p>
   </div>
   <div class='ocr_carea' id='block_1_19' title="bbox 338 1833 2064 1927">
    <p class='ocr_par' dir='ltr' id='par_1_19' title="bbox 338 1833 2064 1927">
     <span class='ocr_line' id='line_1_19' title="bbox 338 1833 2064 1927; baseline -0.015 -15"><span class='ocrx_word' id='word_1_123' title='bbox 338 1833 704 1927; x_wconf 77' lang='lat' dir='ltr'><strong>pugnandum</strong></span> <span class='ocrx_word' id='word_1_124' title='bbox 727 1843 1071 1902; x_wconf 86' lang='lat' dir='ltr'><strong>Trebonium</strong></span> <span class='ocrx_word' id='word_1_125' title='bbox 1091 1855 1219 1897; x_wconf 91' lang='lat' dir='ltr'><strong>cum</strong></span> <span class='ocrx_word' id='word_1_126' title='bbox 1243 1839 1437 1927; x_wconf 83' lang='lat' dir='ltr'><strong>tribus</strong></span> <span class='ocrx_word' id='word_1_127' title='bbox 1460 1836 1786 1927; x_wconf 72' lang='lat' dir='ltr'><strong>legionibus</strong></span> <span class='ocrx_word' id='word_1_128' title='bbox 1810 1833 1983 1927; x_wconf 81' lang='lat' dir='ltr'><strong>relin-</strong></span> <span class='ocrx_word' id='word_1_129' title='bbox 2011 1866 2064 1924; x_wconf 79' lang='grc' dir='ltr'>Β</span> 
     </span>
    </p>
   </div>
   <div class='ocr_carea' id='block_1_20' title="bbox 336 1923 1982 2012">
    <p class='ocr_par' dir='ltr' id='par_1_20' title="bbox 336 1923 1982 2012">
     <span class='ocr_line' id='line_1_20' title="bbox 336 1923 1982 2012; baseline -0.013 -14"><span class='ocrx_word' id='word_1_130' title='bbox 336 1923 544 2012; x_wconf 78' lang='lat' dir='ltr'><strong>quens,</strong></span> <span class='ocrx_word' id='word_1_131' title='bbox 578 1937 647 1993; x_wconf 89' lang='lat' dir='ltr'><strong>ad</strong></span> <span class='ocrx_word' id='word_1_132' title='bbox 680 1930 986 2004; x_wconf 88' lang='lat' dir='ltr'><strong>Hispanias</strong></span> <span class='ocrx_word' id='word_1_133' title='bbox 1008 1926 1334 1996; x_wconf 90' lang='lat' dir='ltr'><strong>contendit,</strong></span> <span class='ocrx_word' id='word_1_134' title='bbox 1377 1939 1522 1996; x_wconf 90' lang='lat' dir='ltr'><strong>quas</strong></span> <span class='ocrx_word' id='word_1_135' title='bbox 1562 1924 1770 1980; x_wconf 90' lang='lat' dir='ltr'><strong>Lucius</strong></span> <span class='ocrx_word' id='word_1_136' title='bbox 1822 1923 1982 2012; x_wconf 31' lang='lat' dir='ltr'><strong>Afrae</strong></span> 
     </span>
    </p>
   </div>
   <div class='ocr_carea' id='block_1_21' title="bbox 337 2011 1979 2086">
    <p class='ocr_par' dir='ltr' id='par_1_21' title="bbox 337 2011 1979 2086">
     <span class='ocr_line' id='line_1_21' title="bbox 337 2011 1979 2086; baseline -0.013 1"><span class='ocrx_word' id='word_1_137' title='bbox 337 2011 470 2086; x_wconf 83' lang='lat' dir='ltr'><strong>nius</strong></span> <span class='ocrx_word' id='word_1_138' title='bbox 492 2031 550 2084; x_wconf 93' lang='lat' dir='ltr'><strong>et</strong></span> <span class='ocrx_word' id='word_1_139' title='bbox 575 2026 799 2080; x_wconf 82' lang='lat' dir='ltr'><strong>Marcus</strong></span> <span class='ocrx_word' id='word_1_140' title='bbox 818 2018 1088 2076; x_wconf 91' lang='lat' dir='ltr'><strong>Petreius</strong></span> <span class='ocrx_word' id='word_1_141' title='bbox 1101 2021 1156 2071; x_wconf 88' lang='lat' dir='ltr'><strong>et</strong></span> <span class='ocrx_word' id='word_1_142' title='bbox 1178 2017 1402 2073; x_wconf 87' lang='lat' dir='ltr'><strong>Marcus</strong></span> <span class='ocrx_word' id='word_1_143' title='bbox 1425 2014 1628 2082; x_wconf 87' lang='lat' dir='ltr'><strong>Varro,</strong></span> <span class='ocrx_word' id='word_1_144' title='bbox 1645 2011 1979 2082; x_wconf 87' lang='lat' dir='ltr'><strong>Pompeiani</strong></span> 
     </span>
    </p>
   </div>
   <div class='ocr_carea' id='block_1_22' title="bbox 340 2099 1979 2184">
    <p class='ocr_par' dir='ltr' id='par_1_22' title="bbox 340 2099 1979 2184">
     <span class='ocr_line' id='line_1_22' title="bbox 340 2099 1979 2184; baseline -0.012 -10"><span class='ocrx_word' id='word_1_145' title='bbox 340 2117 542 2180; x_wconf 90' lang='lat' dir='ltr'><strong>duces,</strong></span> <span class='ocrx_word' id='word_1_146' title='bbox 575 2111 940 2184; x_wconf 90' lang='lat' dir='ltr'><strong>optinebant,</strong></span> <span class='ocrx_word' id='word_1_147' title='bbox 971 2105 1170 2174; x_wconf 89' lang='lat' dir='ltr'><strong>ibique</strong></span> <span class='ocrx_word' id='word_1_148' title='bbox 1211 2102 1412 2159; x_wconf 89' lang='lat' dir='ltr'><strong>multis</strong></span> <span class='ocrx_word' id='word_1_149' title='bbox 1436 2100 1652 2173; x_wconf 79' lang='lat' dir='ltr'><strong>praeliis</strong></span> <span class='ocrx_word' id='word_1_150' title='bbox 1689 2099 1979 2155; x_wconf 89' lang='lat' dir='ltr'><strong>Petreium</strong></span> 
     </span>
    </p>
   </div>
   <div class='ocr_carea' id='block_1_23' title="bbox 338 2187 1978 2268">
    <p class='ocr_par' dir='ltr' id='par_1_23' title="bbox 338 2187 1978 2268">
     <span class='ocr_line' id='line_1_23' title="bbox 338 2187 1978 2268; baseline -0.013 -7"><span class='ocrx_word' id='word_1_151' title='bbox 338 2210 400 2262; x_wconf 87' lang='lat' dir='ltr'><strong>et</strong></span> <span class='ocrx_word' id='word_1_152' title='bbox 421 2201 718 2259; x_wconf 79' lang='lat' dir='ltr'><strong>Afranium</strong></span> <span class='ocrx_word' id='word_1_153' title='bbox 739 2197 1070 2268; x_wconf 89' lang='lat' dir='ltr'><strong>superatos,</strong></span> <span class='ocrx_word' id='word_1_154' title='bbox 1090 2191 1409 2261; x_wconf 88' lang='lat' dir='ltr'><strong>composita</strong></span> <span class='ocrx_word' id='word_1_155' title='bbox 1427 2188 1714 2260; x_wconf 89' lang='lat' dir='ltr'><strong>pactione,</strong></span> <span class='ocrx_word' id='word_1_156' title='bbox 1733 2187 1978 2258; x_wconf 87' lang='lat' dir='ltr'><strong>dimisit,</strong></span> 
     </span>
    </p>
   </div>
   <div class='ocr_carea' id='block_1_24' title="bbox 340 2275 1980 2354">
    <p class='ocr_par' dir='ltr' id='par_1_24' title="bbox 340 2275 1980 2354">
     <span class='ocr_line' id='line_1_24' title="bbox 340 2275 1980 2354; baseline -0.01 -7"><span class='ocrx_word' id='word_1_157' title='bbox 340 2286 716 2354; x_wconf 89' lang='lat' dir='ltr'><strong>inulteriore,</strong></span> <span class='ocrx_word' id='word_1_158' title='bbox 756 2296 896 2338; x_wconf 90' lang='lat' dir='ltr'><strong>vero</strong></span> <span class='ocrx_word' id='word_1_159' title='bbox 939 2277 1214 2350; x_wconf 84' lang='lat' dir='ltr'><strong>Hispania</strong></span> <span class='ocrx_word' id='word_1_160' title='bbox 1253 2277 1399 2332; x_wconf 77' lang='lat' dir='ltr'><strong>duas</strong></span> <span class='ocrx_word' id='word_1_161' title='bbox 1435 2275 1694 2345; x_wconf 80' lang='lat' dir='ltr'><strong>legiones</strong></span> <span class='ocrx_word' id='word_1_162' title='bbox 1725 2289 1754 2330; x_wconf 94' lang='lat' dir='ltr'><strong>a</strong></span> <span class='ocrx_word' id='word_1_163' title='bbox 1790 2275 1980 2330; x_wconf 83' lang='lat' dir='ltr'><strong>Marco</strong></span> 
     </span>
    </p>
   </div>
   <div class='ocr_carea' id='block_1_25' title="bbox 341 2362 1982 2442">
    <p class='ocr_par' dir='ltr' id='par_1_25' title="bbox 341 2362 1982 2442">
     <span class='ocr_line' id='line_1_25' title="bbox 341 2362 1982 2442; baseline -0.01 -7"><span class='ocrx_word' id='word_1_164' title='bbox 341 2378 598 2434; x_wconf 84' lang='lat' dir='ltr'><strong>Varrone</strong></span> <span class='ocrx_word' id='word_1_165' title='bbox 627 2370 912 2442; x_wconf 89' lang='lat' dir='ltr'><strong>suscepit.</strong></span> <span class='ocrx_word' id='word_1_166' title='bbox 944 2365 1223 2422; x_wconf 86' lang='lat' dir='ltr'><strong>Similiter</strong></span> <span class='ocrx_word' id='word_1_167' title='bbox 1243 2369 1301 2420; x_wconf 93' lang='lat' dir='ltr'><strong>et</strong></span> <span class='ocrx_word' id='word_1_168' title='bbox 1325 2365 1504 2420; x_wconf 88' lang='lat' dir='ltr'><strong>duces</strong></span> <span class='ocrx_word' id='word_1_169' title='bbox 1525 2362 1652 2433; x_wconf 89' lang='lat' dir='ltr'><strong>ejus</strong></span> <span class='ocrx_word' id='word_1_170' title='bbox 1685 2362 1858 2418; x_wconf 91' lang='lat' dir='ltr'><strong>Curio</strong></span> <span class='ocrx_word' id='word_1_171' title='bbox 1881 2364 1982 2419; x_wconf 90' lang='lat' dir='ltr'><strong>Ca-</strong></span> 
     </span>
    </p>
   </div>
   <div class='ocr_carea' id='block_1_26' title="bbox 341 2450 1976 2530">
    <p class='ocr_par' dir='ltr' id='par_1_26' title="bbox 341 2450 1976 2530">
     <span class='ocr_line' id='line_1_26' title="bbox 341 2450 1976 2530; baseline -0.01 -7"><span class='ocrx_word' id='word_1_172' title='bbox 341 2471 540 2522; x_wconf 88' lang='lat' dir='ltr'><strong>tonem</strong></span> <span class='ocrx_word' id='word_1_173' title='bbox 569 2459 766 2517; x_wconf 88' lang='lat' dir='ltr'><strong>Sicilia</strong></span> <span class='ocrx_word' id='word_1_174' title='bbox 805 2455 1050 2530; x_wconf 89' lang='lat' dir='ltr'><strong>expulit,</strong></span> <span class='ocrx_word' id='word_1_175' title='bbox 1102 2452 1366 2509; x_wconf 84' lang='lat' dir='ltr'><strong>Valerius</strong></span> <span class='ocrx_word' id='word_1_176' title='bbox 1417 2453 1642 2507; x_wconf 90' lang='lat' dir='ltr'><strong>Cottam</strong></span> <span class='ocrx_word' id='word_1_177' title='bbox 1693 2450 1976 2522; x_wconf 92' lang='lat' dir='ltr'><strong>Sardinia,</strong></span> 
     </span>
    </p>
   </div>
   <div class='ocr_carea' id='block_1_27' title="bbox 341 2539 1980 2611">
    <p class='ocr_par' dir='ltr' id='par_1_27' title="bbox 341 2539 1980 2611">
     <span class='ocr_line' id='line_1_27' title="bbox 341 2539 1980 2611; baseline -0.009 0"><span class='ocrx_word' id='word_1_178' title='bbox 341 2555 563 2610; x_wconf 81' lang='lat' dir='ltr'><strong>Varrus</strong></span> <span class='ocrx_word' id='word_1_179' title='bbox 581 2550 940 2607; x_wconf 86' lang='lat' dir='ltr'><strong>Tuberonem</strong></span> <span class='ocrx_word' id='word_1_180' title='bbox 966 2542 1159 2599; x_wconf 89' lang='lat' dir='ltr'><strong>Africa</strong></span> <span class='ocrx_word' id='word_1_181' title='bbox 1178 2541 1370 2611; x_wconf 89' lang='lat' dir='ltr'><strong>ejecit.</strong></span> <span class='ocrx_word' id='word_1_182' title='bbox 1399 2543 1610 2608; x_wconf 63' lang='lat' dir='ltr'><strong>Caesar,</strong></span> <span class='ocrx_word' id='word_1_183' title='bbox 1636 2539 1980 2610; x_wconf 88' lang='lat' dir='ltr'><strong>compositis</strong></span> 
     </span>
    </p>
   </div>
   <div class='ocr_carea' id='block_1_28' title="bbox 343 2628 1980 2709">
    <p class='ocr_par' dir='ltr' id='par_1_28' title="bbox 343 2628 1980 2709">
     <span class='ocr_line' id='line_1_28' title="bbox 343 2628 1980 2709; baseline -0.012 -9"><span class='ocrx_word' id='word_1_184' title='bbox 343 2643 521 2699; x_wconf 90' lang='lat' dir='ltr'><strong>rebus</strong></span> <span class='ocrx_word' id='word_1_185' title='bbox 551 2639 697 2709; x_wconf 89' lang='lat' dir='ltr'><strong>suis,</strong></span> <span class='ocrx_word' id='word_1_186' title='bbox 731 2632 1106 2706; x_wconf 81' lang='lat' dir='ltr'><strong>Dyrrachium</strong></span> <span class='ocrx_word' id='word_1_187' title='bbox 1128 2631 1288 2687; x_wconf 90' lang='lat' dir='ltr'><strong>venit</strong></span> <span class='ocrx_word' id='word_1_188' title='bbox 1317 2635 1376 2684; x_wconf 91' lang='lat' dir='ltr'><strong>et</strong></span> <span class='ocrx_word' id='word_1_189' title='bbox 1400 2629 1731 2698; x_wconf 89' lang='lat' dir='ltr'><strong>Pompeium</strong></span> <span class='ocrx_word' id='word_1_190' title='bbox 1758 2628 1980 2684; x_wconf 84' lang='lat' dir='ltr'><strong>frustra</strong></span> 
     </span>
    </p>
   </div>
   <div class='ocr_carea' id='block_1_29' title="bbox 341 2715 1981 2792">
    <p class='ocr_par' dir='ltr' id='par_1_29' title="bbox 341 2715 1981 2792">
     <span class='ocr_line' id='line_1_29' title="bbox 341 2715 1981 2792; baseline -0.01 -4"><span class='ocrx_word' id='word_1_191' title='bbox 341 2729 643 2788; x_wconf 85' lang='lat' dir='ltr'><strong>obsidione</strong></span> <span class='ocrx_word' id='word_1_192' title='bbox 663 2724 865 2792; x_wconf 85' lang='lat' dir='ltr'><strong>cinxit,</strong></span> <span class='ocrx_word' id='word_1_193' title='bbox 888 2735 1018 2779; x_wconf 92' lang='lat' dir='ltr'><strong>cum</strong></span> <span class='ocrx_word' id='word_1_194' title='bbox 1041 2719 1124 2774; x_wconf 93' lang='lat' dir='ltr'><strong>illi</strong></span> <span class='ocrx_word' id='word_1_195' title='bbox 1157 2718 1333 2775; x_wconf 90' lang='lat' dir='ltr'><strong>maria</strong></span> <span class='ocrx_word' id='word_1_196' title='bbox 1359 2722 1645 2788; x_wconf 78' lang='lat' dir='ltr'><strong>paterent.</strong></span> <span class='ocrx_word' id='word_1_197' title='bbox 1673 2715 1981 2787; x_wconf 89' lang='lat' dir='ltr'><strong>Pompeius</strong></span> 
     </span>
    </p>
   </div>
   <div class='ocr_carea' id='block_1_30' title="bbox 341 2803 1979 2884">
    <p class='ocr_par' dir='ltr' id='par_1_30' title="bbox 341 2803 1979 2884">
     <span class='ocr_line' id='line_1_30' title="bbox 341 2803 1979 2884; baseline -0.011 -7"><span class='ocrx_word' id='word_1_198' title='bbox 341 2816 647 2878; x_wconf 90' lang='lat' dir='ltr'><strong>castellum</strong></span> <span class='ocrx_word' id='word_1_199' title='bbox 679 2809 967 2884; x_wconf 91' lang='lat' dir='ltr'><strong>quoddam</strong></span> <span class='ocrx_word' id='word_1_200' title='bbox 1001 2807 1142 2864; x_wconf 90' lang='lat' dir='ltr'><strong>mari</strong></span> <span class='ocrx_word' id='word_1_201' title='bbox 1175 2805 1587 2878; x_wconf 89' lang='lat' dir='ltr'><strong>propinquum,</strong></span> <span class='ocrx_word' id='word_1_202' title='bbox 1609 2805 1705 2860; x_wconf 88' lang='lat' dir='ltr'><strong>ubi</strong></span> <span class='ocrx_word' id='word_1_203' title='bbox 1723 2803 1979 2876; x_wconf 88' lang='lat' dir='ltr'><strong>presidia</strong></span> 
     </span>
    </p>
   </div>
   <div class='ocr_carea' id='block_1_31' title="bbox 341 2893 1983 2972">
    <p class='ocr_par' dir='ltr' id='par_1_31' title="bbox 341 2893 1983 2972">
     <span class='ocr_line' id='line_1_31' title="bbox 341 2893 1983 2972; baseline -0.012 -5"><span class='ocrx_word' id='word_1_204' title='bbox 341 2905 585 2966; x_wconf 70' lang='lat' dir='ltr'><strong>Caesaris</strong></span> <span class='ocrx_word' id='word_1_205' title='bbox 607 2906 796 2972; x_wconf 87' lang='lat' dir='ltr'><strong>erant,</strong></span> <span class='ocrx_word' id='word_1_206' title='bbox 819 2897 1054 2967; x_wconf 90' lang='lat' dir='ltr'><strong>evertit,</strong></span> <span class='ocrx_word' id='word_1_207' title='bbox 1097 2901 1158 2952; x_wconf 92' lang='lat' dir='ltr'><strong>ct</strong></span> <span class='ocrx_word' id='word_1_208' title='bbox 1173 2893 1388 2950; x_wconf 86' lang='lat' dir='ltr'><strong>milites</strong></span> <span class='ocrx_word' id='word_1_209' title='bbox 1409 2893 1644 2949; x_wconf 92' lang='lat' dir='ltr'><strong>occidit.</strong></span> <span class='ocrx_word' id='word_1_210' title='bbox 1674 2893 1868 2948; x_wconf 85' lang='lat' dir='ltr'><strong>Caesar</strong></span> <span class='ocrx_word' id='word_1_211' title='bbox 1883 2907 1983 2948; x_wconf 92' lang='lat' dir='ltr'><strong>au-</strong></span> 
     </span>
    </p>
   </div>
   <div class='ocr_carea' id='block_1_32' title="bbox 339 2981 1980 3067">
    <p class='ocr_par' dir='ltr' id='par_1_32' title="bbox 339 2981 1980 3067">
     <span class='ocr_line' id='line_1_32' title="bbox 339 2981 1980 3067; baseline -0.012 -13"><span class='ocrx_word' id='word_1_212' title='bbox 339 3002 479 3067; x_wconf 88' lang='lat' dir='ltr'><strong>tem,</strong></span> <span class='ocrx_word' id='word_1_213' title='bbox 505 2993 722 3052; x_wconf 89' lang='lat' dir='ltr'><strong>omissa</strong></span> <span class='ocrx_word' id='word_1_214' title='bbox 761 2987 1086 3054; x_wconf 88' lang='lat' dir='ltr'><strong>obsidione,</strong></span> <span class='ocrx_word' id='word_1_215' title='bbox 1137 2983 1210 3041; x_wconf 90' lang='lat' dir='ltr'><strong>ad</strong></span> <span class='ocrx_word' id='word_1_216' title='bbox 1257 2983 1590 3053; x_wconf 90' lang='lat' dir='ltr'><strong>Pompeium</strong></span> <span class='ocrx_word' id='word_1_217' title='bbox 1641 2981 1930 3038; x_wconf 91' lang='lat' dir='ltr'><strong>convertit</strong></span> <span class='ocrx_word' id='word_1_218' title='bbox 1964 3000 1980 3049; x_wconf 90' lang='lat'><strong>;</strong></span> 
     </span>
    </p>
   </div>
   <div class='ocr_carea' id='block_1_33' title="bbox 337 3070 1982 3155">
    <p class='ocr_par' dir='ltr' id='par_1_33' title="bbox 337 3070 1982 3155">
     <span class='ocr_line' id='line_1_33' title="bbox 337 3070 1982 3155; baseline -0.009 -13"><span class='ocrx_word' id='word_1_219' title='bbox 337 3085 664 3155; x_wconf 82' lang='lat' dir='ltr'><strong>Torquatus</strong></span> <span class='ocrx_word' id='word_1_220' title='bbox 684 3093 824 3136; x_wconf 92' lang='lat' dir='ltr'><strong>vero</strong></span> <span class='ocrx_word' id='word_1_221' title='bbox 859 3087 1245 3148; x_wconf 91' lang='lat' dir='ltr'><strong>prorumpens</strong></span> <span class='ocrx_word' id='word_1_222' title='bbox 1271 3086 1540 3128; x_wconf 89' lang='lat' dir='ltr'><strong>aversum</strong></span> <span class='ocrx_word' id='word_1_223' title='bbox 1571 3071 1640 3104; x_wconf 77' lang='grc'><strong>³³⁸</strong></span> <span class='ocrx_word' id='word_1_224' title='bbox 1679 3086 1710 3127; x_wconf 90' lang='lat' dir='ltr'><strong>e</strong></span> <span class='ocrx_word' id='word_1_225' title='bbox 1731 3070 1982 3140; x_wconf 89' lang='lat' dir='ltr'><strong>vestigio</strong></span> 
     </span>
    </p>
   </div>
   <div class='ocr_carea' id='block_1_34' title="bbox 342 3158 1980 3231">
    <p class='ocr_par' dir='ltr' id='par_1_34' title="bbox 342 3158 1980 3231">
     <span class='ocr_line' id='line_1_34' title="bbox 342 3158 1980 3231; baseline -0.009 -2"><span class='ocrx_word' id='word_1_226' title='bbox 342 3172 606 3229; x_wconf 89' lang='lat' dir='ltr'><strong>insectus</strong></span> <span class='ocrx_word' id='word_1_227' title='bbox 632 3171 744 3224; x_wconf 89' lang='lat' dir='ltr'><strong>est.</strong></span> <span class='ocrx_word' id='word_1_228' title='bbox 779 3167 864 3222; x_wconf 81' lang='lat' dir='ltr'><strong>[tu</strong></span> <span class='ocrx_word' id='word_1_229' title='bbox 897 3161 1144 3221; x_wconf 70' lang='lat' dir='ltr'><strong>Caesaris</strong></span> <span class='ocrx_word' id='word_1_230' title='bbox 1175 3159 1391 3216; x_wconf 90' lang='lat' dir='ltr'><strong>milites</strong></span> <span class='ocrx_word' id='word_1_231' title='bbox 1431 3159 1667 3231; x_wconf 91' lang='lat' dir='ltr'><strong>ancipiti</strong></span> <span class='ocrx_word' id='word_1_232' title='bbox 1719 3158 1980 3230; x_wconf 90' lang='lat' dir='ltr'><strong>periculo</strong></span> 
     </span>
    </p>
   </div>
   <div class='ocr_carea' id='block_1_35' title="bbox 337 3220 2063 3329">
    <p class='ocr_par' dir='ltr' id='par_1_35' title="bbox 337 3220 2063 3329">
     <span class='ocr_line' id='line_1_35' title="bbox 337 3220 2063 3329; baseline -0.009 -11"><span class='ocrx_word' id='word_1_233' title='bbox 337 3220 970 3329; x_wconf 21' lang='lat' dir='ltr'><strong>ipsovctesare</strong></span> <span class='ocrx_word' id='word_1_234' title='bbox 1001 3250 1216 3306; x_wconf 89' lang='lat' dir='ltr'><strong>frustra</strong></span> <span class='ocrx_word' id='word_1_235' title='bbox 1266 3220 1608 3318; x_wconf 71' lang='lat' dir='ltr'><strong>obsistente,</strong></span> <span class='ocrx_word' id='word_1_236' title='bbox 1662 3220 1979 3318; x_wconf 79' lang='lat' dir='ltr'><strong>fugerunt;</strong></span> <span class='ocrx_word' id='word_1_237' title='bbox 2013 3220 2063 3283; x_wconf 60' lang='grc' dir='ltr'><strong>(ἶ</strong></span> 
     </span>
    </p>
   </div>
   <div class='ocr_carea' id='block_1_36' title="bbox 339 3337 1984 3410">
    <p class='ocr_par' dir='ltr' id='par_1_36' title="bbox 339 3337 1984 3410">
     <span class='ocr_line' id='line_1_36' title="bbox 339 3337 1984 3410; baseline -0.009 -3"><span class='ocrx_word' id='word_1_238' title='bbox 339 3347 523 3406; x_wconf 89' lang='lat' dir='ltr'><strong>evasit</strong></span> <span class='ocrx_word' id='word_1_239' title='bbox 551 3349 746 3400; x_wconf 90' lang='lat' dir='ltr'><strong>tamen</strong></span> <span class='ocrx_word' id='word_1_240' title='bbox 770 3343 986 3410; x_wconf 61' lang='lat' dir='ltr'><strong>Caesar,</strong></span> <span class='ocrx_word' id='word_1_241' title='bbox 1011 3337 1144 3409; x_wconf 90' lang='lat' dir='ltr'><strong>quia</strong></span> <span class='ocrx_word' id='word_1_242' title='bbox 1169 3343 1339 3393; x_wconf 91' lang='lat' dir='ltr'><strong>nocte</strong></span> <span class='ocrx_word' id='word_1_243' title='bbox 1363 3337 1786 3393; x_wconf 83' lang='lat' dir='ltr'><strong>interveniente</strong></span> <span class='ocrx_word' id='word_1_244' title='bbox 1818 3339 1984 3394; x_wconf 88' lang='lat' dir='ltr'><strong>Pom-</strong></span> 
     </span>
    </p>
   </div>
   <div class='ocr_carea' id='block_1_37' title="bbox 338 3427 1980 3510">
    <p class='ocr_par' dir='ltr' id='par_1_37' title="bbox 338 3427 1980 3510">
     <span class='ocr_line' id='line_1_37' title="bbox 338 3427 1980 3510; baseline -0.006 -16"><span class='ocrx_word' id='word_1_245' title='bbox 338 3437 509 3510; x_wconf 89' lang='lat' dir='ltr'><strong>peius</strong></span> <span class='ocrx_word' id='word_1_246' title='bbox 522 3432 688 3504; x_wconf 89' lang='lat' dir='ltr'><strong>sequi</strong></span> <span class='ocrx_word' id='word_1_247' title='bbox 702 3429 905 3487; x_wconf 91' lang='lat' dir='ltr'><strong>noluit.</strong></span> <span class='ocrx_word' id='word_1_248' title='bbox 923 3427 1080 3484; x_wconf 88' lang='lat' dir='ltr'><strong>Dixit</strong></span> <span class='ocrx_word' id='word_1_249' title='bbox 1093 3430 1284 3484; x_wconf 91' lang='lat' dir='ltr'><strong>autem</strong></span> <span class='ocrx_word' id='word_1_250' title='bbox 1300 3428 1508 3497; x_wconf 76' lang='lat' dir='ltr'><strong>Caesar,</strong></span> <span class='ocrx_word' id='word_1_251' title='bbox 1525 3441 1632 3483; x_wconf 91' lang='lat' dir='ltr'><strong>nec</strong></span> <span class='ocrx_word' id='word_1_252' title='bbox 1645 3427 1980 3499; x_wconf 89' lang='lat' dir='ltr'><strong>Pompeium</strong></span> 
     </span>
    </p>
   </div>
   <div class='ocr_carea' id='block_1_38' title="bbox 339 3515 1976 3592">
    <p class='ocr_par' dir='ltr' id='par_1_38' title="bbox 339 3515 1976 3592">
     <span class='ocr_line' id='line_1_38' title="bbox 339 3515 1976 3592; baseline -0.007 -8"><span class='ocrx_word' id='word_1_253' title='bbox 339 3527 493 3584; x_wconf 91' lang='lat' dir='ltr'><strong>scire</strong></span> <span class='ocrx_word' id='word_1_254' title='bbox 522 3522 780 3592; x_wconf 86' lang='lat' dir='ltr'><strong>vincere,</strong></span> <span class='ocrx_word' id='word_1_255' title='bbox 807 3524 867 3577; x_wconf 92' lang='lat' dir='ltr'><strong>et</strong></span> <span class='ocrx_word' id='word_1_256' title='bbox 897 3517 993 3575; x_wconf 90' lang='lat' dir='ltr'><strong>illa</strong></span> <span class='ocrx_word' id='word_1_257' title='bbox 1029 3522 1251 3573; x_wconf 86' lang='lat' dir='ltr'><strong>tantum</strong></span> <span class='ocrx_word' id='word_1_258' title='bbox 1285 3515 1378 3572; x_wconf 88' lang='lat' dir='ltr'><strong>die</strong></span> <span class='ocrx_word' id='word_1_259' title='bbox 1411 3531 1472 3573; x_wconf 90' lang='lat' dir='ltr'><strong>se</strong></span> <span class='ocrx_word' id='word_1_260' title='bbox 1497 3516 1646 3572; x_wconf 89' lang='lat' dir='ltr'><strong>vinci</strong></span> <span class='ocrx_word' id='word_1_261' title='bbox 1693 3516 1976 3588; x_wconf 89' lang='lat' dir='ltr'><strong>potuisse.</strong></span> 
     </span>
    </p>
   </div>
   <div class='ocr_carea' id='block_1_39' title="bbox 339 3605 1984 3681">
    <p class='ocr_par' dir='ltr' id='par_1_39' title="bbox 339 3605 1984 3681">
     <span class='ocr_line' id='line_1_39' title="bbox 339 3605 1984 3681; baseline -0.008 -8"><span class='ocrx_word' id='word_1_262' title='bbox 339 3616 495 3672; x_wconf 63' lang='lat' dir='ltr'><strong>Casa</strong></span> <span class='ocrx_word' id='word_1_263' title='bbox 526 3617 662 3670; x_wconf 89' lang='lat' dir='ltr'><strong>sunt</strong></span> <span class='ocrx_word' id='word_1_264' title='bbox 693 3611 747 3666; x_wconf 91' lang='lat' dir='ltr'><strong>in</strong></span> <span class='ocrx_word' id='word_1_265' title='bbox 779 3624 848 3666; x_wconf 92' lang='lat' dir='ltr'><strong>eo</strong></span> <span class='ocrx_word' id='word_1_266' title='bbox 879 3607 1078 3681; x_wconf 71' lang='lat' dir='ltr'><strong>praelio</strong></span> <span class='ocrx_word' id='word_1_267' title='bbox 1108 3609 1248 3663; x_wconf 81' lang='grc'>4000</span> <span class='ocrx_word' id='word_1_268' title='bbox 1275 3605 1519 3662; x_wconf 92' lang='lat' dir='ltr'><strong>militum</strong></span> <span class='ocrx_word' id='word_1_269' title='bbox 1553 3605 1819 3676; x_wconf 73' lang='lat' dir='ltr'><strong>Caesaris,</strong></span> <span class='ocrx_word' id='word_1_270' title='bbox 1850 3620 1984 3661; x_wconf 91' lang='lat' dir='ltr'><strong>cen-</strong></span> 
     </span>
    </p>
   </div>
   <div class='ocr_carea' id='block_1_40' title="bbox 338 3693 1978 3771">
    <p class='ocr_par' dir='ltr' id='par_1_40' title="bbox 338 3693 1978 3771">
     <span class='ocr_line' id='line_1_40' title="bbox 338 3693 1978 3771; baseline -0.007 -12"><span class='ocrx_word' id='word_1_271' title='bbox 338 3703 604 3761; x_wconf 90' lang='lat' dir='ltr'><strong>turiones</strong></span> <span class='ocrx_word' id='word_1_272' title='bbox 622 3704 712 3771; x_wconf 90' lang='lat'><strong>22,</strong></span> <span class='ocrx_word' id='word_1_273' title='bbox 736 3697 966 3770; x_wconf 89' lang='lat' dir='ltr'><strong>equites</strong></span> <span class='ocrx_word' id='word_1_274' title='bbox 992 3695 1228 3752; x_wconf 82' lang='lat' dir='ltr'><strong>Romani</strong></span> <span class='ocrx_word' id='word_1_275' title='bbox 1258 3693 1593 3766; x_wconf 90' lang='lat' dir='ltr'><strong>complures</strong></span> <span class='ocrx_word' id='word_1_276' title='bbox 1630 3711 1645 3761; x_wconf 91' lang='lat'><strong>;</strong></span> <span class='ocrx_word' id='word_1_277' title='bbox 1678 3709 1868 3751; x_wconf 62' lang='lat' dir='ltr'><strong>caesus</strong></span> <span class='ocrx_word' id='word_1_278' title='bbox 1890 3697 1978 3750; x_wconf 91' lang='lat' dir='ltr'><strong>est</strong></span> 
     </span>
    </p>
   </div>
   <div class='ocr_carea' id='block_1_41' title="bbox 336 3782 1979 3860">
    <p class='ocr_par' dir='ltr' id='par_1_41' title="bbox 336 3782 1979 3860">
     <span class='ocr_line' id='line_1_41' title="bbox 336 3782 1979 3860; baseline -0.007 -11"><span class='ocrx_word' id='word_1_279' title='bbox 336 3791 416 3848; x_wconf 90' lang='lat' dir='ltr'><strong>ibi</strong></span> <span class='ocrx_word' id='word_1_280' title='bbox 441 3793 638 3860; x_wconf 89' lang='lat' dir='ltr'><strong>Sceva,</strong></span> <span class='ocrx_word' id='word_1_281' title='bbox 673 3785 918 3845; x_wconf 68' lang='lat' dir='ltr'><strong>Caesaris</strong></span> <span class='ocrx_word' id='word_1_282' title='bbox 941 3784 1108 3841; x_wconf 91' lang='lat' dir='ltr'><strong>miles</strong></span> <span class='ocrx_word' id='word_1_283' title='bbox 1139 3783 1518 3852; x_wconf 89' lang='lat' dir='ltr'><strong>fortissimus,</strong></span> <span class='ocrx_word' id='word_1_284' title='bbox 1552 3782 1719 3852; x_wconf 87' lang='lat' dir='ltr'><strong>cujus</strong></span> <span class='ocrx_word' id='word_1_285' title='bbox 1749 3787 1979 3839; x_wconf 79' lang='lat' dir='ltr'><strong>scutum</strong></span> 
     </span>
    </p>
   </div>
   <div class='ocr_carea' id='block_1_42' title="bbox 337 3870 1979 3948">
    <p class='ocr_par' dir='ltr' id='par_1_42' title="bbox 337 3870 1979 3948">
     <span class='ocr_line' id='line_1_42' title="bbox 337 3870 1979 3948; baseline -0.007 -10"><span class='ocrx_word' id='word_1_286' title='bbox 337 3883 569 3938; x_wconf 86' lang='lat' dir='ltr'><strong>centum</strong></span> <span class='ocrx_word' id='word_1_287' title='bbox 601 3877 809 3948; x_wconf 81' lang='lat' dir='ltr'><strong>viginti</strong></span> <span class='ocrx_word' id='word_1_288' title='bbox 843 3874 1058 3931; x_wconf 90' lang='lat' dir='ltr'><strong>ictibus</strong></span> <span class='ocrx_word' id='word_1_289' title='bbox 1085 3873 1329 3944; x_wconf 90' lang='lat' dir='ltr'><strong>petitum</strong></span> <span class='ocrx_word' id='word_1_290' title='bbox 1362 3871 1539 3929; x_wconf 89' lang='lat' dir='ltr'><strong>fuisse</strong></span> <span class='ocrx_word' id='word_1_291' title='bbox 1570 3870 1804 3927; x_wconf 92' lang='lat' dir='ltr'><strong>dicitur.</strong></span> <span class='ocrx_word' id='word_1_292' title='bbox 1842 3871 1979 3928; x_wconf 87' lang='lat' dir='ltr'><strong>Inde</strong></span> 
     </span>
    </p>
   </div>
   <div class='ocr_carea' id='block_1_43' title="bbox 339 3959 1981 4038">
    <p class='ocr_par' dir='ltr' id='par_1_43' title="bbox 339 3959 1981 4038">
     <span class='ocr_line' id='line_1_43' title="bbox 339 3959 1981 4038; baseline -0.007 -11"><span class='ocrx_word' id='word_1_293' title='bbox 339 3969 520 4028; x_wconf 89' lang='lat' dir='ltr'><strong>citato</strong></span> <span class='ocrx_word' id='word_1_294' title='bbox 543 3966 769 4038; x_wconf 86' lang='lat' dir='ltr'><strong>agmine</strong></span> <span class='ocrx_word' id='word_1_295' title='bbox 795 3965 986 4020; x_wconf 57' lang='lat' dir='ltr'><strong>Caesar</strong></span> <span class='ocrx_word' id='word_1_296' title='bbox 1011 3975 1114 4033; x_wconf 90' lang='lat' dir='ltr'><strong>per</strong></span> <span class='ocrx_word' id='word_1_297' title='bbox 1133 3961 1382 4033; x_wconf 88' lang='lat' dir='ltr'><strong>Epyrum</strong></span> <span class='ocrx_word' id='word_1_298' title='bbox 1408 3960 1461 4016; x_wconf 90' lang='lat' dir='ltr'><strong>in</strong></span> <span class='ocrx_word' id='word_1_299' title='bbox 1484 3959 1831 4016; x_wconf 86' lang='lat' dir='ltr'><strong>Thessaliam</strong></span> <span class='ocrx_word' id='word_1_300' title='bbox 1855 3974 1981 4032; x_wconf 89' lang='lat' dir='ltr'><strong>per-</strong></span> 
     </span>
    </p>
   </div>
   <div class='ocr_carea' id='block_1_44' title="bbox 339 4049 1982 4129">
    <p class='ocr_par' dir='ltr' id='par_1_44' title="bbox 339 4049 1982 4129">
     <span class='ocr_line' id='line_1_44' title="bbox 339 4049 1982 4129; baseline -0.005 -14"><span class='ocrx_word' id='word_1_301' title='bbox 339 4058 516 4129; x_wconf 87' lang='lat' dir='ltr'><strong>rexit,</strong></span> <span class='ocrx_word' id='word_1_302' title='bbox 545 4053 858 4126; x_wconf 87' lang='lat' dir='ltr'><strong>Pompeius</strong></span> <span class='ocrx_word' id='word_1_303' title='bbox 877 4065 1016 4108; x_wconf 87' lang='lat' dir='ltr'><strong>vero</strong></span> <span class='ocrx_word' id='word_1_304' title='bbox 1045 4065 1175 4107; x_wconf 92' lang='lat' dir='ltr'><strong>cum</strong></span> <span class='ocrx_word' id='word_1_305' title='bbox 1207 4049 1473 4106; x_wconf 87' lang='lat' dir='ltr'><strong>maximis</strong></span> <span class='ocrx_word' id='word_1_306' title='bbox 1513 4049 1698 4120; x_wconf 87' lang='lat' dir='ltr'><strong>ecpiis</strong></span> <span class='ocrx_word' id='word_1_307' title='bbox 1743 4053 1982 4107; x_wconf 89' lang='lat' dir='ltr'><strong>secutus</strong></span> 
     </span>
    </p>
   </div>
   <div class='ocr_carea' id='block_1_45' title="bbox 338 4136 1980 4215">
    <p class='ocr_par' dir='ltr' id='par_1_45' title="bbox 338 4136 1980 4215">
     <span class='ocr_line' id='line_1_45' title="bbox 338 4136 1980 4215; baseline -0.005 -12"><span class='ocrx_word' id='word_1_308' title='bbox 338 4149 454 4215; x_wconf 85' lang='lat' dir='ltr'><strong>est,</strong></span> <span class='ocrx_word' id='word_1_309' title='bbox 470 4142 804 4212; x_wconf 90' lang='lat' dir='ltr'><strong>bellumque</strong></span> <span class='ocrx_word' id='word_1_310' title='bbox 821 4139 1190 4208; x_wconf 84' lang='lat' dir='ltr'><strong>commissum</strong></span> <span class='ocrx_word' id='word_1_311' title='bbox 1213 4143 1325 4194; x_wconf 90' lang='lat' dir='ltr'><strong>est.</strong></span> <span class='ocrx_word' id='word_1_312' title='bbox 1346 4137 1557 4193; x_wconf 83' lang='lat' dir='ltr'><strong>Videre</strong></span> <span class='ocrx_word' id='word_1_313' title='bbox 1582 4136 1660 4192; x_wconf 91' lang='lat' dir='ltr'><strong>ibi</strong></span> <span class='ocrx_word' id='word_1_314' title='bbox 1675 4142 1980 4207; x_wconf 88' lang='lat' dir='ltr'><strong>etgemere</strong></span> 
     </span>
    </p>
   </div>
   <div class='ocr_carea' id='block_1_46' title="bbox 340 4224 1982 4303">
    <p class='ocr_par' dir='ltr' id='par_1_46' title="bbox 340 4224 1982 4303">
     <span class='ocr_line' id='line_1_46' title="bbox 340 4224 1982 4303; baseline -0.005 -13"><span class='ocrx_word' id='word_1_315' title='bbox 340 4236 493 4303; x_wconf 83' lang='lat' dir='ltr'><strong>erat,</strong></span> <span class='ocrx_word' id='word_1_316' title='bbox 511 4233 850 4290; x_wconf 89' lang='lat' dir='ltr'><strong>contractas</strong></span> <span class='ocrx_word' id='word_1_317' title='bbox 871 4229 1256 4284; x_wconf 82' lang='lat' dir='ltr'><strong>Romanorum</strong></span> <span class='ocrx_word' id='word_1_318' title='bbox 1282 4225 1439 4282; x_wconf 90' lang='lat' dir='ltr'><strong>vires</strong></span> <span class='ocrx_word' id='word_1_319' title='bbox 1463 4224 1518 4280; x_wconf 92' lang='lat' dir='ltr'><strong>in</strong></span> <span class='ocrx_word' id='word_1_320' title='bbox 1546 4225 1767 4297; x_wconf 90' lang='lat' dir='ltr'><strong>campis</strong></span> <span class='ocrx_word' id='word_1_321' title='bbox 1806 4225 1982 4282; x_wconf 80' lang='lat' dir='ltr'><strong>Phar-</strong></span> 
     </span>
    </p>
   </div>
   <div class='ocr_carea' id='block_1_47' title="bbox 337 4312 1978 4385">
    <p class='ocr_par' dir='ltr' id='par_1_47' title="bbox 337 4312 1978 4385">
     <span class='ocr_line' id='line_1_47' title="bbox 337 4312 1978 4385; baseline -0.006 -5"><span class='ocrx_word' id='word_1_322' title='bbox 337 4320 536 4380; x_wconf 84' lang='lat' dir='ltr'><strong>salicis</strong></span> <span class='ocrx_word' id='word_1_323' title='bbox 563 4317 635 4376; x_wconf 90' lang='lat' dir='ltr'><strong>ad</strong></span> <span class='ocrx_word' id='word_1_324' title='bbox 665 4317 1014 4376; x_wconf 89' lang='lat' dir='ltr'><strong>occisionem</strong></span> <span class='ocrx_word' id='word_1_325' title='bbox 1045 4320 1304 4372; x_wconf 89' lang='lat' dir='ltr'><strong>mutuam</strong></span> <span class='ocrx_word' id='word_1_326' title='bbox 1336 4312 1696 4385; x_wconf 90' lang='lat' dir='ltr'><strong>constitisse,</strong></span> <span class='ocrx_word' id='word_1_327' title='bbox 1729 4329 1894 4385; x_wconf 90' lang='lat' dir='ltr'><strong>quas,</strong></span> <span class='ocrx_word' id='word_1_328' title='bbox 1930 4315 1978 4370; x_wconf 91' lang='lat' dir='ltr'><strong>si</strong></span> 
     </span>
    </p>
   </div>
   <div class='ocr_carea' id='block_1_48' title="bbox 339 4401 1981 4478">
    <p class='ocr_par' dir='ltr' id='par_1_48' title="bbox 339 4401 1981 4478">
     <span class='ocr_line' id='line_1_48' title="bbox 339 4401 1981 4478; baseline -0.007 -9"><span class='ocrx_word' id='word_1_329' title='bbox 339 4408 652 4469; x_wconf 86' lang='lat' dir='ltr'><strong>concordia</strong></span> <span class='ocrx_word' id='word_1_330' title='bbox 666 4407 938 4478; x_wconf 87' lang='lat' dir='ltr'><strong>rexisset,</strong></span> <span class='ocrx_word' id='word_1_331' title='bbox 960 4404 1104 4462; x_wconf 91' lang='lat' dir='ltr'><strong>nulli</strong></span> <span class='ocrx_word' id='word_1_332' title='bbox 1131 4401 1346 4476; x_wconf 89' lang='lat' dir='ltr'><strong>populi,</strong></span> <span class='ocrx_word' id='word_1_333' title='bbox 1374 4401 1516 4458; x_wconf 93' lang='lat' dir='ltr'><strong>nulli</strong></span> <span class='ocrx_word' id='word_1_334' title='bbox 1540 4415 1708 4471; x_wconf 87' lang='lat' dir='ltr'><strong>reges</strong></span> <span class='ocrx_word' id='word_1_335' title='bbox 1732 4403 1884 4460; x_wconf 85' lang='lat' dir='ltr'><strong>ferre</strong></span> <span class='ocrx_word' id='word_1_336' title='bbox 1911 4401 1981 4437; x_wconf 76' lang='grc'><strong>⁸⁵⁸</strong></span> 
     </span>
    </p>
   </div>
   <div class='ocr_carea' id='block_1_49' title="bbox 341 4491 1979 4574">
    <p class='ocr_par' dir='ltr' id='par_1_49' title="bbox 341 4491 1979 4574">
     <span class='ocr_line' id='line_1_49' title="bbox 341 4491 1979 4574; baseline -0.007 -14"><span class='ocrx_word' id='word_1_337' title='bbox 341 4497 690 4574; x_wconf 89' lang='lat' dir='ltr'><strong>potuissent.</strong></span> <span class='ocrx_word' id='word_1_338' title='bbox 724 4497 977 4554; x_wconf 82' lang='lat' dir='ltr'><strong>Fuerunt</strong></span> <span class='ocrx_word' id='word_1_339' title='bbox 1008 4492 1159 4550; x_wconf 91' lang='lat' dir='ltr'><strong>enim</strong></span> <span class='ocrx_word' id='word_1_340' title='bbox 1191 4506 1264 4547; x_wconf 86' lang='lat' dir='ltr'><strong>ex</strong></span> <span class='ocrx_word' id='word_1_341' title='bbox 1291 4495 1460 4562; x_wconf 90' lang='lat' dir='ltr'><strong>parte</strong></span> <span class='ocrx_word' id='word_1_342' title='bbox 1515 4491 1773 4562; x_wconf 89' lang='lat' dir='ltr'><strong>Pompeii</strong></span> <span class='ocrx_word' id='word_1_343' title='bbox 1822 4496 1979 4549; x_wconf 90' lang='lat' dir='ltr'><strong>octo-</strong></span> 
     </span>
    </p>
   </div>
   <div class='ocr_carea' id='block_1_50' title="bbox 2101 606 3747 680">
    <p class='ocr_par' dir='ltr' id='par_1_50' title="bbox 2101 606 3747 680">
     <span class='ocr_line' id='line_1_50' title="bbox 2101 606 3747 680; baseline 0 -16"><span class='ocrx_word' id='word_1_344' title='bbox 2101 613 2514 666; x_wconf 66' lang='lat' dir='ltr'><strong>norumltl000.</strong></span> <span class='ocrx_word' id='word_1_345' title='bbox 2556 610 2932 666; x_wconf 91' lang='lat' dir='ltr'><strong>centuriones</strong></span> <span class='ocrx_word' id='word_1_346' title='bbox 2976 612 3062 663; x_wconf 90' lang='lat'><strong>33.</strong></span> <span class='ocrx_word' id='word_1_347' title='bbox 3113 607 3427 680; x_wconf 88' lang='lat' dir='ltr'><strong>Pompeius</strong></span> <span class='ocrx_word' id='word_1_348' title='bbox 3497 606 3747 678; x_wconf 87' lang='lat' dir='ltr'><strong>fugiens,</strong></span> 
     </span>
    </p>
   </div>
   <div class='ocr_carea' id='block_1_51' title="bbox 2099 695 3751 765">
    <p class='ocr_par' dir='ltr' id='par_1_51' title="bbox 2099 695 3751 765">
     <span class='ocr_line' id='line_1_51' title="bbox 2099 695 3751 765; baseline -0.001 -14"><span class='ocrx_word' id='word_1_349' title='bbox 2099 697 2154 752; x_wconf 94' lang='lat' dir='ltr'><strong>in</strong></span> <span class='ocrx_word' id='word_1_350' title='bbox 2184 699 2336 754; x_wconf 90' lang='lat' dir='ltr'><strong>ostio</strong></span> <span class='ocrx_word' id='word_1_351' title='bbox 2365 697 2538 753; x_wconf 92' lang='lat' dir='ltr'><strong>Penei</strong></span> <span class='ocrx_word' id='word_1_352' title='bbox 2571 698 2757 754; x_wconf 91' lang='lat' dir='ltr'><strong>amnis</strong></span> <span class='ocrx_word' id='word_1_353' title='bbox 2789 697 3119 754; x_wconf 90' lang='lat' dir='ltr'><strong>onerariam</strong></span> <span class='ocrx_word' id='word_1_354' title='bbox 3162 696 3355 752; x_wconf 88' lang='lat' dir='ltr'><strong>navim</strong></span> <span class='ocrx_word' id='word_1_355' title='bbox 3405 700 3643 765; x_wconf 91' lang='lat' dir='ltr'><strong>nactus,</strong></span> <span class='ocrx_word' id='word_1_356' title='bbox 3693 695 3751 750; x_wconf 93' lang='lat' dir='ltr'><strong>in</strong></span> 
     </span>
    </p>
   </div>
   <div class='ocr_carea' id='block_1_52' title="bbox 2099 778 3751 852">
    <p class='ocr_par' dir='ltr' id='par_1_52' title="bbox 2099 778 3751 852">
     <span class='ocr_line' id='line_1_52' title="bbox 2099 778 3751 852; baseline -0.002 -17"><span class='ocrx_word' id='word_1_357' title='bbox 2099 781 2288 836; x_wconf 81' lang='lat' dir='ltr'><strong>Asiam</strong></span> <span class='ocrx_word' id='word_1_358' title='bbox 2311 781 2566 849; x_wconf 90' lang='lat' dir='ltr'><strong>transiit,</strong></span> <span class='ocrx_word' id='word_1_359' title='bbox 2593 779 2726 837; x_wconf 90' lang='lat' dir='ltr'><strong>inde</strong></span> <span class='ocrx_word' id='word_1_360' title='bbox 2747 795 2850 852; x_wconf 90' lang='lat' dir='ltr'><strong>per</strong></span> <span class='ocrx_word' id='word_1_361' title='bbox 2863 782 3110 852; x_wconf 82' lang='lat' dir='ltr'><strong>Cyprum</strong></span> <span class='ocrx_word' id='word_1_362' title='bbox 3127 779 3541 836; x_wconf 81' lang='lat' dir='ltr'><strong>Alexandriam</strong></span> <span class='ocrx_word' id='word_1_363' title='bbox 3557 778 3751 850; x_wconf 89' lang='lat' dir='ltr'><strong>petiit,</strong></span> 
     </span>
    </p>
   </div>
   <div class='ocr_carea' id='block_1_53' title="bbox 2097 867 3752 941">
    <p class='ocr_par' dir='ltr' id='par_1_53' title="bbox 2097 867 3752 941">
     <span class='ocr_line' id='line_1_53' title="bbox 2097 867 3752 941; baseline -0.001 -17"><span class='ocrx_word' id='word_1_364' title='bbox 2097 873 2217 924; x_wconf 89' lang='lat' dir='ltr'><strong>uta</strong></span> <span class='ocrx_word' id='word_1_365' title='bbox 2253 883 2388 940; x_wconf 90' lang='lat' dir='ltr'><strong>rege</strong></span> <span class='ocrx_word' id='word_1_366' title='bbox 2419 869 2670 941; x_wconf 70' lang='lat' dir='ltr'><strong>Egypti,</strong></span> <span class='ocrx_word' id='word_1_367' title='bbox 2710 869 2805 926; x_wconf 92' lang='lat' dir='ltr'><strong>cui</strong></span> <span class='ocrx_word' id='word_1_368' title='bbox 2859 874 3022 924; x_wconf 90' lang='lat' dir='ltr'><strong>tutor</strong></span> <span class='ocrx_word' id='word_1_369' title='bbox 3067 869 3190 940; x_wconf 90' lang='lat' dir='ltr'><strong>ipse</strong></span> <span class='ocrx_word' id='word_1_370' title='bbox 3238 883 3267 924; x_wconf 90' lang='lat' dir='ltr'><strong>a</strong></span> <span class='ocrx_word' id='word_1_371' title='bbox 3314 872 3524 924; x_wconf 90' lang='lat' dir='ltr'><strong>senatu</strong></span> <span class='ocrx_word' id='word_1_372' title='bbox 3575 867 3752 925; x_wconf 89' lang='lat' dir='ltr'><strong>datus</strong></span> 
     </span>
    </p>
   </div>
   <div class='ocr_carea' id='block_1_54' title="bbox 2098 956 3758 1029">
    <p class='ocr_par' dir='ltr' id='par_1_54' title="bbox 2098 956 3758 1029">
     <span class='ocr_line' id='line_1_54' title="bbox 2098 956 3758 1029; baseline 0 -17"><span class='ocrx_word' id='word_1_373' title='bbox 2098 957 2284 1013; x_wconf 88' lang='lat' dir='ltr'><strong>fuerat</strong></span> <span class='ocrx_word' id='word_1_374' title='bbox 2311 964 2550 1029; x_wconf 87' lang='lat' dir='ltr'><strong>propter</strong></span> <span class='ocrx_word' id='word_1_375' title='bbox 2564 958 2878 1029; x_wconf 83' lang='lat' dir='ltr'><strong>juvenilem</strong></span> <span class='ocrx_word' id='word_1_376' title='bbox 2903 958 3030 1028; x_wconf 88' lang='lat' dir='ltr'><strong>ejus</strong></span> <span class='ocrx_word' id='word_1_377' title='bbox 3048 961 3302 1027; x_wconf 69' lang='lat' dir='ltr'><strong>aetatem,</strong></span> <span class='ocrx_word' id='word_1_378' title='bbox 3331 956 3636 1027; x_wconf 90' lang='lat' dir='ltr'><strong>acciperet</strong></span> <span class='ocrx_word' id='word_1_379' title='bbox 3661 969 3758 1012; x_wconf 85' lang='lat' dir='ltr'><strong>au-</strong></span> 
     </span>
    </p>
   </div>
   <div class='ocr_carea' id='block_1_55' title="bbox 2096 1043 3748 1116">
    <p class='ocr_par' dir='ltr' id='par_1_55' title="bbox 2096 1043 3748 1116">
     <span class='ocr_line' id='line_1_55' title="bbox 2096 1043 3748 1116; baseline 0 -17"><span class='ocrx_word' id='word_1_380' title='bbox 2096 1045 2255 1101; x_wconf 74' lang='lat' dir='ltr'><strong>xilia.</strong></span> <span class='ocrx_word' id='word_1_381' title='bbox 2285 1045 2392 1112; x_wconf 88' lang='lat' dir='ltr'><strong>Qui</strong></span> <span class='ocrx_word' id='word_1_382' title='bbox 2419 1047 2709 1102; x_wconf 91' lang='lat' dir='ltr'><strong>fortunam</strong></span> <span class='ocrx_word' id='word_1_383' title='bbox 2733 1045 2917 1116; x_wconf 85' lang='lat' dir='ltr'><strong>magis</strong></span> <span class='ocrx_word' id='word_1_384' title='bbox 2941 1060 3111 1116; x_wconf 91' lang='lat' dir='ltr'><strong>quam</strong></span> <span class='ocrx_word' id='word_1_385' title='bbox 3135 1043 3454 1102; x_wconf 89' lang='lat' dir='ltr'><strong>amiciciam</strong></span> <span class='ocrx_word' id='word_1_386' title='bbox 3478 1047 3748 1112; x_wconf 89' lang='lat' dir='ltr'><strong>secutus,</strong></span> 
     </span>
    </p>
   </div>
   <div class='ocr_carea' id='block_1_56' title="bbox 2096 1129 3750 1206">
    <p class='ocr_par' dir='ltr' id='par_1_56' title="bbox 2096 1129 3750 1206">
     <span class='ocr_line' id='line_1_56' title="bbox 2096 1129 3750 1206; baseline -0.002 -18"><span class='ocrx_word' id='word_1_387' title='bbox 2096 1134 2316 1190; x_wconf 91' lang='lat' dir='ltr'><strong>occidit</strong></span> <span class='ocrx_word' id='word_1_388' title='bbox 2350 1134 2706 1206; x_wconf 89' lang='lat' dir='ltr'><strong>Pompeium,</strong></span> <span class='ocrx_word' id='word_1_389' title='bbox 2740 1136 3034 1205; x_wconf 91' lang='lat' dir='ltr'><strong>caputque</strong></span> <span class='ocrx_word' id='word_1_390' title='bbox 3056 1133 3184 1203; x_wconf 85' lang='lat' dir='ltr'><strong>ejus</strong></span> <span class='ocrx_word' id='word_1_391' title='bbox 3199 1136 3258 1189; x_wconf 93' lang='lat' dir='ltr'><strong>et</strong></span> <span class='ocrx_word' id='word_1_392' title='bbox 3281 1131 3516 1188; x_wconf 90' lang='lat' dir='ltr'><strong>anulum</strong></span> <span class='ocrx_word' id='word_1_393' title='bbox 3532 1129 3750 1188; x_wconf 64' lang='lat' dir='ltr'><strong>Caesari</strong></span> 
     </span>
    </p>
   </div>
   <div class='ocr_carea' id='block_1_57' title="bbox 2097 1218 3754 1294">
    <p class='ocr_par' dir='ltr' id='par_1_57' title="bbox 2097 1218 3754 1294">
     <span class='ocr_line' id='line_1_57' title="bbox 2097 1218 3754 1294; baseline -0.001 -18"><span class='ocrx_word' id='word_1_394' title='bbox 2097 1221 2276 1276; x_wconf 89' lang='lat' dir='ltr'><strong>misit.</strong></span> <span class='ocrx_word' id='word_1_395' title='bbox 2302 1221 2525 1288; x_wconf 87' lang='lat' dir='ltr'><strong>Quibus</strong></span> <span class='ocrx_word' id='word_1_396' title='bbox 2553 1222 2912 1294; x_wconf 89' lang='lat' dir='ltr'><strong>conspectis,</strong></span> <span class='ocrx_word' id='word_1_397' title='bbox 2944 1222 3134 1278; x_wconf 72' lang='lat' dir='ltr'><strong>Caesar</strong></span> <span class='ocrx_word' id='word_1_398' title='bbox 3163 1220 3337 1276; x_wconf 91' lang='lat' dir='ltr'><strong>etiam</strong></span> <span class='ocrx_word' id='word_1_399' title='bbox 3358 1218 3635 1276; x_wconf 87' lang='lat' dir='ltr'><strong>lacrimas</strong></span> <span class='ocrx_word' id='word_1_400' title='bbox 3666 1218 3754 1274; x_wconf 89' lang='lat' dir='ltr'><strong>fu-</strong></span> 
     </span>
    </p>
   </div>
   <div class='ocr_carea' id='block_1_58' title="bbox 2095 1305 3754 1381">
    <p class='ocr_par' dir='ltr' id='par_1_58' title="bbox 2095 1305 3754 1381">
     <span class='ocr_line' id='line_1_58' title="bbox 2095 1305 3754 1381; baseline -0.002 -15"><span class='ocrx_word' id='word_1_401' title='bbox 2095 1309 2255 1366; x_wconf 87' lang='lat' dir='ltr'><strong>disse</strong></span> <span class='ocrx_word' id='word_1_402' title='bbox 2287 1310 2524 1381; x_wconf 92' lang='lat' dir='ltr'><strong>dicitur,</strong></span> <span class='ocrx_word' id='word_1_403' title='bbox 2561 1310 2705 1366; x_wconf 90' lang='lat' dir='ltr'><strong>tanti</strong></span> <span class='ocrx_word' id='word_1_404' title='bbox 2729 1310 2839 1365; x_wconf 91' lang='lat' dir='ltr'><strong>viri</strong></span> <span class='ocrx_word' id='word_1_405' title='bbox 2864 1310 3096 1366; x_wconf 90' lang='lat' dir='ltr'><strong>intuens</strong></span> <span class='ocrx_word' id='word_1_406' title='bbox 3118 1315 3316 1380; x_wconf 91' lang='lat' dir='ltr'><strong>caput,</strong></span> <span class='ocrx_word' id='word_1_407' title='bbox 3338 1305 3541 1378; x_wconf 87' lang='lat' dir='ltr'><strong>generi</strong></span> <span class='ocrx_word' id='word_1_408' title='bbox 3564 1321 3754 1378; x_wconf 86' lang='lat' dir='ltr'><strong>quon-</strong></span> 
     </span>
    </p>
   </div>
   <div class='ocr_carea' id='block_1_59' title="bbox 2093 1395 3747 1469">
    <p class='ocr_par' dir='ltr' id='par_1_59' title="bbox 2093 1395 3747 1469">
     <span class='ocr_line' id='line_1_59' title="bbox 2093 1395 3747 1469; baseline -0.001 -16"><span class='ocrx_word' id='word_1_409' title='bbox 2093 1397 2221 1454; x_wconf 92' lang='lat' dir='ltr'><strong>dam</strong></span> <span class='ocrx_word' id='word_1_410' title='bbox 2256 1399 2432 1468; x_wconf 91' lang='lat' dir='ltr'><strong>sui,et</strong></span> <span class='ocrx_word' id='word_1_411' title='bbox 2457 1399 2797 1456; x_wconf 92' lang='lat' dir='ltr'><strong>inundatum</strong></span> <span class='ocrx_word' id='word_1_412' title='bbox 2817 1398 3102 1455; x_wconf 91' lang='lat' dir='ltr'><strong>odoribus</strong></span> <span class='ocrx_word' id='word_1_413' title='bbox 3133 1397 3440 1469; x_wconf 90' lang='lat' dir='ltr'><strong>imperavit</strong></span> <span class='ocrx_word' id='word_1_414' title='bbox 3466 1395 3747 1452; x_wconf 88' lang='lat' dir='ltr'><strong>cremari.</strong></span> 
     </span>
    </p>
   </div>
   <div class='ocr_carea' id='block_1_60' title="bbox 2095 1484 3743 1559">
    <p class='ocr_par' dir='ltr' id='par_1_60' title="bbox 2095 1484 3743 1559">
     <span class='ocr_line' id='line_1_60' title="bbox 2095 1484 3743 1559; baseline -0.002 -17"><span class='ocrx_word' id='word_1_415' title='bbox 2095 1487 2350 1559; x_wconf 86' lang='lat' dir='ltr'><strong>Pompeii</strong></span> <span class='ocrx_word' id='word_1_416' title='bbox 2387 1503 2533 1544; x_wconf 94' lang='lat' dir='ltr'><strong>uxor</strong></span> <span class='ocrx_word' id='word_1_417' title='bbox 2561 1488 2781 1559; x_wconf 88' lang='lat' dir='ltr'><strong>filiique</strong></span> <span class='ocrx_word' id='word_1_418' title='bbox 2814 1489 3105 1558; x_wconf 88' lang='lat' dir='ltr'><strong>fugerunt,</strong></span> <span class='ocrx_word' id='word_1_419' title='bbox 3153 1492 3350 1542; x_wconf 90' lang='lat' dir='ltr'><strong>cetera</strong></span> <span class='ocrx_word' id='word_1_420' title='bbox 3391 1484 3743 1556; x_wconf 88' lang='lat' dir='ltr'><strong>Pompeiana</strong></span> 
     </span>
    </p>
   </div>
   <div class='ocr_carea' id='block_1_61' title="bbox 2095 1571 3749 1647">
    <p class='ocr_par' dir='ltr' id='par_1_61' title="bbox 2095 1571 3749 1647">
     <span class='ocr_line' id='line_1_61' title="bbox 2095 1571 3749 1647; baseline -0.001 -17"><span class='ocrx_word' id='word_1_421' title='bbox 2095 1575 2306 1631; x_wconf 91' lang='lat' dir='ltr'><strong>classis</strong></span> <span class='ocrx_word' id='word_1_422' title='bbox 2338 1577 2566 1647; x_wconf 88' lang='lat' dir='ltr'><strong>direpta</strong></span> <span class='ocrx_word' id='word_1_423' title='bbox 2599 1582 2714 1646; x_wconf 87' lang='lat' dir='ltr'><strong>est,</strong></span> <span class='ocrx_word' id='word_1_424' title='bbox 2747 1576 3018 1632; x_wconf 92' lang='lat' dir='ltr'><strong>omnibus</strong></span> <span class='ocrx_word' id='word_1_425' title='bbox 3044 1573 3220 1645; x_wconf 91' lang='lat' dir='ltr'><strong>quiin</strong></span> <span class='ocrx_word' id='word_1_426' title='bbox 3251 1588 3319 1630; x_wconf 91' lang='lat' dir='ltr'><strong>ea</strong></span> <span class='ocrx_word' id='word_1_427' title='bbox 3343 1576 3510 1629; x_wconf 87' lang='lat' dir='ltr'><strong>erant</strong></span> <span class='ocrx_word' id='word_1_428' title='bbox 3535 1571 3749 1628; x_wconf 89' lang='lat' dir='ltr'><strong>crude-</strong></span> 
     </span>
    </p>
   </div>
   <div class='ocr_carea' id='block_1_62' title="bbox 2094 1658 3744 1733">
    <p class='ocr_par' dir='ltr' id='par_1_62' title="bbox 2094 1658 3744 1733">
     <span class='ocr_line' id='line_1_62' title="bbox 2094 1658 3744 1733; baseline -0.001 -17"><span class='ocrx_word' id='word_1_429' title='bbox 2094 1660 2314 1718; x_wconf 91' lang='lat' dir='ltr'><strong>lissime</strong></span> <span class='ocrx_word' id='word_1_430' title='bbox 2331 1663 2657 1720; x_wconf 77' lang='lat' dir='ltr'><strong>trucidatis.</strong></span> <span class='ocrx_word' id='word_1_431' title='bbox 2676 1663 2830 1718; x_wconf 90' lang='lat' dir='ltr'><strong>lbiet</strong></span> <span class='ocrx_word' id='word_1_432' title='bbox 2847 1661 3163 1733; x_wconf 89' lang='lat' dir='ltr'><strong>Pompeius</strong></span> <span class='ocrx_word' id='word_1_433' title='bbox 3187 1659 3491 1730; x_wconf 82' lang='lat' dir='ltr'><strong>Bythinius</strong></span> <span class='ocrx_word' id='word_1_434' title='bbox 3507 1658 3744 1714; x_wconf 87' lang='lat' dir='ltr'><strong>occisus</strong></span> 
     </span>
    </p>
   </div>
   <div class='ocr_carea' id='block_1_63' title="bbox 2095 1747 3744 1820">
    <p class='ocr_par' dir='ltr' id='par_1_63' title="bbox 2095 1747 3744 1820">
     <span class='ocr_line' id='line_1_63' title="bbox 2095 1747 3744 1820; baseline -0.002 -14"><span class='ocrx_word' id='word_1_435' title='bbox 2095 1756 2204 1820; x_wconf 91' lang='lat' dir='ltr'><strong>est,</strong></span> <span class='ocrx_word' id='word_1_436' title='bbox 2233 1750 2510 1808; x_wconf 89' lang='lat' dir='ltr'><strong>Lentulus</strong></span> <span class='ocrx_word' id='word_1_437' title='bbox 2552 1766 2689 1807; x_wconf 86' lang='lat' dir='ltr'><strong>vero</strong></span> <span class='ocrx_word' id='word_1_438' title='bbox 2737 1751 2826 1806; x_wconf 92' lang='lat' dir='ltr'><strong>vir</strong></span> <span class='ocrx_word' id='word_1_439' title='bbox 2871 1749 3198 1806; x_wconf 89' lang='lat' dir='ltr'><strong>consularis</strong></span> <span class='ocrx_word' id='word_1_440' title='bbox 3243 1747 3397 1820; x_wconf 92' lang='lat' dir='ltr'><strong>opud</strong></span> <span class='ocrx_word' id='word_1_441' title='bbox 3442 1747 3744 1803; x_wconf 89' lang='lat' dir='ltr'><strong>Pelusium</strong></span> 
     </span>
    </p>
   </div>
   <div class='ocr_carea' id='block_1_64' title="bbox 2095 1834 3743 1910">
    <p class='ocr_par' dir='ltr' id='par_1_64' title="bbox 2095 1834 3743 1910">
     <span class='ocr_line' id='line_1_64' title="bbox 2095 1834 3743 1910; baseline -0.002 -16"><span class='ocrx_word' id='word_1_442' title='bbox 2095 1838 2445 1896; x_wconf 90' lang='lat' dir='ltr'><strong>interfectus</strong></span> <span class='ocrx_word' id='word_1_443' title='bbox 2468 1844 2580 1896; x_wconf 89' lang='lat' dir='ltr'><strong>est.</strong></span> <span class='ocrx_word' id='word_1_444' title='bbox 2608 1841 2821 1910; x_wconf 64' lang='lat' dir='ltr'><strong>Caesar,</strong></span> <span class='ocrx_word' id='word_1_445' title='bbox 2847 1837 3188 1910; x_wconf 90' lang='lat' dir='ltr'><strong>compositis</strong></span> <span class='ocrx_word' id='word_1_446' title='bbox 3211 1836 3363 1908; x_wconf 89' lang='lat' dir='ltr'><strong>apud</strong></span> <span class='ocrx_word' id='word_1_447' title='bbox 3384 1834 3743 1891; x_wconf 88' lang='lat' dir='ltr'><strong>Thessaliam</strong></span> 
     </span>
    </p>
   </div>
   <div class='ocr_carea' id='block_1_65' title="bbox 2095 1913 3748 1998">
    <p class='ocr_par' dir='ltr' id='par_1_65' title="bbox 2095 1913 3748 1998">
     <span class='ocr_line' id='line_1_65' title="bbox 2095 1913 3748 1998; baseline -0.002 -16"><span class='ocrx_word' id='word_1_448' title='bbox 2095 1913 2292 1998; x_wconf 77' lang='lat' dir='ltr'><strong>rebus,</strong></span> <span class='ocrx_word' id='word_1_449' title='bbox 2346 1927 2754 1984; x_wconf 84' lang='lat' dir='ltr'><strong>Alexandriam</strong></span> <span class='ocrx_word' id='word_1_450' title='bbox 2799 1927 2978 1996; x_wconf 89' lang='lat' dir='ltr'><strong>venit,</strong></span> <span class='ocrx_word' id='word_1_451' title='bbox 3033 1926 3131 1982; x_wconf 88' lang='lat' dir='ltr'><strong>ubi</strong></span> <span class='ocrx_word' id='word_1_452' title='bbox 3183 1924 3442 1982; x_wconf 89' lang='lat' dir='ltr'><strong>Achillas</strong></span> <span class='ocrx_word' id='word_1_453' title='bbox 3484 1923 3606 1980; x_wconf 88' lang='lat' dir='ltr'><strong>dux</strong></span> <span class='ocrx_word' id='word_1_454' title='bbox 3654 1937 3748 1980; x_wconf 86' lang='lat' dir='ltr'><strong>re-</strong></span> 
     </span>
    </p>
   </div>
   <div class='ocr_carea' id='block_1_66' title="bbox 2091 2013 3743 2087">
    <p class='ocr_par' dir='ltr' id='par_1_66' title="bbox 2091 2013 3743 2087">
     <span class='ocr_line' id='line_1_66' title="bbox 2091 2013 3743 2087; baseline -0.002 -16"><span class='ocrx_word' id='word_1_455' title='bbox 2091 2017 2221 2087; x_wconf 88' lang='lat' dir='ltr'><strong>gius</strong></span> <span class='ocrx_word' id='word_1_456' title='bbox 2249 2017 2338 2087; x_wconf 79' lang='grc'><strong>³⁸⁸,</strong></span> <span class='ocrx_word' id='word_1_457' title='bbox 2372 2017 2547 2074; x_wconf 90' lang='lat' dir='ltr'><strong>semel</strong></span> <span class='ocrx_word' id='word_1_458' title='bbox 2580 2017 2840 2072; x_wconf 89' lang='lat' dir='ltr'><strong>imbutus</strong></span> <span class='ocrx_word' id='word_1_459' title='bbox 2871 2015 3130 2086; x_wconf 90' lang='lat' dir='ltr'><strong>Pompeii</strong></span> <span class='ocrx_word' id='word_1_460' title='bbox 3159 2014 3462 2084; x_wconf 88' lang='lat' dir='ltr'><strong>sanguine,</strong></span> <span class='ocrx_word' id='word_1_461' title='bbox 3496 2013 3743 2070; x_wconf 63' lang='lat' dir='ltr'><strong>Caesaris</strong></span> 
     </span>
    </p>
   </div>
   <div class='ocr_carea' id='block_1_67' title="bbox 2093 2101 3742 2178">
    <p class='ocr_par' dir='ltr' id='par_1_67' title="bbox 2093 2101 3742 2178">
     <span class='ocr_line' id='line_1_67' title="bbox 2093 2101 3742 2178; baseline -0.004 -16"><span class='ocrx_word' id='word_1_462' title='bbox 2093 2120 2322 2178; x_wconf 89' lang='lat' dir='ltr'><strong>quoque</strong></span> <span class='ocrx_word' id='word_1_463' title='bbox 2355 2120 2552 2162; x_wconf 90' lang='lat' dir='ltr'><strong>necem</strong></span> <span class='ocrx_word' id='word_1_464' title='bbox 2585 2105 2994 2160; x_wconf 90' lang='lat' dir='ltr'><strong>meditabatur.</strong></span> <span class='ocrx_word' id='word_1_465' title='bbox 3025 2105 3163 2158; x_wconf 86' lang='lat' dir='ltr'><strong>Nam</strong></span> <span class='ocrx_word' id='word_1_466' title='bbox 3184 2104 3386 2174; x_wconf 89' lang='lat' dir='ltr'><strong>jussus</strong></span> <span class='ocrx_word' id='word_1_467' title='bbox 3406 2101 3742 2158; x_wconf 89' lang='lat' dir='ltr'><strong>exercitum</strong></span> 
     </span>
    </p>
   </div>
   <div class='ocr_carea' id='block_1_68' title="bbox 2089 2193 3741 2266">
    <p class='ocr_par' dir='ltr' id='par_1_68' title="bbox 2089 2193 3741 2266">
     <span class='ocr_line' id='line_1_68' title="bbox 2089 2193 3741 2266; baseline -0.004 -15"><span class='ocrx_word' id='word_1_468' title='bbox 2089 2195 2184 2251; x_wconf 91' lang='lat' dir='ltr'><strong>cui</strong></span> <span class='ocrx_word' id='word_1_469' title='bbox 2225 2199 2458 2266; x_wconf 88' lang='lat' dir='ltr'><strong>preerat</strong></span> <span class='ocrx_word' id='word_1_470' title='bbox 2491 2193 2789 2250; x_wconf 91' lang='lat' dir='ltr'><strong>dimittere</strong></span> <span class='ocrx_word' id='word_1_471' title='bbox 2813 2207 2996 2264; x_wconf 91' lang='lat' dir='ltr'><strong>prope</strong></span> <span class='ocrx_word' id='word_1_472' title='bbox 3017 2195 3197 2247; x_wconf 90' lang='lat'><strong>20000</strong></span> <span class='ocrx_word' id='word_1_473' title='bbox 3217 2195 3593 2260; x_wconf 91' lang='lat' dir='ltr'><strong>armatorum,</strong></span> <span class='ocrx_word' id='word_1_474' title='bbox 3621 2202 3741 2244; x_wconf 91' lang='lat' dir='ltr'><strong>non</strong></span> 
     </span>
    </p>
   </div>
   <div class='ocr_carea' id='block_1_69' title="bbox 2093 2278 3741 2354">
    <p class='ocr_par' dir='ltr' id='par_1_69' title="bbox 2093 2278 3741 2354">
     <span class='ocr_line' id='line_1_69' title="bbox 2093 2278 3741 2354; baseline -0.002 -16"><span class='ocrx_word' id='word_1_475' title='bbox 2093 2281 2262 2338; x_wconf 85' lang='lat' dir='ltr'><strong>modo</strong></span> <span class='ocrx_word' id='word_1_476' title='bbox 2291 2283 2537 2354; x_wconf 90' lang='lat' dir='ltr'><strong>sprevit,</strong></span> <span class='ocrx_word' id='word_1_477' title='bbox 2571 2296 2772 2338; x_wconf 88' lang='lat' dir='ltr'><strong>verum</strong></span> <span class='ocrx_word' id='word_1_478' title='bbox 2803 2281 2978 2338; x_wconf 89' lang='lat' dir='ltr'><strong>etiam</strong></span> <span class='ocrx_word' id='word_1_479' title='bbox 3014 2281 3196 2337; x_wconf 93' lang='lat' dir='ltr'><strong>aciem</strong></span> <span class='ocrx_word' id='word_1_480' title='bbox 3231 2279 3464 2335; x_wconf 87' lang='lat' dir='ltr'><strong>direxit.</strong></span> <span class='ocrx_word' id='word_1_481' title='bbox 3498 2279 3561 2333; x_wconf 92' lang='lat' dir='ltr'><strong>In</strong></span> <span class='ocrx_word' id='word_1_482' title='bbox 3607 2278 3741 2350; x_wconf 86' lang='lat' dir='ltr'><strong>ipso</strong></span> 
     </span>
    </p>
   </div>
   <div class='ocr_carea' id='block_1_70' title="bbox 2093 2365 3745 2443">
    <p class='ocr_par' dir='ltr' id='par_1_70' title="bbox 2093 2365 3745 2443">
     <span class='ocr_line' id='line_1_70' title="bbox 2093 2365 3745 2443; baseline -0.002 -17"><span class='ocrx_word' id='word_1_483' title='bbox 2093 2370 2294 2443; x_wconf 60' lang='lat' dir='ltr'><strong>praelio</strong></span> <span class='ocrx_word' id='word_1_484' title='bbox 2324 2371 2479 2440; x_wconf 90' lang='lat' dir='ltr'><strong>regia</strong></span> <span class='ocrx_word' id='word_1_485' title='bbox 2500 2370 2710 2427; x_wconf 90' lang='lat' dir='ltr'><strong>classis</strong></span> <span class='ocrx_word' id='word_1_486' title='bbox 2740 2369 2809 2426; x_wconf 91' lang='lat' dir='ltr'><strong>ad</strong></span> <span class='ocrx_word' id='word_1_487' title='bbox 2839 2374 3058 2425; x_wconf 90' lang='lat' dir='ltr'><strong>terram</strong></span> <span class='ocrx_word' id='word_1_488' title='bbox 3082 2365 3637 2436; x_wconf 90' lang='lat' dir='ltr'><strong>subductajubetur</strong></span> <span class='ocrx_word' id='word_1_489' title='bbox 3661 2367 3745 2423; x_wconf 81' lang='lat' dir='ltr'><strong>in-</strong></span> 
     </span>
    </p>
   </div>
   <div class='ocr_carea' id='block_1_71' title="bbox 2091 2453 3744 2530">
    <p class='ocr_par' dir='ltr' id='par_1_71' title="bbox 2091 2453 3744 2530">
     <span class='ocr_line' id='line_1_71' title="bbox 2091 2453 3744 2530; baseline -0.002 -16"><span class='ocrx_word' id='word_1_490' title='bbox 2091 2458 2280 2514; x_wconf 91' lang='lat' dir='ltr'><strong>cendi.</strong></span> <span class='ocrx_word' id='word_1_491' title='bbox 2317 2461 2394 2515; x_wconf 88' lang='lat' dir='ltr'><strong>Ea</strong></span> <span class='ocrx_word' id='word_1_492' title='bbox 2436 2460 2661 2515; x_wconf 80' lang='lat' dir='ltr'><strong>flamma</strong></span> <span class='ocrx_word' id='word_1_493' title='bbox 2691 2473 2822 2516; x_wconf 91' lang='lat' dir='ltr'><strong>cum</strong></span> <span class='ocrx_word' id='word_1_494' title='bbox 2851 2465 3078 2530; x_wconf 88' lang='lat' dir='ltr'><strong>partem</strong></span> <span class='ocrx_word' id='word_1_495' title='bbox 3110 2470 3341 2528; x_wconf 90' lang='lat' dir='ltr'><strong>quoque</strong></span> <span class='ocrx_word' id='word_1_496' title='bbox 3383 2453 3546 2511; x_wconf 89' lang='lat' dir='ltr'><strong>urbis</strong></span> <span class='ocrx_word' id='word_1_497' title='bbox 3577 2453 3744 2510; x_wconf 84' lang='lat' dir='ltr'><strong>inva-</strong></span> 
     </span>
    </p>
   </div>
   <div class='ocr_carea' id='block_1_72' title="bbox 2091 2544 3744 2618">
    <p class='ocr_par' dir='ltr' id='par_1_72' title="bbox 2091 2544 3744 2618">
     <span class='ocr_line' id='line_1_72' title="bbox 2091 2544 3744 2618; baseline -0.002 -15"><span class='ocrx_word' id='word_1_498' title='bbox 2091 2547 2286 2614; x_wconf 90' lang='lat' dir='ltr'><strong>sisset,</strong></span> <span class='ocrx_word' id='word_1_499' title='bbox 2306 2550 2542 2617; x_wconf 78' lang='grc'>400,000</span> <span class='ocrx_word' id='word_1_500' title='bbox 2563 2547 2844 2604; x_wconf 90' lang='lat' dir='ltr'><strong>librorum</strong></span> <span class='ocrx_word' id='word_1_501' title='bbox 2860 2546 3140 2618; x_wconf 90' lang='lat' dir='ltr'><strong>proximis</strong></span> <span class='ocrx_word' id='word_1_502' title='bbox 3169 2546 3318 2601; x_wconf 91' lang='lat' dir='ltr'><strong>forte</strong></span> <span class='ocrx_word' id='word_1_503' title='bbox 3347 2544 3744 2602; x_wconf 69' lang='lat' dir='ltr'><strong>mdibuscon-</strong></span> 
     </span>
    </p>
   </div>
   <div class='ocr_carea' id='block_1_73' title="bbox 2093 2632 3734 2708">
    <p class='ocr_par' dir='ltr' id='par_1_73' title="bbox 2093 2632 3734 2708">
     <span class='ocr_line' id='line_1_73' title="bbox 2093 2632 3734 2708; baseline -0.003 -15"><span class='ocrx_word' id='word_1_504' title='bbox 2093 2636 2211 2693; x_wconf 91' lang='lat' dir='ltr'><strong>dita</strong></span> <span class='ocrx_word' id='word_1_505' title='bbox 2235 2636 2481 2707; x_wconf 89' lang='lat' dir='ltr'><strong>exussit,</strong></span> <span class='ocrx_word' id='word_1_506' title='bbox 2509 2635 2804 2707; x_wconf 89' lang='lat' dir='ltr'><strong>singulare</strong></span> <span class='ocrx_word' id='word_1_507' title='bbox 2821 2637 3085 2708; x_wconf 89' lang='lat' dir='ltr'><strong>profecto</strong></span> <span class='ocrx_word' id='word_1_508' title='bbox 3110 2634 3525 2690; x_wconf 90' lang='lat' dir='ltr'><strong>monimentum</strong></span> <span class='ocrx_word' id='word_1_509' title='bbox 3546 2632 3734 2689; x_wconf 86' lang='lat' dir='ltr'><strong>studii</strong></span> 
     </span>
    </p>
   </div>
   <div class='ocr_carea' id='block_1_74' title="bbox 2091 2721 3738 2796">
    <p class='ocr_par' dir='ltr' id='par_1_74' title="bbox 2091 2721 3738 2796">
     <span class='ocr_line' id='line_1_74' title="bbox 2091 2721 3738 2796; baseline -0.002 -14"><span class='ocrx_word' id='word_1_510' title='bbox 2091 2739 2362 2796; x_wconf 76' lang='lat' dir='ltr'><strong>curzeque</strong></span> <span class='ocrx_word' id='word_1_511' title='bbox 2393 2725 2691 2795; x_wconf 91' lang='lat' dir='ltr'><strong>majorum,</strong></span> <span class='ocrx_word' id='word_1_512' title='bbox 2728 2725 2825 2796; x_wconf 95' lang='lat' dir='ltr'><strong>qui</strong></span> <span class='ocrx_word' id='word_1_513' title='bbox 2859 2728 2948 2781; x_wconf 89' lang='lat' dir='ltr'><strong>tot</strong></span> <span class='ocrx_word' id='word_1_514' title='bbox 2983 2728 3258 2794; x_wconf 87' lang='lat' dir='ltr'><strong>tantaque</strong></span> <span class='ocrx_word' id='word_1_515' title='bbox 3291 2721 3610 2779; x_wconf 88' lang='lat' dir='ltr'><strong>illustrium</strong></span> <span class='ocrx_word' id='word_1_516' title='bbox 3651 2721 3738 2778; x_wconf 87' lang='lat' dir='ltr'><strong>in-</strong></span> 
     </span>
    </p>
   </div>
   <div class='ocr_carea' id='block_1_75' title="bbox 2090 2811 3740 2886">
    <p class='ocr_par' dir='ltr' id='par_1_75' title="bbox 2090 2811 3740 2886">
     <span class='ocr_line' id='line_1_75' title="bbox 2090 2811 3740 2886; baseline -0.001 -17"><span class='ocrx_word' id='word_1_517' title='bbox 2090 2814 2393 2884; x_wconf 85' lang='lat' dir='ltr'><strong>geniorum</strong></span> <span class='ocrx_word' id='word_1_518' title='bbox 2427 2829 2603 2886; x_wconf 90' lang='lat' dir='ltr'><strong>opera</strong></span> <span class='ocrx_word' id='word_1_519' title='bbox 2634 2819 3072 2884; x_wconf 86' lang='lat' dir='ltr'><strong>congesserant.</strong></span> <span class='ocrx_word' id='word_1_520' title='bbox 3108 2815 3323 2870; x_wconf 90' lang='lat' dir='ltr'><strong>Postea</strong></span> <span class='ocrx_word' id='word_1_521' title='bbox 3352 2812 3544 2869; x_wconf 73' lang='lat' dir='ltr'><strong>Czesar</strong></span> <span class='ocrx_word' id='word_1_522' title='bbox 3576 2811 3740 2868; x_wconf 84' lang='lat' dir='ltr'><strong>insu-</strong></span> 
     </span>
    </p>
   </div>
   <div class='ocr_carea' id='block_1_76' title="bbox 2093 2899 3742 2974">
    <p class='ocr_par' dir='ltr' id='par_1_76' title="bbox 2093 2899 3742 2974">
     <span class='ocr_line' id='line_1_76' title="bbox 2093 2899 3742 2974; baseline -0.001 -17"><span class='ocrx_word' id='word_1_523' title='bbox 2093 2902 2206 2958; x_wconf 91' lang='lat' dir='ltr'><strong>lam</strong></span> <span class='ocrx_word' id='word_1_524' title='bbox 2238 2903 2333 2959; x_wconf 90' lang='lat' dir='ltr'><strong>ubi</strong></span> <span class='ocrx_word' id='word_1_525' title='bbox 2365 2903 2590 2959; x_wconf 91' lang='lat' dir='ltr'><strong>Pharus</strong></span> <span class='ocrx_word' id='word_1_526' title='bbox 2622 2907 2712 2958; x_wconf 90' lang='lat' dir='ltr'><strong>est</strong></span> <span class='ocrx_word' id='word_1_527' title='bbox 2746 2903 2898 2974; x_wconf 91' lang='lat' dir='ltr'><strong>cepit</strong></span> <span class='ocrx_word' id='word_1_528' title='bbox 2934 2920 2949 2970; x_wconf 91' lang='lat'><strong>;</strong></span> <span class='ocrx_word' id='word_1_529' title='bbox 2983 2916 3052 2958; x_wconf 91' lang='lat' dir='ltr'><strong>eo</strong></span> <span class='ocrx_word' id='word_1_530' title='bbox 3085 2901 3342 2958; x_wconf 83' lang='lat' dir='ltr'><strong>Achillas</strong></span> <span class='ocrx_word' id='word_1_531' title='bbox 3385 2915 3519 2958; x_wconf 92' lang='lat' dir='ltr'><strong>cum</strong></span> <span class='ocrx_word' id='word_1_532' title='bbox 3567 2899 3742 2956; x_wconf 84' lang='lat' dir='ltr'><strong>Gabi-</strong></span> 
     </span>
    </p>
   </div>
   <div class='ocr_carea' id='block_1_77' title="bbox 2094 2990 3735 3063">
    <p class='ocr_par' dir='ltr' id='par_1_77' title="bbox 2094 2990 3735 3063">
     <span class='ocr_line' id='line_1_77' title="bbox 2094 2990 3735 3063; baseline -0.001 -16"><span class='ocrx_word' id='word_1_533' title='bbox 2094 2991 2284 3048; x_wconf 90' lang='lat' dir='ltr'><strong>nianis</strong></span> <span class='ocrx_word' id='word_1_534' title='bbox 2316 2991 2600 3048; x_wconf 85' lang='lat' dir='ltr'><strong>militibus</strong></span> <span class='ocrx_word' id='word_1_535' title='bbox 2631 2993 2828 3057; x_wconf 86' lang='lat' dir='ltr'><strong>venit;</strong></span> <span class='ocrx_word' id='word_1_536' title='bbox 2857 2991 3058 3062; x_wconf 90' lang='lat' dir='ltr'><strong>ingens</strong></span> <span class='ocrx_word' id='word_1_537' title='bbox 3081 3005 3270 3063; x_wconf 89' lang='lat' dir='ltr'><strong>pugna</strong></span> <span class='ocrx_word' id='word_1_538' title='bbox 3293 2990 3735 3060; x_wconf 87' lang='lat' dir='ltr'><strong>commissaest,</strong></span> 
     </span>
    </p>
   </div>
   <div class='ocr_carea' id='block_1_78' title="bbox 2095 3077 3746 3150">
    <p class='ocr_par' dir='ltr' id='par_1_78' title="bbox 2095 3077 3746 3150">
     <span class='ocr_line' id='line_1_78' title="bbox 2095 3077 3746 3150; baseline -0.002 -14"><span class='ocrx_word' id='word_1_539' title='bbox 2095 3095 2298 3150; x_wconf 88' lang='lat' dir='ltr'><strong>magna</strong></span> <span class='ocrx_word' id='word_1_540' title='bbox 2333 3080 2413 3136; x_wconf 92' lang='lat' dir='ltr'><strong>ibi</strong></span> <span class='ocrx_word' id='word_1_541' title='bbox 2446 3081 2902 3137; x_wconf 72' lang='lat' dir='ltr'><strong>Caesarianorum</strong></span> <span class='ocrx_word' id='word_1_542' title='bbox 2936 3079 3182 3136; x_wconf 90' lang='lat' dir='ltr'><strong>militum</strong></span> <span class='ocrx_word' id='word_1_543' title='bbox 3215 3078 3530 3135; x_wconf 92' lang='lat' dir='ltr'><strong>multitudo</strong></span> <span class='ocrx_word' id='word_1_544' title='bbox 3586 3077 3746 3135; x_wconf 88' lang='lat' dir='ltr'><strong>ceci-</strong></span> 
     </span>
    </p>
   </div>
   <div class='ocr_carea' id='block_1_79' title="bbox 2095 3166 3738 3240">
    <p class='ocr_par' dir='ltr' id='par_1_79' title="bbox 2095 3166 3738 3240">
     <span class='ocr_line' id='line_1_79' title="bbox 2095 3166 3738 3240; baseline -0.002 -15"><span class='ocrx_word' id='word_1_545' title='bbox 2095 3169 2199 3239; x_wconf 90' lang='lat' dir='ltr'><strong>dit,</strong></span> <span class='ocrx_word' id='word_1_546' title='bbox 2237 3184 2437 3225; x_wconf 92' lang='lat' dir='ltr'><strong>omnes</strong></span> <span class='ocrx_word' id='word_1_547' title='bbox 2467 3169 2643 3226; x_wconf 90' lang='lat' dir='ltr'><strong>etiam</strong></span> <span class='ocrx_word' id='word_1_548' title='bbox 2677 3169 3088 3226; x_wconf 88' lang='lat' dir='ltr'><strong>interfectores</strong></span> <span class='ocrx_word' id='word_1_549' title='bbox 3127 3167 3385 3240; x_wconf 92' lang='lat' dir='ltr'><strong>Pompeii</strong></span> <span class='ocrx_word' id='word_1_550' title='bbox 3437 3166 3738 3224; x_wconf 88' lang='lat' dir='ltr'><strong>interfecti</strong></span> 
     </span>
    </p>
   </div>
   <div class='ocr_carea' id='block_1_80' title="bbox 2094 3255 3745 3329">
    <p class='ocr_par' dir='ltr' id='par_1_80' title="bbox 2094 3255 3745 3329">
     <span class='ocr_line' id='line_1_80' title="bbox 2094 3255 3745 3329; baseline -0.001 -15"><span class='ocrx_word' id='word_1_551' title='bbox 2094 3263 2251 3315; x_wconf 91' lang='lat' dir='ltr'><strong>sunt.</strong></span> <span class='ocrx_word' id='word_1_552' title='bbox 2286 3258 2476 3314; x_wconf 55' lang='lat' dir='ltr'><strong>Caesar</strong></span> <span class='ocrx_word' id='word_1_553' title='bbox 2507 3271 2736 3329; x_wconf 92' lang='lat' dir='ltr'><strong>quoque</strong></span> <span class='ocrx_word' id='word_1_554' title='bbox 2763 3258 2819 3314; x_wconf 92' lang='lat' dir='ltr'><strong>vi</strong></span> <span class='ocrx_word' id='word_1_555' title='bbox 2851 3257 3249 3314; x_wconf 89' lang='lat' dir='ltr'><strong>insistentium</strong></span> <span class='ocrx_word' id='word_1_556' title='bbox 3280 3255 3538 3313; x_wconf 91' lang='lat' dir='ltr'><strong>hostium</strong></span> <span class='ocrx_word' id='word_1_557' title='bbox 3577 3270 3745 3328; x_wconf 84' lang='lat' dir='ltr'><strong>pres-</strong></span> 
     </span>
    </p>
   </div>
   <div class='ocr_carea' id='block_1_81' title="bbox 2093 3345 3746 3418">
    <p class='ocr_par' dir='ltr' id='par_1_81' title="bbox 2093 3345 3746 3418">
     <span class='ocr_line' id='line_1_81' title="bbox 2093 3345 3746 3418; baseline -0.002 -15"><span class='ocrx_word' id='word_1_558' title='bbox 2093 3361 2214 3415; x_wconf 87' lang='lat' dir='ltr'><strong>sus,</strong></span> <span class='ocrx_word' id='word_1_559' title='bbox 2250 3347 2519 3418; x_wconf 87' lang='lat' dir='ltr'><strong>scapham</strong></span> <span class='ocrx_word' id='word_1_560' title='bbox 2551 3346 2838 3404; x_wconf 89' lang='lat' dir='ltr'><strong>ascendit.</strong></span> <span class='ocrx_word' id='word_1_561' title='bbox 2891 3346 3011 3412; x_wconf 91' lang='lat' dir='ltr'><strong>Qua</strong></span> <span class='ocrx_word' id='word_1_562' title='bbox 3045 3361 3177 3402; x_wconf 91' lang='lat' dir='ltr'><strong>mox</strong></span> <span class='ocrx_word' id='word_1_563' title='bbox 3228 3345 3486 3416; x_wconf 88' lang='lat' dir='ltr'><strong>pondere</strong></span> <span class='ocrx_word' id='word_1_564' title='bbox 3536 3345 3746 3401; x_wconf 86' lang='lat' dir='ltr'><strong>subse-</strong></span> 
     </span>
    </p>
   </div>
   <div class='ocr_carea' id='block_1_82' title="bbox 2095 3429 3740 3504">
    <p class='ocr_par' dir='ltr' id='par_1_82' title="bbox 2095 3429 3740 3504">
     <span class='ocr_line' id='line_1_82' title="bbox 2095 3429 3740 3504; baseline -0.001 -16"><span class='ocrx_word' id='word_1_565' title='bbox 2095 3432 2394 3502; x_wconf 91' lang='lat' dir='ltr'><strong>quentium</strong></span> <span class='ocrx_word' id='word_1_566' title='bbox 2425 3437 2665 3502; x_wconf 88' lang='lat' dir='ltr'><strong>gravata</strong></span> <span class='ocrx_word' id='word_1_567' title='bbox 2698 3446 2762 3488; x_wconf 88' lang='lat' dir='ltr'><strong>ac</strong></span> <span class='ocrx_word' id='word_1_568' title='bbox 2793 3445 3003 3502; x_wconf 91' lang='lat' dir='ltr'><strong>mersa,</strong></span> <span class='ocrx_word' id='word_1_569' title='bbox 3041 3445 3142 3504; x_wconf 88' lang='lat' dir='ltr'><strong>per</strong></span> <span class='ocrx_word' id='word_1_570' title='bbox 3181 3429 3470 3487; x_wconf 91' lang='lat' dir='ltr'><strong>ducentos</strong></span> <span class='ocrx_word' id='word_1_571' title='bbox 3523 3443 3740 3500; x_wconf 87' lang='lat' dir='ltr'><strong>passus</strong></span> 
     </span>
    </p>
   </div>
   <div class='ocr_carea' id='block_1_83' title="bbox 2093 3519 3734 3592">
    <p class='ocr_par' dir='ltr' id='par_1_83' title="bbox 2093 3519 3734 3592">
     <span class='ocr_line' id='line_1_83' title="bbox 2093 3519 3734 3592; baseline -0.001 -17"><span class='ocrx_word' id='word_1_572' title='bbox 2093 3519 2165 3576; x_wconf 90' lang='lat' dir='ltr'><strong>ad</strong></span> <span class='ocrx_word' id='word_1_573' title='bbox 2193 3520 2401 3592; x_wconf 89' lang='lat' dir='ltr'><strong>navim,</strong></span> <span class='ocrx_word' id='word_1_574' title='bbox 2436 3535 2548 3576; x_wconf 90' lang='lat' dir='ltr'><strong>una</strong></span> <span class='ocrx_word' id='word_1_575' title='bbox 2580 3535 2748 3577; x_wconf 87' lang='lat' dir='ltr'><strong>manu</strong></span> <span class='ocrx_word' id='word_1_576' title='bbox 2781 3520 3028 3591; x_wconf 89' lang='lat' dir='ltr'><strong>elevata,</strong></span> <span class='ocrx_word' id='word_1_577' title='bbox 3065 3534 3176 3592; x_wconf 91' lang='lat' dir='ltr'><strong>qua</strong></span> <span class='ocrx_word' id='word_1_578' title='bbox 3223 3524 3421 3576; x_wconf 89' lang='lat' dir='ltr'><strong>cartas</strong></span> <span class='ocrx_word' id='word_1_579' title='bbox 3468 3519 3734 3590; x_wconf 87' lang='lat' dir='ltr'><strong>tenebat,</strong></span> 
     </span>
    </p>
   </div>
   <div class='ocr_carea' id='block_1_84' title="bbox 2093 3607 3734 3680">
    <p class='ocr_par' dir='ltr' id='par_1_84' title="bbox 2093 3607 3734 3680">
     <span class='ocr_line' id='line_1_84' title="bbox 2093 3607 3734 3680; baseline 0 -16"><span class='ocrx_word' id='word_1_580' title='bbox 2093 3608 2346 3664; x_wconf 91' lang='lat' dir='ltr'><strong>natando</strong></span> <span class='ocrx_word' id='word_1_581' title='bbox 2380 3609 2666 3680; x_wconf 83' lang='lat' dir='ltr'><strong>pervenit.</strong></span> <span class='ocrx_word' id='word_1_582' title='bbox 2700 3611 2828 3665; x_wconf 90' lang='lat' dir='ltr'><strong>Mox</strong></span> <span class='ocrx_word' id='word_1_583' title='bbox 2859 3609 3047 3666; x_wconf 87' lang='lat' dir='ltr'><strong>navali</strong></span> <span class='ocrx_word' id='word_1_584' title='bbox 3089 3609 3410 3666; x_wconf 91' lang='lat' dir='ltr'><strong>certamine</strong></span> <span class='ocrx_word' id='word_1_585' title='bbox 3439 3607 3734 3680; x_wconf 88' lang='lat' dir='ltr'><strong>pulsatus,</strong></span> 
     </span>
    </p>
   </div>
   <div class='ocr_carea' id='block_1_85' title="bbox 2093 3697 3735 3770">
    <p class='ocr_par' dir='ltr' id='par_1_85' title="bbox 2093 3697 3735 3770">
     <span class='ocr_line' id='line_1_85' title="bbox 2093 3697 3735 3770; baseline -0.001 -18"><span class='ocrx_word' id='word_1_586' title='bbox 2093 3711 2295 3766; x_wconf 90' lang='lat' dir='ltr'><strong>magna</strong></span> <span class='ocrx_word' id='word_1_587' title='bbox 2330 3698 2610 3753; x_wconf 92' lang='lat' dir='ltr'><strong>felicitate</strong></span> <span class='ocrx_word' id='word_1_588' title='bbox 2632 3697 2877 3754; x_wconf 88' lang='lat' dir='ltr'><strong>classem</strong></span> <span class='ocrx_word' id='word_1_589' title='bbox 2912 3697 3126 3768; x_wconf 86' lang='lat' dir='ltr'><strong>regiam</strong></span> <span class='ocrx_word' id='word_1_590' title='bbox 3160 3702 3259 3754; x_wconf 89' lang='lat' dir='ltr'><strong>aut</strong></span> <span class='ocrx_word' id='word_1_591' title='bbox 3289 3697 3592 3770; x_wconf 89' lang='lat' dir='ltr'><strong>depressit</strong></span> <span class='ocrx_word' id='word_1_592' title='bbox 3636 3698 3735 3752; x_wconf 90' lang='lat' dir='ltr'><strong>aut</strong></span> 
     </span>
    </p>
   </div>
   <div class='ocr_carea' id='block_1_86' title="bbox 2092 3783 3738 3858">
    <p class='ocr_par' dir='ltr' id='par_1_86' title="bbox 2092 3783 3738 3858">
     <span class='ocr_line' id='line_1_86' title="bbox 2092 3783 3738 3858; baseline 0 -18"><span class='ocrx_word' id='word_1_593' title='bbox 2092 3786 2264 3856; x_wconf 89' lang='lat' dir='ltr'><strong>cepit.</strong></span> <span class='ocrx_word' id='word_1_594' title='bbox 2300 3784 2706 3842; x_wconf 88' lang='lat' dir='ltr'><strong>Alexandrinis</strong></span> <span class='ocrx_word' id='word_1_595' title='bbox 2740 3786 3077 3858; x_wconf 90' lang='lat' dir='ltr'><strong>petentibus</strong></span> <span class='ocrx_word' id='word_1_596' title='bbox 3100 3800 3294 3856; x_wconf 87' lang='lat' dir='ltr'><strong>regem</strong></span> <span class='ocrx_word' id='word_1_597' title='bbox 3314 3783 3594 3856; x_wconf 88' lang='lat' dir='ltr'><strong>reddidit,</strong></span> <span class='ocrx_word' id='word_1_598' title='bbox 3618 3799 3738 3840; x_wconf 87' lang='lat' dir='ltr'><strong>mo-</strong></span> 
     </span>
    </p>
   </div>
   <div class='ocr_carea' id='block_1_87' title="bbox 2092 3872 3736 3945">
    <p class='ocr_par' dir='ltr' id='par_1_87' title="bbox 2092 3872 3736 3945">
     <span class='ocr_line' id='line_1_87' title="bbox 2092 3872 3736 3945; baseline 0.001 -17"><span class='ocrx_word' id='word_1_599' title='bbox 2092 3872 2274 3930; x_wconf 90' lang='lat' dir='ltr'><strong>nitum</strong></span> <span class='ocrx_word' id='word_1_600' title='bbox 2308 3877 2370 3930; x_wconf 91' lang='lat' dir='ltr'><strong>ut</strong></span> <span class='ocrx_word' id='word_1_601' title='bbox 2398 3875 2579 3944; x_wconf 90' lang='lat' dir='ltr'><strong>magis</strong></span> <span class='ocrx_word' id='word_1_602' title='bbox 2617 3874 2939 3932; x_wconf 89' lang='lat' dir='ltr'><strong>amiciciam</strong></span> <span class='ocrx_word' id='word_1_603' title='bbox 2989 3875 3302 3932; x_wconf 82' lang='lat' dir='ltr'><strong>Romanam</strong></span> <span class='ocrx_word' id='word_1_604' title='bbox 3350 3887 3526 3945; x_wconf 89' lang='lat' dir='ltr'><strong>quam</strong></span> <span class='ocrx_word' id='word_1_605' title='bbox 3576 3885 3736 3930; x_wconf 85' lang='lat' dir='ltr'><strong>arma</strong></span> 
     </span>
    </p>
   </div>
   <div class='ocr_carea' id='block_1_88' title="bbox 2091 3962 3739 4034">
    <p class='ocr_par' dir='ltr' id='par_1_88' title="bbox 2091 3962 3739 4034">
     <span class='ocr_line' id='line_1_88' title="bbox 2091 3962 3739 4034; baseline -0.001 -16"><span class='ocrx_word' id='word_1_606' title='bbox 2091 3962 2346 4034; x_wconf 86' lang='lat' dir='ltr'><strong>experiri</strong></span> <span class='ocrx_word' id='word_1_607' title='bbox 2377 3963 2642 4020; x_wconf 91' lang='lat' dir='ltr'><strong>studeret</strong></span> <span class='ocrx_word' id='word_1_608' title='bbox 2669 3962 2757 4018; x_wconf 64' lang='lat'><strong>&quot;9.</strong></span> <span class='ocrx_word' id='word_1_609' title='bbox 2785 3962 2891 4030; x_wconf 89' lang='lat' dir='ltr'><strong>Qui</strong></span> <span class='ocrx_word' id='word_1_610' title='bbox 2926 3969 3139 4034; x_wconf 89' lang='lat' dir='ltr'><strong>tamen,</strong></span> <span class='ocrx_word' id='word_1_611' title='bbox 3173 3963 3308 4020; x_wconf 93' lang='lat' dir='ltr'><strong>ilico</strong></span> <span class='ocrx_word' id='word_1_612' title='bbox 3337 3967 3404 4020; x_wconf 86' lang='lat' dir='ltr'><strong>ut</strong></span> <span class='ocrx_word' id='word_1_613' title='bbox 3438 3962 3590 4020; x_wconf 91' lang='lat' dir='ltr'><strong>liber</strong></span> <span class='ocrx_word' id='word_1_614' title='bbox 3610 3962 3739 4034; x_wconf 82' lang='lat' dir='ltr'><strong>fuit,</strong></span> 
     </span>
    </p>
   </div>
   <div class='ocr_carea' id='block_1_89' title="bbox 2093 4051 3739 4123">
    <p class='ocr_par' dir='ltr' id='par_1_89' title="bbox 2093 4051 3739 4123">
     <span class='ocr_line' id='line_1_89' title="bbox 2093 4051 3739 4123; baseline 0 -15"><span class='ocrx_word' id='word_1_615' title='bbox 2093 4051 2306 4108; x_wconf 89' lang='lat' dir='ltr'><strong>bellum</strong></span> <span class='ocrx_word' id='word_1_616' title='bbox 2331 4051 2549 4123; x_wconf 91' lang='lat' dir='ltr'><strong>intulit,</strong></span> <span class='ocrx_word' id='word_1_617' title='bbox 2577 4053 2681 4110; x_wconf 89' lang='lat' dir='ltr'><strong>sed</strong></span> <span class='ocrx_word' id='word_1_618' title='bbox 2702 4053 2980 4110; x_wconf 90' lang='lat' dir='ltr'><strong>continuo</strong></span> <span class='ocrx_word' id='word_1_619' title='bbox 3003 4067 3132 4110; x_wconf 92' lang='lat' dir='ltr'><strong>cum</strong></span> <span class='ocrx_word' id='word_1_620' title='bbox 3163 4057 3288 4109; x_wconf 90' lang='lat' dir='ltr'><strong>toto</strong></span> <span class='ocrx_word' id='word_1_621' title='bbox 3311 4052 3588 4109; x_wconf 89' lang='lat' dir='ltr'><strong>exercitu</strong></span> <span class='ocrx_word' id='word_1_622' title='bbox 3633 4066 3739 4108; x_wconf 92' lang='lat' dir='ltr'><strong>suo</strong></span> 
     </span>
    </p>
   </div>
   <div class='ocr_carea' id='block_1_90' title="bbox 2090 4140 3741 4212">
    <p class='ocr_par' dir='ltr' id='par_1_90' title="bbox 2090 4140 3741 4212">
     <span class='ocr_line' id='line_1_90' title="bbox 2090 4140 3741 4212; baseline 0 -16"><span class='ocrx_word' id='word_1_623' title='bbox 2090 4145 2149 4196; x_wconf 92' lang='lat' dir='ltr'><strong>et</strong></span> <span class='ocrx_word' id='word_1_624' title='bbox 2175 4141 2301 4212; x_wconf 91' lang='lat' dir='ltr'><strong>ipse</strong></span> <span class='ocrx_word' id='word_1_625' title='bbox 2329 4140 2561 4198; x_wconf 90' lang='lat' dir='ltr'><strong>deletus</strong></span> <span class='ocrx_word' id='word_1_626' title='bbox 2589 4145 2700 4197; x_wconf 91' lang='lat' dir='ltr'><strong>est.</strong></span> <span class='ocrx_word' id='word_1_627' title='bbox 2729 4143 2866 4198; x_wconf 86' lang='lat' dir='ltr'><strong>Nam</strong></span> <span class='ocrx_word' id='word_1_628' title='bbox 2897 4146 2960 4197; x_wconf 92' lang='lat' dir='ltr'><strong>et</strong></span> <span class='ocrx_word' id='word_1_629' title='bbox 2987 4145 3165 4199; x_wconf 91' lang='lat'><strong>20000</strong></span> <span class='ocrx_word' id='word_1_630' title='bbox 3208 4140 3510 4198; x_wconf 86' lang='lat' dir='ltr'><strong>hominum</strong></span> <span class='ocrx_word' id='word_1_631' title='bbox 3567 4141 3626 4196; x_wconf 91' lang='lat' dir='ltr'><strong>in</strong></span> <span class='ocrx_word' id='word_1_632' title='bbox 3672 4154 3741 4197; x_wconf 93' lang='lat' dir='ltr'><strong>eo</strong></span> 
     </span>
    </p>
   </div>
   <div class='ocr_carea' id='block_1_91' title="bbox 2093 4228 3743 4302">
    <p class='ocr_par' dir='ltr' id='par_1_91' title="bbox 2093 4228 3743 4302">
     <span class='ocr_line' id='line_1_91' title="bbox 2093 4228 3743 4302; baseline -0.001 -17"><span class='ocrx_word' id='word_1_633' title='bbox 2093 4228 2247 4286; x_wconf 91' lang='lat' dir='ltr'><strong>bello</strong></span> <span class='ocrx_word' id='word_1_634' title='bbox 2277 4231 2614 4286; x_wconf 91' lang='lat' dir='ltr'><strong>referuntur</strong></span> <span class='ocrx_word' id='word_1_635' title='bbox 2633 4245 2806 4302; x_wconf 62' lang='lat' dir='ltr'><strong>caesa,</strong></span> <span class='ocrx_word' id='word_1_636' title='bbox 2841 4234 3018 4288; x_wconf 78' lang='lat'><strong>12000</strong></span> <span class='ocrx_word' id='word_1_637' title='bbox 3035 4245 3164 4287; x_wconf 91' lang='lat' dir='ltr'><strong>cum</strong></span> <span class='ocrx_word' id='word_1_638' title='bbox 3188 4233 3260 4286; x_wconf 93' lang='lat'><strong>70</strong></span> <span class='ocrx_word' id='word_1_639' title='bbox 3279 4228 3472 4300; x_wconf 91' lang='lat' dir='ltr'><strong>longis</strong></span> <span class='ocrx_word' id='word_1_640' title='bbox 3495 4228 3743 4287; x_wconf 87' lang='lat' dir='ltr'><strong>navibus</strong></span> 
     </span>
    </p>
   </div>
   <div class='ocr_carea' id='block_1_92' title="bbox 2091 4316 3739 4390">
    <p class='ocr_par' dir='ltr' id='par_1_92' title="bbox 2091 4316 3739 4390">
     <span class='ocr_line' id='line_1_92' title="bbox 2091 4316 3739 4390; baseline 0 -16"><span class='ocrx_word' id='word_1_641' title='bbox 2091 4316 2310 4390; x_wconf 89' lang='lat' dir='ltr'><strong>dedita,</strong></span> <span class='ocrx_word' id='word_1_642' title='bbox 2344 4317 2652 4389; x_wconf 88' lang='lat' dir='ltr'><strong>Quingenti</strong></span> <span class='ocrx_word' id='word_1_643' title='bbox 2683 4334 2755 4376; x_wconf 88' lang='lat' dir='ltr'><strong>ex</strong></span> <span class='ocrx_word' id='word_1_644' title='bbox 2775 4319 3102 4376; x_wconf 91' lang='lat' dir='ltr'><strong>victoribus</strong></span> <span class='ocrx_word' id='word_1_645' title='bbox 3125 4318 3412 4376; x_wconf 88' lang='lat' dir='ltr'><strong>cecidisse</strong></span> <span class='ocrx_word' id='word_1_646' title='bbox 3435 4317 3739 4376; x_wconf 90' lang='lat' dir='ltr'><strong>dicuntur.</strong></span> 
     </span>
    </p>
   </div>
   <div class='ocr_carea' id='block_1_93' title="bbox 2092 4405 3738 4479">
    <p class='ocr_par' dir='ltr' id='par_1_93' title="bbox 2092 4405 3738 4479">
     <span class='ocr_line' id='line_1_93' title="bbox 2092 4405 3738 4479; baseline -0.001 -17"><span class='ocrx_word' id='word_1_647' title='bbox 2092 4408 2212 4462; x_wconf 80' lang='lat' dir='ltr'><strong>Rex</strong></span> <span class='ocrx_word' id='word_1_648' title='bbox 2243 4406 2369 4478; x_wconf 90' lang='lat' dir='ltr'><strong>ipse</strong></span> <span class='ocrx_word' id='word_1_649' title='bbox 2400 4405 2747 4463; x_wconf 87' lang='lat' dir='ltr'><strong>adolescens</strong></span> <span class='ocrx_word' id='word_1_650' title='bbox 2778 4407 2994 4479; x_wconf 89' lang='lat' dir='ltr'><strong>scapha</strong></span> <span class='ocrx_word' id='word_1_651' title='bbox 3024 4411 3329 4478; x_wconf 88' lang='lat' dir='ltr'><strong>exceptus,</strong></span> <span class='ocrx_word' id='word_1_652' title='bbox 3366 4411 3432 4463; x_wconf 92' lang='lat' dir='ltr'><strong>ut</strong></span> <span class='ocrx_word' id='word_1_653' title='bbox 3486 4407 3738 4477; x_wconf 86' lang='lat' dir='ltr'><strong>fugeret,</strong></span> 
     </span>
    </p>
   </div>
   <div class='ocr_carea' id='block_1_94' title="bbox 2092 4493 3743 4568">
    <p class='ocr_par' dir='ltr' id='par_1_94' title="bbox 2092 4493 3743 4568">
     <span class='ocr_line' id='line_1_94' title="bbox 2092 4493 3743 4568; baseline 0.001 -18"><span class='ocrx_word' id='word_1_654' title='bbox 2092 4493 2294 4551; x_wconf 90' lang='lat' dir='ltr'><strong>multis</strong></span> <span class='ocrx_word' id='word_1_655' title='bbox 2311 4493 2962 4566; x_wconf 79' lang='lat' dir='ltr'><strong>insilientibus,mersus</strong></span> <span class='ocrx_word' id='word_1_656' title='bbox 2984 4499 3346 4566; x_wconf 87' lang='lat' dir='ltr'><strong>necatusque</strong></span> <span class='ocrx_word' id='word_1_657' title='bbox 3379 4497 3470 4552; x_wconf 90' lang='lat' dir='ltr'><strong>est</strong></span> <span class='ocrx_word' id='word_1_658' title='bbox 3490 4512 3507 4560; x_wconf 86' lang='lat'><strong>;</strong></span> <span class='ocrx_word' id='word_1_659' title='bbox 3524 4507 3743 4568; x_wconf 86' lang='lat' dir='ltr'><strong>corpus</strong></span> 
     </span>
    </p>
   </div>
   <div class='ocr_carea' id='block_1_95' title="bbox 336 4579 3746 4662">
    <p class='ocr_par' dir='ltr' id='par_1_95' title="bbox 336 4579 3746 4662">
     <span class='ocr_line' id='line_1_95' title="bbox 336 4579 3746 4662; baseline -0.002 -15"><span class='ocrx_word' id='word_1_660' title='bbox 336 4590 500 4662; x_wconf 85' lang='lat' dir='ltr'><strong>ginta</strong></span> <span class='ocrx_word' id='word_1_661' title='bbox 529 4592 668 4647; x_wconf 90' lang='lat' dir='ltr'><strong>octo</strong></span> <span class='ocrx_word' id='word_1_662' title='bbox 699 4585 998 4654; x_wconf 90' lang='lat' dir='ltr'><strong>cohortes,</strong></span> <span class='ocrx_word' id='word_1_663' title='bbox 1030 4581 1292 4654; x_wconf 89' lang='lat' dir='ltr'><strong>peditum</strong></span> <span class='ocrx_word' id='word_1_664' title='bbox 1322 4579 1454 4652; x_wconf 90' lang='lat' dir='ltr'><strong>plus</strong></span> <span class='ocrx_word' id='word_1_665' title='bbox 1485 4593 1655 4651; x_wconf 90' lang='lat' dir='ltr'><strong>quam</strong></span> <span class='ocrx_word' id='word_1_666' title='bbox 1688 4582 1864 4637; x_wconf 76' lang='grc'>40000</span> <span class='ocrx_word' id='word_1_667' title='bbox 1887 4580 1978 4654; x_wconf 81' lang='grc'><strong>³⁵⁷,</strong></span> <span class='ocrx_word' id='word_1_668' title='bbox 2006 4587 2062 4650; x_wconf 89' lang='lat' dir='ltr'><strong>D</strong></span> <span class='ocrx_word' id='word_1_669' title='bbox 2091 4583 2219 4654; x_wconf 89' lang='lat' dir='ltr'><strong>ejus</strong></span> <span class='ocrx_word' id='word_1_670' title='bbox 2249 4583 2319 4640; x_wconf 92' lang='lat' dir='ltr'><strong>ad</strong></span> <span class='ocrx_word' id='word_1_671' title='bbox 2350 4582 2493 4640; x_wconf 88' lang='lat' dir='ltr'><strong>litus</strong></span> <span class='ocrx_word' id='word_1_672' title='bbox 2527 4582 2886 4654; x_wconf 90' lang='lat' dir='ltr'><strong>devolutum,</strong></span> <span class='ocrx_word' id='word_1_673' title='bbox 2920 4583 3132 4640; x_wconf 90' lang='lat' dir='ltr'><strong>indicio</strong></span> <span class='ocrx_word' id='word_1_674' title='bbox 3166 4582 3366 4640; x_wconf 74' lang='lat' dir='ltr'><strong>loricas</strong></span> <span class='ocrx_word' id='word_1_675' title='bbox 3405 4596 3604 4640; x_wconf 64' lang='lat' dir='ltr'><strong>aureae</strong></span> <span class='ocrx_word' id='word_1_676' title='bbox 3651 4597 3746 4640; x_wconf 88' lang='lat' dir='ltr'><strong>co-</strong></span> 
     </span>
    </p>
   </div>
   <div class='ocr_carea' id='block_1_96' title="bbox 335 4667 1981 4752">
    <p class='ocr_par' dir='ltr' id='par_1_96' title="bbox 335 4667 1981 4752">
     <span class='ocr_line' id='line_1_96' title="bbox 335 4667 1981 4752; baseline -0.006 -16"><span class='ocrx_word' id='word_1_677' title='bbox 335 4677 569 4752; x_wconf 88' lang='lat' dir='ltr'><strong>equites</strong></span> <span class='ocrx_word' id='word_1_678' title='bbox 596 4676 652 4734; x_wconf 91' lang='lat' dir='ltr'><strong>in</strong></span> <span class='ocrx_word' id='word_1_679' title='bbox 683 4674 930 4733; x_wconf 90' lang='lat' dir='ltr'><strong>sinistro</strong></span> <span class='ocrx_word' id='word_1_680' title='bbox 961 4684 1144 4728; x_wconf 90' lang='lat' dir='ltr'><strong>cornu</strong></span> <span class='ocrx_word' id='word_1_681' title='bbox 1175 4672 1300 4740; x_wconf 90' lang='lat'><strong>600,</strong></span> <span class='ocrx_word' id='word_1_682' title='bbox 1334 4667 1390 4724; x_wconf 91' lang='lat' dir='ltr'><strong>in</strong></span> <span class='ocrx_word' id='word_1_683' title='bbox 1414 4668 1624 4726; x_wconf 92' lang='lat' dir='ltr'><strong>dextro</strong></span> <span class='ocrx_word' id='word_1_684' title='bbox 1645 4672 1768 4740; x_wconf 73' lang='lat'><strong>500,</strong></span> <span class='ocrx_word' id='word_1_685' title='bbox 1813 4683 1981 4740; x_wconf 88' lang='lat' dir='ltr'><strong>reges</strong></span> 
     </span>
    </p>
   </div>
   <div class='ocr_carea' id='block_1_97' title="bbox 331 4757 1982 4830">
    <p class='ocr_par' dir='ltr' id='par_1_97' title="bbox 331 4757 1982 4830">
     <span class='ocr_line' id='line_1_97' title="bbox 331 4757 1982 4830; baseline -0.007 -4"><span class='ocrx_word' id='word_1_686' title='bbox 331 4772 392 4826; x_wconf 90' lang='lat' dir='ltr'><strong>et</strong></span> <span class='ocrx_word' id='word_1_687' title='bbox 414 4772 720 4826; x_wconf 89' lang='lat' dir='ltr'><strong>senatores</strong></span> <span class='ocrx_word' id='word_1_688' title='bbox 742 4767 804 4819; x_wconf 91' lang='lat' dir='ltr'><strong>et</strong></span> <span class='ocrx_word' id='word_1_689' title='bbox 825 4759 1066 4818; x_wconf 86' lang='lat' dir='ltr'><strong>Romani</strong></span> <span class='ocrx_word' id='word_1_690' title='bbox 1087 4757 1318 4830; x_wconf 88' lang='lat' dir='ltr'><strong>equites</strong></span> <span class='ocrx_word' id='word_1_691' title='bbox 1343 4757 1598 4830; x_wconf 88' lang='lat' dir='ltr'><strong>plurimi,</strong></span> <span class='ocrx_word' id='word_1_692' title='bbox 1617 4772 1689 4814; x_wconf 92' lang='lat' dir='ltr'><strong>ex</strong></span> <span class='ocrx_word' id='word_1_693' title='bbox 1704 4763 1870 4830; x_wconf 91' lang='lat' dir='ltr'><strong>parte</strong></span> <span class='ocrx_word' id='word_1_694' title='bbox 1889 4772 1982 4816; x_wconf 88' lang='lat' dir='ltr'><strong>au-</strong></span> 
     </span>
    </p>
   </div>
   <div class='ocr_carea' id='block_1_98' title="bbox 335 4846 1983 4922">
    <p class='ocr_par' dir='ltr' id='par_1_98' title="bbox 335 4846 1983 4922">
     <span class='ocr_line' id='line_1_98' title="bbox 335 4846 1983 4922; baseline -0.005 -8"><span class='ocrx_word' id='word_1_695' title='bbox 335 4861 453 4916; x_wconf 89' lang='lat' dir='ltr'><strong>tem</strong></span> <span class='ocrx_word' id='word_1_696' title='bbox 477 4853 729 4914; x_wconf 65' lang='lat' dir='ltr'><strong>Caesaris</strong></span> <span class='ocrx_word' id='word_1_697' title='bbox 751 4851 941 4908; x_wconf 90' lang='lat' dir='ltr'><strong>minus</strong></span> <span class='ocrx_word' id='word_1_698' title='bbox 963 4863 1134 4922; x_wconf 90' lang='lat' dir='ltr'><strong>quam</strong></span> <span class='ocrx_word' id='word_1_699' title='bbox 1158 4849 1228 4905; x_wconf 77' lang='grc'>40</span> <span class='ocrx_word' id='word_1_700' title='bbox 1243 4846 1399 4904; x_wconf 90' lang='lat' dir='ltr'><strong>milia</strong></span> <span class='ocrx_word' id='word_1_701' title='bbox 1438 4847 1718 4919; x_wconf 88' lang='lat' dir='ltr'><strong>peditum,</strong></span> <span class='ocrx_word' id='word_1_702' title='bbox 1751 4847 1983 4918; x_wconf 91' lang='lat' dir='ltr'><strong>equites</strong></span> 
     </span>
    </p>
   </div>
   <div class='ocr_carea' id='block_1_99' title="bbox 336 4935 1986 5014">
    <p class='ocr_par' dir='ltr' id='par_1_99' title="bbox 336 4935 1986 5014">
     <span class='ocr_line' id='line_1_99' title="bbox 336 4935 1986 5014; baseline -0.007 -11"><span class='ocrx_word' id='word_1_703' title='bbox 336 4943 515 5003; x_wconf 89' lang='lat' dir='ltr'><strong>mille.</strong></span> <span class='ocrx_word' id='word_1_704' title='bbox 544 4945 684 5002; x_wconf 91' lang='lat' dir='ltr'><strong>Cum</strong></span> <span class='ocrx_word' id='word_1_705' title='bbox 707 4954 820 5014; x_wconf 90' lang='lat' dir='ltr'><strong>que</strong></span> <span class='ocrx_word' id='word_1_706' title='bbox 843 4939 944 4998; x_wconf 90' lang='lat' dir='ltr'><strong>diu</strong></span> <span class='ocrx_word' id='word_1_707' title='bbox 968 4937 1260 5008; x_wconf 90' lang='lat' dir='ltr'><strong>utrimque</strong></span> <span class='ocrx_word' id='word_1_708' title='bbox 1277 4936 1386 4993; x_wconf 88' lang='lat' dir='ltr'><strong>sub</strong></span> <span class='ocrx_word' id='word_1_709' title='bbox 1409 4935 1584 4993; x_wconf 90' lang='lat' dir='ltr'><strong>dubia</strong></span> <span class='ocrx_word' id='word_1_710' title='bbox 1609 4941 1770 4992; x_wconf 91' lang='lat' dir='ltr'><strong>sorte</strong></span> <span class='ocrx_word' id='word_1_711' title='bbox 1797 4935 1986 4993; x_wconf 67' lang='lat' dir='ltr'><strong>caade-</strong></span> 
     </span>
    </p>
   </div>
   <div class='ocr_carea' id='block_1_100' title="bbox 337 5025 1986 5102">
    <p class='ocr_par' dir='ltr' id='par_1_100' title="bbox 337 5025 1986 5102">
     <span class='ocr_line' id='line_1_100' title="bbox 337 5025 1986 5102; baseline -0.005 -12"><span class='ocrx_word' id='word_1_712' title='bbox 337 5038 563 5100; x_wconf 87' lang='lat' dir='ltr'><strong>rentur,</strong></span> <span class='ocrx_word' id='word_1_713' title='bbox 587 5037 766 5102; x_wconf 88' lang='lat' dir='ltr'><strong>atque</strong></span> <span class='ocrx_word' id='word_1_714' title='bbox 787 5044 860 5087; x_wconf 91' lang='lat' dir='ltr'><strong>ex</strong></span> <span class='ocrx_word' id='word_1_715' title='bbox 882 5027 992 5086; x_wconf 90' lang='lat' dir='ltr'><strong>alia</strong></span> <span class='ocrx_word' id='word_1_716' title='bbox 1016 5031 1184 5100; x_wconf 90' lang='lat' dir='ltr'><strong>parte</strong></span> <span class='ocrx_word' id='word_1_717' title='bbox 1197 5025 1508 5098; x_wconf 88' lang='lat' dir='ltr'><strong>Pompieus</strong></span> <span class='ocrx_word' id='word_1_718' title='bbox 1523 5025 1745 5082; x_wconf 91' lang='lat' dir='ltr'><strong>diceret</strong></span> <span class='ocrx_word' id='word_1_719' title='bbox 1763 5045 1776 5082; x_wconf 92' lang='lat'>:</span> <span class='ocrx_word' id='word_1_720' title='bbox 1793 5026 1986 5082; x_wconf 77' lang='lat' dir='ltr'><strong>Parce</strong></span> 
     </span>
    </p>
   </div>
   <div class='ocr_carea' id='block_1_101' title="bbox 335 5115 1986 5191">
    <p class='ocr_par' dir='ltr' id='par_1_101' title="bbox 335 5115 1986 5191">
     <span class='ocr_line' id='line_1_101' title="bbox 335 5115 1986 5191; baseline -0.006 -11"><span class='ocrx_word' id='word_1_721' title='bbox 335 5121 702 5191; x_wconf 70' lang='lat' dir='ltr'><strong>civibusmec</strong></span> <span class='ocrx_word' id='word_1_722' title='bbox 737 5125 924 5177; x_wconf 88' lang='lat' dir='ltr'><strong>tamen</strong></span> <span class='ocrx_word' id='word_1_723' title='bbox 956 5118 1196 5188; x_wconf 89' lang='lat' dir='ltr'><strong>faceret,</strong></span> <span class='ocrx_word' id='word_1_724' title='bbox 1229 5129 1302 5172; x_wconf 91' lang='lat' dir='ltr'><strong>ex</strong></span> <span class='ocrx_word' id='word_1_725' title='bbox 1331 5115 1440 5171; x_wconf 91' lang='lat' dir='ltr'><strong>alia</strong></span> <span class='ocrx_word' id='word_1_726' title='bbox 1473 5128 1611 5170; x_wconf 92' lang='lat' dir='ltr'><strong>vero</strong></span> <span class='ocrx_word' id='word_1_727' title='bbox 1642 5116 1834 5171; x_wconf 59' lang='lat' dir='ltr'><strong>aesar</strong></span> <span class='ocrx_word' id='word_1_728' title='bbox 1875 5115 1986 5171; x_wconf 89' lang='lat' dir='ltr'><strong>hoc</strong></span> 
     </span>
    </p>
   </div>
   <div class='ocr_carea' id='block_1_102' title="bbox 336 5203 1983 5280">
    <p class='ocr_par' dir='ltr' id='par_1_102' title="bbox 336 5203 1983 5280">
     <span class='ocr_line' id='line_1_102' title="bbox 336 5203 1983 5280; baseline -0.003 -16"><span class='ocrx_word' id='word_1_729' title='bbox 336 5209 557 5266; x_wconf 87' lang='lat' dir='ltr'><strong>faceret</strong></span> <span class='ocrx_word' id='word_1_730' title='bbox 589 5207 744 5280; x_wconf 89' lang='lat' dir='ltr'><strong>quod</strong></span> <span class='ocrx_word' id='word_1_731' title='bbox 779 5212 1034 5278; x_wconf 88' lang='lat' dir='ltr'><strong>urgeret,</strong></span> <span class='ocrx_word' id='word_1_732' title='bbox 1069 5205 1298 5263; x_wconf 89' lang='lat' dir='ltr'><strong>dicens:</strong></span> <span class='ocrx_word' id='word_1_733' title='bbox 1338 5203 1538 5275; x_wconf 73' lang='lat' dir='ltr'><strong>Miles,</strong></span> <span class='ocrx_word' id='word_1_734' title='bbox 1562 5205 1798 5278; x_wconf 74' lang='lat' dir='ltr'><strong>faciem</strong></span> <span class='ocrx_word' id='word_1_735' title='bbox 1825 5203 1983 5276; x_wconf 70' lang='lat' dir='ltr'><strong>feri,</strong></span> 
     </span>
    </p>
   </div>
   <div class='ocr_carea' id='block_1_103' title="bbox 331 5293 1987 5369">
    <p class='ocr_par' dir='ltr' id='par_1_103' title="bbox 331 5293 1987 5369">
     <span class='ocr_line' id='line_1_103' title="bbox 331 5293 1987 5369; baseline -0.003 -14"><span class='ocrx_word' id='word_1_736' title='bbox 331 5296 574 5356; x_wconf 81' lang='lat' dir='ltr'><strong>tandem</strong></span> <span class='ocrx_word' id='word_1_737' title='bbox 597 5294 911 5356; x_wconf 88' lang='lat' dir='ltr'><strong>universus</strong></span> <span class='ocrx_word' id='word_1_738' title='bbox 936 5295 1197 5369; x_wconf 90' lang='lat' dir='ltr'><strong>Pompeii</strong></span> <span class='ocrx_word' id='word_1_739' title='bbox 1229 5293 1378 5368; x_wconf 88' lang='lat' dir='ltr'><strong>fugit</strong></span> <span class='ocrx_word' id='word_1_740' title='bbox 1406 5293 1728 5366; x_wconf 88' lang='lat' dir='ltr'><strong>exercitus,</strong></span> <span class='ocrx_word' id='word_1_741' title='bbox 1764 5297 1987 5350; x_wconf 85' lang='lat' dir='ltr'><strong>castra-</strong></span> 
     </span>
    </p>
   </div>
   <div class='ocr_carea' id='block_1_104' title="bbox 2089 4671 3744 4744">
    <p class='ocr_par' dir='ltr' id='par_1_104' title="bbox 2089 4671 3744 4744">
     <span class='ocr_line' id='line_1_104' title="bbox 2089 4671 3744 4744; baseline 0.001 -16"><span class='ocrx_word' id='word_1_742' title='bbox 2089 4673 2314 4744; x_wconf 89' lang='lat' dir='ltr'><strong>gnitum</strong></span> <span class='ocrx_word' id='word_1_743' title='bbox 2337 4672 2465 4729; x_wconf 90' lang='lat' dir='ltr'><strong>fuit.</strong></span> <span class='ocrx_word' id='word_1_744' title='bbox 2491 4672 2612 4739; x_wconf 92' lang='lat' dir='ltr'><strong>Qua</strong></span> <span class='ocrx_word' id='word_1_745' title='bbox 2637 4673 2829 4729; x_wconf 78' lang='lat' dir='ltr'><strong>Caesar</strong></span> <span class='ocrx_word' id='word_1_746' title='bbox 2849 4671 3255 4730; x_wconf 87' lang='lat' dir='ltr'><strong>Alexandriam</strong></span> <span class='ocrx_word' id='word_1_747' title='bbox 3278 4673 3592 4744; x_wconf 87' lang='lat' dir='ltr'><strong>premissa,</strong></span> <span class='ocrx_word' id='word_1_748' title='bbox 3624 4686 3744 4730; x_wconf 87' lang='lat' dir='ltr'><strong>om-</strong></span> 
     </span>
    </p>
   </div>
   <div class='ocr_carea' id='block_1_105' title="bbox 2091 4759 3744 4832">
    <p class='ocr_par' dir='ltr' id='par_1_105' title="bbox 2091 4759 3744 4832">
     <span class='ocr_line' id='line_1_105' title="bbox 2091 4759 3744 4832; baseline -0.001 -14"><span class='ocrx_word' id='word_1_749' title='bbox 2091 4776 2196 4818; x_wconf 91' lang='lat' dir='ltr'><strong>nes</strong></span> <span class='ocrx_word' id='word_1_750' title='bbox 2225 4759 2651 4818; x_wconf 86' lang='lat' dir='ltr'><strong>Alexandrinos</strong></span> <span class='ocrx_word' id='word_1_751' title='bbox 2675 4760 2746 4817; x_wconf 90' lang='lat' dir='ltr'><strong>ad</strong></span> <span class='ocrx_word' id='word_1_752' title='bbox 2777 4761 3132 4818; x_wconf 89' lang='lat' dir='ltr'><strong>deditionem</strong></span> <span class='ocrx_word' id='word_1_753' title='bbox 3149 4760 3568 4832; x_wconf 88' lang='lat' dir='ltr'><strong>desperatione</strong></span> <span class='ocrx_word' id='word_1_754' title='bbox 3589 4775 3744 4818; x_wconf 85' lang='lat' dir='ltr'><strong>com-</strong></span> 
     </span>
    </p>
   </div>
   <div class='ocr_carea' id='block_1_106' title="bbox 2091 4848 3742 4922">
    <p class='ocr_par' dir='ltr' id='par_1_106' title="bbox 2091 4848 3742 4922">
     <span class='ocr_line' id='line_1_106' title="bbox 2091 4848 3742 4922; baseline -0.001 -15"><span class='ocrx_word' id='word_1_755' title='bbox 2091 4848 2264 4922; x_wconf 89' lang='lat' dir='ltr'><strong>pulit,</strong></span> <span class='ocrx_word' id='word_1_756' title='bbox 2305 4863 2664 4920; x_wconf 88' lang='lat' dir='ltr'><strong>regnumque</strong></span> <span class='ocrx_word' id='word_1_757' title='bbox 2719 4849 2947 4922; x_wconf 66' lang='lat' dir='ltr'><strong>}Egypti</strong></span> <span class='ocrx_word' id='word_1_758' title='bbox 3013 4849 3355 4922; x_wconf 70' lang='lat' dir='ltr'><strong>Cleopatrae,</strong></span> <span class='ocrx_word' id='word_1_759' title='bbox 3409 4848 3742 4907; x_wconf 88' lang='lat' dir='ltr'><strong>Ptholomei</strong></span> 
     </span>
    </p>
   </div>
   <div class='ocr_carea' id='block_1_107' title="bbox 2092 4936 3748 5010">
    <p class='ocr_par' dir='ltr' id='par_1_107' title="bbox 2092 4936 3748 5010">
     <span class='ocr_line' id='line_1_107' title="bbox 2092 4936 3748 5010; baseline -0.001 -15"><span class='ocrx_word' id='word_1_760' title='bbox 2092 4939 2301 5009; x_wconf 90' lang='lat' dir='ltr'><strong>sorori,</strong></span> <span class='ocrx_word' id='word_1_761' title='bbox 2336 4936 2519 5009; x_wconf 90' lang='lat' dir='ltr'><strong>dedit,</strong></span> <span class='ocrx_word' id='word_1_762' title='bbox 2549 4952 2679 4994; x_wconf 92' lang='lat' dir='ltr'><strong>cum</strong></span> <span class='ocrx_word' id='word_1_763' title='bbox 2732 4953 2844 5010; x_wconf 90' lang='lat' dir='ltr'><strong>qua</strong></span> <span class='ocrx_word' id='word_1_764' title='bbox 2877 4937 3067 5010; x_wconf 90' lang='lat' dir='ltr'><strong>stupri</strong></span> <span class='ocrx_word' id='word_1_765' title='bbox 3117 4937 3610 4995; x_wconf 89' lang='lat' dir='ltr'><strong>consuetudinem</strong></span> <span class='ocrx_word' id='word_1_766' title='bbox 3649 4937 3748 4994; x_wconf 84' lang='lat' dir='ltr'><strong>ha-</strong></span> 
     </span>
    </p>
   </div>
   <div class='ocr_carea' id='block_1_108' title="bbox 2095 5026 3746 5100">
    <p class='ocr_par' dir='ltr' id='par_1_108' title="bbox 2095 5026 3746 5100">
     <span class='ocr_line' id='line_1_108' title="bbox 2095 5026 3746 5100; baseline 0 -16"><span class='ocrx_word' id='word_1_767' title='bbox 2095 5027 2220 5084; x_wconf 92' lang='lat' dir='ltr'><strong>buit</strong></span> <span class='ocrx_word' id='word_1_768' title='bbox 2247 5046 2262 5096; x_wconf 89' lang='lat'><strong>;</strong></span> <span class='ocrx_word' id='word_1_769' title='bbox 2294 5042 2421 5098; x_wconf 77' lang='lat' dir='ltr'><strong>quae</strong></span> <span class='ocrx_word' id='word_1_770' title='bbox 2449 5033 2654 5100; x_wconf 90' lang='lat' dir='ltr'><strong>postea</strong></span> <span class='ocrx_word' id='word_1_771' title='bbox 2685 5027 2847 5098; x_wconf 87' lang='lat' dir='ltr'><strong>regio</strong></span> <span class='ocrx_word' id='word_1_772' title='bbox 2873 5027 3159 5084; x_wconf 91' lang='lat' dir='ltr'><strong>comitatu</strong></span> <span class='ocrx_word' id='word_1_773' title='bbox 3207 5027 3423 5084; x_wconf 89' lang='lat' dir='ltr'><strong>Urbem</strong></span> <span class='ocrx_word' id='word_1_774' title='bbox 3477 5026 3746 5098; x_wconf 86' lang='lat' dir='ltr'><strong>ingressa</strong></span> 
     </span>
    </p>
   </div>
   <div class='ocr_carea' id='block_1_109' title="bbox 2093 5121 2202 5174">
    <p class='ocr_par' dir='ltr' id='par_1_109' title="bbox 2093 5121 2202 5174">
     <span class='ocr_line' id='line_1_109' title="bbox 2093 5121 2202 5174; baseline 0 -2"><span class='ocrx_word' id='word_1_775' title='bbox 2093 5121 2202 5174; x_wconf 65' lang='grc' dir='ltr'><strong>θεῖ.</strong></span> 
     </span>
    </p>
   </div>
   <div class='ocr_carea' id='block_1_110' title="bbox 2165 5200 3751 5278">
    <p class='ocr_par' dir='ltr' id='par_1_110' title="bbox 2165 5200 3751 5278">
     <span class='ocr_line' id='line_1_110' title="bbox 2165 5200 3751 5278; baseline -0.001 -16"><span class='ocrx_word' id='word_1_776' title='bbox 2165 5205 2469 5278; x_wconf 90' lang='lat' dir='ltr'><strong>Cleopatra</strong></span> <span class='ocrx_word' id='word_1_777' title='bbox 2501 5205 2718 5276; x_wconf 87' lang='lat' dir='ltr'><strong>itaque,</strong></span> <span class='ocrx_word' id='word_1_778' title='bbox 2753 5219 2923 5262; x_wconf 91' lang='lat' dir='ltr'><strong>soror</strong></span> <span class='ocrx_word' id='word_1_779' title='bbox 2953 5200 3276 5261; x_wconf 86' lang='lat' dir='ltr'><strong>Ptholomei</strong></span> <span class='ocrx_word' id='word_1_780' title='bbox 3310 5200 3581 5274; x_wconf 90' lang='lat' dir='ltr'><strong>regnavit</strong></span> <span class='ocrx_word' id='word_1_781' title='bbox 3617 5201 3751 5261; x_wconf 85' lang='lat' dir='ltr'><strong>Ale-</strong></span> 
     </span>
    </p>
   </div>
   <div class='ocr_carea' id='block_1_111' title="bbox 2095 5291 3748 5366">
    <p class='ocr_par' dir='ltr' id='par_1_111' title="bbox 2095 5291 3748 5366">
     <span class='ocr_line' id='line_1_111' title="bbox 2095 5291 3748 5366; baseline -0.001 -14"><span class='ocrx_word' id='word_1_782' title='bbox 2095 5294 2355 5353; x_wconf 71' lang='lat' dir='ltr'><strong>xandriae</strong></span> <span class='ocrx_word' id='word_1_783' title='bbox 2383 5295 2550 5352; x_wconf 88' lang='lat' dir='ltr'><strong>annis</strong></span> <span class='ocrx_word' id='word_1_784' title='bbox 2577 5298 2668 5366; x_wconf 89' lang='lat'><strong>22,</strong></span> <span class='ocrx_word' id='word_1_785' title='bbox 2701 5297 2766 5351; x_wconf 92' lang='lat' dir='ltr'><strong>ut</strong></span> <span class='ocrx_word' id='word_1_786' title='bbox 2793 5292 3064 5350; x_wconf 72' lang='lat' dir='ltr'><strong>Iordanis</strong></span> <span class='ocrx_word' id='word_1_787' title='bbox 3089 5293 3407 5366; x_wconf 89' lang='lat' dir='ltr'><strong>episcopus</strong></span> <span class='ocrx_word' id='word_1_788' title='bbox 3434 5291 3581 5350; x_wconf 89' lang='lat' dir='ltr'><strong>dicit</strong></span> <span class='ocrx_word' id='word_1_789' title='bbox 3633 5292 3748 5364; x_wconf 66' lang='lat' dir='ltr'><strong>(De</strong></span> 
     </span>
    </p>
   </div>
   <div class='ocr_carea' id='block_1_112' title="bbox 1692 5461 2371 5524">
    <p class='ocr_par' dir='ltr' id='par_1_112' title="bbox 1692 5461 2371 5524">
     <span class='ocr_line' id='line_1_112' title="bbox 1692 5461 2371 5524; baseline 0.004 -4"><span class='ocrx_word' id='word_1_790' title='bbox 1692 5461 1933 5521; x_wconf 73' lang='lat' dir='ltr'><strong>VARIE</strong></span> <span class='ocrx_word' id='word_1_791' title='bbox 1970 5463 2266 5524; x_wconf 83' lang='lat' dir='ltr'><strong>LECTION</strong></span> <span class='ocrx_word' id='word_1_792' title='bbox 2269 5464 2371 5523; x_wconf 90' lang='lat' dir='ltr'><strong>ES.</strong></span> 
     </span>
    </p>
   </div>
   <div class='ocr_carea' id='block_1_113' title="bbox 401 5611 1433 5676">
    <p class='ocr_par' dir='ltr' id='par_1_113' title="bbox 401 5611 1433 5676">
     <span class='ocr_line' id='line_1_113' title="bbox 401 5611 1433 5676; baseline 0.004 -4"><span class='ocrx_word' id='word_1_793' title='bbox 401 5613 476 5655; x_wconf 79' lang='grc'><strong>³⁸³</strong></span> <span class='ocrx_word' id='word_1_794' title='bbox 517 5611 847 5674; x_wconf 74' lang='lat' dir='ltr'><strong>Sulmonem</strong></span> <span class='ocrx_word' id='word_1_795' title='bbox 893 5620 973 5674; x_wconf 80' lang='lat'><strong>9°.</strong></span> <span class='ocrx_word' id='word_1_796' title='bbox 1051 5611 1122 5652; x_wconf 75' lang='grc'><strong>³⁸⁸</strong></span> <span class='ocrx_word' id='word_1_797' title='bbox 1166 5629 1215 5675; x_wconf 83' lang='lat' dir='ltr'><strong>r.</strong></span> <span class='ocrx_word' id='word_1_798' title='bbox 1266 5631 1319 5676; x_wconf 92' lang='grc' dir='ltr'><strong>ο.</strong></span> <span class='ocrx_word' id='word_1_799' title='bbox 1379 5620 1433 5676; x_wconf 81' lang='lat' dir='ltr'><strong>ts.</strong></span> 
     </span>
    </p>
   </div>
   <div class='ocr_carea' id='block_1_114' title="bbox 330 5682 1424 5757">
    <p class='ocr_par' dir='ltr' id='par_1_114' title="bbox 330 5682 1424 5757">
     <span class='ocr_line' id='line_1_114' title="bbox 330 5682 1424 5757; baseline -0.003 -7"><span class='ocrx_word' id='word_1_800' title='bbox 330 5690 411 5752; x_wconf 76' lang='lat'><strong>9°.</strong></span> <span class='ocrx_word' id='word_1_801' title='bbox 488 5684 564 5726; x_wconf 81' lang='grc'><strong>³⁸³</strong></span> <span class='ocrx_word' id='word_1_802' title='bbox 593 5682 752 5757; x_wconf 75' lang='lat' dir='ltr'><strong>regis</strong></span> <span class='ocrx_word' id='word_1_803' title='bbox 776 5690 830 5745; x_wconf 70' lang='grc' dir='ltr'><strong>ὅ.</strong></span> <span class='ocrx_word' id='word_1_804' title='bbox 903 5686 976 5724; x_wconf 75' lang='grc'><strong><em>³⁸⁸</em></strong></span> <span class='ocrx_word' id='word_1_805' title='bbox 1021 5686 1326 5748; x_wconf 88' lang='lat' dir='ltr'><strong>studerent</strong></span> <span class='ocrx_word' id='word_1_806' title='bbox 1372 5694 1424 5749; x_wconf 78' lang='lat' dir='ltr'><strong>tt.</strong></span> 
     </span>
    </p>
   </div>
   <div class='ocr_carea' id='block_1_115' title="bbox 1510 5609 3744 5686">
    <p class='ocr_par' dir='ltr' id='par_1_115' title="bbox 1510 5609 3744 5686">
     <span class='ocr_line' id='line_1_115' title="bbox 1510 5609 3744 5686; baseline 0 -11"><span class='ocrx_word' id='word_1_807' title='bbox 1510 5613 1583 5654; x_wconf 79' lang='grc'><strong>⁸³⁸</strong></span> <span class='ocrx_word' id='word_1_808' title='bbox 1629 5628 1876 5676; x_wconf 84' lang='lat' dir='ltr'><strong>aversus</strong></span> <span class='ocrx_word' id='word_1_809' title='bbox 1920 5621 1972 5676; x_wconf 76' lang='lat' dir='ltr'><strong>ti.</strong></span> <span class='ocrx_word' id='word_1_810' title='bbox 2025 5617 2336 5676; x_wconf 88' lang='lat' dir='ltr'><strong>adversum</strong></span> <span class='ocrx_word' id='word_1_811' title='bbox 2380 5618 2442 5674; x_wconf 83' lang='lat'><strong>9°</strong></span> <span class='ocrx_word' id='word_1_812' title='bbox 2510 5614 2582 5653; x_wconf 79' lang='grc'><strong>³⁸⁸</strong></span> <span class='ocrx_word' id='word_1_813' title='bbox 2615 5615 2712 5678; x_wconf 64' lang='grc' dir='ltr'><strong>αα</strong></span> <span class='ocrx_word' id='word_1_814' title='bbox 2737 5616 2817 5674; x_wconf 82' lang='lat'><strong>9°.</strong></span> <span class='ocrx_word' id='word_1_815' title='bbox 2854 5613 3023 5672; x_wconf 80' lang='lat' dir='ltr'><strong>ﬁnire</strong></span> <span class='ocrx_word' id='word_1_816' title='bbox 3071 5613 3124 5686; x_wconf 76' lang='grc'><strong>6,</strong></span> <span class='ocrx_word' id='word_1_817' title='bbox 3167 5619 3220 5672; x_wconf 77' lang='grc' dir='ltr'><strong>δ.</strong></span> <span class='ocrx_word' id='word_1_818' title='bbox 3263 5613 3350 5673; x_wconf 77' lang='lat' dir='ltr'><strong>to.</strong></span> <span class='ocrx_word' id='word_1_819' title='bbox 3395 5617 3483 5673; x_wconf 79' lang='grc' dir='ltr'><strong>Μ.</strong></span> <span class='ocrx_word' id='word_1_820' title='bbox 3559 5609 3631 5650; x_wconf 79' lang='grc'><strong>⁸³⁷</strong></span> <span class='ocrx_word' id='word_1_821' title='bbox 3667 5611 3744 5675; x_wconf 81' lang='lat' dir='ltr'><strong>XI</strong></span> 
     </span>
    </p>
   </div>
  </div>
