3898 6314
89 362 188 425 645

951 349 1392 415 CHRONICA.
1423 385 1499 396 --
1532 345 2012 411 CHRONICON
2054 346 2588 410 UNIVERSALE

3355 355 3476 417 616

87 510 131 551 r.
162 496 267 565 3.),
326 489 428 548 sed
462 486 858 546 Tertullianus
899 485 1104 543 scribit
1149 484 1304 555 (ade.
1347 483 1587 541 Judaei:
1619 482 1709 539 ed.
1747 482 1798 540 A
1830 481 2022 537 cades
2055 480 2244 536 victor
2276 479 2503 535 exstitit
2536 481 2727 536 Caesar
2755 499 2768 547 ;
2803 484 2994 537 castra
3029 487 3473 558 eorumdircpta

89 583 309 650 Semlcr,
345 580 408 648 ll,
448 595 507 650 p.
547 580 651 634 296
674 575 864 649 )quod
890 579 1161 646 regnaret
1195 574 1711 638 annistantquO,

90 673 272 728 dicens
302 683 427 724 eam
459 680 851 735 conregnasse
885 666 1146 733 Augusto
1178 664 1344 719 annis
1383 667 1468 732 13,
1503 663 1717 733 ipsum-

91 774 188 831 que
215 762 412 830 postea
441 769 716 823 regnasse
746 753 876 808 aliis
891 753 1090 823 43,ᾳυὶ
1126 757 1260 808 sunt
1287 756 1354 807 56
1390 749 1717 820 Augusti”o

92 846 250 916 Regni
281 849 474 900 autem
505 843 833 912 Cleopatra
866 840 1002 896 licet
1025 845 1109 896 tot
1139 841 1269 895 anni
1302 839 1483 895 fuisse
1523 837 1716 893 dican-

94 943 191 1006 tur,
225 934 278 988 in
308 931 512 988 ordine
544 935 736 986 tamen
771 943 969 998 regum
1006 944 1116 984 non
1180 927 1311 999 plus
1375 941 1542 997 quam
1603 926 1718 981 duo

93 1025 501 1094 computantur,
537 1019 669 1089 quia
700 1017 888 1074 tercio
939 1017 1066 1088 ejus
1097 1031 1245 1073 anno
1303 1017 1477 1072 Gaius
1528 1013 1718 1071 Julius

93 1114 266 1168 Casar
293 1111 610 1164 Romanum
640 1107 892 1177 arripuit
921 1107 1246 1178 imperium.
1311 1103 1496 1173 (Jonn.
1561 1104 1605 1160 l.
1649 1103 1716 1173 l.)

93 1203 231 1256 lianc
261 1197 545 1270 siquidem
573 1197 940 1266 Cleopatram
973 1199 1179 1266 postea
1197 1196 1491 1250 Romanus
1507 1191 1718 1248 ductor

94 1287 350 1344 Antonius
382 1285 716 1356 suscipiens
753 1298 976 1354 suoque
1005 1283 1196 1352 lateri,
1257 1286 1453 1354 spreta
1513 1294 1717 1336 sorore

96 1375 390 1444 Octaviani,
425 1374 796 1442 consocians,
830 1377 1035 1430 contra
1060 1372 1218 1428 cives
1261 1371 1527 1442 proprios
1554 1369 1716 1424 dimi-

95 1465 257 1521 cavit.
288 1463 462 1530 Quem
498 1463 854 1518 Octavianus
879 1464 1175 1530 Augustus
1200 1476 1229 1516 c
1271 1459 1521 1515 rtamine
1549 1473 1718 1529 supe-

94 1569 215 1610 rans
245 1553 297 1609 in
313 1553 548 1608 Actiaco
579 1551 770 1620 litore,
793 1555 1072 1620 utrosque
1097 1549 1326 1620 jugales
1342 1548 1536 1616 coegit
1563 1552 1626 1603 ut
1653 1561 1717 1603 se

95 1643 242 1714 ipsos
273 1642 622 1713 perimerent
659 1657 673 1705 ;
708 1640 909 1710 sicque
942 1653 1393 1708 regnumeorum
1424 1637 1478 1692 in
1513 1638 1718 1691 Roma-

93 1746 286 1787 norum
305 1729 369 1762 ³⁸³
400 1729 698 1800 imperium
733 1728 982 1797 devenit,
1013 1728 1108 1783 ubi
1135 1732 1195 1782 et
1221 1741 1403 1798 usque
1434 1727 1719 1782 hactenus

1831 573 1986 633 sunt,
2021 570 2323 638 sexaginta
2353 569 2648 640 elephanti
2674 568 2850 640 capti.
2872 571 3011 626 Cato
3044 575 3476 644 seseapudUti-

1828 672 1952 712 eam
1991 656 2475 722 venenooccidit;
2515 659 2661 723 Juba
2687 659 3025 727 percussori
3054 660 3474 730 jugulumdato

1830 746 2030 815 preeio
2064 746 2301 816 prebuit
2334 744 2838 814 ;Petreiusgladio
2862 761 2924 802 se
2945 746 3013 778 ³⁸³
3039 750 3324 818 perfodit;
3357 751 3478 807 Sci-

1831 833 1924 904 pio
1958 833 2012 888 in
2045 834 2195 902 navi,
2225 849 2335 904 qua
2370 834 2440 889 ad
2500 835 2804 905 Hispanias
2849 836 3092 906 fugiens,
3155 844 3330 893 vento
3381 854 3478 895 co-

1829 923 2086 991 actus,in
2115 922 2380 978 Alfricam
2425 923 2822 993 rediit,semct
2867 925 3379 996 ipsumjugulavit.
3415 929 3472 984 In

1829 1011 2028 1065 eadem
2063 1012 2189 1066 navi
2226 1012 2400 1067 etiam
2457 1013 2786 1081 Torquatus
2844 1014 3075 1070 occisus
3129 1021 3240 1071 est.
3283 1017 3476 1072 Casar

1829 1101 2082 1170 Pompeii
2114 1102 2294 1170 Magni
2330 1101 2879 1172 nepotesfiliamque
2918 1101 2987 1135 ³⁸⁷
3017 1105 3370 1175 Pompeiam,
3403 1106 3478 1161 si-

1830 1188 2064 1259 mulque
2095 1205 2224 1245 cum
2259 1189 2846 1261 hisFaustum,Sylla
2873 1192 3149 1260 filium,et
3182 1194 3476 1250 Petreium

1830 1291 1895 1332 ac
1927 1277 2409 1346 Afraniumjussit
2444 1279 2653 1334 occidi.
2679 1281 3043 1336 Postannum
3081 1282 3315 1337 Romam
3346 1298 3475 1338 cum

1831 1370 2084 1436 quatuor
2113 1367 2424 1438 triumphis
2473 1367 2798 1438 ingressus,
2851 1375 3060 1439 quarto
3104 1370 3360 1427 dictator
3417 1378 3473 1427 et

1830 1455 2032 1510 consul
2065 1461 2301 1512 creatus
2323 1462 2435 1524 est,
2468 1457 2764 1527 totiusque
2799 1459 2958 1525 regni
2988 1461 3379 1515 monarchiam
3396 1476 3478 1516 so-
3587 1477 3597 1486 ·

1832 1541 1922 1598 lus
1946 1544 2284 1614 assumpsit,
2307 1559 2378 1598 ex
2395 1560 2506 1614 quo
2532 1545 2804 1600 continua
2837 1547 3110 1604 Romanis
3156 1554 3478 1604 nascuntur

1831 1629 2406 1701 imperia.Disposito
2439 1632 2635 1702 itaque
2659 1649 2723 1688 ac
2749 1637 3193 1704 recuperatorei
3228 1636 3478 1706 publica

1830 1723 2009 1786 statu,
2045 1720 2322 1776 continuo
2365 1721 2417 1775 in
2453 1722 3006 1792 llispaniamcontra
3051 1726 3265 1781 Gneum
3310 1727 3478 1782 Pom-

95 1824 143 1874 et
186 1833 365 1888 usque
397 1818 448 1872 in
509 1817 675 1872 finem
726 1817 923 1872 mundi
971 1816 1289 1872 secundum
1347 1815 1715 1887 prophetiam
1748 1835 1800 1894 Β
1831 1809 2024 1880 peium
2044 1815 2102 1864 et
2127 1811 2363 1865 Sextum
2385 1812 2738 1882 Pompeium,
2785 1813 2933 1868 filios
2962 1815 3219 1884 Pompeii
3264 1816 3469 1885 Magni,

97 1905 330 1963 Danielis
359 1906 521 1976 regni
575 1904 824 1962 debetur
856 1905 1177 1962 successio.

136 2007 258 2053 Alex.
311 2005 444 2053 Rom.

129 2124 132 2125 ν
192 2089 213 2138 1

186 2172 220 2228 2

190 2264 218 2314 3
423 2265 443 2315 1
603 2261 918 2317 Romanum
947 2261 1124 2333 capit
1185 2260 1488 2332 imperium
1519 2260 1718 2317 Gaium

103 2348 289 2404 Julium
307 2350 622 2404 Caesarem.

188 2442 219 2493 8
426 2443 448 2493 1
613 2438 835 2507 (HIER.)
867 2437 1222 2494 Octavianus
1250 2435 1341 2508 "’,
1375 2437 1470 2508 qui
1517 2443 1718 2508 postea

102 2515 400 2587 appellatus
429 2521 522 2573 est
560 2518 877 2585 Augustus,
914 2517 1069 2574 filius
1103 2518 1286 2573 Actia
1335 2518 1556 2574 sororis
1581 2519 1720 2574 Julii

106 2604 342 2674 Casaris,
370 2605 640 2675 regnavit
673 2611 805 2676 post
834 2605 1047 2662 Julium
1081 2607 1246 2662 annis
1273 2607 1363 2672 56,
1396 2619 1427 2661 a
1469 2621 1583 2677 quo
1613 2607 1724 2664 Ro-

101 2691 229 2746 mani
259 2691 555 2763 principes
587 2691 864 2762 appellati
896 2699 1032 2748 sunt
1065 2692 1316 2762 augusti.

190 2782 252 2836 17
429 2786 498 2836 10
651 2783 731 2835 Ex
759 2778 828 2813 ³⁸²
860 2781 967 2837 hoc
1007 2787 1293 2853 tempore,
1323 2782 1620 2852 videlicet,
1652 2798 1724 2838 ex

102 2867 300 2925 decimo
328 2884 478 2927 anno
513 2871 757 2939 Augusti
789 2884 1028 2940 regnum
1087 2875 1142 2926 et
1194 2871 1584 2928 sacerdotium
1631 2874 1727 2928 Ju-

104 2957 333 3014 daorum
359 2963 417 3014 et
448 2959 734 3028 christus,
771 2958 827 3014 id
859 2964 948 3015 est
981 2965 1214 3030 unctus,
1250 2975 1436 3032 usque
1484 2961 1539 3016 in
1601 2976 1729 3032 pre-

107 3060 223 3102 sens
244 3052 468 3120 tempus
506 3047 1022 3118 defecit,llyrcano
1057 3048 1590 3120 pontiﬁceconsilio
1621 3052 1729 3105 An-

107 3135 264 3204 tigoni
289 3137 485 3193 fratris
519 3136 630 3203 sui,
666 3136 981 3193 Aristoboli
1017 3136 1138 3208 filii,
1172 3152 1200 3192 a
1242 3139 1475 3194 Parthis
1529 3144 1725 3210 capto,

110 3229 158 3278 et
182 3217 369 3280 eodem
403 3224 702 3294 Antigono
752 3239 780 3280 a
812 3225 1085 3281 Romanis
1127 3226 1342 3297 occiso,
1402 3232 1459 3282 et
1503 3225 1728 3282 Herode

113 3308 404 3382 alienigena
437 3327 584 3383 rege
614 3313 962 3369 constituto.

198 3405 258 3457 12
432 3407 501 3460 l5
655 3402 943 3458 Antonius
961 3407 1016 3458 et
1040 3402 1347 3474 Cleopatra
1367 3401 1731 3474 semetipsos

108 3487 298 3548 Defecit
421 3497 491 3548 16
705 3489 1160 3562 interficiunt,et
1195 3494 1474 3564 .Egyptus
1507 3493 1563 3548 in
1603 3507 1733 3563 pro-

138 3593 277 3648 regn.
425 3586 492 3637 17
718 3580 963 3636 vinciam
995 3581 1232 3637 redacta
1252 3581 1580 3638 Cornelium
1609 3581 1734 3636 Gal-

137 3665 281 3724 Alex.
414 3673 483 3726 18
709 3668 826 3724 lum
862 3669 1106 3740 primum
1138 3670 1610 3742 habuitjudicem
1628 3673 1735 3728 Ro-

166 3754 227 3788 ³⁶³
419 3763 487 3814 56
714 3773 963 3815 manum.

165 3843 360 3918 (IIII-2R.)
391 3847 576 3903 Gaius
596 3845 785 3903 Julius
817 3847 1030 3916 Casar,
1061 3860 1091 3902 a
1148 3863 1261 3918 quo
1302 3848 1542 3904 Romani
1580 3848 1735 3920 prin-

109 3928 247 3998 cipes
273 3947 526 3990 casares
561 3932 953 4004 appellantur,
983 3934 1207 4004 primus
1233 3934 1383 4004 apud
1444 3935 1734 3991 Romanos

108 4015 375 4089 singulare
421 4021 682 4093 arripuit
739 4021 1067 4093 imperium,
1114 4023 1496 4094 regnavitque
1567 4023 1734 4079 annis

109 4107 355 4181 quinque,
387 4113 460 4168 ab
491 4110 646 4166 Urbe
679 4109 916 4167 condita
947 4109 1183 4167 7050’“.
1207 4111 1308 4180 (Η.
1353 4113 1453 4184 m.)
1474 4111 1574 4168 Hic
1632 4112 1736 4167 ita-

110 4206 202 4264 que
230 4212 502 4256 reversus
545 4199 616 4254 ab
641 4199 988 4255 Alexandria
1023 4213 1130 4270 per
1195 4199 1436 4271 Syriam,
1482 4201 1737 4256 Pharna-

109 4297 232 4355 cem,
265 4287 597 4343 Metridatis
632 4287 812 4356 Magni
850 4287 1048 4357 filium,
1082 4285 1244 4357 vicit,
1263 4289 1617 4358 Romamque
1648 4302 1736 4344 re-

110 4383 334 4443 gressus,
373 4375 563 4432 tercio
592 4390 653 4432 se
668 4376 1019 4431 dictatorem
1035 4381 1090 4432 et
1108 4375 1406 4432 consulem
1435 4377 1576 4432 fecit
1603 4391 1733 4434 eum

110 4457 276 4519 Marco
296 4462 527 4521 .‘Emilio
554 4465 767 4536 Lepido
782 4463 877 4534 qui
904 4465 1182 4534 magister
1216 4464 1460 4521 militum
1490 4465 1732 4523 eicausa

1761 3187 1808 3249 C

1714 1937 1728 1945 .
1833 1899 2150 1968 profectus,
2185 1899 2362 1953 multa
2389 1899 2537 1954 bella
2555 1906 2713 1956 sorte
2746 1901 2902 1956 varia
2942 1903 3144 1970 gessit.
3193 1903 3472 1959 Ultimum

1834 1986 2046 2041 bellum
2077 1987 2229 2057 apud
2255 1987 2517 2043 Mundam
2551 1988 2761 2044 flumen
2784 1995 3010 2059 gestum
3029 1991 3256 2061 est,ubi
3293 1993 3475 2047 tantis

1829 2074 2054 2130 viribus
2079 2075 2413 2132 dimicatum
2437 2081 2523 2133 est
2559 2082 2836 2148 tantaque
2859 2077 3050 2135 cades
3088 2083 3241 2149 acta,
3280 2084 3339 2136 ut
3360 2080 3478 2136 Ca-

1832 2175 1925 2216 sar
1964 2177 2214 2232 quoque,
2250 2165 2546 2220 veteranis
2560 2164 2732 2220 etiam
2765 2165 2890 2222 suis
2912 2167 3119 2222 cedere
3137 2183 3248 2223 non
3273 2170 3481 2224 erube-

1831 2250 2152 2321 scentibus,
2179 2266 2242 2306 se
2274 2252 2526 2308 voluerit
2561 2254 2847 2324 occidere,
2877 2269 2946 2310 ne
2972 2261 3100 2325 post
3153 2260 3368 2312 tantam
3394 2256 3478 2312 rei

1832 2337 2357 2410 militarisgloriam
2398 2341 2450 2396 in
2486 2345 2839 2412 potestatem
2880 2341 3316 2401 adolescentum
3387 2358 3483 2401 na-

1830 2433 1928 2483 tus
1949 2431 2211 2486 annosti6
2224 2430 2466 2486 veniret.
2495 2431 2752 2501 Denique
2770 2433 3056 2502 reparatis
3075 2434 3216 2502 suis,
3244 2439 3365 2489 tum
3392 2449 3481 2489 su-

1834 2515 1955 2571 bito
1989 2516 2044 2570 in
2076 2517 2264 2586 fugam
2307 2533 2514 2575 versus
2572 2525 2664 2575 est
2701 2521 2994 2576 exercitus
3035 2523 3475 2593 Pompeiorum;

1829 2604 1991 2660 Titus
2020 2606 2304 2663 Labienus
2332 2613 2392 2662 et
2434 2608 2636 2664 Actius
2668 2611 2852 2666 Varus
2889 2610 2944 2664 in
2974 2611 3097 2666 acie
3127 2611 3262 2666 casi
3289 2616 3425 2668 sunt
3461 2629 3477 2679 ;

1833 2693 2024 2749 Gneus
2074 2695 2379 2766 Pompeius
2407 2710 2537 2752 cum
2565 2703 2798 2752 centum
2858 2699 3157 2767 equitibus
3211 2701 3478 2768 aufugit;

1836 2782 2050 2838 Sextus
2087 2784 2418 2854 Pompeius,
2454 2785 2634 2840 frater
2673 2786 2816 2855 ejus,
2864 2790 3167 2841 contracta
3201 2787 3480 2843 celeriter

1836 2884 1945 2924 non
1983 2884 2157 2941 parva
2195 2871 2598 2927 Lusitanorum
2634 2887 2824 2937 manu,
2855 2887 3210 2941 congressus
3228 2889 3359 2931 cum
3385 2874 3484 2932 Ce-

1836 2958 2019 3026 sonio,
2039 2958 2230 3014 victus
2256 2959 2595 3030 fugiensque
2620 2960 2964 3017 interfectus
2983 2967 3091 3016 est.
3123 2963 3240 3018 Hoc
3263 2961 3479 3018 bellum

1838 3062 1908 3102 eo
1930 3047 2022 3102 die
2046 3051 2236 3103 aetum
2271 3052 2358 3104 est
2393 3063 2506 3119 quo
2539 3055 2705 3120 pater
2733 3065 2934 3106 eorum
2955 3051 3264 3122 Pompeius
3287 3051 3358 3107 ab
3380 3051 3485 3108 Ur-

1843 3136 1934 3206 be,
1967 3134 2184 3192 bellum
2213 3141 2508 3208 gesturus,
2552 3142 2720 3194 antea
2744 3138 3069 3208 aufugerat.
3105 3144 3480 3210 quatuorque

1841 3223 2007 3279 annis
2037 3223 2145 3280 hoc
2172 3224 2387 3280 bellum
2419 3225 2588 3282 civile
2620 3231 2746 3282 toto
2774 3228 2916 3282 orbe
2949 3227 3232 3283 intonuit.
3285 3228 3482 3284 Caesar

1843 3313 2059 3382 itaque,
2091 3311 2548 3370 belliscivilibus
2569 3319 2692 3370 toto
2709 3315 3480 3386 orbecompositis,Romam

1842 3400 2076 3457 rediens
2105 3415 2280 3470 agere
2311 3401 2661 3460 insolentius
2687 3402 2756 3436 ³⁸⁸
2786 3403 2962 3475 capit
3010 3408 3218 3460 contra
3244 3417 3488 3460 consue-

1845 3490 2103 3546 tudinem
2137 3491 2408 3547 Romana
2441 3490 2754 3548 libertatis.
2791 3493 2930 3548 Cum
2961 3506 3102 3562 ergo
3136 3493 3385 3548 honores
3415 3506 3490 3550 ex

1843 3593 1942 3634 sua
1978 3578 2280 3635 voluntate
2316 3580 2736 3650 prestaret,qui
2769 3585 2938 3635 antea
2975 3580 3312 3637 ferebantur
3337 3595 3364 3636 a
3400 3596 3492 3652 po-

1842 3666 2001 3738 pulo,
2036 3682 2144 3723 nec
2169 3668 2394 3724 senatui
2415 3668 2485 3723 ad
2504 3683 2566 3724 se
2599 3668 2855 3724 venienti
2881 3669 3488 3740 assurgeret,aliaque

1843 3756 2001 3826 regia
2033 3762 2087 3812 et
2121 3771 2265 3827 pene
2289 3757 2591 3828 tyrannica
2619 3757 2856 3826 faceret,
2878 3756 3244 3825 conjuratum
3271 3763 3364 3812 est
3424 3758 3482 3814 in

1841 3859 1972 3900 eum
2006 3859 2034 3899 a
2071 3843 2414 3900 ducentiset
2441 3849 2512 3900 60
2532 3843 2618 3900 vel
2650 3843 2900 3915 amplius
2938 3845 3311 3902 senatoribus
3328 3846 3491 3916 equi-

1843 3933 2116 4003 tibusque
2149 3933 2438 3988 Romanis.
2457 3932 2724 4003 Precipui
2758 3932 2912 3988 inter
2943 3930 3354 4002 conjuratores
3370 3933 3492 3989 fue-

1842 4025 1976 4076 runt
2007 4021 2122 4076 duo
2165 4018 2348 4090 Bruti,
2367 4036 2440 4075 ex
2469 4034 2683 4090 genere
2728 4019 2887 4076 illius
2938 4019 3211 4092 Brutiqui
3264 4021 3491 4092 primus

1845 4109 2043 4166 consul
2083 4109 2267 4166 fuerat
2296 4110 2488 4165 Roma
2518 4123 2801 4181 regesque
2842 4108 3172 4180 expulerat,
3191 4115 3248 4166 et
3274 4111 3491 4169 Gneius

1845 4198 2083 4255 Cassius
2111 4204 2170 4254 et
2203 4197 2486 4254 Servilius
2511 4199 2708 4255 Casca.
2765 4198 3022 4264 Quadam
3061 4199 3241 4270 igitur
3271 4199 3364 4256 die
3398 4214 3494 4257 se-

1844 4293 1984 4343 natu
2017 4287 2072 4342 in
2093 4287 2254 4344 curia
2279 4291 2657 4358 congregato,
2675 4303 2804 4345 cum
2821 4289 3016 4344 Casar
3043 4287 3493 4360 advenisset,vi-

1843 4375 1989 4446 ginti
2013 4377 2206 4433 tribus
2219 4376 2432 4433 cultris
2456 4377 2764 4434 senatoriis
2777 4378 3084 4434 confossus
3101 4383 3212 4448 est,
3238 4392 3489 4449 moxque

1846 4469 2120 4522 auctores
2140 4466 2320 4523 cadis
2338 4465 2564 4523 strictis
2584 4465 2936 4538 pugionibus
2960 4466 3014 4521 in
3041 4465 3387 4538 Capitolium
3401 4481 3490 4523 se-

111 4545 394 4609 dictatura
426 4558 567 4609 ante
601 4567 811 4610 annum
846 4553 1054 4609 fuerat.
1116 4553 1334 4609 Deinde
1367 4554 1423 4610 in
1481 4554 1732 4611 Africam
1764 4543 1816 4604 D
1845 4558 2171 4610 cesserunt.
2232 4555 2486 4610 Turbato
2513 4555 2752 4627 populo,
2803 4554 2900 4611 diu
2959 4553 3348 4611 deliberatum
3396 4559 3492 4612 est

112 4639 387 4705 profectus
413 4645 530 4710 est,
585 4641 681 4698 ubi
743 4641 966 4698 infinita
1026 4644 1415 4699 Romanorum
1457 4643 1735 4700 nobilitas

111 4729 376 4785 cumJuba
409 4745 549 4800 rege
580 4730 940 4788 Mauritania
972 4733 1124 4803 apud
1157 4733 1446 4804 Thapsum
1489 4732 1595 4790 sibi
1617 4733 1736 4789 bel-

112 4811 211 4872 lum
226 4823 598 4891 reparaverat
614 4862 627 4874 .
650 4821 1039 4877 Ducesautem
1059 4821 1297 4878 Romani
1312 4825 1478 4878 erant
1496 4821 1737 4880 Publius

114 4903 393 4963 Cornelius
431 4907 646 4980 Scipio,
664 4922 735 4964 ex
775 4909 1183 4980 antiquissimo
1200 4924 1414 4980 genere
1447 4909 1736 4980 Scipionis

111 4991 367 5066 Africani,
402 4997 503 5068 qui
526 4997 698 5054 etiam
723 5013 890 5055 socer
904 4998 1075 5055 Marci
1094 4998 1351 5069 Pompeii
1369 4999 1577 5070 fuerat,
1594 5001 1736 5055 Mar-

109 5093 201 5136 cus
231 5083 498 5140 Petreius
527 5085 848 5158 Varrus'”,
875 5088 1099 5144 Marcus
1132 5087 1368 5143 Portius
1399 5087 1560 5159 Cato,
1630 5089 1736 5146 Lu-

110 5166 539 5232 ciusCornelius
571 5176 1028 5248 Faustus,Sylla
1052 5176 1361 5233 dictatoris
1387 5175 1559 5234 filius.
1594 5179 1736 5234 Con-

113 5259 190 5313 tra
219 5259 322 5318 hos
370 5263 685 5322 commisso
717 5264 938 5338 pralio,
994 5269 1129 5338 post
1180 5268 1394 5324 multas
1439 5265 1734 5325 hominum

1849 4645 2042 4698 utrum
2059 4641 2404 4713 Capitolium
2437 4657 2568 4699 cum
2591 4642 2930 4699 auctoribus
2961 4640 3139 4698 cadis
3176 4644 3493 4712 oporteret

1847 4730 2098 4802 incendi,
2130 4745 2347 4802 corpus
2377 4730 2505 4800 ejus
2541 4734 2770 4802 raptum
2804 4729 3072 4802 populus,
3135 4729 3334 4786 dolore
3389 4729 3494 4787 sti-

1847 4820 2121 4891 mulatus,
2158 4819 2213 4875 in
2248 4820 2373 4874 foro
2405 4818 2746 4888 fragmentis
2768 4816 3145 4874 tribunalium
3175 4831 3241 4874 ac
3264 4817 3492 4875 subsel-

1846 4909 2059 4966 liorum
2091 4907 2394 4966 cremavit.
2429 4905 2641 4962 Eadem
2697 4921 2837 4962 vero
2885 4908 3054 4962 nocte
3085 4920 3213 4976 qua
3270 4906 3490 4966 eadem

1845 4997 1974 5068 ejus
2002 4996 2313 5070 precessit,
2331 4995 2660 5068 Calpurnia,
2681 5009 2826 5051 uxor
2843 4993 2992 5065 ejus,
3017 4993 3164 5050 vidit
3198 4994 3254 5050 in
3270 4995 3494 5055 somnis

1846 5101 1975 5144 eum
2008 5087 2338 5144 confossum
2367 5085 2711 5143 vulneribus
2750 5085 2804 5140 in
2835 5083 2962 5140 sinu
2977 5083 3300 5153 suojacere
3325 5101 3340 5153 ;
3363 5099 3494 5142 ora-

1846 5175 2047 5245 vitque
2061 5189 2192 5231 eum
2217 5188 2287 5231 ne
2305 5188 2470 5229 mane
2493 5173 2679 5230 abiret
2704 5173 2759 5229 in
2774 5176 3060 5240 senatum;
3075 5172 3176 5229 sed
3191 5173 3285 5231 hic
3304 5173 3495 5248 auspi-

1845 5263 2068 5320 ciorum
2085 5263 2261 5320 verba
2285 5277 2442 5336 sape
2457 5262 2779 5335 negligens,
2814 5261 3165 5336 contempsit
3179 5264 3490 5342 somnium,

1447 5431 1684 5496 vitam
1722 5434 2124 5518 LECTloNES.

179 5569 245 5610 '°°
279 5574 445 5656 rigeat
514 5579 568 5638 3.
620 5577 750 5656 anni
805 5581 1034 5656 augusti

1115 5585 1167 5643 ὃ.
1221 5585 1309 5646 to.
1365 5587 1448 5644 11.
1499 5583 1568 5622 ³⁸⁸
1628 5598 1931 5649 romanum
1961 5589 2013 5644 ὅ.
2046 5581 2118 5620 ³⁸⁸
2173 5579 2319 5645 Hac
2375 5577 2654 5644 durent!

1961 5589 2013 5644 δ.
2046 5581 2118 5620 π’
2173 5579 2319 5645 Hac
2375 5577 2596 5644 dormt
2632 5581 2686 5642 4.
2747 5585 2836 5647 11.
2884 5580 2956 5624 ⁸⁸³
3001 5585 3066 5647 D.
3102 5600 3150 5646 r.
3183 5595 3236 5647 α.
3303 5584 3490 5648 dcas

117 5639 180 5679 '“
223 5648 360 5709 add.
395 5664 547 5710 anno
573 5659 624 5712 δ.
655 5639 1094 5716 «(vat-1:32.?“
1123 5639 1190 5717 se
1216 5639 1471 5732 ἀλλ’ίά
1500 5657 1571 5718 M.
1603 5639 1656 5718 fil

1155 5639 1384 5732 ὸέῗδξ
1401 5639 1471 5694 ίδτ
1500 5657 1571 5718 11.
1603 5639 2276 5737 magniﬁcam;
2291 5639 2346 5718 is.
2378 5639 2603 5716 διῖὶῗὰ.
2633 5639 2692 5722 BL.
