3898 6320
417 283 536 376 @47.

1585 273 2069 353 EKKEHARDI
2112 247 2665 335 URAUGIENSIS
3669 277 3767 366 om.

424 418 510 474 rei
542 420 734 472 autem
768 412 1037 486 probavit
1071 416 1336 468 eventus.
1373 411 1520 465 Ante
1581 425 1796 481 paucos
1831 423 2059 481 quoque
2093 407 2145 466 A
2174 410 2270 463 sta
2293 405 2452 462 crede
2468 403 2682 462 delevit
2717 423 2730 473 ;
2767 405 3121 463 Octavianus
3143 407 3580 464 Caesareatenus
3607 416 3762 468 castra

423 507 551 562 dies
583 507 728 564 bove
749 517 818 558 ex
842 518 1000 559 more
1027 505 1301 570 mactata,
1333 516 1434 556 cor
1463 499 1516 554 in
1551 499 1700 554 extis
1746 504 1959 554 nonest
1979 514 2064 554 rc-

423 599 670 667 pertum.
707 591 870 658 Quod
893 607 1022 648 cum
1047 591 1602 662 Spurinnaaruspex
1622 589 2061 658 pronunciasset

425 683 476 738 ei
507 683 578 738 ad
604 681 734 736 vitze
758 681 1080 751 perieulum
1119 679 1433 750 pertinere,
1463 680 1654 733 Cirsar
1690 692 1906 732 memor
1929 693 2064 732 con-

426 771 656 826 stantiae
687 769 766 825 ait
797 789 808 822 :
833 769 1176 836 Miraris,si
1203 767 1299 822 bos
1321 782 1434 822 non
1457 781 1554 822 cor
1576 765 1766 821 liabet.
1809 766 1914 820 Sed
1933 781 2062 821 mox

421 859 557 915 vitze
580 859 705 926 ejus
727 857 1005 912 ﬁnisfuit.
1030 857 1185 911 Idem
1212 857 1494 926 Spurinna
1533 859 1664 910 ante
1691 871 1908 926 paucos
1944 857 2062 911 fere

423 962 604 1003 annos
635 947 819 1001 eidem
855 945 1067 1001 Ctesari
1094 945 1342 1010 dixerat,
1364 945 1654 1000 cavendas
1682 944 1732 999 ei
1781 945 2063 999 esseldus

421 1035 673 1090 Martias.
709 1035 832 1100 Quo
862 1035 955 1089 die
985 1034 1132 1098 viso,
1163 1034 1244 1087 ait
1297 1035 1598 1104 Spurinnze
1643 1035 1870 1089 Cmsar:
1914 1033 2062 1090 Idus

418 1122 950 1180 Martiieenerzmt.
975 1123 1076 1178 Ille
1099 1123 1396 1192 respondit
1421 1123 1574 1178 :S'm'.
1594 1124 1842 1178 non/lum
1871 1123 2062 1178 trans-

417 1213 636 1269 ierunt.
659 1213 870 1268 Eodem
896 1210 988 1266 die
1013 1212 1208 1266 Caesar
1239 1213 1666 1279 confossusest,
1689 1212 1906 1280 virque
1930 1211 2062 1264 nul-

421 1301 511 1356 lus
543 1314 812 1370 umquam
838 1300 1020 1366 magis
1047 1300 1216 1354 bellis
1237 1300 1467 1355 enituit.
1500 1299 1632 1368 Ejus
1651 1299 1935 1368 siquidem
1959 1299 2062 1355 du-

419 1394 516 1446 ctu
551 1390 825 1446 undecies
855 1395 1086 1446 centum
1113 1389 1422 1458 nonaginta
1451 1388 1565 1443 duo
1593 1388 1743 1442 milia
1765 1388 2058 1444 hominum

419 1494 569 1534 czesa
597 1483 750 1535 sunt.
783 1480 917 1534 Nam
954 1483 1232 1548 quantum
1289 1476 1457 1530 bellis
1501 1475 1776 1532 civilibus
1821 1477 2057 1546 fuderit,

422 1573 702 1623 annotare
726 1566 928 1623 noluit.
955 1567 1142 1634 Signis
1165 1565 1797 1634 oollatisrwinquagies
1823 1565 2058 1620 dimica-

421 1656 525 1724 vit,
559 1657 806 1712 Marcum
833 1655 1162 1710 Marcellum
1197 1654 1359 1709 solus
1385 1667 1826 1724 supergressus,
1863 1655 1957 1723 qui
1991 1659 2059 1711 39

2175 495 2514 551 custodivit.
2547 492 2808 551 Secunda
2841 495 3124 551 adversus
3150 496 3455 562 Antonium
3488 507 3658 568 pugna
3677 515 3762 554 ma-

2175 600 2303 653 gnae
2325 585 2616 654 utrimque
2642 591 2871 653 strages
2889 585 3054 640 facta:
3071 588 3226 654 sunt,
3251 585 3480 640 IIircius
3495 586 3676 642 consul
3692 604 3760 645 oc-

2174 673 2360 729 ciditu
2373 675 2626 743 r,Caesar
2641 673 2884 730 victoria
2908 673 3132 744 potitur
3147 690 3160 738 ;
3177 672 3474 728 consulum
3489 675 3758 733 occisorum

2173 765 2423 831 uterque
2439 763 2742 818 exercitus
2769 762 3086 818 Octaviano
3105 761 3316 817 Cmsari
3336 761 3612 817 subditur.
3628 767 3762 820 Anto-

2174 849 2306 906 nius
2333 850 2588 920 fugatus,
2615 851 2828 906 amisso
2849 851 3136 918 exercitu,
3152 849 3498 917 confugitad
3517 851 3758 922 Lepidum,

2175 939 2271 1009 qui
2305 946 2444 996 tunc
2478 941 2756 1009 magister
2787 940 3048 1010 equitum
3087 939 3330 995 Caesaris
3369 939 3567 1008 fueiat,
3593 944 3644 995 et
3669 946 3758 997 tum

2173 1028 2416 1084 militum
2453 1029 2654 1098 copias
2684 1027 2938 1098 grandes
2991 1027 3262 1084 habebat.
3298 1029 3343 1082 A
3373 1042 3484 1097 quo
3506 1034 3761 1100 susceptus

2171 1116 2550 1187 est,ipsoque
2574 1117 3022 1185 interveniente,
3059 1117 3252 1171 Caesar
3298 1113 3515 1186 recepit
3563 1130 3672 1170 cum
3719 1117 3757 1170 in

2170 1205 2440 1274 gratiam,
2475 1211 2650 1276 atque
2681 1207 2755 1261 ob
2779 1206 2946 1260 fidem
2982 1203 3377 1260 reconciliatae
3408 1203 3600 1273 gratia:
3623 1204 3758 1260 filiam

2171 1294 2298 1363 ejus
2330 1294 2383 1348 in
2404 1294 2832 1350 matrimonium
2858 1292 2926 1325 ³⁷⁴
2943 1293 3192 1350 sortitus
3221 1297 3314 1348 est
3341 1311 3356 1360 ;
3382 1297 3440 1348 et
3462 1295 3521 1347 ut
3557 1293 3760 1350 vindica-

2175 1386 2342 1438 turus
2357 1390 2580 1454 patrem
2605 1385 2949 1448 Caesareiiita
2977 1396 3090 1452 quo
3108 1381 3760 1453 pertestamentumheres

2173 1471 2490 1544 adoptatus
2521 1474 2738 1542 fuerat,
2765 1473 3144 1528 Romamcum
3174 1469 3759 1537 exercitutendebat,et
3841 1539 3843 1544 η

2170 1578 2301 1618 cum
2339 1561 2588 1618 Antonio
2611 1576 2676 1617 ac
2695 1560 2906 1632 Lepido
2929 1576 3049 1616 rem
3076 1559 3369 1630 publicam
3393 1557 3760 1614 armistenebat

2171 1654 2230 1705 et
2261 1647 2330 1680 375
2363 1653 2632 1703 senatum
2659 1647 3114 1718 proscripserat.
3143 1647 3401 1714 Cumque
3431 1659 3614 1702 rumor
3635 1644 3760 1699 defu-
3841 1637 3843 1644 “

421 1744 645 1800 vicibus
680 1745 867 1800 fuerat
900 1742 1215 1814 praeliatus.
1265 1743 1346 1797 Ad
1399 1743 1504 1796 hoc
1557 1743 1751 1798 nullus
1809 1743 2061 1798 celerius
2091 1769 2142 1828 Β
2174 1744 2303 1794 tura
2329 1736 2762 1808 proscriptione
2789 1736 2842 1790 in
2877 1737 3031 1790 Urbe
3054 1739 3222 1791 ortus
3255 1743 3434 1804 esset,
3452 1733 3608 1788 Gaius
3633 1733 3757 1788 Tora-
3841 1747 3843 1818 ξ

423 1833 678 1904 scripsit,
711 1847 876 1887 nemo
911 1833 1167 1887 velocius
1190 1831 1350 1898 legit,
1378 1837 1694 1899 quaternas
1721 1831 1894 1885 etiam
1941 1833 2061 1902 epi-

425 1920 610 1978 stolas
632 1921 802 1976 simul
831 1920 1102 1976 dictavit.
1123 1922 1316 1975 Tantie
1343 1920 1446 1974 fuit
1472 1920 1771 1981 bonitatis,
1820 1926 1882 1975 ut
1915 1935 2059 1990 quos

421 2011 600 2064 armis
634 2011 968 2080 subegerat,
1001 2009 1308 2064 clementia
1345 2009 1524 2077 magis
1563 2009 1797 2064 vicerit.
1843 2009 1930 2061 3“.
1958 2011 2062 2064 Eo-

421 2097 549 2153 dem
583 2102 845 2169 tempore
867 2100 1061 2153 Romae
1102 2104 1226 2152 tres
1259 2097 1430 2152 simul
1461 2097 1652 2152 exorti
1674 2097 1830 2153 soles
1868 2097 2061 2169 paula-

421 2185 524 2239 tim
552 2187 1079 2242 ineundemorbem
1098 2185 1384 2254 cojernnt.
1422 2187 1785 2240 lntercetera
1832 2200 2062 2256 quoque

425 2279 697 2346 portenta
728 2291 856 2344 quae
891 2273 1248 2329 toto37°orbe
1277 2275 1424 2328 facta
1459 2279 1614 2344 sunt,
1653 2274 1825 2328 bosin
1857 2276 2063 2330 subur-

423 2363 572 2419 bano
604 2365 798 2419 Roma}
821 2364 890 2418 ad
923 2364 1430 2419 arantcmlocutus
1457 2369 1572 2432 est,
1611 2363 1826 2419 frustra
1873 2379 1934 2419 se
1969 2381 2062 2420 ur-

420 2453 570 2521 geri,
601 2467 714 2508 non
739 2452 889 2508 enim
915 2453 1221 2522 frumenta,
1250 2453 1351 2508 sed
1398 2452 1658 2508 homines
1691 2453 1852 2508 brevi
1903 2454 2063 2509 defu-

425 2546 610 2597 turos.

494 2630 847 2686 Octavianus
871 2632 1082 2699 Czesar,
1101 2629 1196 2700 qui
1216 2636 1420 2701 postea
1446 2636 1742 2699 Augustus
1758 2636 1844 2686 est
1867 2632 2062 2704 appel-

424 2718 597 2788 latus,
633 2733 789 2788 aquo
803 2723 858 2774 et
882 2720 1558 2790 deincepsimperatorcs
1585 2723 1968 2777 Romanorum
1995 2720 2061 2754 ³⁷¹

425 2807 654 2876 augusti
679 2807 818 2861 dicti
843 2813 997 2875 sunt,
1018 2808 1462 2875 regnavitannis
1493 2812 1578 2874 56,
1615 2814 1682 2864 12
1715 2826 1843 2864 cum
1891 2812 2063 2866 Anto-

421 2895 516 2950 nio
543 2900 602 2950 et
633 2894 865 2966 Lepido,
893 2895 1056 2951 solus
1087 2912 1223 2952 vero
1256 2899 1321 2950 44
1345 2897 1452 2962 (Cf.
1486 2899 1691 2968 "II-38.).
1713 2899 2062 2969 (H.712.)Ilic

421 2983 662 3039 Octavio
695 2988 858 3054 patre
891 2990 1162 3040 senatore
1184 2985 2060 3056 genitus,maternumgenusab

420 3075 595 3128 Enea
628 3088 732 3144 per
759 3073 966 3129 Juliam
986 3074 1255 3128 familiam
1279 3075 1526 3130 sortitus
1550 3079 1659 3144 est,
1681 3075 1836 3130 [ilius
1857 3078 2055 3147 Actias,

423 3160 648 3218 sororis
677 3161 1094 3230 JuliiCaesaris,
1123 3176 1292 3230 quem
1323 3161 1421 3217 ille
1437 3162 1736 3233 adoptavit
1783 3164 1834 3218 in
1855 3164 2054 3236 ﬁlium,

419 3265 549 3306 cum
573 3264 686 3304 non
718 3250 962 3304 haberet
987 3249 1304 3320 proprium,
1329 3255 1387 3304 et
1408 3253 1761 3306 testamento
1785 3252 2058 3308 heredem

422 3338 660 3408 reliquit
691 3353 1017 3408 nomenque
1031 3354 1196 3394 suum
1232 3340 1382 3394 ferre
1409 3340 1604 3409 jussit.
1625 3342 1942 3397 Interfecto
1961 3342 2061 3411 igi-

425 3431 523 3482 tur
537 3429 762 3483 Czesare
781 3425 1152 3482 mavunculo
1177 3443 1304 3498 suo,
1329 3444 1457 3483 cum
1477 3429 1721 3498 primum
1744 3431 2059 3486 rediensab

424 3513 728 3585 Apollonia
763 3515 1414 3585 Urbemingrederctur,
1435 3518 1573 3572 hora
1603 3518 2055 3589 circitertercia,

425 3609 668 3674 repente
700 3603 919 3674 liquido
941 3620 1005 3660 ac
1026 3621 1174 3676 puro
1205 3621 1410 3661 sereno
1433 3607 1503 3661 ad
1529 3607 1781 3677 speciem
1804 3607 2058 3663 cmlestis

423 3707 595 3748 arcus
625 3693 824 3748 orbem
840 3693 979 3749 solis
1001 3693 1200 3749 ambiit
1233 3694 1510 3761 circulus,
1531 3695 1693 3764 quasi
1735 3697 2060 3766 eumpetis-

424 3781 631 3838 simum
654 3783 708 3836 in
757 3783 970 3838 mundo
1024 3783 1326 3855 solumque
1369 3783 1757 3841 clarissimum
1818 3786 1874 3840 in
1915 3787 2058 3843 orbe

418 3875 794 3941 monstraret,
825 3873 997 3942 cujus
1051 3877 1311 3944 tempore
1337 3875 1673 3930 nasciturus
1727 3879 1905 3945 esset,
1961 3875 2058 3945 qui

413 3960 600 4031 ipsum
623 3959 804 4016 solem
849 3959 1010 4017 solus
1040 3961 1431 4036 mundumque
1461 3967 1648 4026 totum
1706 3967 1763 4020 et
1825 3963 2058 4020 fecisset

411 4051 472 4104 et
491 4053 740 4117 regeret.

485 4139 648 4192 Anno
674 4137 868 4205 itaque
890 4138 962 4192 ab
991 4137 1146 4192 Urbe
1181 4139 1415 4195 condita
1438 4143 1544 4196 709
1567 4139 1876 4196 interfecto
1901 4139 2056 4196 Julio

415 4225 664 4293 Caesare,
703 4223 853 4280 bella
873 4225 1066 4280 civilia
1091 4231 1360 4296 reparata
1403 4233 1560 4283 sunt.
1601 4227 2057 4285 Percussoribus

415 4311 568 4368 enim
601 4313 848 4368 Caesaris
865 4313 1091 4369 favebat
1109 4320 1348 4372 senatus
1373 4316 1683 4383 ;Antonius
1706 4321 1900 4372 autem
1920 4331 2055 4372 con-

415 4400 643 4472 sul,qui
684 4406 811 4457 erat
843 4403 1095 4474 partium
1123 4405 1384 4471 Caesaris,
1434 4405 1709 4462 civilibus
1753 4405 1922 4462 bellis
1951 4421 2055 4462 eos

2093 3128 2142 3190 Ο

2172 1843 2282 1883 nus
2311 1826 2380 1859 ³⁷⁸
2412 1826 2498 1881 vir
2520 1825 2816 1897 pretorius
2835 1824 3006 1880 nichil
3035 1823 3148 1878 tale
3174 1821 3757 1893 suSpicans,incursan-

2175 1917 2333 1972 tibus
2367 1915 2672 1978 militibus,
2702 1915 2756 1970 in
2791 1915 2962 1969 domo
2985 1927 3090 1970 sua
3115 1903 3462 1968 interfectus
3483 1909 3756 1980 est,aliique

2172 2005 2508 2076 complures
2543 2003 2608 2036 ³⁷⁷
2635 2002 2858 2059 nobiles
2885 2002 3159 2058 trucidati
3184 2007 3344 2058 sunt.
3371 2001 3480 2057 Sed
3532 2013 3596 2054 ne
3629 1998 3758 2054 incir-

2173 2095 2527 2164 cumscripta
2561 2093 2753 2148 caedes
2777 2091 3118 2147 effrenatius
3141 2095 3439 2160 ageretur,
3468 2093 3561 2145 132
3579 2091 3758 2144 senato-

2175 2199 2299 2238 rum
2331 2182 2559 2237 nomina
2586 2183 2640 2236 in
2665 2180 2860 2236 tabula
2879 2181 3179 2250 proposita
3205 2183 3364 2246 sunt,
3401 2179 3624 2250 primum
3639 2174 3758 2246 Lepi-

2173 2271 2227 2326 di
2264 2277 2537 2342 precepto
2559 2269 3110 2338 etnomine,deinde
3134 2268 3392 2338 Antonii,
3413 2266 3582 2323 tercio
3617 2267 3758 2321 Casa-

2175 2359 2367 2415 ris.Ibi
2393 2359 2682 2415 Antonius
2704 2356 2951 2414 Tullium
2971 2358 3308 2413 Ciceronem
3335 2355 3609 2411 inimicum
3630 2368 3758 2410 suum

2176 2449 2622 2521 proscripserat.
2647 2447 2879 2502 Lucium
2905 2461 3137 2516 quoque
3162 2447 3447 2502 Caesarem
3469 2441 3758 2500 avunculum

2175 2553 2365 2606 suum,
2381 2541 2439 2592 et
2459 2536 2612 2607 quod
2638 2535 3046 2605 exaggerando
3069 2533 3280 2590 sceleri
3299 2531 3558 2603 accessit,
3577 2530 3758 2587 viduam

2175 2631 2417 2681 matrem
2455 2625 2858 2697 proscripsit,
2893 2623 2970 2679 ibi
2997 2623 3247 2694 Lepidus
3299 2623 3527 2679 Lucium
3571 2619 3758 2676 Paulum

2176 2716 2414 2770 fratrem
2448 2715 2501 2768 in
2536 2713 2780 2770 eundem
2800 2705 3263 2784 proscripturum
3289 2725 3516 2782 gregem
3539 2706 3754 2778 conjecit;

2173 2803 2504 2874 adjectique
2525 2808 2660 2858 sunt
2687 2807 2886 2872 postea
2916 2801 3153 2870 triginta
3177 2802 3408 2871 equites
3434 2797 3647 2856 Romani
3667 2794 3751 2865 (Cf.

2175 2893 2348 2962 Onos,
2383 2908 2455 2954 vr,
2493 2897 2576 2948 18.
2603 2923 2672 2930 —
2695 2893 2770 2946 Η.
2796 2891 3129 2963 m.),Mult;p
3160 2895 3220 2945 et
3253 2889 3430 2944 variae
3475 2886 3652 2942 clades
3686 2881 3756 2939 diu

2173 2985 2495 3052 actaagsunt,
2515 2981 2722 3036 domus
2745 2977 3498 3050 proscriptorum,direptis
3521 2973 3754 3042 omnibus,

2172 3069 2382 3124 dirutae
2415 3069 3043 3134 sunt.Interea,Brutus
3068 3074 3128 3122 et
3153 3066 3391 3122 Cassius
3408 3064 3755 3121 interfectores

2173 3158 2291 3212 Gaii
2327 3159 2594 3227 Czesaris,
2632 3158 2834 3227 ingens
2853 3157 3394 3213 bellummoverunt
3427 3159 3613 3223 ;erant
3641 3150 3754 3208 enim

2173 3261 2275 3318 per
2300 3245 2684 3303 Macedoniam
2709 3253 2766 3301 et
2798 3246 3080 3302 orientem
3116 3245 3283 3301 multi
3322 3243 3603 3300 exercitus
3645 3253 3756 3312 quos

2171 3341 2619 3408 occupaverant.
2651 3335 2750 3405 (Η.
2779 3338 2848 3392 R.
2875 3341 2934 3392 et
2956 3337 3034 3391 Η.
3056 3335 3435 3406 m.)Profecti
3475 3336 3596 3390 sunt
3619 3329 3756 3399 igitur

2171 3430 2375 3481 contra
2407 3440 2506 3480 eos
2531 3425 2883 3480 Octavianus
2909 3426 3102 3490 Caesar
3135 3427 3189 3478 et
3240 3423 3464 3478 Marcus
3503 3414 3752 3482 Antonius,
3819 3419 3824 3422 '

2172 3514 2385 3585 Lepido
2418 3515 2486 3569 ad
2516 3513 2932 3569 defendendam
2953 3511 3175 3568 Italiam
3198 3515 3551 3572 remanente,
3572 3519 3620 3564 et
3639 3501 3754 3576 apud

2170 3603 2468 3673 Philippos
2499 3603 2841 3659 Macedoniae
2871 3603 3171 3658 civitatem
3195 3608 3408 3658 contra
3435 3615 3530 3656 eos
3553 3608 3752 3670 pugnam

2171 3697 2282 3756 tes,
2321 3692 2505 3763 primo
2529 3691 2732 3763 praelio
2757 3692 2895 3748 victi
2913 3696 3050 3748 sunt
3086 3709 3100 3757 ;
3123 3690 3303 3762 periit
3367 3697 3544 3746 tamen
3567 3687 3664 3742 dux
3683 3695 3756 3738 no-

2171 3780 2419 3836 bilitatis
2439 3782 2702 3848 Cassius;
2739 3781 2998 3837 secundo
3039 3782 3282 3836 Brutum
3318 3785 3378 3836 et
3405 3777 3658 3833 infinitam
3683 3784 3756 3824 no-

2172 3869 2458 3926 bilitatem
2482 3870 2659 3926 vitam
2681 3870 3201 3935 interfecerunt;ac
3226 3869 3315 3925 sic
3338 3868 3486 3922 inter
3505 3878 3598 3921 eos
3613 3858 3752 3918 divisa

2169 3964 2258 4016 est
2294 3974 2386 4014 res
2416 3959 2668 4030 publica,
2702 3966 2765 4014 ut
2797 3959 2990 4014 Caesar
3026 3957 3375 4029 Ilyspaniam
3407 3959 3462 4012 et
3503 3950 3685 4009 Gallias
3707 3948 3750 4001 et

2168 4047 2389 4103 Italiam
2416 4052 2641 4104 teneret
2675 4047 2961 4104 Antonius
2984 4047 3198 4116 Asiam,
3227 4048 3470 4102 Pontum
3512 4045 3562 4098 et
3608 4036 3751 4094 orien-

2167 4141 2312 4192 tem.
2354 4137 2464 4192 Sed
2499 4137 2554 4192 in
2596 4135 2756 4192 Italia
2818 4135 3034 4202 bellum
3087 4135 3262 4191 civile
3295 4136 3544 4191 moverat
3591 4125 3750 4185 Lucius
3841 4125 3843 4186 l

2171 4225 2456 4281 Antonius
2474 4224 2696 4293 consul,
2735 4225 2915 4280 frater
2935 4224 3062 4295 ejus
3091 4223 3187 4294 qui
3219 4238 3350 4280 cum
3408 4223 3612 4277 Caesare
3651 4225 3749 4271 con-
3842 4223 3843 4244 ι

2169 4319 2258 4369 tra
2291 4315 2529 4370 Brutum
2552 4319 2612 4370 et
2643 4313 2901 4370 Cassium
2917 4311 3234 4368 dimicavit.
3261 4313 3314 4368 Is
3336 4310 3484 4382 apud
3501 4303 3745 4364 Perusium

2169 4403 2388 4460 Tusciae
2417 4403 2714 4460 civitatem
2749 4403 2942 4458 victus
2964 4405 3018 4457 et
3050 4406 3260 4474 captus
3282 4406 3394 4470 est,
3441 4396 3538 4455 sed
3564 4407 3654 4451 non
3677 4403 3746 4446 οε·
3842 4467 3843 4470 η

415 4489 1104 4562 obprimereconabatur.
1130 4495 1280 4564 Ergo
1297 4495 1528 4550 turbata
1546 4509 1606 4550 re
1632 4494 2054 4566 publica,inter
2083 4497 2140 4560 D
2168 4493 2344 4550 cisus.
2381 4495 2452 4548 At
2482 4493 2679 4548 Romae
2708 4491 2923 4563 Fulvia,
2952 4506 3098 4548 uxor
3127 4489 3385 4560 Antonii,
3441 4498 3625 4544 socrus
3664 4482 3744 4536 Cie-

412 4579 593 4636 multa
625 4579 851 4636 scelera
877 4596 1002 4652 quae
1019 4583 1302 4638 Antonius
1325 4583 1633 4638 commisit.
1670 4583 1901 4640 Decium
1925 4586 2058 4641 Bru-

409 4659 534 4724 tum
548 4667 701 4740 apud
715 4669 987 4726 Mutinam
1003 4670 1350 4727 absiditione
1363 4671 1672 4727 conclusit.
1693 4674 1802 4728 Pro
1817 4687 1926 4744 qua
1947 4689 2010 4728 re
2025 4689 2056 4730 a

412 4762 617 4814 senatu
641 4757 1150 4828 hostisjuuicatus
1174 4764 1286 4827 est,
1315 4759 1594 4830 missique
1610 4765 1746 4817 sunt
1777 4761 1846 4817 ad
1881 4775 2058 4833 expu-

409 4846 701 4915 gnandum
733 4861 864 4904 eum
889 4848 1004 4904 duo
1036 4848 1330 4918 consules,
1375 4850 1561 4906 Pansa
1585 4854 1645 4906 et
1690 4849 1942 4920 Hircius,
1996 4855 2053 4906 et

407 4939 538 4992 cum
567 4937 658 4994 his
689 4936 1044 4994 Octavianus
1066 4937 1426 5008 adolescens,
1458 4944 1632 4996 natus
1655 4955 1839 4996 annos
1861 4939 1929 4972 ³⁷³
1963 4945 2050 4996 17.

407 5023 492 5078 Ex
519 5026 733 5096 quibus
763 5027 945 5082 Pansa
961 5027 1148 5098 primo
1165 5027 1424 5099 veniens,
1443 5029 1558 5100 pilo
1576 5029 1838 5098 graviter
1857 5028 2056 5084 vulne-

403 5115 591 5183 ratur,
624 5113 686 5170 et
707 5115 1073 5185 interpositis
1102 5117 1309 5175 diebus
1340 5119 1591 5174 moritur
1617 5136 1632 5186 ;
1660 5117 1895 5174 Hircius
1917 5132 2055 5173 vero

407 5197 658 5274 collegas
683 5201 964 5262 auxilium
997 5205 1211 5279 ferens,
1233 5222 1472 5280 magnas
1495 5207 1729 5266 Antonii
1744 5206 1948 5279 copias
1962 5221 2056 5264 va-

2169 4582 2343 4647 saris,
2377 4581 2732 4638 dominatum
2793 4583 2854 4639 ut
2916 4580 3126 4638 mulier
3166 4579 3496 4648 exercebat,
3544 4567 3745 4629 insolens

2169 4671 2343 4727 etiam
2359 4670 2414 4727 in
2438 4685 2538 4727 eos
2567 4685 2670 4742 per
2693 4685 2838 4741 quos
2861 4674 2922 4726 ut
2957 4668 3338 4726 insolesceret
3359 4667 3620 4737 agebatur
3637 4657 3744 4726 ;Ca?‘

2169 4775 2356 4819 sarem
2383 4776 2612 4832 quoque
2635 4760 3008 4818 contumeliis
3029 4765 3086 4817 et
3121 4759 3348 4816 insidiis
3379 4755 3538 4830 petiit
3558 4765 3610 4816 ;a
3658 4756 3740 4817 (ιιιο

2170 4849 2538 4922 propulsata,
2561 4848 2633 4907 ad
2663 4849 2970 4906 Antonium
3001 4849 3054 4905 in
3079 4849 3338 4906 Greciam
3361 4839 3640 4903 concessit.
3661 4837 3742 4930 An-

2168 4939 2363 4996 tonius
2409 4953 2550 4996 vero
2599 4937 2774 4994 etiam
2827 4936 3150 5008 Octaviam,
3219 4949 3471 4993 sororem
3527 4930 3738 4986 Caesaris

2168 5025 2336 5082 duxit
2368 5039 2625 5082 uxorem.
2663 5025 2896 5081 Interim
2923 5039 2952 5080 a
2979 5025 3154 5080 Sexto
3175 5025 3462 5094 Pompeio,
3484 5013 3740 5072 GneiPom-

2171 5115 2281 5186 peii
2316 5113 2456 5185 tilio,
2483 5115 2687 5185 ingens
2710 5113 3004 5171 bellumin
3048 5111 3241 5170 Sicilia
3289 5111 3611 5168 commotum
3651 5098 3734 5162 est,

2166 5204 2450 5262 adversus
2472 5219 2641 5276 quem
2673 5203 3027 5262 Octavianus
3054 5204 3246 5261 Caesar
3266 5205 3326 5258 et
3369 5199 3578 5256 Marcus
3604 5189 3737 5247 Δηιο-

1777 5375 2012 5439 νΑΒΙιΕ
2051 5374 2452 5444 LECIIONES.
2479 5433 2484 5438 .

483 5515 1414 5604 Yigcgret‘vel‘viceritj,:70
1441 5541 1603 5592 exeo
1632 5534 1691 5604 9e
1707 5528 1780 5604 ait
1835 5545 1882 5588 ι..
1941 5512 2056 5604 imp

2176 5571 2188 5584 .
2228 5528 2307 5604 ³⁷1
2352 5519 2762 5590 JulioCaesare
2800 5529 2867 5587 β.
2909 5522 2995 5580 ,³⁷³
3045 5536 3228 5584 annos
3280 5535 3336 5592 ῃ.
3396 5524 3447 5580 δ.
3477 5515 3539 5572 ἔτι
3579 5499 3735 5571 matri-

411 5586 612 5646 monio
631 5593 683 5646 δ.
715 5587 788 5626 ³⁷⁸
835 5588 1003 5652 deest
1017 5597 1068 5652 4.
1103 5592 1182 5654 σοζ
1211 5585 1673 5682 8“"l'hor'an's9'5;
1704 5585 1773 5678 ἔθ’(
1824 5585 2059 5678 ᾁίιθὶιῖᾗ

2172 5613 2224 5658 es
2281 5603 2330 5658 δ.
3296 5585 3315 5592 “
3640 5638 3644 5642 .
