3898 6320
56 342 156 406 649

933 334 1373 403 CHRONICA.
1406 372 1484 383 —
1512 327 1987 399 CHRONICON
2029 330 2555 402 UNIVERSALE

3341 345 3460 410 650

56 480 166 536 nius
193 476 642 548 pugnaverunt;
673 470 777 528 sed
812 485 924 542 pax
951 468 1021 503 ³⁷⁸
1051 470 1205 529 inter
1241 484 1343 527 eos
1392 473 1689 543 postremo
1721 471 1776 530 A
1805 484 2117 528 occurrere
2147 473 2438 544 imperans
2472 486 2711 530 uxorem
2742 473 2927 530 duxit.
2960 473 3086 530 Mox
3118 474 3319 545 ingens
3342 479 3460 534 bel-

53 565 330 625 cenvenit.
370 563 553 630 Quam
585 575 717 617 cum
766 565 966 631 postea
1014 559 1321 631 Pompeius
1368 562 1687 630 rumperet,

56 655 292 728 Agrippa
318 654 492 724 jussu
524 649 773 707 Caesaris
800 663 934 705 cum
967 662 1036 704 eo
1077 647 1361 719 conﬂixit,
1407 651 1468 704 et
1512 647 1691 713 vicit;

55 750 273 803 centum
306 740 616 809 sexaginta
636 744 761 794 tres
785 751 964 795 naves
987 737 1112 808 ejus
1136 741 1235 792 aut
1256 737 1459 793 mersit
1482 739 1581 793 aut
1605 749 1696 791 ce-

55 830 510 907 pit;Pempeius
537 843 668 885 cum
702 830 765 883 l7
805 826 901 883 vix
945 825 1141 897 lapsus
1188 826 1398 880 evasit.
1449 823 1698 896 Lepidus

56 933 273 993 quoque
306 932 511 988 magna
542 915 748 986 viginti
782 914 1075 984 legionum
1107 912 1418 969 insolentia
1441 916 1694 983 tumens,

55 1025 168 1065 cum
198 1010 526 1065 Messanam
562 1003 849 1060 militibus
882 1002 1217 1073 permissam
1240 1000 1309 1034 ³⁷⁸
1331 1000 1695 1073 diripuisset,

56 1099 231 1169 ipsum
248 1099 535 1153 Caesarem
560 1092 629 1148 ad
647 1105 708 1149 se
732 1090 1058 1146 venientem
1086 1088 1265 1145 semel
1289 1093 1463 1159 atque
1488 1089 1698 1143 iterum

54 1185 288 1257 sprevit,
324 1198 390 1239 ac
410 1182 612 1253 potius
637 1179 772 1236 telis
793 1178 991 1250 appeti
1010 1177 1189 1249 jussit
1213 1195 1227 1243 ;
1252 1192 1379 1248 quae
1404 1176 1502 1231 ille
1524 1175 1702 1232 celle-

55 1279 139 1329 cta
172 1274 227 1329 in
260 1272 472 1329 lzevum
507 1268 810 1326 brachium
839 1267 1073 1323 lacerna
1108 1265 1446 1338 repellendo
1470 1265 1696 1322 vitavit.

56 1364 173 1419 Mox
201 1360 461 1417 immisse
490 1372 642 1429 eque
674 1356 745 1413 ad
778 1370 916 1412 suos
957 1368 1249 1426 reversus,
1292 1354 1700 1424 instructeque

57 1451 333 1520 exercitu,
368 1450 652 1507 adversus
684 1444 959 1516 Lepidum
985 1444 1259 1517 ,veniens,
1300 1442 1581 1515 plurimas
1624 1442 1702 1498 le-

54 1542 251 1611 giones
299 1538 448 1608 ejus,
502 1536 708 1608 paucis
758 1532 1108 1604 interfectis,
1160 1533 1215 1588 in
1261 1547 1422 1589 suam
1472 1536 1701 1603 partem

55 1628 304 1685 transire
326 1625 539 1695 coegit.
567 1623 820 1695 Lepidus
840 1621 1443 1691 tandemintelligens,
1467 1634 1581 1691 quo
1597 1634 1700 1676 sua

54 1717 285 1774 vanitas
308 1714 590 1783 tenderet,
626 1711 898 1784 deposito
922 1709 1356 1782 paludamento,
1379 1713 1702 1779 assumpta-

54 1820 165 1879 que
197 1807 365 1861 veste
395 1801 567 1874 pulla,
602 1799 852 1872 supplex
890 1798 1100 1892 Caesari
1152 1799 1363 1892 factus,
1417 1797 1697 1892 vitamuet
1727 1828 1784 1892 Β

54 1896 197 1950 bona
215 1891 571 1963 impetravit,
590 1893 875 1961 perpetuo
890 1887 1123 1959 quidem
1138 1887 1483 1944 emendatus
1496 1885 1696 1943 exilio.

55 1982 154 2054 (Ct‘.
188 1981 365 2037 Onos.
402 1978 443 2034 Ζ.
480 1979 517 2035 l.
549 1978 627 2034 Η.
658 1979 763 2050 m.)
793 1977 896 2034 llis
928 1975 1298 2047 temporibus
1340 1976 1594 2047 Agrippa
1643 1974 1698 2030 in

57 2069 364 2141 Aquitania
395 2082 515 2123 rem
549 2080 828 2138 prospere
860 2064 1303 2135 egit,etLucius
1317 2061 1703 2120 Ventidius”0

2 2212 5 2213 ν
57 2160 266 2214 Bassus
294 2156 690 2227 irrumpentes
712 2154 768 2209 in
793 2153 1013 2224 Syriam
1037 2154 1246 2209 Persas
1265 2152 1460 2208 tribus
1483 2150 1702 2223 praeliis

55 2246 212 2317 vicit,
243 2245 593 2301 Parthorum
628 2243 782 2313 regis
812 2240 1021 2297 Orodis
1050 2240 1228 2297 ﬁlium
1261 2240 1579 2310 interfecit,
1628 2254 1699 2295 eo

56 2335 180 2407 ipso
208 2334 299 2390 die
324 2348 439 2404 quo
462 2332 600 2388 olim
626 2331 850 2388 Orodes
872 2344 974 2402 per
998 2330 1205 2386 ducem
1229 2329 1505 2384 Surenam
1537 2329 1700 2384 Cras-

56 2439 178 2480 sum
207 2421 441 2479 eecidit.
476 2423 699 2477 Taurus
728 2434 961 2491 quoque
990 2418 1237 2475 Caesaris
1266 2418 1564 2489 prefectus
1614 2421 1699 2473 te-

53 2517 165 2568 tam
196 2526 341 2584 pene
369 2510 624 2565 Siciliam
654 2508 811 2565 ferre
842 2509 1292 2581 pertemptatam
1327 2507 1383 2561 in
1416 2505 1586 2561 ﬁdem
1612 2520 1699 2561 re-

51 2600 225 2672 cepit.
281 2598 679 2668 Quadraginta
742 2603 996 2668 quatuor
1055 2595 1316 2665 legiones
1366 2595 1475 2651 sub
1522 2595 1696 2651 unius

51 2696 186 2745 tunc
218 2686 288 2720 ³⁸¹
319 2686 564 2759 imperio
596 2685 842 2741 Caesaris
865 2688 1051 2740 erant.
1079 2682 1241 2739 Unde
1265 2682 1481 2738 milites
1505 2682 1699 2738 multi-

48 2777 251 2834 tudine
282 2777 507 2832 l'ereces
541 2774 821 2846 quosdam
854 2789 960 2846 pre
1000 2772 1358 2844 accipiendis
1404 2772 1561 2842 agris
1612 2775 1701 2828 tu-

50 2866 269 2923 multus
298 2866 721 2921 excitaverant.
759 2863 868 2919 Sed
902 2866 1113 2931 Caesar,
1158 2860 1347 2917 animo
1376 2861 1597 2932 ingens,
1633 2867 1702 2917 20

52 2955 207 3011 milia
232 2954 479 3009 militum
500 2953 926 3023 exauctoravit,
950 2956 1018 3008 30
1034 2950 1188 3006 milia
1203 2965 1504 3007 servorum
1521 2950 1705 3006 domi-

53 3044 142 3100 nis
164 3042 449 3107 restituit,
474 3046 506 3097 6
527 3041 705 3111 milia,
728 3055 972 3112 quorum
994 3039 1211 3095 domini
1233 3054 1348 3096 non
1367 3040 1701 3110 exstabant,

52 3132 107 3187 in
138 3145 376 3189 crucem
408 3130 549 3201 egit,
578 3130 694 3200 jam
726 3128 869 3201 (214)
908 3132 1027 3184 tum
1064 3127 1132 3161 ³⁸²
1180 3141 1551 3199 presngnans,
1602 3144 1705 3186 suo

52 3224 314 3293 tempore
334 3219 701 3276 nasciturum
724 3232 871 3288 esse,
888 3231 993 3288 per
1008 3230 1177 3287 quem
1193 3216 1603 3287 superbientes
1620 3232 1708 3273 re-
1740 3191 1788 3253 Ο

51 3307 340 3381 primendi
372 3312 433 3364 et
464 3322 663 3363 omnes
696 3306 847 3363 servi
880 3319 984 3362 suo
1014 3319 1157 3361 vero
1181 3302 1249 3337 ³⁸³
1279 3303 1511 3360 domino
1536 3306 1709 3362 resti-

50 3396 254 3454 tuendi
287 3399 507 3468 essent,
544 3396 641 3467 qui
674 3400 867 3451 tamen
902 3393 1196 3450 dominum
1229 3408 1396 3450 suum
1429 3408 1707 3464 recogno-

50 3491 289 3543 scerent
314 3504 330 3554 ;
364 3487 463 3557 qui
494 3499 635 3541 vero
658 3484 781 3540 sine
800 3483 1032 3539 domino
1054 3483 1477 3553 invenirentur,
1501 3484 1705 3539 mortis

50 3575 343 3648 supplicio
373 3574 743 3646 punirentur.
770 3574 911 3628 Post
935 3573 1059 3629 haec
1084 3572 1474 3629 Caesarevans
1495 3572 1705 3630 Urbem

50 3664 451 3735 ingressus,ut
473 3663 529 3718 in
563 3666 912 3735 perpetuum
933 3660 1257 3719 tribunitiae
1281 3661 1597 3733 potestatis
1616 3676 1708 3719 es-

49 3760 166 3824 set,
197 3768 227 3809 a
262 3756 506 3809 senatus
538 3752 777 3808 decreto
811 3751 1059 3823 accepit.

120 3842 223 3898 His
243 3841 456 3898 diebus
478 3845 643 3897 trans
664 3840 928 3912 Tyberim
951 3854 982 3896 e
1006 3841 1249 3896 taberna
1265 3839 1564 3896 meritoria
1582 3839 1706 3895 fons

44 3930 165 3988 olei
179 3930 251 3986 de
264 3933 426 3986 terra
441 3929 779 4001 exundavit,
798 3942 865 3985 ac
878 3943 984 4000 per
1008 3932 1193 3985 totum
1209 3928 1359 3985 diem
1377 3928 1706 3998 largissime

45 4020 178 4075 rivo
191 4019 380 4089 (luxit,
399 4018 737 4088 significans
751 4019 860 4074 sub
875 4020 1161 4089 perpetuo
1177 4017 1510 4089 principatu
1526 4016 1708 4074 nasci-

45 4108 171 4163 turi
203 4107 332 4178 ejus
350 4111 617 4178 tempore
642 4105 876 4176 Christi,
906 4109 1029 4162 toto
1049 4105 1164 4176 die,
1190 4105 1245 4161 id
1270 4110 1361 4161 est
1385 4105 1540 4163 omni
1564 4111 1706 4162 tem-

44 4210 214 4269 pore,
249 4195 491 4252 Romani
524 4194 751 4267 imperii
783 4193 855 4250 de
883 4194 1114 4266 hospita
1138 4194 1417 4265 largaque
1439 4193 1704 4252 aecclesia

42 4284 182 4341 oleo
195 4284 347 4342 sacri
360 4283 658 4341 crismatis
674 4288 885 4341 unctos
901 4283 1304 4341 indesinenter
1320 4298 1705 4356 processuros

46 4373 161 4443 (Cf.
195 4374 370 4431 Ones.
401 4388 479 4445 γι,
522 4373 635 4445 20).

122 4461 227 4533 (H.
257 4465 362 4537 φη.)
396 4462 687 4520 Antonius
720 4465 934 4535 autem,
967 4461 1065 4534 qui
1096 4461 1292 4518 Asiam
1323 4467 1383 4517 et
1406 4461 1703 4519 Orientem

1807 557 1921 615 lum
1936 560 2106 616 civile
2122 560 2453 631 commovit,
2485 565 2729 630 cogente
2746 561 3073 633 Cleopatra,
3092 562 3224 619 dum
3240 567 3460 636 cupidi-

1808 650 1928 701 tate
1948 646 2216 703 muliebri
2241 646 2404 719 cupit
2428 647 2602 703 etiam
2628 648 2682 702 in
2698 649 2850 703 Urbe
2864 662 3127 717 regnare.
3150 652 3462 722 Profectus

1805 740 1897 791 est
1930 736 2108 805 igitur
2139 737 2332 792 Caesar
2363 752 2391 792 a
2429 736 2751 793 Brundusio
2782 737 3065 793 Calabriae
3098 738 3153 793 in
3204 739 3453 811 Epyruin

1807 825 2091 883 adversus
2106 827 2436 896 Antonium,
2463 826 2559 898 qui
2577 826 2693 897 jam
2709 841 2877 882 omne
2892 827 3119 884 Actium
3147 828 3284 885 litus
3308 830 3459 886 clas-

1810 914 1975 972 sibus
2005 915 2332 973 obsidebat.
2366 917 2552 971 Naves
2584 916 2828 972 Caasaris
2856 921 3021 971 erant
3056 917 3457 975 ducentzetri-

1807 1002 1965 1071 ginta
1992 1007 2262 1060 rostratae
2285 1008 2345 1059 et
2367 1008 2435 1060 3O
2456 1004 2580 1060 sine
2603 1004 2817 1061 rostris
2841 1004 3130 1073 triremes,
3158 1010 3213 1061 ct
3230 1011 3365 1063 ecte
3381 1006 3457 1063 le-

1808 1092 2012 1161 giones
2044 1092 2219 1149 classi
2245 1093 2633 1165 superpositze
2656 1093 2874 1162 absque
2897 1094 3239 1150 cohortibus
3262 1102 3457 1167 prete-

1814 1181 1916 1237 riis
1942 1181 2215 1252 quinque.
2243 1182 2453 1238 Classis
2475 1185 2666 1238 autem
2693 1181 2925 1236 Antonii
2954 1185 3055 1236 170
3077 1183 3305 1239 navium
3325 1186 3453 1256 fuit,

1812 1275 2090 1341 quantum
2124 1286 2366 1328 numero
2395 1270 2628 1340 cedens,
2662 1274 2887 1326 tantum
2910 1270 3304 1340 magnitudine
3330 1289 3458 1343 pre-

1810 1358 2071 1425 cellens;
2106 1374 2234 1415 nam
2259 1360 2459 1416 decem
2482 1360 2691 1432 pedum
2716 1357 3028 1414 altitudine
3053 1361 3245 1415 amari
3269 1362 3457 1417 excel-

1812 1445 2028 1504 lebant.
2066 1450 2366 1504 Famesum
2402 1449 2504 1504 hoc
2537 1447 2752 1504 bellum
2786 1446 2913 1517 fuit,
2944 1448 3016 1504 ab
3059 1449 3198 1503 liora
3255 1450 3454 1520 quinta

1813 1551 1996 1607 usque
2019 1537 2322 1608 septimam
2348 1537 2568 1593 incerta
2592 1536 2860 1592 vincendi
2886 1550 3007 1607 spe,
3036 1537 3323 1607 reliquum
3343 1538 3458 1594 diei

1812 1639 1941 1681 cum
1974 1626 2240 1696 sequenti
2275 1629 2445 1682 nocte
2478 1626 2533 1681 in
2564 1625 2872 1681 victoriam
2906 1626 3152 1681 Caesaris
3205 1626 3458 1682 declina-

1812 1714 1915 1769 vit.
1950 1716 2116 1771 Prior
2148 1715 2454 1787 Cleopatra
2488 1715 2686 1784 regina
2709 1730 2837 1771 cum
2857 1719 2925 1770 60
2956 1715 3340 1772 velocissimis
3365 1732 3459 1772 na-

1812 1802 1982 1858 vibus
2016 1802 2161 1871 fugit
2186 1821 2200 1869 ;
2226 1802 2510 1859 Antonius
2534 1816 2783 1872 quoque,
2809 1802 3075 1857 detracto
3098 1802 3307 1871 insigni
3335 1820 3459 1874 pre-

1811 1890 1982 1946 terize
2015 1891 2195 1960 navis,
2232 1891 2542 1960 fugientem
2574 1888 2642 1922 ³⁸⁵
2663 1895 2904 1945 secutus
2926 1894 3016 1944 est
3042 1905 3301 1945 uxorem.
3326 1892 3459 1947 Illu-

1813 1985 2084 2035 cesccnte
2109 1978 2222 2048 jam
2257 1979 2371 2049 die,
2417 1979 2724 2034 victoriam
2773 1979 2965 2033 Czesar
3010 1980 3451 2035 consummavit.

1815 2068 2097 2123 Antonius
2127 2068 2306 2137 igitur
2335 2067 2530 2137 gladio
2560 2082 2623 2122 se
2649 2066 3168 2136 transverberavit,
3194 2082 3259 2122 ac
3285 2068 3456 2123 semi-

1812 2156 2016 2212 animis
2043 2156 2115 2212 ad
2149 2155 2514 2227 Cleopatram
2535 2155 2589 2210 in
2613 2155 2965 2211 mausoleum
2991 2155 3233 2224 regium,
3262 2156 3316 2211 in
3342 2160 3457 2227 quo

1813 2260 1875 2302 se
1904 2245 2000 2301 illa
2022 2244 2302 2301 moritura
2326 2244 2690 2313 condiderat,
2719 2243 2983 2315 perlatus
3004 2249 3113 2298 est.
3144 2244 3452 2316 Cleopatra

1811 2347 1950 2390 vero
1976 2337 2255 2389 exornata
2290 2332 2541 2389 diversis
2574 2331 2933 2387 ornamentis
2964 2331 3030 2387 ad
3058 2332 3340 2388 Caesarem
3365 2348 3459 2388 ve-

1810 2423 1916 2493 nit,
1951 2437 2195 2495 sperans
2224 2437 2353 2479 eum
2376 2427 2436 2477 ut
2462 2425 2696 2477 ceteros
2718 2435 2819 2477 sua
2845 2421 3039 2491 specie
3062 2421 3130 2476 ad
3158 2421 3457 2477 lidibinem

1810 2509 2051 2567 illicere.
2085 2512 2193 2567 Sed
2227 2511 2323 2567 ille
2347 2526 2406 2567 se
2441 2511 2592 2566 intra
2626 2509 2971 2582 pudiciciam
3009 2514 3300 2575 coartans,
3332 2526 3456 2566 eam

1810 2602 2035 2672 sprevit
2064 2605 2124 2655 et
2155 2599 2443 2656 custodiri
2478 2598 2757 2670 prccepit.
2795 2600 2978 2669 (Jenn.
3014 2600 3101 2654 De
3126 2613 3178 2653 γ.
3208 2601 3282 2669 s.)
3319 2599 3455 2664 Qua:

1811 2689 1909 2746 ubi
1942 2705 2004 2745 se
2036 2690 2106 2745 ad
2137 2688 2496 2759 triumphum
2521 2687 2742 2743 servari
2767 2685 3078 2757 intellexit,
3104 2702 3135 2742 e
3185 2690 3461 2745 custodia

1811 2779 2033 2849 elapsa,
2061 2778 2116 2833 in
2142 2776 2501 2833 mausoleum
2525 2790 2690 2833 suum
2715 2790 2775 2831 se
2801 2775 3044 2844 recepit,
3070 2775 3266 2846 ibique
3291 2780 3461 2834 maxi-

1815 2882 1958 2939 mos,
1996 2872 2059 2924 ut
2087 2867 2332 2937 solebat,
2367 2866 2567 2921 induta
2598 2864 2815 2934 cultus,
2849 2864 2904 2918 in
2935 2864 3153 2919 referte
3175 2867 3457 2925 odoribus

1817 2956 2135 3027 seliejuxta
2152 2971 2318 3012 suum
2336 2970 2398 3011 se
2413 2953 2724 3011 collocavit
2744 2952 3074 3023 Antonium;
3090 2953 3459 3026 admotisque

1818 3046 1888 3102 ad
1904 3060 2083 3104 venas
2098 3044 2497 3117 serpentibus,
2521 3042 2604 3099 sic
2630 3047 2815 3098 morte
2832 3042 2995 3112 quasi
3020 3058 3239 3099 sommo
3265 3046 3458 3103 soluta

1819 3138 1933 3205 est,
1965 3133 2185 3189 frustra
2221 3135 2445 3188 Caesare
2468 3130 2643 3186 etiam
2688 3129 2891 3201 psillos
2939 3129 3304 3202 admovente,
3361 3132 3458 3203 qui

1819 3237 2036 3279 venena
2059 3220 2416 3294 serpentium
2439 3234 2470 3276 e
2494 3218 2832 3276 vulneribus
2855 3219 3147 3275 hominum
3171 3235 3460 3290 exsugere

1820 3310 2031 3368 solent.
2068 3310 2161 3366 Sic
2191 3310 2385 3364 Cmsar
2408 3307 2759 3364 Octavianus
2783 3307 3129 3363 Alexandria
3156 3310 3299 3365 urbe
3321 3324 3464 3381 epu-

1819 3398 2136 3456 lentissima
2169 3399 2438 3454 cumtota
2463 3398 2706 3467 .Egypte
2730 3396 2954 3467 petitus
2974 3400 3066 3451 est
3092 3414 3104 3463 ;
3132 3398 3465 3468 preposuit-

1819 3502 1929 3560 que
1958 3488 2205 3559 Egypte
2232 3485 2561 3542 Cornelium
2609 3483 2853 3555 Gallum,
2904 3486 2975 3541 de
3024 3500 3137 3555 que
3183 3486 3462 3556 Virgilius

1818 3577 2046 3634 scribit.
2080 3577 2262 3647 (Πιειι.
2385 3576 2464 3632 Η.
2491 3576 2589 3645 R.)
2613 3575 2774 3629 Hunc
2803 3574 3323 3645 primumjudiccm
3350 3578 3458 3632 Ro-

1817 3680 2047 3722 manum
2078 3667 2359 3736 Aigyptus
2390 3663 2612 3719 habuit.

1891 3754 1992 3825 (H.
2018 3755 2088 3811 Β.
2114 3757 2169 3809 et
2194 3754 2273 3809 H.
2296 3754 2399 3823 φη.)
2425 3754 2587 3806 Auno
2609 3752 2680 3807 ab
2704 3752 2847 3807 urbe
2862 3750 3097 3806 condita
3115 3756 3240 3808 72:5.
3269 3753 3463 3809 Caesar

1818 3843 1890 3899 ab
1921 3842 2145 3898 oriente
2168 3841 2358 3897 victor
2380 3838 2631 3909 rediens,
2652 3842 2685 3893 8
2708 3838 2841 3894 ldus
2860 3838 3116 3894 Januarii
3140 3841 3346 3895 Urbem
3368 3841 3465 3896 tri-

1818 3931 1953 4005 plici
1988 3929 2282 4001 triumphe
2313 3929 2612 3998 ingressus
2642 3932 2749 3998 est,
2805 3927 2997 3983 ductis
3046 3932 3181 3983 ante
3226 3944 3461 3986 currum

1819 4020 2139 4091 Cleopatrae
2170 4017 2396 4081 liberis,
2431 4014 2561 4071 Sole
2591 4019 2647 4071 et
2681 4018 2853 4083 Luna,
2901 4030 2967 4071 ac
3019 4020 3139 4072 tum
3188 4018 3457 4089 primum,

1820 4108 2029 4181 sopitis
2056 4106 2324 4164 omnibus
2345 4104 2616 4161 civilibus
2640 4105 2830 4174 bellis,
2854 4105 2979 4161 Jani
3006 4110 3205 4176 portas
3224 4105 3455 4164 clausit.

1817 4201 1939 4257 Hoc
1967 4197 2060 4254 die
2093 4198 2282 4253 Czesar
2312 4194 2714 4252 consalutatus
2743 4200 2831 4251 est
2866 4196 3163 4265 Augustus
3187 4197 3457 4268 primum,

1817 4302 1886 4345 eo
1908 4287 2061 4358 quod
2086 4283 2378 4358 publicam
2404 4298 2523 4340 rem
2542 4284 2795 4355 auxerit,
2815 4289 2991 4355 atque
3014 4299 3086 4339 ex
3133 4286 3331 4340 eadem
3369 4285 3460 4341 die

1818 4390 2039 4435 summa
2066 4390 2259 4431 rerum
2283 4388 2348 4431 ac
2375 4377 2728 4446 potestatum
2752 4388 2932 4445 penes
2956 4375 3463 4446 unumcsseccepit

1817 4471 1874 4524 et
1908 4465 2156 4531 mansit;
2190 4464 2344 4535 quod
2377 4463 2540 4520 Croci
2576 4464 2965 4519 menarchiam
3000 4464 3222 4521 dicunt.

43 4553 314 4625 tenebat,
350 4550 698 4609 Artabanem
729 4550 1013 4608 Armenia:
1047 4566 1241 4622 regem
1281 4550 1615 4624 proditione
1644 4556 1701 4608 et
1735 4552 1787 4615 D
1891 4557 2052 4611 Anne
2073 4554 2339 4625 sequenti
2355 4554 2548 4610 Czesar
2570 4552 3459 4625 Augustusparuminllyspania

47 4639 189 4698 dele
216 4642 416 4716 ceapit,
450 4641 788 4713 victumque
819 4644 1094 4712 argentea
1127 4647 1333 4697 catena
1365 4640 1437 4697 ad
1477 4642 1705 4699 confes-

45 4729 1008 4800 sionemthesaurerumregiorum
1022 4730 1238 4801 coegit;
1253 4733 1706 4802 expugnatoque

43 4820 250 4893 opido,
284 4822 340 4879 in
373 4836 489 4893 que
520 4825 688 4878 erant
726 4820 1009 4890 thesauri,
1044 4833 1308 4890 magnam
1339 4819 1587 4877 abstulit
1610 4834 1707 4879 ce-

39 4909 207 4982 piam
238 4912 467 4983 argenti
499 4914 560 4967 et
580 4910 707 4968 auri
730 4907 816 4964 '8‘.
843 4909 951 4976 Qui
974 4909 1166 4966 elatus
1190 4909 1457 4982 pecunia,
1486 4909 1706 4968 bellum

39 4998 267 5056 Caesari
289 5000 523 5071 indixit,
551 5003 727 5071 atque
751 4998 1024 5070 Octaviae,
1043 4998 1233 5056 sorori
1251 4998 1520 5070 Caesaris,
1536 5013 1708 5072 repu-

40 5086 212 5145 dium
233 5089 631 5162 denunciavit,
653 5093 711 5147 et
733 5087 1099 5162 Cleepatram
1123 5102 1197 5145 ex
1219 5087 1570 5148 Alexandria
1594 5090 1706 5150 sibi

1815 4659 1922 4721 per
1953 4644 2234 4702 ducentes
2262 4658 2444 4701 annos
2467 4648 2657 4699 actum
2680 4642 3042 4711 intellegens,
3070 4641 3116 4697 si
3142 4642 3463 4698 Cantabros
3490 4693 3493 4696 .

1816 4740 1872 4793 et
1904 4732 2172 4806 Astures,
2198 4734 2343 4791 dua:
2369 4731 3316 4802 ferocissimasgcntesllyspanie
3335 4733 3461 4788 suis

1815 4824 1900 4883 uti
1933 4823 2163 4895 legibus
2187 4822 2569 4895 permisisset,
2598 4820 2808 4875 iterum
2830 4818 2953 4874 Jani
2981 4822 3181 4890 portas
3207 4820 3455 4890 aperuit,

1816 4914 2072 4986 atquein
2098 4911 2419 4984 llyspanias
2440 4910 2561 4981 ipse
2582 4923 2712 4965 cum
2733 4907 2997 4964 exercitu
3024 4909 3321 4978 profectus
3344 4914 3454 4964 est.

1815 5003 1900 5059 Ibi
1931 5015 2062 5060 eum
2092 5000 2246 5073 apud
2276 5002 2653 5056 Tarraconem
2683 4995 2771 5067 ³⁸⁵,
2807 4994 3103 5052 citerioris
3151 4997 3458 5068 Hyspanize

1817 5091 2046 5162 urbem,
2071 5089 2247 5161 legati
2278 5088 2551 5148 Indorum
2581 5090 2638 5142 et
2673 5085 2975 5157 Scytarum
3005 5081 3093 5154 ⁸⁸⁷,
3141 5088 3270 5141 toto
3320 5086 3461 5143 orbe

1411 5213 1658 5272 VARIIE
1698 5214 2101 5275 LECTIONES.

125 5327 193 5366 m
215 5330 375 5392 deest
399 5335 451 5388 δ.
482 5332 561 5388 9°.
592 5332 680 5387 10.
758 5327 827 5363 ’τ’
856 5326 1022 5388 ἀθδεί
1045 5333 1096 5386 δ.
1174 5325 1246 5362 ’⁸ο
1273 5327 1566 5388 vendilius
1594 5335 1656 5387 9°
1726 5329 1797 5366 "1
1826 5329 1989 5387 deest
2014 5331 2091 5383 9ο.
2128 5326 2164 5383 i.
2196 5330 2238 5382 t.
2274 5330 2325 5383 δ.
2402 5324 2471 5360 ³⁸¹
2499 5329 2641 5384 tunc
2679 5331 2729 5383 ὅ.
2807 5323 2876 5360 ³⁸³
2918 5323 3083 5383 deest
3109 5330 3160 5383 δ.
3207 5324 3274 5361 ⁸⁸⁴
3328 5325 3455 5383 auri

39 5407 117 5459 et
145 5404 373 5477 argenti
405 5407 458 5460 ὅ.
532 5399 604 5437 ³³⁵
636 5399 794 5461 deest
821 5402 899 5458 9°.
977 5397 1047 5435 ³⁸⁸
1074 5402 1444 5459 tarracenam
1475 5405 1525 5459 δ.
1603 5400 1673 5438 ³³⁷
1703 5402 2025 5462 seitharum
2058 5403 2108 5455 5.

1643 5527 1845 5586 NOTAE
1860 5567 1875 5585 .

125 5644 273 5720 (214)
304 5643 450 5704 Jam
476 5672 547 5686 -—
565 5641 934 5718 mirth
962 5639 1288 5701 Eltkehardi
1321 5642 1500 5702 verba
1551 5648 1704 5702 sunt.

341 5744 607 5809 PATROL.
655 5741 862 5805 CLIV.

3150 5738 3223 5797 21
