3898 6362
429 406 544 475 661

1590 403 2076 470 EKKEHARDI
2123 403 2678 475 URAUGIENSIS
3667 417 3756 485 652

430 542 799 618 transmisso,
832 541 1066 602 tandem
1098 540 1465 614 invenerunt,
1502 542 1967 614 refuderuntque
2025 539 2081 598 in
2111 543 2167 602 A
2197 542 2358 615 ratis,
2381 543 2571 606 victos
2593 545 2666 606 ad
2689 547 3045 607 deditionem
3066 545 3276 618 coegit,
3303 546 3601 606 Armeniam
3621 552 3760 611 θρετ-

431 637 718 694 Caesarem
740 633 1055 692 Alexandri
1079 632 1265 703 Magni
1289 631 1536 702 gloriam
1563 651 1578 701 ;
1603 631 1899 704 quoniam,
1927 629 2081 688 sicut

432 723 594 782 illum
624 725 1026 796 Hyspanorum
1057 721 1474 794 Gallorumque
1525 720 1742 792 legatio
1790 721 1844 776 in
1892 719 2082 776 medio

430 814 659 872 oriente
675 811 828 885 apud
848 811 1218 883 Babyloniam
1233 809 1726 882 contemplatione
1741 809 1902 882 pacis
1913 809 1983 866 ad
1995 809 2078 878 iit,

433 902 513 960 ita
547 901 696 958 hunc
729 899 880 974 apud
907 899 1258 972 Hyspaniam
1287 899 1344 956 in
1377 899 1706 956 occidentis
1726 897 1928 956 ultimo
1951 914 2086 970 sup-

431 990 568 1064 plex
595 989 772 1046 Indus
795 993 854 1046 et
885 987 1056 1062 Scyta
1089 991 1312 1047 Boreus
1343 1003 1449 1061 pro
1479 1001 1622 1061 pace
1655 987 1864 1045 oravit.
1889 989 2085 1044 Canta.

433 1079 598 1136 brico
626 1079 825 1150 itaque
855 1077 1009 1136 bello
1033 1092 1138 1151 per
1164 1078 1418 1150 quinque
1437 1092 1620 1134 annos
1643 1076 1932 1146 confecto,
1958 1079 2082 1132 tota

433 1183 545 1241 que
575 1167 867 1241 Hyspania
901 1167 958 1224 in
989 1171 1268 1224 aeternam
1293 1181 1495 1238 pacem
1519 1165 1863 1238 composita,
1892 1165 2084 1220 Cmsar

431 1259 669 1316 Romam
700 1257 876 1316 rediit
908 1255 996 1329 ³⁸⁸,
1030 1260 1092 1314 et
1120 1257 1483 1314 Cantabrica;
1505 1255 1772 1313 victoriae
1807 1255 1956 1312 hunc
1985 1254 2084 1312 ho-

433 1361 631 1405 norem
659 1345 931 1418 contulit,
976 1350 1042 1403 ut
1085 1350 1226 1402 tunc
1275 1359 1506 1416 quoque
1555 1349 1757 1416 portas
1805 1343 2084 1400 claustris

429 1434 753 1493 cohiberet.
789 1436 875 1492 Ita
906 1438 1043 1492 tunc
1071 1433 1328 1492 secundo
1359 1447 1464 1505 per
1509 1435 1815 1504 Caesarem,
1871 1436 2082 1504 quarto

431 1529 563 1597 post
587 1525 802 1582 Urbem
814 1521 1107 1581 conditam
1132 1521 1369 1580 clausus
1389 1527 1481 1578 est
1502 1524 1700 1578 Janus.
1728 1523 1848 1577 Non
1877 1520 1993 1577 ullo
2014 1519 2084 1554 ³⁸⁸

433 1617 626 1670 autem
656 1616 923 1685 tempore
953 1617 1088 1668 ante
1108 1627 1239 1668 cum
1259 1611 1510 1668 Romana
1536 1625 1630 1668 res
1646 1610 1830 1680 magis
1863 1609 2078 1680 floruit,

433 1703 648 1776 quippe
669 1703 763 1760 cui
787 1703 912 1776 ipse
935 1707 993 1759 et
1019 1717 1124 1774 per
1148 1715 1214 1758 se
1236 1707 1296 1757 et
1311 1715 1414 1774 per
1427 1701 1606 1758 duces
1621 1715 1687 1756 ac
1704 1700 1930 1770 legatos
1945 1715 2081 1756 suos

433 1791 747 1864 plurimum
768 1791 941 1848 bellis
961 1790 1206 1848 addidit.
1223 1791 1353 1862 Ipse
1369 1804 1614 1860 namque
1631 1804 1733 1861 per
1746 1805 1807 1845 se
1822 1790 2080 1844 Romano

2199 633 2314 689 this
2344 637 2588 708 recepit.
2617 638 2814 695 Parthi
2845 637 3034 710 quasi,
3069 640 3198 694 toto
3229 641 3504 694 terrarum
3528 640 3649 697 orbe
3673 643 3758 698 vel-

2197 721 2417 780 domito
2478 724 2571 782 vel
2637 730 2868 798 pacato,
2923 724 3177 783 omnium
3227 725 3410 782 oculis
3459 730 3756 801 notarentur,

2197 813 2374 882 atque
2407 812 2460 868 in
2491 828 2552 870 se
2581 815 2741 872 solos
2769 815 2958 872 omnis
2990 814 3156 886 vigor
3185 815 3418 870 Romani
3443 813 3642 888 imperii
3665 833 3758 876 ver-

2198 899 2412 958 tendus
2431 908 2608 975 esset,
2637 905 2852 976 quippe
2875 919 3019 976 quos
3042 903 3286 977 pristina
3310 903 3626 962 ulciscendae
3643 907 3760 965 Cras-

2198 987 2372 1046 siana:
2403 991 2583 1048 caedis
2612 993 2971 1050 conscientia
2995 991 3316 1062 mordebat,
3343 990 3491 1048 ultro
3512 992 3650 1063 signa
3667 1009 3759 1065 qua:

2199 1077 2410 1134 Crasso
2438 1079 2750 1138 interfecto
2779 1081 3150 1138 abstulerant
3187 1079 3259 1136 ad.
3291 1081 3555 1136 Caesarem
3582 1081 3762 1138 remise-

2198 1171 2354 1236 runt,
2386 1169 2558 1240 eique
2585 1169 2896 1228 obsidibus
2941 1169 3117 1240 datis,
3167 1169 3388 1226 firmum
3437 1169 3604 1226 fcedus
3645 1169 3758 1226 fideli

2197 1254 2625 1329 supplicatione
2647 1264 2990 1318 meruerunt
3009 1259 3097 1316 ³⁸⁷.
3115 1257 3337 1314 Galatia
3350 1271 3564 1330 quoque
3583 1259 3672 1314 sub
3683 1257 3760 1314 hoc

2197 1346 2496 1417 provincia
2532 1347 2684 1404 facta
2715 1353 2826 1420 est,
2859 1363 2989 1406 cum
3014 1351 3182 1404 antea
3205 1359 3440 1416 regnum
3462 1345 3658 1416 fuisset,
3677 1347 3760 1417 pri~

2199 1448 2442 1504 musque
2475 1449 2600 1492 eam
2633 1437 2861 1494 Marcus
2905 1436 3122 1494 Lollius
3167 1449 3274 1508 pro
3321 1438 3542 1508 pretore
3579 1432 3760 1490 admini-

2197 1524 2429 1579 stravit.
2463 1527 2644 1582 Tanto
2673 1531 2869 1582 autem
2898 1539 3095 1582 amore
3133 1525 3310 1582 etiam
3355 1523 3502 1596 apud
3541 1523 3759 1580 barbaros

2197 1613 2390 1669 Caesar
2422 1615 2720 1684 Augustus
2753 1615 3100 1683 habebatur,
3132 1619 3198 1672 ut
3243 1626 3408 1685 reges
3447 1614 3756 1670 Romanorum

2196 1701 2362 1758 amici
2381 1701 2433 1756 in
2450 1704 2730 1760 honorem
2751 1703 2880 1774 ejus
2907 1703 3182 1760 civitates
3203 1703 3512 1760 conderent
3529 1705 3582 1756 et
3599 1715 3656 1756 ex
3670 1701 3756 1771 ejus

2196 1791 2426 1848 nomine
2457 1793 2755 1849 Cmsareas
2789 1797 3088 1850 vocarent.
3120 1790 3286 1849 Multi
3316 1805 3535 1862 quoque
3562 1803 3756 1860 regesex

433 1881 648 1952 adjecit
676 1880 918 1954 imperio
961 1882 1288 1952 Egyptum,
1320 1879 1712 1946 Cantabriam,
1761 1878 2076 1947 Asturiam,
2113 1901 2165 1960 Β
2195 1879 2394 1948 regnis
2417 1881 2540 1937 suis
2563 1886 2869 1953 venerunt,
2897 1885 2959 1938 ut
2979 1881 3030 1938 ei
3053 1882 3526 1951 obsequerentur,
3544 1883 3596 1936 et
3612 1877 3756 1934 habitu

429 1969 795 2042 Dalmatiam,
829 1969 1204 2040 Pannoniam,
1239 1967 1609 2040 Aquitaniam
1637 1987 1650 2035 ;
1684 1969 1905 2024 Drusus
1942 1982 2082 2022 vero

433 2057 734 2131 privignus
765 2059 916 2130 ejus,
939 2057 1181 2116 Galliam
1204 2057 1589 2127 Rhetiamque
1614 2055 1884 2126 sortitus,
1909 2055 2084 2111 maxi-

429 2163 552 2205 mas
571 2147 1038 2219 fortissimasque
1051 2151 1259 2218 gentes
1273 2147 1452 2202 armis
1475 2145 1728 2215 subegit,
1746 2145 2079 2216 Susipeces,

428 2237 743 2294 Thecteros
770 2241 831 2294 et
861 2237 1103 2294 Chattos
1133 2235 1204 2270 ³⁹⁰
1233 2234 1586 2308 perdomuit,
1617 2240 1678 2290 et
1707 2239 1870 2291 trans
1894 2234 2081 2290 Albim

431 2325 692 2397 fluvium,
729 2325 827 2396 qui
862 2324 919 2380 in
950 2323 1264 2380 barbarico
1293 2322 1464 2394 longe
1494 2323 1650 2386 ultra
1676 2322 1934 2378 Rhenum
1968 2327 2079 2393 est,

430 2415 748 2485 submovit,
763 2414 1202 2470 Marcomannos
1215 2426 1360 2484 pene
1374 2411 1446 2468 ad
1461 2411 1824 2468 interniciem
1841 2409 2078 2480 delevit,

435 2508 640 2577 postea
669 2503 1025 2560 fortissimas
1055 2502 1340 2559 nationes.
1377 2501 1590 2572 quibus
1612 2505 1672 2557 et
1693 2505 1902 2557 natura
1927 2501 2083 2556 vires

432 2599 495 2650 et
515 2592 884 2651 consuetudo
904 2591 1326 2664 experientiam
1349 2590 1558 2647 virium
1584 2590 1782 2662 [dabat
1803 2589 1915 2661 ³⁹²],
1931 2589 2082 2661 pari-

430 2687 528 2738 ter
554 2697 670 2739 uno
705 2679 878 2752 bello,
911 2679 1013 2738 sed
1055 2679 1180 2737 suis
1233 2693 1462 2751 aspero,
1514 2678 1835 2752 superavit,
1884 2677 1940 2733 id
1989 2681 2079 2734 est

434 2771 784 2841 Cheruscos,
819 2771 1039 2827 Suevos
1083 2773 1144 2826 et
1197 2769 1546 2839 Sicambros,
1600 2782 1845 2839 quorum
1892 2766 2082 2823 virtus

433 2871 502 2916 ac
533 2858 739 2915 feritas
769 2873 845 2914 ex
875 2872 946 2915 eo
974 2856 1337 2915 considerari
1373 2859 1590 2930 potest,
1622 2855 1776 2928 quod
1809 2854 2084 2912 mulieres

431 2961 665 3022 quoque
714 2961 938 3019 eorum,
993 2946 1044 3004 si
1091 2945 1322 3018 quando
1369 2948 1656 3019 preventu
1695 2946 2082 3001 Romanorum

431 3037 588 3094 inter
613 3034 878 3108 plaustra
898 3049 1004 3092 sua
1031 3034 1486 3106 collidebantur,
1514 3032 1925 3090 deficientibus
1949 3031 2082 3090 telis

429 3125 526 3186 vel
556 3123 820 3198 qualibet
849 3139 913 3182 re
943 3138 1055 3196 qua
1085 3123 1247 3180 velut
1277 3123 1398 3180 telo
1421 3122 1506 3180 uti
1531 3124 1693 3181 furor
1716 3122 1926 3194 possit,
1952 3135 2084 3192 par-

430 3215 603 3274 vulos
625 3213 796 3286 filios,
821 3213 1065 3271 collisos
1087 3211 1266 3283 humi,
1293 3212 1350 3268 in
1373 3212 1624 3269 hostium
1647 3225 1748 3268 ora
1761 3210 2077 3280 jaciebant.
2111 3255 2161 3318 Ο

430 3303 711 3376 Tyberius
732 3307 946 3372 autem,
969 3302 1152 3358 frater
1169 3301 1362 3372 Drusi,
1378 3301 1726 3371 Pannonios,
1753 3315 1903 3356 novo
1921 3304 2077 3355 motu

433 3392 914 3461 intumescentes,
947 3389 1363 3446 cruentissima
1408 3389 1568 3446 caede
1611 3388 1851 3459 delevit,
1905 3385 2082 3442 idem-

435 3496 547 3554 que
575 3479 852 3538 continuo
883 3480 1198 3535 Germanos
1233 3477 1388 3534 bello
1419 3477 1690 3550 arripuit,
1725 3492 1758 3533 c
1780 3475 1992 3547 quibus
2015 3477 2083 3533 40

433 3569 592 3626 milia
622 3567 988 3640 captivorum
1021 3567 1210 3626 victor
1239 3565 1486 3624 abduxit
1512 3585 1526 3634 ;
1557 3565 1710 3637 quod
1737 3579 1938 3621 revera
1964 3564 2084 3620 bel-

429 3657 551 3716 lum
576 3657 888 3716 maximum
911 3661 968 3713 et
995 3655 1603 3713 formidolosissimum
1642 3653 1972 3725 quindecim
2003 3652 2084 3709 le-

417 3747 702 3821 gionibus
715 3760 818 3820 per
832 3745 1142 3803 triennium
1153 3749 1382 3816 gestum
1398 3748 1624 3816 est,nec
1640 3745 1760 3801 fere
1774 3742 1954 3800 ullum
1969 3757 2084 3798 ma-

423 3835 522 3908 jus
552 3834 790 3908 bellum,
825 3835 978 3892 sicut
1008 3834 1326 3892 Suetonius
1349 3837 1628 3904 testatur,
1652 3835 1780 3904 post
1803 3829 2082 3888 Punicum

430 3924 557 3983 fuit.
593 3925 711 3982 Sub
741 3924 945 3982 eodem
971 3937 1112 3982 vero
1146 3927 1410 3994 tempore
1454 3921 1849 3988 Quintilianus
1895 3919 2081 3976 Varus

425 4019 741 4088 propretor
807 4029 938 4072 cum
998 4013 1190 4070 tribus
1233 4011 1562 4083 legionibus
1613 4017 1774 4066 trans
1819 4009 2078 4066 Rhenum

428 4103 668 4163 ﬂuvium
701 4101 846 4158 mira
878 4101 1152 4173 superbia
1183 4105 1361 4174 atque
1392 4100 1646 4158 avaricia
1681 4100 1736 4154 in
1777 4097 2079 4168 subjectos

429 4206 626 4264 agens,
664 4205 696 4248 a
727 4190 1025 4248 Germanis
1065 4189 1492 4248 rebellantibus
1539 4203 1669 4246 cum
1722 4187 1978 4244 tribunis
2019 4191 2080 4242 et

429 4279 762 4352 legionibus
799 4279 1030 4336 deletus
1056 4283 1165 4336 est.
1209 4278 1390 4345 Quam
1440 4276 1525 4334 rei
1569 4275 1819 4350 publicae
1855 4274 2078 4332 cladem

433 4363 624 4428 Caesar
646 4372 946 4440 Augustus
969 4367 1114 4426 adeo
1128 4369 1389 4439 graviter
1403 4366 1560 4438 tulit,
1580 4370 1644 4422 ut
1659 4369 1821 4424 veste
1842 4363 2080 4438 capillo-

431 4473 546 4532 que
571 4473 639 4516 ac
661 4457 905 4530 reliquis
930 4457 1253 4529 lugentium
1280 4455 1514 4512 indiciis
1533 4455 1832 4525 deformis,
1855 4459 1912 4511 et
1939 4467 2078 4526 sepe

430 4561 537 4622 per
565 4547 679 4606 vim
711 4546 936 4604 doloris
964 4550 1142 4618 caput
1174 4544 1385 4617 parieti
1415 4543 1718 4616 collidens,
1753 4544 2032 4601 clamaret
2059 4562 2072 4598 :

2196 1969 2474 2040 Romano,
2502 1969 2727 2026 scilicet
2753 1971 2959 2042 togati,
2985 1969 3057 2027 ad
3079 1969 3408 2027 vehiculum
3428 1966 3494 2002 ³⁸⁸
3511 1966 3758 2038 velequum
3820 2021 3821 2030 χ

2194 2056 2320 2127 ejus
2353 2063 2762 2115 cucurrerunt.
2795 2061 2924 2131 ipse
2954 2063 3148 2116 autem
3181 2057 3328 2116 adeo
3356 2061 3662 2114 exsecratus
3695 2057 3760 2110 est

2195 2146 2418 2217 turbas,
2455 2145 2628 2217 bella,
2665 2146 3016 2219 simultates,
3053 2151 3118 2204 ut
3144 2146 3259 2203 nisi
3296 2146 3468 2217 justis
3511 2145 3574 2201 de
3615 2142 3760 2200 causis

2192 2248 2503 2306 numquam
2527 2235 2684 2305 genti
2711 2235 2884 2293 alicui
2905 2233 3761 2304 bellumindixerit,jactantisque

2191 2336 2323 2379 esse
2338 2323 2552 2394 ingenii
2575 2328 2636 2379 et
2652 2323 2928 2380 levissimi
2945 2323 3198 2395 dicebat,
3215 2318 3760 2393 ardoretriumphandi
3819 2377 3821 2382 ,

2190 2415 2250 2466 et
2279 2413 2355 2467 ob
2386 2411 2642 2469 lauream
2669 2427 2969 2485 coronam,
3021 2412 3076 2468 id
3123 2417 3216 2470 est
3273 2412 3406 2469 folia
3449 2411 3759 2468 infructuosa.
3819 2417 3821 2480 ε

2193 2500 2575 2557 securitatem
2604 2501 2815 2558 civium
2848 2501 2905 2557 in
2937 2500 3252 2559 discrimen
3276 2515 3382 2574 per
3403 2500 3764 2558 incertoseven-

2193 2593 2289 2646 tus
2309 2589 2698 2648 certaminum
2725 2590 3100 2663 precipitare,
3125 2589 3318 2662 neque
3339 2587 3644 2662 imperatori
3655 2587 3764 2642 bono

2192 2677 2501 2748 quicquam
2525 2678 2716 2736 minus
2737 2679 3318 2751 quamtemeritatem
3331 2690 3646 2748 congruere,
3659 2673 3764 2730 satis

2190 2766 2469 2823 celeriter
2501 2767 2624 2824 fieri
2659 2768 2934 2840 quicquid
2967 2783 3276 2826 commune
3303 2767 3372 2802 ³⁹⁹
3399 2769 3687 2839 gereretur,
3707 2777 3766 2819 ar-

2191 2870 2398 2927 maque
2447 2856 2559 2912 nisi
2607 2857 2844 2928 majoris
2897 2857 3281 2916 emolumenti
3327 2871 3428 2930 spe
3474 2865 3764 2926 nequaquam
3819 2856 3821 2892 ε

2190 2943 2471 3001 movenda
2503 2960 2653 3016 esse,
2689 2959 2760 3001 ne
2789 2945 3136 3018 compendio
3164 2944 3352 3018 tenui,
3401 2945 3609 3018 jactura
3649 2936 3765 3012 gravi

2191 3032 2374 3105 petita
2409 3033 2653 3091 victoria
2685 3033 2890 3091 similis
2919 3035 2998 3090 sit
3027 3034 3198 3091 hamo
3230 3049 3411 3093 aureo
3449 3029 3762 3106 piscantibus,
3819 3029 3821 3106 ς

2191 3121 2359 3194 cujus
2381 3123 2616 3196 abrupti
2635 3123 2952 3196 amissique
2975 3123 3394 3182 detrimentum
3407 3123 3767 3193 nullocapturat

2191 3209 2354 3268 lucro
2381 3212 2615 3284 pensari
2648 3217 2859 3284 potest.
2894 3211 2998 3269 Hic
3020 3213 3224 3284 itaque
3247 3213 3306 3270 in
3323 3213 3554 3286 imperio
3575 3208 3766 3283 positus,

2191 3300 2565 3358 tribuniciam
2580 3316 2682 3374 per
2695 3317 2758 3358 sc
2772 3306 3123 3374 potestatem
3137 3301 3768 3372 exercuit.Deniqueerga

2191 3389 2350 3446 cives
2381 3390 2896 3462 clementissimus,
2929 3391 2986 3447 in
3019 3391 3246 3450 amicos
3273 3391 3466 3450 extitit
3490 3389 3766 3452 ﬁdissimus,

2194 3494 2438 3550 quorum
2469 3479 2733 3552 precipui
2765 3483 2930 3536 erant
2961 3480 3228 3538 Mecenas
3256 3482 3332 3538 ob
3357 3477 3768 3541 taciturnitatem,

2195 3568 2446 3641 Agrippa
2479 3569 2552 3624 ob
2586 3565 2932 3626 modestiam
2955 3569 3298 3643 laborisque
3323 3568 3656 3644 patientiam.
3674 3559 3774 3618 Dili-

2191 3659 2366 3727 gebat
2391 3661 2659 3730 preterea
2671 3657 2975 3730 Virgilium
2993 3658 3383 3732 Flaccumque
3395 3661 3602 3732 poetas,
3618 3653 3774 3708 libera-

2193 3745 2348 3802 libus
2376 3745 2588 3803 studiis
2621 3747 2678 3802 in
2709 3751 2935 3804 tantum
2963 3747 3336 3821 incumbens,
3367 3752 3432 3805 ut
3459 3743 3636 3804 nullus
3657 3755 3713 3798 ne
3733 3739 3771 3794 in
3819 3739 3821 3818 ς

2194 3835 2500 3908 procinctu
2524 3835 2757 3906 quidem
2782 3837 3085 3893 laberetur
3102 3835 3250 3910 dies,
3273 3837 3411 3910 quin
3434 3835 3652 3906 legeret,
3669 3826 3774 3887 scri-

2194 3924 2382 3996 beret,
2408 3923 2679 3982 dictaret.
2710 3926 2889 3996 Leges
2909 3925 3056 3983 alias
3073 3940 3279 3998 novas,
3305 3926 3448 3984 alias
3463 3921 3683 3998 protulit
3699 3932 3774 3976 suo

2192 4013 2424 4069 nomine
2455 4016 2774 4070 correctas.
2813 4014 2986 4071 Auxit
3008 4016 3363 4088 ornavitque
3386 4015 3604 4070 Romam
3624 4004 3772 4064 multis

2190 4100 2473 4172 aedificiis,
2499 4101 2612 4158 isto
2633 4100 2894 4171 glorians
2918 4103 3079 4160 dicto
3105 4121 3118 4157 :
3153 4103 3369 4162 Urbem
3395 4098 3774 4160 latericiamre-
3820 4109 3821 4118 ‘

2177 4189 2335 4262 peri,
2367 4203 2752 4246 marmoream
2778 4191 3073 4264 relinquo.
3107 4191 3236 4248 Fuit
3269 4191 3427 4248 mitis
3455 4194 3511 4247 et
3538 4189 3709 4261 gratus
3729 4185 3769 4236 et

2191 4277 2383 4336 civilis
2417 4277 2613 4350 animi,
2657 4281 2784 4336 toto
2835 4294 3083 4352 corpore
3127 4279 3397 4352 pulcher,
3441 4277 3542 4336 sed
3583 4271 3770 4332 maxime

2191 4367 2396 4439 oculis,
2431 4383 2678 4440 quorum
2709 4369 2868 4426 acies
2891 4368 3356 4427 clarissimorum
3377 4367 3626 4440 syderum
3645 4357 3767 4418 modo

2188 4457 2481 4516 vibrabat.
2515 4459 2561 4514 A
2593 4457 2764 4529 cujus
2799 4457 2944 4515 facie
2974 4457 3109 4514 dum
3141 4458 3378 4530 quidam
3427 4455 3583 4516 miles
3620 4446 3768 4509 oculos

2191 4550 2510 4618 averteret,
2547 4551 2608 4604 et
2639 4546 3112 4620 interrogaretur
3145 4547 3218 4604 ab
3251 4561 3322 4605 eo
3347 4562 3453 4605 cur
3480 4545 3554 4602 ita
3583 4539 3767 4600 faceret,

432 4637 694 4706 Quintili
721 4635 1078 4678 "tm-"‘3’"
1120 4635 1282 4705 Vare,
1301 4633 1484 4691 redde
1503 4634 1770 4706 legiones.
1799 4635 1860 4690 In
1883 4633 2074 4690 Africa
2104 4633 2160 4698 D
2189 4635 2494 4708 respondit
2526 4656 2540 4692 :
2579 4635 3296 4712 Quiafulmenoculomm
3309 4631 3771 4712 tuonmferrem

427 4741 660 4800 quoque
678 4727 898 4783 Cossus
919 4724 1037 4782 dux
1055 4724 1300 4781 Caesaris
1321 4722 1652 4781 Musolanos
1665 4722 1982 4797 ethetulos
1995 4723 2076 4780 la-

428 4815 548 4873 tius
569 4819 852 4886 vagantes
877 4812 1089 4870 artatis
1111 4810 1325 4870 ﬁnibus
1337 4813 1620 4877 coercuit,
1637 4815 1855 4884 atquea
1870 4813 2076 4868 Roma-

427 4905 520 4962 nis
540 4903 827 4960 militibus
847 4900 1224 4959 msustinere
1243 4904 1402 4959 metu
1423 4901 1725 4974 compulit.
1749 4901 1885 4958 Piso
1899 4900 2074 4958 etiam

429 4993 718 5052 adversus
729 4989 1063 5048 Vindelicos
1075 4989 1290 5047 missus
1309 4993 1420 5062 est,
1446 4989 1659 5062 quibus
1671 4989 1951 5062 subactis,
1967 4989 2078 5047 vic-

428 5085 523 5140 tor
539 5080 613 5139 ad
635 5081 924 5138 Caesarem
943 5079 1286 5151 Lugdunum
1307 5078 1485 5138 venit.
1514 5079 1918 5152 Bosphoranos
1933 5094 2074 5138 vero

426 5169 656 5228 Marcus
683 5170 938 5244 Agrippa
967 5169 1289 5249 superavit,
1321 5172 1382 5226 et
1413 5168 1597 5240 signis
1627 5169 1919 5242 Romanis,
1947 5183 2074 5242 quas

427 5256 514 5316 illi
547 5259 840 5332 quondam
861 5259 970 5316 sub
991 5258 1297 5318 Metridate
1319 5257 1705 5331 sustulerant,
1733 5257 1890 5317 bello
1909 5273 2078 5334 repa-

2175 4739 2435 4800 poss'u/m.
2469 4725 2582 4782 Nec
2616 4711 2808 4782 tamen
2836 4725 2929 4782 hic
2953 4729 3154 4784 tantus
3176 4725 3269 4783 vir
3289 4725 3452 4784 vitiis
3469 4720 3652 4782 caruit.
3673 4711 3770 4772 Fuit

2186 4813 2339 4872 enim
2368 4812 2668 4887 paululum
2710 4813 3040 4887 impatiens,
3097 4813 3312 4872 leniter
3359 4808 3664 4877 iracundus,
3697 4813 3768 4858 OC-

2186 4900 2346 4960 culte
2393 4901 2644 4975 invidus,
2697 4900 2888 4976 palam
2949 4901 3257 4975 factiosus,
3313 4897 3627 4960 dominandi
3665 4902 3766 4950 vero

2188 5007 2365 5066 supra
2385 5005 2557 5065 quam
2577 4991 2843 5050 estimari
2870 4993 3056 5065 possit
3079 4991 3352 5066 cupidus,
3377 4991 3515 5050 aleae
3533 4983 3766 5044 lusorstu-

2188 5081 2414 5140 diosus.
2434 5085 2690 5156 Cumque
2711 5085 2870 5140 esset
2891 5081 3006 5140 cibi
3028 5097 3092 5140 ac
3114 5081 3234 5140 vini
3253 5081 3498 5140 multum
3509 5073 3762 5136 abstinens,

2187 5169 2560 5243 aliquatenus
2587 5185 2730 5230 vero
2762 5171 2970 5243 somni,
3005 5185 3193 5243 usque
3225 5171 3300 5229 ad
3338 5166 3586 5240 vulgaris
3619 5165 3765 5218 tamen

2188 5261 2354 5320 famae
2369 5261 2651 5336 probrum
2675 5261 2975 5320 serviebat
2993 5259 3222 5320 libidini
3246 5277 3262 5328 ;
3278 5274 3410 5320 nam
3439 5258 3584 5318 inter
3603 5243 3768 5311 duode-

1783 5421 2020 5478 VARIIE
2073 5422 2476 5482 LECTIONES.

497 5575 568 5616 ⁸⁸³
593 5577 736 5637 adiit
761 5584 840 5638 9°.
916 5579 986 5616 ³⁸⁸
1013 5581 1301 5639 Nonnullo
1331 5588 1381 5638 5.
1415 5587 1472 5639 9ο
1503 5593 1654 5638 corr.
1697 5595 1809 5638 non
1861 5580 1982 5639 ullo
2029 5587 2118 5640 10.
2195 5581 2266 5617 ³⁰⁰
2311 5583 2520 5640 chatos
2565 5589 2642 5640 9°.
2668 5582 2904 5642 ratthos
2951 5587 3002 5642 ὅ.
3037 5587 3230 5642 cattos
3257 5588 3348 5643 10.
3384 5581 3504 5642 tt.t
3561 5571 3622 5613 ⁸⁸⁸
3647 5561 3774 5632 dust

521 5651 793 5733 omnibus
821 5665 970 5733 ᾳςιοε
995 5653 1126 5733 uidi
1145 5652 1316 5733 codd.
1347 5649 1718 5733 '°'-f°f-”‘-’°“
1734 5651 2228 5733 quintilia_ne_9°.__
2267 5652 2650 5733 “‘jtajogld.
2682 5655 2970 5733 limitibus
2995 5655 3300 5715 abstinere
3319 5659 3406 5715 11.
3479 5650 3545 5688 ³⁸⁷
3560 5644 3771 5708 inierunt

427 5725 485 5784 9°
557 5721 628 5757 ³⁸⁸
657 5719 984 5794 γθείοῑιιιιω
1016 5726 1066 5778 5.
1143 5719 1214 5757 m
1239 5723 1334 5782 ita
1357 5721 1523 5782 codd.
1557 5721 1718 5795 quod
1743 5719 2047 5782 commode
2081 5724 2303 5799 legitur
2330 5727 2400 5786 in
2424 5726 2590 5786 Hist.
2617 5725 2786 5786 νηίδα.
3602 5741 3608 5747 ’

3819 2417 3821 2460 l

3819 2831 3821 2892 ᾗ

3819 3005 3821 3044 1

3819 4049 3821 4088 4
