3898 6326
80 398 202 464 658

975 394 1416 461 CHRONICA.
1448 431 1529 443 —
1555 394 2035 463 CHRONICON
2081 395 2631 463 U'MVERSALE.

3387 404 3505 467 654

81 536 193 593 cim
219 531 537 591 catamitos
558 532 924 604 totidemque
949 531 1176 605 puellas
1205 530 1492 589 accubare
1525 531 1738 590 solitus
1779 534 1827 596 Α
1857 531 2114 592 Romano
2130 535 2576 591 rexJudzeorum
2590 532 2993 603 constituitur,
3014 536 3394 607 regnavitqne
3412 552 3507 594 an'

85 630 250 689 erat;
285 622 517 693 abiecta
548 636 781 694 quoque
842 637 1023 679 uxore
1056 637 1155 679 sua
1192 622 1516 693 Scribonia,
1546 637 1742 680 amore

86 710 360 783 conjugis
390 709 594 767 alienae
654 724 983 783 possessus,
1018 711 1256 781 Libiam,
1321 712 1484 783 quasi
1534 714 1744 769 marito

90 801 472 867 concedente,
508 799 621 855 sibi
654 800 994 869 conjunxit;
1027 801 1197 872 cujus
1229 800 1405 857 Libize
1430 800 1546 871 jam
1579 805 1747 857 erant

97 889 194 945 ﬁlii
224 890 454 945 Drusus
484 892 545 944 et
566 888 871 960 Tyberius.
898 891 1153 960 Cumque
1176 893 1338 946 esset
1362 888 1607 946 luxuriae
1632 904 1751 946 ser-

94 978 279 1047 viens,
315 982 447 1033 erat
475 982 669 1033 tamen
693 976 957 1046 ejusdem
980 977 1108 1033 vitii
1128 978 1539 1035 severissimus
1565 977 1746 1048 ultor,

100 1080 259 1122 more
291 1066 591 1123 hominum
643 1065 1005 1137 quorundam
1040 1066 1135 1137 qui
1170 1067 1225 1121 in
1287 1064 1643 1123 ulciscendis
1672 1066 1754 1123 vi-

102 1154 199 1210 tiis
230 1154 448 1225 quibus
482 1154 594 1226 ipsi
654 1154 1033 1212 vehementer
1063 1153 1366 1224 indulgent
1399 1169 1563 1212 acres
1595 1157 1749 1212 sunt.

104 1243 235 1298 Nam
262 1247 496 1314 poetam
521 1242 808 1314 Ovidium,
833 1243 929 1315 qui
953 1248 1013 1299 et
1035 1245 1205 1314 Naso,
1235 1260 1339 1316 pro
1361 1259 1432 1301 eo
1453 1244 1607 1315 quod
1630 1248 1755 1300 tres

105 1329 282 1387 libros
310 1331 461 1387 artis
492 1332 791 1388 amatoria:
823 1332 1164 1404 scripserat,
1196 1332 1572 1390 irrevocabili
1602 1333 1758 1389 dam-

107 1420 261 1476 navit
290 1418 490 1476 exilio.
526 1418 949 1477 Oblectabatur
975 1420 1150 1476 etiam
1194 1421 1347 1477 omni
1395 1436 1610 1493 genere
1631 1435 1759 1494 spe-

106 1508 489 1580 ctaculorum,
524 1510 682 1582 preci
694 1524 805 1583 pue
838 1511 1089 1568 ferarum
1123 1511 1419 1582 incognita
1455 1511 1670 1583 specie.

177 1599 358 1670 Hujus
378 1600 747 1671 temporibus
770 1600 964 1656 Romae
987 1600 1284 1671 sapientes
1306 1600 1568 1671 insignes
1587 1603 1755 1655 erant

112 1685 405 1755 Virgilius,
442 1686 712 1743 Horatius
737 1684 998 1756 Flaccus,
1026 1685 1238 1757 Livius,
1280 1685 1591 1757 Salustius,
1628 1686 1757 1742 Ovi-

116 1769 266 1841 dius,
324 1773 685 1843 Hortensius,
765 1772 1176 1831 Athenodorus
1223 1774 1531 1843 Tharseus,
1613 1771 1755 1828 Sitio

113 1861 560 1919 Alexandrinus.

112 1959 229 2007 Anni
248 1960 475 2021 Augusti.

184 2044 229 2094 1.
264 2042 431 2096 Anno
465 2040 647 2111 igitur
677 2040 1213 2113 septingentesimo
1246 2042 1472 2099 decimo
1503 2054 1532 2097 a
1562 2039 1762 2097 condi-

115 2128 265 2184 tione
289 2129 469 2185 Urbis
490 2128 845 2187 Octavianus
862 2134 1057 2188 Caesar
1072 2145 1323 2202 regnare
1346 2130 1543 2202 erepit,
1562 2143 1764 2199 regna-

119 2217 303 2288 vitque
321 2231 462 2274 cum
488 2219 738 2275 Antonio
760 2224 820 2275 et
844 2220 1063 2292 Lepido
1090 2221 1353 2290 annism,
1374 2223 1581 2291 postea
1600 2216 1763 2274 solus

116 2307 195 2375 44,
226 2306 319 2377 qui
345 2312 498 2364 sunt
531 2308 949 2379 quinquaginta
981 2323 1105 2365 sex.
1141 2308 1334 2365 Primo
1388 2312 1581 2364 autem
1614 2320 1763 2362 anno

115 2393 267 2464 jussu
294 2399 546 2453 senatus
599 2396 813 2454 bellum
845 2396 1155 2456 adversum
1215 2397 1529 2454 Antonium
1561 2395 1760 2464 movit,

117 2495 346 2555 cumque
376 2485 628 2542 devicit.
665 2487 878 2558 (Ηιειι.)
903 2487 1115 2544 Eodem
1164 2501 1314 2543 anno
1346 2500 1476 2543 cum
1508 2482 1676 2541 multi
1708 2483 1762 2539 in

121 2570 383 2630 ultionem
399 2574 664 2632 Caesaris
681 2575 1116 2647 occiderentur,
1133 2576 1334 2633 Cicero
1348 2574 1405 2631 in
1418 2571 1765 2630 Phormanio

125 2675 221 2720 suo
238 2664 306 2720 ab
327 2664 626 2721 Herennio
653 2668 711 2721 et
740 2665 949 2722 Publio
976 2665 1207 2722 occisus
1229 2668 1344 2732 est,
1394 2676 1543 2719 anno
1572 2659 1768 2718 aztatis

134 2766 241 2809 sua:
268 2755 351 2808 64.
381 2752 605 2810 Eodem
640 2768 870 2825 quoque
889 2769 1038 2812 anno
1061 2754 1302 2811 Ovidius
1333 2753 1483 2808 Naso
1509 2750 1769 2807 nascitur

132 2839 180 2896 in
208 2840 457 2911 Peligno.

190 2931 238 2986 2.
272 2930 512 2988 Curtius
550 2929 822 2988 Salassus
853 2932 908 2989 in
939 2931 1125 2989 insula
1156 2934 1334 2987 Arato
1358 2945 1487 2987 cum
1519 2932 1773 3001 quatuor

135 3016 460 3077 cohortibus
498 3023 753 3077 exustus
782 3025 871 3077 est
901 3021 1091 3092 vivus,
1123 3035 1191 3077 eo
1219 3019 1374 3091 quod
1404 3018 1624 3074 tributa
1647 3031 1775 3087 gra-

135 3104 251 3163 vius
270 3107 559 3178 exigeret.

201 3200 247 3251 3.
281 3195 661 3268 Octavianus,
688 3195 1115 3253 interveniente
1140 3198 1367 3267 senatu,
1384 3194 1438 3250 in
1454 3192 1774 3250 amiciciam

141 3284 457 3356 regreditur
489 3300 629 3342 cum
662 3284 933 3341 Antonio.

202 3375 248 3428 4.
282 3374 634 3431 Cornificius
656 3378 825 3446 poeta
858 3374 1134 3431 desertus
1162 3389 1192 3430 a
1223 3373 1509 3429 militibus
1529 3369 1773 3440 interiit,

144 3474 272 3531 quos
296 3476 432 3535 sepe
500 3462 798 3532 fugientes
827 3463 1089 3533 galeatos
1145 3462 1381 3533 lepores
1437 3457 1773 3532 appellavit.

145 3550 305 3623 Hujus
332 3567 502 3611 soror
538 3555 667 3608 erat
717 3552 1046 3623 Corniﬁcia,
1079 3551 1249 3622 cujus
1298 3549 1547 3621 insignia
1577 3549 1779 3605 extant

146 3639 570 3711 epigrammata.

211 3752 255 3803 δ.
284 3747 553 3806 Secunda
594 3747 849 3805 secessio
881 3747 1127 3804 Caesaris
1163 3751 1222 3804 et
1253 3745 1506 3803 Antonii.

210 3840 255 3891 6.
289 3838 596 3895 Cornelius
638 3838 829 3910 Nepos
885 3837 1145 3909 scriptor
1202 3835 1536 3907 hystoricus
1592 3832 1787 3891 clarus

150 3922 394 3982 habetur.

212 4017 260 4071 7.
290 4016 560 4073 Formius
620 4030 750 4072 cum
783 4014 903 4072 ﬁlio
936 4014 1162 4072 Formio
1217 4014 1451 4084 claruit,
1481 4009 1583 4070 sed
1636 4010 1790 4068 filius

157 4103 462 4161 consularis
492 4108 635 4161 ante
667 4107 894 4177 patrem
925 4104 1068 4161 obiit
1093 4103 1181 4159 ‘°°.

217 4193 265 4249 8.
296 4193 510 4251 Brutus
545 4203 605 4248 et.
635 4192 887 4263 Cassius,
933 4192 1158 4263 magnis
1174 4191 1535 4249 exercitibus
1566 4203 1794 4261 compa-

161 4279 303 4353 ratis,
324 4283 475 4355 apud
494 4281 757 4341 Athenas
772 4285 1196 4352 convenerunt,
1213 4284 1518 4350 totamque
1534 4278 1794 4336 Greciam

162 4366 478 4443 depopulati
502 4377 664 4430 sunt.
688 4373 847 4440 Quos
869 4373 1062 4428 Caesar
1079 4375 1139 4427 et
1164 4370 1473 4440 Antonius,
1500 4368 1690 4426 denuo
1711 4381 1801 4423 re-

163 4459 462 4533 conciliati,
485 4461 549 4517 in
579 4459 970 4517 Macedoniam
994 4458 1291 4532 persecuti
1316 4460 1451 4514 sunt
1474 4461 1533 4513 et
1552 4455 1620 4512 ad
1650 4469 1801 4511 mor-

165 4548 269 4603 tem
294 4548 739 4621 compulerunt;
770 4562 900 4605 nam
947 4548 1001 4603 in
1063 4545 1525 4620 desperationem
1582 4542 1797 4619 adacti,

1808 3253 1856 3316 C

1859 623 1948 679 nis
1973 622 2138 681 47“”.
2166 623 2273 690 Qui
2299 627 2360 679 ut
2393 638 2461 679 se
2506 622 2800 680 Judaais‘“
2824 624 3007 693 magis
3056 626 3507 696 commendaret,

1860 725 2100 769 uxorem
2136 726 2319 781 suam,
2357 725 2483 782 quae
2518 709 2680 766 [tosis
2710 711 3050 779 vocabatur,
3084 710 3155 765 de
3186 726 3294 781 qua
3328 711 3510 767 ﬁlium

1861 800 2093 856 nomine
2120 800 2490 872 Antipatrum
2516 799 2742 869 habuit,
2778 798 3011 869 abjecit,
3034 804 3092 854 et
3126 799 3287 869 regio
3310 800 3512 855 semini

1860 903 1924 946 se
1954 887 2281 959 conjunxit,
2307 887 2601 959 accipiens
2641 887 3028 958 Mariamnem,
3066 887 3238 943 ﬁliam
3270 888 3516 944 Alexan-

1863 977 1972 1047 dri,
1998 977 2098 1033 ﬁlii
2126 976 2465 1045 Aristoboli,
2502 976 2701 1032 fratris
2724 976 2969 1047 Hyrcani
2995 977 3197 1033 summi
3223 976 3515 1048 pontiﬁcis

1864 1067 2116 1136 ctregis,
2144 1080 2312 1138 quam
2340 1070 2752 1137 procreaverat
2778 1066 2926 1120 idem
2952 1064 3277 1121 Alexander
3302 1081 3373 1120 ex
3399 1064 3516 1121 illia

1864 1155 2111 1227 Hyrcani
2136 1154 2330 1227 patrui
2356 1152 2444 1210 sui
2492 1154 2596 1224 (Cf.
2631 1156 3013 1210 NIHIL—10$.
3042 1154 3127 1209 De
3155 1152 3204 1208 b.
3237 1156 3295 1210 J.
3334 1170 3369 1223 ι,
3406 1154 3512 1225 lt).

1939 1244 2150 1316 (illam)
2175 1244 2260 1301 Ab
2291 1244 2400 1302 hoc
2444 1245 2623 1315 igitur
2651 1259 2818 1313 anno,
2871 1242 2967 1314 qui
2998 1246 3089 1297 est
3119 1242 3380 1298 decimus
3414 1242 3519 1299 Oc-

1867 1333 2083 1390 taviani
2114 1334 2361 1390 Caesaris
2391 1338 2449 1390 et
2470 1338 2634 1390 718“
2665 1347 2693 1388 a
2726 1331 3062 1388 conditione
3092 1330 3283 1401 Urbis,
3309 1331 3381 1387 ab
3404 1346 3519 1388 Ol'l-

1866 1422 1997 1493 gine
2036 1435 2175 1479 vero
2243 1422 2437 1479 mundi
2494 1427 2585 1478 ter
2642 1421 2985 1477 millesimus
3043 1420 3520 1490 nongentesimus

1867 1515 2014 1582 '22“,
2050 1525 2292 1580 regnum
2322 1518 2379 1567 et
2434 1511 2826 1567 sacerdotium
2881 1509 3212 1565 Judzeorum
3246 1522 3427 1579 usque
3461 1507 3515 1563 in

1868 1614 2112 1672 presens
2138 1605 2371 1671 tempus
2400 1599 2630 1671 defecit,
2666 1603 2723 1654 et
2755 1598 3034 1668 christus,
3072 1596 3124 1651 id
3159 1602 3249 1652 est
3279 1604 3514 1667 unctus,

1870 1701 2038 1759 quem
2069 1687 2369 1759 Scriptura
2414 1686 2670 1743 Danielis
2700 1685 3011 1755 signiﬁcat,
3049 1684 3217 1740 ﬁnem
3270 1684 3515 1757 accepit.

1872 1776 2024 1844 (Ecs.
2050 1777 2129 1831 H.
2178 1790 2224 1831 ε.
2254 1792 2290 1846 ι,
2335 1778 2643 1832 5.—Hisa.
2670 1775 2738 1832 in
2757 1776 2911 1831 Dan.
2947 1778 3124 1846 c.1x.)
3158 1776 3293 1830 Nam
3331 1787 3515 1846 usque

1786 1892 1842 1953 Β
1872 1864 1942 1920 ad
1979 1866 2323 1936 Hyrcanum,
2351 1863 2902 1921 AlexandriJamnei
2926 1863 3126 1953 filium,
3154 1862 3405 1953 iudices,
3433 1875 3523 1919 sa-

1871 1953 2164 2024 cerdotes,
2194 1969 2362 2024 reges
2388 1969 2489 2027 per
2518 1954 2922 2010 successiones
2953 1951 3167 2023 populo
3184 1954 3212 2005 J
3221 1951 3517 2008 udzeorum

1874 2043 2245 2114 prefuerunt;
2296 2042 2487 2100 sed‘“
2538 2044 2862 2114 Hyrcanum
2898 2043 3079 2097 frater
3111 2039 3339 2097 suus‘”
3398 2039 3524 2096 Ari-

1874 2131 2145 2188 stobolus
2169 2132 2239 2188 de
2264 2147 2440 2203 regno
2458 2131 2879 2205 expulit,qucm
2904 2130 3213 2200 Pompeius
3238 2130 3520 2186 Romano-

1875 2235 2001 2277 rum
2034 2220 2326 2293 priuceps,
2390 2223 2618 2278 favente
2676 2219 2984 2291 Antipatro
3029 2217 3276 2275 Herodis
3334 2226 3520 2290 patre,

1875 2309 2163 2379 restituit,
2188 2310 2584 2367 Aristobolum
2603 2324 2743 2367 vero
2761 2310 2998 2364 Romam
3018 2309 3313 2379 captivum
3333 2306 3521 2363 duxit.

1877 2399 2141 2469 Hyrcano
2163 2404 2356 2456 autem
2380 2414 2486 2471 per
2516 2398 2826 2456 consilium
2862 2397 3156 2467 Antigoni,
3184 2395 3284 2451 filii
3320 2395 3521 2451 fratris

1879 2487 1967 2544 sui
2000 2488 2343 2555 Aristoboli,
2383 2503 2413 2544 a
2440 2488 2676 2545 Parthis
2707 2490 2901 2558 capto,
2928 2485 3249 2556 eodemque
3278 2483 3346 2517 ⁴⁰⁷
3369 2483 3529 2540 Anti-

1878 2590 2028 2647 gono
2059 2576 2115 2630 in
2148 2575 2276 2633 loco
2306 2576 2527 2648 patruti
2560 2577 2632 2632 ab
2662 2576 2878 2632 eisdem
2927 2574 3159 2629 Parthis
3188 2573 3525 2643 subrogato,

1881 2664 1984 2722 sed
2025 2680 2155 2721 mox
2185 2665 2387 2721 eodem
2427 2680 2457 2719 a
2480 2665 2754 2721 Romanis
2787 2678 2889 2719 seu
2922 2664 2992 2717 ab
3026 2663 3248 2717 Herode
3270 2665 3441 2732 capto
3472 2668 3532 2718 et

1884 2755 2216 2825 interfecto,
2241 2753 2713 2825 (Hmn.)Herodes
2730 2767 2966 2823 regnum
2987 2752 3233 2823 accepit,
3252 2751 3532 2809 etexinde

1884 2858 2247 2916 nequaquam
2282 2858 2385 2915 per
2414 2843 2846 2899 successionem
2870 2842 3103 2912 generis
3142 2839 3532 2898 sacerdotalis

1886 2932 2194 3007 pontiﬁces
2208 2932 2518 2989 constituti
2534 2930 2801 3001 sunt,sed
2819 2930 3103 3000 ignobiles
3119 2930 3416 3001 quique,ct
3435 2928 3532 2984 alii

1886 3021 2001 3079 alio
2019 3025 2307 3093 tempore,
2332 3019 2595 3077 nonnulli
2614 3034 2755 3077 vero
2786 3033 2891 3091 per
2914 3019 3086 3076 unius
3109 3017 3241 3075 anni
3273 3018 3533 3089 spacium

1886 3110 1977 3167 vel
2032 3110 2319 3167 modicum
2376 3108 2626 3180 amplius
2684 3107 3075 3164 sacerdotium
3134 3102 3529 3164 emeruérunt.

1888 3202 2091 3272 Itaque
2116 3198 2375 3257 Herodes
2398 3197 2675 3255 Analeum
2702 3197 3008 3269 quendam,
3034 3198 3105 3253 de
3134 3194 3422 3268 Babylone
3445 3210 3537 3253 ac-

1889 3291 2090 3361 citum,
2127 3288 2461 3361 pontificem
2508 3287 2851 3355 constituit;
2884 3291 3011 3359 post
3067 3286 3335 3356 exiguum
3394 3301 3535 3343 vero

1887 3377 2172 3451 temporis
2194 3376 2613 3448 Aristobolum,
2642 3377 2879 3432 fratrem
2907 3375 3105 3431 uxoris
3128 3390 3247 3432 suae
3280 3374 3538 3432 Mariam-

1892 3469 2003 3538 nis,
2031 3481 2303 3540 nepetem
2327 3466 2573 3540 Hyrcani
2598 3482 2670 3522 cx
2694 3464 2830 3537 ﬁlia,
2855 3479 3252 3521 successorem
3272 3464 3323 3520 ei
3348 3463 3529 3520 dedit.

1894 3556 2017 3624 Quo
2034 3562 2170 3628 post
2193 3570 2403 3612 annum
2438 3553 2682 3611 consilio
2702 3553 2885 3625 ipsius
2924 3554 3401 3624 Ilerodisinaqua
3425 3552 3543 3609 suf-

1896 3648 2112 3717 focato,
2140 3661 2346 3703 rursus
2368 3643 2764 3701 sacerdotium
2789 3641 3045 3698 reddidit
3068 3642 3315 3710 Analeo;
3338 3642 3542 3711 sicque

1897 3750 2000 3808 per
2032 3735 2297 3792 diversas
2326 3732 2735 3790 successiones
2757 3735 3169 3786 extraneorum
3194 3731 3249 3785 in
3274 3729 3545 3787 sacerdo-

1900 3822 2034 3878 talis
2056 3820 2426 3878 successione
2438 3817 2672 3889 generis
2686 3816 3074 3873 sacerdotium
3091 3816 3299 3872 defccit
3319 3815 3547 3873 Iudaeo-

1900 3925 2047 3967 rum.
2094 3909 2232 3976 Qua)
2274 3907 2462 3963 omnia
2514 3907 2592 3962 ita
2625 3910 2872 3962 ventura
2899 3904 3139 3974 angelus
3165 3903 3384 3960 Danieli
3415 3919 3546 3975 pre-

1902 3998 2046 4054 dixit
2074 3997 2129 4053 in
2151 3998 2275 4054 haec
2292 3995 2470 4053 verba
2499 4015 2511 4050 :
2540 4014 2567 4047 «
2592 3996 2661 4050 Et
2685 3994 2837 4051 scies
2868 3998 2927 4049 et
2953 3993 3262 4063 intelleges
3278 3993 3348 4048 ab
3373 3992 3547 4050 inicio

1906 4087 2196 4144 sermonis
2214 4084 2609 4157 respondendi
2641 4083 3036 4140 etaediﬁcandi
3076 4081 3436 4139 Hierusalem
3454 4096 3548 4139 us-

1907 4191 2017 4249 que
2034 4176 2105 4232 ad
2129 4175 2421 4231 Christum
2460 4173 2663 4230 ducem
2685 4172 3021 4229 ebdomada:
3062 4175 3458 4244 septemetGiz,
3490 4176 3551 4227 et

1906 4270 2042 4339 post
2057 4262 2413 4322 ebdomadas
2427 4267 2649 4335 septem
2664 4266 2803 4317 et62
2822 4260 3554 4333 interibitcrisma,ctjudi-

1909 4356 2063 4411 cium
2077 4369 2186 4410 non
2202 4353 2333 4423 erit,
2360 4351 2711 4423 ettemplum
2732 4356 2788 4406 ct
2826 4355 3088 4406 sanctum
3104 4353 3555 4421 corrumpetpo-

1912 4443 2258 4518 pulus,duce
2270 4442 2561 4498 veniente.
2578 4462 2604 4490 ι)
2624 4441 2691 4496 Ει
2711 4440 2954 4511 reliqua.
2983 4439 3165 4508 Igitur
3180 4445 3401 4509 septem
3418 4441 3556 4493 et62

1913 4532 2273 4604 ebdomadae,
2318 4547 2445 4603 quae
2472 4529 2643 4586 simul
2668 4528 2809 4585 ﬁunt
2862 4534 2948 4598 6t),
2985 4529 3197 4583 faciunt
3225 4542 3403 4582 annos
3434 4529 3555 4594 483,

168 4614 517 4696 immaturam
548 4638 659 4695 sibi
692 4614 941 4695 mortem
976 4641 1110 4693 ante
1145 4614 1283 4694 lieni
1314 4635 1627 4692 terminum
1651 4614 1803 4688 intus
1826 4618 1883 4681 D
1916 4625 1972 4682 in
2006 4624 2217 4697 quibus
2243 4620 2472 4690 christi,
2505 4620 2558 4676 id
2591 4624 2685 4675 cst
2717 4618 3059 4674 sacerdotes
3090 4631 3191 4687 per
3223 4615 3556 4669 unctionem

169 4719 367 4783 lerunt.
400 4727 670 4785 Invitatis
702 4727 916 4801 quippe
960 4725 1031 4761 ⁴⁰¹
1066 4724 1509 4799 percussoribus
1566 4721 1803 4779 Cassius

173 4819 351 4888 caput,
384 4815 545 4873 latus
574 4815 644 4850 ⁴⁰²
674 4818 890 4873 Brutus
923 4815 1177 4889 prebuit.

233 4906 285 4960 9.
312 4904 504 4964 Varus
522 4910 716 4980 poeta,
735 4921 904 4979 quem
925 4904 1206 4977 Virgilius
1229 4903 1285 4960 in
1308 4900 1599 4960 Bucolicis
1620 4902 1802 4969 notat,

176 4986 227 5044 in
257 4992 573 5066 Capadocia
602 4995 868 5053 moritur.

1916 4711 2268 4777 consecrati,
2288 4709 2767 4779 regnaveruntab
2785 4704 3204 4761 instauratione
3230 4708 3252 4756 t
3291 4700 3426 4772 mpli
3451 4701 3561 4756 sub

1915 4803 2089 4861 Dario
2114 4813 2297 4871 usque
2319 4799 2389 4855 ad
2424 4799 2769 4868 Hyrcanum,
2798 4793 2852 4848 in
2877 4808 2990 4863 quo
3015 4792 3331 4846 novissimo
3352 4789 3562 4845 crisma

1918 4898 1977 4952 et
1995 4889 2393 4950 sacerdocium
2410 4884 2619 4941 defecit
2634 4881 3178 4950 Judzeorum.(Hn-:n.
3191 4880 3253 4934 in
3266 4880 3564 4949 Damonis}

1923 4979 2466 5051 Quod(215)autem
2507 4988 2538 5030 a
2575 4971 2935 5045 perfectione
2973 4966 3312 5039 templi,hoc
3330 4964 3503 5022 est‘08
3535 4980 3565 5020 a

241 5053 618 5141 10..Herodes
663 5083 1010 5156 alienigena,
1042 5082 1198 5141 filius
1247 5078 1540 5154 Antipatri
1568 5076 1810 5135 Ydumei
1923 5074 2093 5130 sexto
2124 5066 2278 5125 Darii
2330 5079 2502 5136 anno,
2564 5076 2748 5156 usque
2780 5058 2963 5156 ad.“
2995 5058 3264 5156 decimum
3323 5053 3569 5156 Augusti

179 5172 235 5224 et
261 5168 522 5243 Cypridis
568 5145 871 5247 Arabitae;
900 5145 1183 5232 suadente
1240 5145 1510 5242 Antonio,
1546 5184 1577 5226 a
1606 5170 1813 5226 senatu
1925 5176 2072 5219 anno
2101 5159 2325 5231 septem
2379 5158 2437 5212 et
2469 5157 2539 5211 62
2595 5148 2953 5221 ebdomadae,
3014 5145 3073 5204 id
3104 5150 3195 5203 est
3256 5145 3387 5202 anni
3446 5146 3568 5212 583,

1526 5317 1765 5380 VARLE
1808 5308 2209 5373 LECTIONES.

253 5441 321 5477 “°
349 5443 510 5507 deest
551 5451 624 5505 9°.

737 5448 807 5484 ⁴⁰¹
834 5448 1001 5511 deest
1039 5451 1117 5508 9°.
1222 5447 1295 5484 ‘°‘
1331 5447 1499 5507 deest
1546 5451 1597 5503 δ.

1694 5439 2052 5500 ιοεχχχνιι.
2086 5440 2139 5492 δ.
2201 5428 2511 5491 xxxxvm
2548 5428 2622 5485 ιδ.
2718 5427 2784 5462 ιοι
2841 5429 2878 5485 i.
2930 5442 2993 5485 se
3026 5432 3076 5483 δ.

3179 5423 3248 5459 ⁴⁰⁵
3302 5423 3463 5481 deest
3521 5424 3580 5476 9°

190 5506 253 5545 ⁸⁸⁸
281 5515 404 5585 eius
423 5506 502 5577 θέε.
576 5520 646 5556 ⁸⁰⁷
676 5506 988 5580 eodem-93.
1019 5506 1113 5582 Η.
1182 5520 1254 5555 ⁸ο·
1274 5506 1388 5579 hoc
1412 5506 1505 5577 est
1539 5516 1658 5576 dos.
1692 5520 1768 5573 9°.
1845 5511 1916 5547 ⁴⁰⁰
1937 5510 2104 5568 deest
2127 5510 2177 5564 5.

1764 5635 1987 5698 ΝΟΤιΕ.

272 5708 414 5788 (218)
448 5716 533 5775 Ci.
566 5717 769 5776 eadem
798 5719 975 5776 verba
1007 5731 1185 5791 supra
1210 5716 1322 5775 col.
1347 5719 1470 5772 654.
