3898 6320
361 373 480 438 655

1517 357 1998 423 EKKEHARDI
2042 356 2604 422 URAUGIENSIS

3654 359 3772 420 656

391 509 789 582 omputentur,
814 501 898 560 sic
919 515 1229 575 possumus
1248 498 1592 571 approbare.
1619 496 2005 567 Sexagesima
2034 496 2092 556 A
2119 495 2444 566 sedentem,
2479 511 2508 552 a
2555 494 2948 552 fundamentis
3001 493 3314 564 suscitans,
3373 494 3431 550 in
3488 494 3771 551 honorem

354 602 544 656 sextae
565 591 910 667 Olympiadis
931 605 1080 646 anno
1119 589 1324 661 primo,
1357 588 1464 643 hoc
1487 590 1575 642 est
1626 585 1781 641 Darii
1813 587 2002 656 sexto,

352 684 642 759 completa
673 687 762 740 est
797 680 999 753 templi
1047 678 1382 748 mdiﬁcatio,
1415 681 1471 732 ct
1505 680 1603 733 186
1660 673 2005 747 Olympiadis

355 789 504 832 anno
534 772 809 841 secundo,
842 770 898 826 id
931 773 1020 825 est
1056 767 1306 838 Augusti
1353 765 1594 835 decimo,
1624 763 1884 820 Herodes
1918 777 2006 818 re-

351 878 528 937 gnum
561 859 821 931 suscepit
853 858 1208 927 Iudaeorum,
1243 857 1298 911 in
1325 855 1535 926 quibus
1559 853 1698 909 fiunt
1723 853 1854 908 anni
1879 855 2000 921 483,

354 966 458 1024 per
489 948 747 1020 singulas
777 945 1140 1018 olympiades
1174 942 1556 1016 quadriennio
1589 942 1925 1013 subputato.

402 1041 526 1090 Anni
555 1037 762 1087 Herodis
793 1037 943 1098 regis.

423 1123 595 1176 11.1.
632 1117 845 1188 (Ηιειι.)
880 1114 1171 1172 Salustius
1225 1113 1372 1169 obiit
1431 1109 1811 1183 quadriennio
1869 1111 2002 1164 ante

354 1205 568 1264 bellum
618 1204 940 1263 Actiacum.
975 1203 1152 1259 Luna:
1207 1217 1420 1259 cursus
1453 1197 1767 1257 secundum
1802 1199 2003 1253 Roma-

354 1310 463 1353 nos
494 1296 605 1353 hoc
637 1311 786 1352 anno
817 1294 1089 1350 inventus
1118 1299 1227 1350 est.

425 1389 511 1443 12.
545 1390 596 1441 2.
629 1382 919 1441 Antonius
948 1382 1270 1456 Cleopatrae
1311 1382 1576 1452 junctus,
1614 1379 1697 1435 illi
1731 1377 2000 1435 Arabiam

357 1474 598 1621 “3&3.
653 1561 953 1619 Octaviani
984 1565 1044 1617 et
1098 1559 1332 1615 Antonii
1366 1557 1564 1614 terciae
1622 1553 2001 1612 dissensionis

355 1650 685 1721 exordium,
719 1664 787 1705 co
817 1649 972 1720 quod
1003 1648 1308 1717 Antonius,
1337 1644 1641 1718 rcpudatia
1661 1658 1860 1700 sorore
1887 1644 2002 1699 Cae-

356 1739 523 1811 saris,
556 1738 820 1796 duxisset
853 1737 1236 1808 Cleopatram.
1291 1738 1300 1744 ‘

2121 586 2368 654 Augusti
2405 585 2746 654 Sebastiani,
2783 585 2837 640 id
2871 588 2962 640 est
2988 587 3326 653 Augustam,
3354 581 3698 654 appellavit,

2187 678 2273 730 29.
2312 678 2394 730 19.
2435 676 2492 730 In
2556 676 2742 745 Cypro
2777 672 3155 746 plurimarum
3209 672 3518 728 civitatum
3575 676 3774 743 partes

2116 767 2439 819 terremotu
2476 763 2840 820 ceciderunt.

2188 856 2272 906 30.
2306 857 2393 908 20.
2431 854 2616 909 Varus
2647 857 2706 907 et
2735 854 2940 921 Tucca,
2977 849 3202 920 Virgilii
3233 853 3291 904 et
3323 849 3551 906 Horatii
3573 854 3775 906 contu-

2117 940 2405 1011 bernales,
2425 946 2610 1012 poetae
2633 941 2923 996 habentur
2947 938 3225 1009 illustres,
3254 939 3351 1009 qui
3371 937 3557 994 libros
3578 936 3775 994 Enei-

2114 1027 2227 1083 don
2261 1035 2459 1100 postea
2517 1029 2911 1085 emendandos
2942 1032 3327 1098 susceperunt
3357 1026 3430 1082 ab
3473 1031 3764 1096 Augusto,

2114 1131 2178 1173 ea
2216 1117 2342 1187 lege
2366 1122 2428 1174 ut
2459 1117 2632 1174 nichil
2667 1118 2737 1173 de
2761 1133 2868 1174 suo
2900 1116 3203 1173 adderent.

2185 1210 2384 1261 31.21.
2417 1207 2667 1279 Agrippa
2705 1206 3066 1278 Bosphorum
3097 1205 3276 1276 cepit.

2185 1300 2270 1350 32.
2306 1300 2391 1351 22.
2428 1298 2729 1366 Augustus
2761 1310 2792 1351 a
2826 1297 3032 1350 senatu
3066 1293 3351 1350 maximus
3370 1293 3638 1364 pontifex
3670 1307 3765 1348 no-

2113 1384 2390 1440 minatur.

2186 1476 2271 1527 33.
2306 1477 2392 1528 23.
2428 1471 2688 1528 Herodes
2737 1473 3060 1527 Cmsaream
3091 1470 3320 1527 nomine
3350 1470 3599 1526 Caesaris
3631 1485 3765 1526 con-

2115 1561 2283 1630 didit,
2321 1576 2446 1631 quas
2477 1561 2640 1632 prius
2672 1561 2858 1617 turris
2884 1559 3174 1616 Stratonis
3205 1559 3548 1616 vocabatur.

2185 1653 2269 1705 34.
2305 1655 2389 1706 24.
2428 1649 2703 1706 Horatius
2759 1655 2854 1705 57°
2885 1650 3078 1705 aetatis
3133 1663 3254 1705 suae
3309 1662 3461 1704 anno
3519 1648 3765 1704 moritur

2114 1739 2326 1794 Reum.

433 1830 515 1886 14.
548 1830 598 1884 4.
637 1827 869 1883 Nicetes
899 1830 957 1882 et
989 1824 1324 1880 Theodorus
1356 1822 1666 1878 rethoricaa
1697 1819 1844 1876 artis
1877 1831 1999 1889 pre-
2030 1851 2085 1913 B
2185 1831 2269 1881 3:5,
2304 1832 2392 1882 25,
2423 1826 2610 1882 Julius
2643 1825 2918 1897 Hyginus,
2971 1827 3358 1894 cognomento
3393 1823 3758 1896 polybystor,

357 1921 631 1990 ceptores
659 1914 967 1971 habentur.

429 2009 515 2062 15.
551 2010 601 2061 ὅ.
637 2003 924 2059 Antonius
955 2005 1012 2057 et
1064 2001 1372 2073 Cleopatra
1405 2004 1590 2054 semet
1624 1995 1999 2060 interficiunt,

356 2097 415 2152 et
444 2091 811 2165 Egyptusﬁt
840 2092 1089 2147 Romana
1125 2088 1444 2161 provincia,
1484 2087 1536 2140 in
1570 2101 1678 2156 qua
1715 2099 1900 2156 usque
1934 2081 2004 2138 ad

351 2180 424 2216 “°
451 2181 815 2253 Cleopatram
849 2182 1237 2248 regnaverunt
1271 2176 1367 2246 qui
1391 2174 1749 2230 vocabantur
1783 2168 2006 2240 Lagidaa

358 2271 525 2328 annis
545 2275 650 2327 273
671 2268 760 2339 ω,
793 2269 915 2340 ipsa
949 2281 1088 2322 vero
1122 2265 1387 2336 regnavit
1417 2264 1582 2319 annis
1609 2266 1695 2331 22,
1731 2261 1824 2332 qui
1863 2260 2006 2315 ﬁunt

359 2359 493 2416 anni
524 2358 762 2416 ducenti
796 2355 1108 2426 nonaginta
1141 2355 1418 2425 quinque.

432 2449 518 2502 16.
552 2451 612 2502 6.
648 2443 947 2516 Nicopolis
990 2443 1156 2512 juxta
1217 2442 1445 2498 Actium
1508 2437 2003 2512 promunctorium

362 2533 595 2594 condita
618 2538 728 2591 est.

439 2633 521 2686 17.
555 2625 1060 2683 7.“’Octavianus
1083 2627 1424 2681 Caesareum
1459 2622 1676 2693 ingenti
1711 2619 2005 2691 triumpho

361 2719 601 2775 Romam
624 2714 927 2786 ingressus
949 2718 1059 2784 est,
1089 2711 1282 2769 ductis
1301 2718 1433 2768 ante
1453 2725 1686 2767 currum
1717 2710 1845 2781 ejus
1868 2707 2004 2763 filiis

365 2805 706 2878 Cleopatrae,
734 2802 864 2859 Sole
886 2807 945 2858 et
969 2802 1479 2872 Lnna,eodcmque
1493 2801 1584 2856 die
1612 2800 1700 2856 sui
1728 2796 2003 2869 triumphi

363 2907 568 2952 nomen
600 2891 826 2964 accepit
876 2890 1143 2961 Augusti.
1179 2890 1388 2946 Eodem
1423 2904 1573 2946 anno
1619 2889 1844 2944 Marcus
1874 2888 2006 2941 Ter-

363 2981 590 3041 rentius
617 2980 768 3038 Varo
800 2978 1200 3052 pbylosophus
1226 2994 1404 3051 prope
1433 2976 1859 3047 nonagenarius
1892 2990 2005 3030 mo-

362 3070 539 3131 ritur.

2114 1915 2528 1985 grammaticus
2562 1915 2807 1970 habetur
2838 1913 3106 1970 illustris.

2187 2005 2272 2060 36.
2309 2008 2394 2060 26.
2432 2003 2689 2059 Herodes
2725 2005 3070 2073 Hyrcanum,
3098 2001 3196 2072 qui
3227 1999 3364 2057 olim
3395 2001 3677 2058 sacerdos
3709 2007 3759 2058 et

2117 2108 2219 2149 rex
2249 2092 2579 2148 Judaaorum
2615 2093 2822 2162 fuerat,
2858 2105 3033 2148 causa
3064 2089 3222 2146 illius
3253 2089 3532 2147 amiciciae
3566 2091 3763 2161 pristi-

2117 2197 2202 2238 nae
2236 2182 2361 2252 ipso
2395 2185 2634 2250 rogante
2677 2179 2744 2213 ⁸1⁵
2773 2181 2845 2236 de
2893 2179 3235 2250 captivitate
3264 2192 3601 2248 regressum
3629 2180 3790 2236 Paru

2117 2271 2293 2338 thica,
2326 2269 2560 2337 occidit,
2599 2273 2860 2325 metuens
2887 2283 2956 2324 ne
2989 2267 3279 2338 reciperet
3310 2281 3581 2337 regnum.

2189 2364 2275 2415 37.
2308 2364 2397 2414 27.
2431 2358 2691 2414 Herodes
2712 2355 3132 2422 Aristobolum,
3158 2356 3398 2411 fratrem
3419 2356 3624 2412 uxoris
3647 2369 3766 2413 sue

2116 2447 2462 2514 Mariamnis,
2499 2445 2964 2516 suffocarijussit
2998 2445 3101 2516 (Cf.
3125 2445 3244 2500 Jos.
3279 2459 3372 2514 xv,
3398 2447 3476 2506 3).

2187 2539 2272 2590 38.
2307 2540 2392 2591 28.
2431 2534 2642 2603 (HN-SR.)
2673 2535 2974 2606 Tyberius,
3027 2533 3271 2604 Augusti
3306 2531 3629 2604 privignus,
3667 2532 3770 2588 sed

2108 2625 2224 2694 jam
2251 2625 2305 2678 in
2328 2623 2504 2680 lilium
2532 2623 2869 2694 adoptatus,
2893 2622 3104 2679 deletis
3123 2620 3462 2691 Vindelicis,
3481 2620 3770 2678 Armeniis

2114 2718 2171 2768 et
2205 2713 2540 2781 Pannoniis,
2575 2711 2975 2783 triumphavit.

2189 2806 2271 2858 39.
2303 2805 2389 2856 29.
2428 2805 2725 2871 Augustus
2753 2800 2964 2856 Iuliam
2986 2798 3159 2856 filiam
3191 2813 3351 2856 suam
3386 2798 3441 2854 in
3474 2797 3767 2855 adulterio

2114 2891 2533 2962 deprehensam
2561 2889 2856 2945 damnavit
2877 2888 3073 2945 exilio.
3104 2889 3329 2944 Marcus
3349 2885 3576 2944 Tullius
3599 2887 3761 2957 Tyro,

2116 2979 2413 3036 Ciceronis
2446 2978 2712 3048 libertus,
2747 2979 2844 3049 qui
2875 2977 3095 3049 primus
3123 2981 3291 3033 notas
3343 2980 3770 3033 commentatus

2117 3072 2226 3139 est,
2261 3068 2317 3123 in
2347 3066 2666 3122 Puteolano
2709 3065 2910 3137 predio
2945 3079 3132 3138 usque
3187 3063 3261 3120 ad
3289 3069 3523 3122 centum
3583 3078 3764 3121 annos

438 3163 522 3218 18.
555 3162 606 3215 8.
643 3157 946 3216 Cornelius
965 3155 1163 3213 Gallus
1186 3153 1600 3225 Forojuliensis
1625 3158 1816 3225 poeta,
1841 3153 2010 3224 cujus
2039 3205 2085 3225 η
2117 3170 2568 3224 consenescens,
2603 3155 2868 3211 moritur.

365 3205 644 3318 Virgilius
664 3243 926 3301 meminit
947 3243 1001 3298 in
1021 3241 1224 3312 egloga
1251 3205 1473 3310 ult'ima,
1501 3240 1597 3311 qui
1617 3205 1674 3295 et
1699 3205 2005 3311 Egyyptum
2036 3205 2088 3270 Ο
2120 3205 2276 3302 "tu.
2313 3205 2869 3301 30.
2929 3242 3146 3299 Latinis
3179 3241 3540 3300 declamator
3591 3241 3767 3300 taedio

365 3334 424 3391 in
447 3333 801 3408 provinciam
828 3331 1122 3386 redactam
1140 3329 1361 3400 primus
1377 3329 1547 3398 rexit,
1571 3328 1871 3383 44°33tatis
1886 3343 2008 3384 suae

367 3437 516 3480 anno
551 3421 787 3494 propria
821 3433 990 3475 manu
1023 3433 1084 3475 se
1117 3418 1430 3473 interfecit.

443 3514 526 3567 19.
562 3513 615 3566 9.
650 3509 950 3578 Augustus
999 3505 1321 3562 Calabriam
1353 3511 1411 3559 et
1441 3503 1634 3559 Gallos
1693 3501 2009 3573 vectigales

371 3597 528 3656 fecit.

440 3690 526 3744 20.
567 3689 651 3742 10.
676 3685 900 3741 Marcus
924 3682 1166 3739 Gnatins
1188 3681 1480 3751 Plancius,
1526 3680 1820 3737 Ciceronis
1839 3679 2013 3736 disci-

371 3773 545 3849 pulus
575 3779 774 3831 orator
825 3771 1070 3842 insignis
1126 3771 1394 3840 habetur,
1432 3771 1528 3841 qui
1585 3785 1713 3826 cum
1774 3767 2012 3824 Galliam

371 3868 654 3922 comatam
686 3865 937 3932 regeret,
973 3859 1312 3930 Lugdunum
1337 3857 1618 3914 condidit.

441 3939 528 4012 21.
564 3957 649 4007 11.
677 3951 996 4017 Quintilius
1012 3949 1440 4020 Cremonensis,
1467 3948 1691 4018 Virgilii
1713 3953 1768 4002 et
1794 3945 2016 4002 Horatii

369 4038 440 4074 “'
470 4039 710 4108 amicus,
743 4037 1010 4093 moritur.

441 4131 529 4184 22.
565 4132 650 4183 12.
684 4125 933 4197 Pylades
965 4122 1126 4181 Cilex
1155 4123 1546 4196 pantomimus
1571 4123 1792 4195 primus
1828 4123 2020 4180 Romae

375 4215 617 4274 chorum
645 4219 704 4269 et
739 4213 993 4269 fistulam
1026 4213 1135 4268 sibi
1166 4213 1470 4285 precinere
1501 4211 1657 4268 fecit.

449 4308 536 4362 23.
571 4307 658 4358 13.
721 4302 1002 4372 Tyberius
1039 4303 1110 4357 ab
1165 4305 1426 4372 Augusto
1477 4300 1692 4357 missus
1719 4297 2028 4372 occupavit

381 4390 728 4450 Armeniam.

451 4483 540 4537 24.
573 4483 660 4536 14.
704 4477 966 4535 llerodes
997 4477 1148 4550 apud
1180 4477 1624 4535 Hierosolimam
1687 4477 1940 4535 munitas
1969 4479 2026 4532 et

381 4583 619 4640 magnas
650 4567 808 4626 aedes
842 4567 1196 4624 construxit.

451 4663 537 4717 25.
575 4663 658 4715 15.
696 4656 977 4728 Virgilius
1009 4655 1322 4712 Brundusii
1352 4655 1620 4726 moritur,
1639 4660 1695 4712 et
1728 4655 2028 4729 Neapolim

381 4747 758 4818 transfertur,
793 4746 961 4816 cujus
1005 4745 1267 4802 tumulus
1289 4743 1357 4777 ‘1‘
1390 4743 1716 4814 hujusmodi
1769 4750 2026 4803 notatur.

385 4849 553 4908 quem
586 4835 728 4907 ipse,
766 4838 829 4890 ut
859 4833 1041 4903 aiunt,
1077 4832 1330 4889 moriens
1355 4833 1618 4890 dictavit:

486 4923 744 4983 Mantua
771 4937 864 4980 me
884 4923 1116 4995 genuit,
1145 4921 1398 4980 Calabri
1422 4936 1694 4994 rapuere,
1713 4922 2036 4983 teuetuune

527 5012 939 5086 Parthenope;
957 5011 1408 5085 ceciuipaseua,
1427 5025 1598 5083 rura,
1618 5011 1810 5071 duces.

458 5105 544 5158 26.
585 5105 666 5157 16.
700 5101 962 5158 Herodes
1004 5101 1060 5156 in
1093 5101 1358 5159 Paneade
1390 5101 1446 5158 id
1499 5102 1654 5174 quod
1689 5103 1907 5161 Panum
1939 5117 2038 5160 vo-

388 5194 558 5246 catur
580 5190 894 5246 exstruxit.

461 5281 548 5334 27.
586 5282 670 5334 17.
707 5281 1008 5348 Augustus
1038 5281 1245 5336 Samiis
1277 5281 1607 5339 libertatem
1640 5282 1819 5340 dedit.

2120 3333 2369 3405 duplicis
2396 3336 2696 3405 quartanae
2731 3347 2792 3387 se
2827 3332 3141 3388 interfecit.

2192 3425 2277 3478 41.
2313 3427 2398 3477 31.
2437 3423 2535 3494 (Η.
2564 3423 2668 3492 m.)
2729 3420 2956 3477 Cirinus
2987 3435 3059 3476 ex
3116 3417 3364 3476 consilio
3425 3423 3668 3476 senatus
3701 3419 3768 3475 ad

2119 3510 2374 3566 Iudaeam
2399 3509 2633 3579 missus,
2662 3523 2876 3564 census
2896 3507 3190 3564 hominum
3214 3509 3769 3579 possessionumque

2121 3599 2454 3669 descripsit.
2510 3600 2806 3667 Augustus
2835 3612 2996 3665 vero,
3047 3595 3482 3652 habitatoribus
3509 3595 3774 3652 Romanae

2125 3685 2287 3741 urbis
2303 3699 2405 3756 per
2420 3685 2596 3740 facies
2611 3681 3771 3752 dinumeratis,invenitvirorum131,000

2124 3773 2363 3842 triginta
2386 3777 2629 3844 septem.

2199 3864 2284 3916 42.
2320 3867 2404 3917 32.
2443 3864 2740 3930 Augustus
2775 3861 2970 3916 Caesar
3001 3863 3096 3916 42°
3121 3860 3345 3932 imperii
3377 3860 3465 3918 sui
3491 3859 3775 3931 anno,qui

2129 3957 2220 4006 est
2255 3952 2326 4006 ab
2359 3945 2514 4006 Urbe
2546 3950 2778 4005 condita
2827 3954 3008 4020 7350‘“,
3042 3951 3114 4005 ab
3144 3949 3371 4005 oriente
3401 3949 3457 4004 in
3517 3949 3781 4006 occiden-

2133 4045 2267 4110 tem,
2301 4055 2331 4094 a
2391 4039 2793 4110 septentrione
2846 4038 2902 4093 in
2958 4037 3278 4108 meridiem,
3315 4052 3378 4094 ac
3435 4052 3543 4109 per
3605 4043 3781 4094 totum

2133 4129 2334 4186 oceani
2359 4128 2664 4197 circulum,
2693 4143 2804 4198 quo
2825 4129 3139 4184 Romanum
3165 4126 3431 4198 pervenit
3457 4127 3782 4200 imperium,

2137 4217 2365 4274 cunctis
2398 4217 2674 4288 gentibus
2701 4232 2810 4272 una
2863 4230 3005 4287 pace
3039 4215 3400 4287 compositis,
3426 4216 3556 4271 Iani
3592 4221 3787 4289 portas

2136 4307 2322 4364 tercio
2355 4305 2480 4376 ipse
2513 4304 2749 4375 clausit,
2783 4317 2929 4375 quas
2961 4309 3178 4360 extunc
3221 4318 3325 4375 per
3360 4307 3428 4359 12
3459 4304 3582 4360 fere
3616 4319 3788 4360 annos

2140 4393 2507 4468 quietissimo
2523 4407 2753 4464 semper
2777 4393 3086 4450 obseratas
3099 4392 3366 4464 ocioipsa
3381 4392 3561 4450 etiam
3587 4393 3790 4462 rubigo

2143 4483 2424 4556 signavit;
2450 4497 2553 4538 nec
2583 4497 2851 4554 umquam
2885 4487 3111 4553 postea,
3138 4481 3250 4538 nis:
3285 4481 3396 4538 sub
3419 4489 3687 4539 extrema
3711 4493 3792 4536 se-

2056 4566 2113 4632 D
2143 4575 2380 4631 nectute
2413 4571 2679 4642 Augusti,
2712 4569 2980 4642 pulsante
3027 4570 3471 4628 Atheniensium
3505 4570 3792 4628 seditione

2144 4665 2202 4718 et
2224 4663 2507 4718 Dacorum
2529 4659 2914 4716 commotione
2935 4664 3274 4732 patuerunt.
3304 4659 3406 4729 (Η.
3432 4661 3542 4733 m.)
3571 4657 3792 4716 Cleusis

2145 4751 2324 4822 igitur
2353 4750 2478 4806 Jani
2515 4748 2584 4783 ⁴¹⁶
2613 4749 2822 4822 portis,
2884 4763 3002 4806 rem
3034 4748 3349 4820 publicam,
3410 4763 3588 4820 quam
3646 4744 3791 4804 bello

2146 4839 2463 4912 quesierat.
2491 4853 2632 4911 pace
2680 4837 2905 4896 nutrire
2927 4843 3101 4909 atque
3135 4837 3496 4910 ampliﬁcare
3530 4837 3788 4902 studens,

2146 4929 2308 5000 leges
2323 4928 2545 5001 primus
2559 4927 2787 4998 statuit,
2806 4942 2911 5001 per
2925 4941 3068 5000 quas
3079 4926 3599 4998 genushumanum
3616 4924 3791 4981 libera

2149 5017 2479 5076 reverentia
2505 5031 2720 5074 morem
2751 5021 3016 5087 gereret;
3040 5015 3163 5088 ipse
3193 5030 3334 5074 vero
3359 5015 3581 5072 domini
3607 5009 3790 5087 appel-

2147 5106 2424 5164 lationem
2456 5109 2521 5164 ut
2566 5106 2736 5163 homo
2766 5103 3101 5162 declinavit.
3163 5105 3301 5161 Nam
3363 5103 3574 5162 eodem
3630 5098 3787 5159 ludos

2149 5200 2479 5270 spectante,
2512 5211 2642 5254 cum
2664 5193 2896 5268 quidam
2919 5192 3126 5251 mimus
3147 5193 3574 5266 pronunciaret
3599 5210 3612 5248 :
3642 5192 3685 5250 0
3702 5187 3789 5246 do-

2148 5287 2381 5344 minum
2401 5300 2635 5359 aequum
2655 5285 2714 5342 et
2733 5283 2975 5342 bonum!
3008 5283 3385 5354 universique
3400 5283 3568 5356 quasi
3581 5281 3650 5338 de
3677 5278 3789 5350 ipso

463 5370 549 5421 28.
583 5368 667 5422 18.
703 5368 959 5426 Herodes
988 5370 1324 5442 Samariam,
1347 5370 1621 5442 olimjam
1655 5372 1710 5428 in
1743 5373 2043 5434 cineribus
2154 5376 2374 5432 dictum
2399 5373 2764 5431 exsultanter
2790 5370 3300 5446 approbavissent,
3327 5369 3429 5430 ille
3459 5369 3658 5432 statim
3677 5363 3788 5438 qui-

1753 5489 1989 5548 VARIE
2030 5491 2428 5551 LECTIONES.
2617 5454 2626 5462 ’
2867 5471 2869 5474 ’

393 5594 700 5700 ...Ίῖξῖξλξίί
990 5597 1283 5700 (³.1ἐὲξίίέ
1291 5603 1484 5700 11.93;.
1523 5601 2028 5700 :.*:.x&-s.rzm
2055 5603 3245 5700 aerariamsacrauerat;
3431 5597 3780 5700 99931024.-

490 5669 656 5740 cujus
687 5665 912 5736 tytulns
939 5669 993 5726 ιι.
1028 5671 1106 5721 9ο.
1141 5671 1489 5729 vocabulum
1519 5672 1710 5732 deesse
1723 5675 1978 5735 videtur.
2010 5665 2016 5666 ί
2057 5676 2128 5712 “li
2148 5665 2428 5751 reg‘nante
2447 5680 2505 5732 9c
2527 5679 2807 5751 regnante
2828 5688 2978 5735 corr.
3001 5680 3247 5746 rogante
3279 5675 3362 5738 1b.
3438 5676 3509 5712 ‘1'
3521 5677 3636 5753 jam
3657 5676 3707 5734 6.
3735 5674 3787 5730 9°
