3898 6310
97 307 214 375 657

860 311 868 319 ’
985 305 1428 375 CHRONICA.
1460 346 1540 360 —
1568 306 2050 378 CHRONICON
2094 312 2645 382 UNIVERSALE.

3395 323 3516 389 658

101 446 227 504 dem
243 441 1039 516 manuvultuqueindecoras
1058 444 1424 503 adulationes
1447 447 1753 521 repressit,
1781 445 1842 511 Α
1871 464 1982 521 que
2013 449 2297 508 Herodias
2326 464 2398 508 ex
2432 452 2712 509 Beronice
2758 452 3106 511 consobrina
3132 468 3257 527 sua,
3285 456 3514 518 scilicet

98 544 156 593 et
184 533 520 607 insequenti
551 532 646 590 die
686 532 1035 605 gravissimo
1078 535 1277 593 edicto
1326 551 1524 594 omnes
1577 537 1757 594 corri-

99 622 243 696 puit,
276 621 697 694 dominumque
727 636 788 679 se
820 626 954 694 post
986 623 1109 680 haec
1143 623 1427 696 appellari
1451 639 1519 681 ne
1552 638 1583 681 a
1616 624 1757 681 libe-

101 713 182 769 ris
210 710 453 783 quidem
485 714 583 768 aut
618 711 933 783 nepotibus
966 712 1088 770 suis
1121 713 1277 770 serio
1325 713 1419 771 vel
1463 713 1595 785 joco
1628 728 1757 787 pas-

104 815 200 858 sus
232 804 324 858 est
362 798 455 856 ⁸³⁷.

169 889 339 960 (0hr.
391 888 473 947 W.
513 888 732 962 [216]—
771 889 979 963 H.m.)
1022 890 1755 964 Ecgigiturtemporemoc

105 983 189 1036 est
223 992 374 1036 anno
406 981 505 1034 42°
525 979 830 1036 Octaviani
855 980 1104 1037 Caesaris
1128 981 1399 1051 Augusti,
1425 997 1497 1037 ex
1521 996 1636 1054 quo
1659 996 1756 1038 au-

105 1071 215 1122 tem
232 1065 520 1138 Egyptus
544 1064 601 1122 in
627 1066 982 1139 provinciam
1003 1067 1239 1126 redacta
1259 1071 1351 1126 est
1368 1072 1425 1125 et
1447 1069 1752 1142 Cleopatra

105 1167 228 1212 cum
261 1155 521 1211 Antonio
547 1154 707 1211 victa
752 1169 901 1213 anno
941 1159 1058 1227 28°,
1091 1157 1319 1228 quando
1361 1156 1751 1216 ﬁrmissimam

107 1256 300 1315 pacem
333 1242 713 1300 ordinatione
737 1244 837 1301 Dei
872 1244 1065 1301 Caesar
1082 1247 1383 1316 Augustus
1401 1246 1748 1319 composuit,

107 1331 362 1390 nascitur
393 1331 451 1388 in
487 1331 823 1389 Bethlehem
850 1332 996 1390 Iuda
1020 1334 1296 1390 Dominus
1324 1339 1525 1392 noster
1544 1335 1753 1395 Jbesus

109 1420 384 1491 Christus,
408 1434 588 1478 verus
608 1421 781 1492 Deus,
804 1419 874 1455 “'
893 1425 951 1478 et
974 1421 1271 1489 homo,cui
1298 1439 1408 1496 pax
1434 1424 1545 1481 ista
1570 1424 1753 1482 famu-

107 1510 350 1579 labatur,
376 1523 531 1566 anno
567 1509 639 1565 ab
671 1510 844 1566 inicio
876 1511 1198 1568 creationis
1222 1512 1525 1569 mundanae
1550 1527 1752 1570 secun-

107 1598 233 1653 dum
262 1596 604 1655 Hebraicam
637 1596 944 1655 veritatem
989 1600 1174 1668 39620,
1219 1599 1537 1656 secundum
1569 1604 1638 1655 72
1668 1601 1751 1657 in-

102 1690 397 1757 terpretes
410 1699 729 1757 eorumque
746 1689 1074 1753 sectatores
1088 1690 1311 1758 5201°,a
1327 1687 1545 1744 diluvio
1557 1691 1744 1759 23060,

1870 538 1983 595 illia
2002 538 2249 613 Salome,
2268 541 2489 599 sororis
2511 540 2757 598 Herodis
2778 542 2960 614 patris
2974 542 3085 600 sui.
3104 543 3318 602 Habuit
3338 547 3516 606 Hero-

1868 628 1971 686 des
1996 632 2055 686 et
2089 629 2234 687 alios
2263 629 2434 701 ﬁlios,
2472 630 2742 703 Antipam
2774 634 2832 687 et
2866 631 3214 689 Archelaum
3245 641 3306 690 et
3338 635 3514 694 filiam

1868 716 2265 791 Olympiadem
2296 733 2370 777 ex
2401 719 2691 777 Martbace
2722 720 3091 791 Samaritide,
3122 722 3410 781 Herodem
3441 739 3515 783 ex

1867 805 1983 865 tilia
2003 808 2268 880 Symonis
2287 808 2603 882 pontificis,
2630 809 2767 865 item
2790 810 3075 867 Herodem
3099 814 3158 867 et
3181 810 3513 887 Philippum

1865 911 1937 952 ex
1968 897 2275 970 Cleopatra
2306 896 2823 968 Hierosolimitide,
2853 898 3241 957 Phasahelum
3282 914 3355 957 ex
3386 902 3514 959 Pal-

1866 983 2014 1041 lade.
2042 986 2356 1057 Postquam
2389 988 2582 1042 autem
2614 985 3006 1043 Alexandrum
3030 990 3088 1045 et
3112 988 3510 1048 Aristobolum

1866 1071 2020 1130 illios
2043 1089 2199 1145 suos,
2218 1074 2313 1146 qui
2339 1074 2408 1130 de
2436 1075 2655 1131 semine
2678 1075 2838 1146 regio
2853 1080 3043 1150 erant,
3063 1077 3384 1152 occiderat,
3400 1081 3514 1138 An-

1864 1162 2166 1235 tipatrum,
2205 1179 2309 1234 pro
2337 1162 2405 1197 ⁴²²
2436 1163 2809 1221 accusatione
2839 1164 3083 1222 fratrum
3118 1165 3225 1224 sibi
3279 1168 3512 1241 placen-

1860 1254 1998 1321 tem,
2020 1252 2607 1324 pr0posuitheredem
2632 1252 2791 1323 regni
2815 1253 3146 1325 relinquere
3180 1269 3285 1328 per
3330 1260 3511 1316 testa-

1862 1343 2154 1407 mentum;
2185 1341 2288 1397 sad
2318 1356 2447 1397 cum
2479 1345 2535 1398 et
2567 1339 2635 1375 ⁴²³
2658 1342 2783 1414 ipse
2805 1342 2876 1399 de
2899 1357 3040 1400 nece
3064 1342 3224 1401 illius
3250 1348 3511 1404 tractare

1860 1427 2176 1497 diceretur,
2197 1430 2430 1487 missum
2446 1431 2812 1488 incarcerem
2833 1430 2901 1465 "‘
2924 1432 3034 1489 sub
3058 1432 3186 1505 ipso
3214 1434 3335 1492 fere
3358 1449 3512 1493 mor-

1863 1518 1940 1574 tis
1972 1517 2219 1574 articulo
2249 1517 2498 1575 interfici
2521 1518 2694 1589 jussit
2727 1524 2787 1575 et
2824 1519 3035 1592 ipsum,
3061 1524 3404 1597 mutatoque
3426 1528 3512 1581 te-

1860 1610 2168 1675 stamento,
2188 1621 2585 1664 successorem
2601 1607 2762 1678 regni
2787 1607 2856 1642 ⁴¹⁵
2879 1609 3121 1682 scripsit
3139 1610 3505 1671 Archelaum.

1861 1695 2349 1765 Regnavitautem
2366 1696 2626 1753 Herodes
2650 1700 2958 1769 postquam
2983 1699 3311 1771 Antigonus
3333 1701 3511 1759 inter-

108 1775 179 1829 ab
199 1773 445 1868 Abraba:
466 1774 774 1868 nativitates
795 1777 981 1868 20110,
1004 1775 1238 1868 aMovse
1261 1780 1322 1831 et
1343 1789 1583 1846 egressu
1606 1775 1749 1868 il‘lio-
1775 1807 1830 1868 Β
1860 1788 2092 1855 emptus
2122 1789 2213 1841 est
2244 1784 2407 1841 annis
2438 1786 2524 1856 34,
2561 1800 2633 1841 ex
2667 1799 2780 1857 quo
2820 1789 3015 1843 autem
3063 1802 3306 1858 regnum
3337 1803 3369 1846 a
3399 1789 3513 1846 Ro-

103 1876 225 1919 rum
256 1862 441 1919 Israel
474 1862 546 1920 de
570 1863 814 1935 Egypto
852 1865 1033 1934 15090,
1068 1877 1098 1919 a
1140 1863 1445 1922 Salomone
1475 1870 1531 1921 et
1564 1865 1745 1937 prima
1775 1862 1823 1868 ”
1861 1872 2045 1929 manis
2076 1877 2383 1946 acceperat
2416 1874 2581 1931 annis
2612 1878 2679 1931 37
2705 1892 2719 1942 ;
2743 1875 2946 1948 sicque
2977 1880 3110 1948 post
3145 1875 3327 1935 multa
3366 1877 3507 1937 faci-

108 1949 296 2025 templi
331 1952 721 2010 aedificatione
758 1950 940 2022 1031°,
962 1966 989 2009 a
1012 1951 1467 2010 resediiieatione
1485 1967 1614 2026 quae
1637 1955 1745 2010 sub

107 2040 267 2097 Dario
290 2041 441 2098 facta
462 2045 561 2099 est
584 2045 735 2111 519°,
753 2042 825 2098 ab
848 2040 1013 2099 urbis
1035 2041 1306 2098 Romanae
1323 2039 1392 2075 ⁴¹⁹
1413 2040 1746 2101 conditione

107 2131 244 2199 751°,
290 2128 647 2203 olympiadis
691 2128 1031 2186 centesimas
1084 2130 1472 2202 nonagesimae
1519 2135 1743 2203 quarta:

108 2230 242 2273 anno
270 2216 339 2252 ⁸²⁰
364 2218 562 2276 tercio
611 2217 716 2289 (Cf.
754 2219 992 2292 Bson).

161 2333 275 2381 Anni
303 2333 426 2381 Anni

108 2394 307 2444 Herodis.
339 2395 572 2459 Augusti.
603 2395 823 2445 Cmsaris.

170 2485 248 2539 33.
281 2485 369 2540 43.
406 2483 629 2557 (Hum)
660 2485 821 2540 Anno
848 2483 1162 2541 Dominicaa
1205 2484 1621 2543 incarnationis
1652 2500 1739 2544 se-

113 2572 300 2646 eundo,
336 2574 430 2645 qui
464 2576 570 2631 est
606 2573 854 2644 Augusti
901 2575 1047 2645 43‘“,
1078 2575 1374 2645 Augustus
1426 2575 1737 2632 amicitiam

108 2662 226 2719 facit
258 2676 382 2719 cum
414 2660 680 2718 Parthis.

166 2753 242 2806 34.
275 2752 357 2806 44.
392 2752 567 2807 Anno
597 2748 823 2807 Domini
852 2750 1037 2808 tercio
1070 2749 1330 2808 Herodes
1380 2750 1599 2808 occidit
1658 2751 1740 2808 in-

113 2840 299 2896 iantes.

176 2931 252 2985 35.
282 2932 365 2985 45.
402 2926 577 2999 (ΟΙιν.
623 2927 731 3001 W.)
764 2930 927 2986 Anno
958 2928 1181 2987 Domini
1216 2930 1248 2985 4
1279 2927 1457 2986 Iudas
1486 2927 1740 2987 Galileus

113 3017 173 3074 ad
202 3017 600 3076 rebellandum
631 3017 978 3076 cohortatur
1005 3018 1255 3076 Iudaeos.

179 3109 254 3163 36.
289 3107 370 3164 46.
406 3106 627 3179 (Hum)
662 3109 724 3163 A.
758 3107 820 3162 D.
853 3105 906 3162 5.
944 3106 1177 3164 Asinius
1227 3106 1408 3164 Pollio
1452 3112 1652 3164 orator
1680 3111 1736 3164 et

120 3194 437 3266 consularis,
475 3193 581 3268 qui
613 3193 684 3253 de
716 3195 996 3253 Dalmatis
1040 3195 1446 3268 triumphavit,
1497 3196 1552 3252 in
1600 3195 1738 3253 villa

117 3282 409 3342 Tusculana
437 3283 695 3343 moritur
725 3299 873 3341 anno
904 3284 1043 3342 vitae
1071 3285 1450 3356 octogesimo.

179 3374 255 3428 37.
288 3375 368 3431 47.
406 3372 580 3446 (0hr.
628 3372 734 3445 W.)
770 3374 833 3430 A.
868 3373 932 3430 D.
966 3377 1017 3429 6.
1051 3373 1312 3430 Herodes
1360 3387 1567 3444 magno
1613 3387 1742 3430 eru-

119 3460 254 3518 ciatu
283 3463 549 3533 moritur,
576 3475 686 3534 pro
719 3476 833 3534 quo
870 3460 1024 3520 filius
1053 3463 1179 3535 ejus
1202 3461 1522 3520 Archelaus
1540 3475 1743 3534 regna-

119 3547 188 3603 vit
213 3550 367 3607 annis
392 3555 442 3608 9.
479 3550 696 3607 Multos
729 3549 878 3623 (217)
909 3554 1103 3608 autem
1153 3551 1305 3608 filios
1338 3550 1537 3609 habuit
1566 3553 1743 3608 llero-

120 3632 209 3694 des
225 3650 292 3696 ex
313 3638 567 3696 diversis
590 3638 898 3709 uxoribus,
916 3653 1060 3711 quas
1084 3638 1282 3711 plures
1297 3639 1564 3711 duxerat,
1587 3638 1743 3695 Anti-

120 3730 323 3796 patrum
353 3742 424 3785 ex
450 3726 671 3787 Doside
696 3725 785 3799 ⁸³1,
822 3742 991 3799 quam
1041 3727 1245 3785 habuit
1294 3732 1604 3799 antequam
1639 3742 1743 3786 rex

123 3810 285 3886 ﬁeret,
301 3814 703 3873 Aristobolum
718 3820 777 3872 et
801 3815 1189 3874 Alexandrum
1216 3815 1480 3887 filiasque
1504 3815 1649 3872 duas
1671 3830 1741 3874 ex

124 3901 423 3976 Mariamne,
439 3904 695 3979 Hyrcani
717 3907 889 3977 nepte
911 3918 984 3962 ex
1007 3903 1144 3976 ﬁlia,
1172 3920 1341 3976 quam
1361 3905 1471 3962 sibi
1494 3919 1567 3962 ex
1583 3903 1742 3976 regio

125 3991 316 4051 semine
338 3995 729 4066 conjunxerat
760 3996 1071 4067 postquam
1106 3994 1231 4065 ipse
1265 3994 1457 4051 factus
1491 3998 1584 4049 est
1614 4008 1739 4066 rex,

125 4078 323 4150 abiecta
346 4082 562 4140 Doside
586 4096 717 4140 cum
742 4082 861 4140 filio
884 4082 1216 4155 Antipatro,
1233 4083 1332 4140 sed
1358 4086 1581 4155 postea,
1602 4083 1743 4154 ipsis

124 4172 172 4224 et
211 4169 333 4228 aliis
406 4171 843 4242 accusantibus,
898 4171 1113 4229 occidit
1168 4172 1556 4242 Mariamnem,
1591 4171 1743 4230 filios

126 4252 327 4331 quoque
348 4261 539 4333 ipsius
569 4259 955 4318 Alexandrum
980 4264 1039 4318 et
1063 4260 1461 4318 Aristobolum
1487 4261 1653 4332 quasi
1672 4261 1743 4318 de

126 4358 245 4404 nece
264 4348 466 4407 matris
496 4348 867 4420 indignantes
896 4349 1115 4407 occidit
1146 4348 1251 4421 (Cf.
1276 4352 1394 4405 Jos.
1422 4350 1509 4406 De
1537 4348 1586 4406 ὑ.
1621 4351 1670 4405 J.
1702 4365 1739 4421 ι,

127 4434 217 4505 18).
242 4435 566 4495 Alexandro
594 4441 786 4495 autem
819 4437 1050 4495 fuerunt
1086 4438 1200 4494 duo
1235 4437 1333 4493 ﬁlii
1366 4440 1654 4509 Tygranes
1683 4443 1740 4496 et

1860 1977 1998 2018 nora
2036 1962 2182 2019 male
2214 1963 2481 2020 moritur.

1950 2070 2072 2118 Anni
2104 2068 2172 2103 ⁸²⁶

1854 2141 2096 2190 Archelai.

1925 2226 1973 2275 1.
2011 2223 2095 2278 48.
2135 2220 2235 2291 (Η.
2272 2224 2372 2293 m.)
2407 2223 2469 2276 A.
2506 2220 2566 2276 D.
2602 2225 2653 2290 7,
2687 2220 2784 2292 qui
2813 2224 2907 2278 est
2950 2218 3201 2291 Augusti
3246 2222 3393 2293 £8“,
3429 2223 3507 2280 fa-

1854 2323 1976 2366 mes
2005 2310 2153 2366 facta
2174 2307 2245 2343 ⁴²⁷
2266 2313 2359 2366 est
2380 2310 2575 2367 Romae
2597 2309 2741 2366 adeo
2765 2308 2913 2381 dira,
2941 2313 3005 2366 ut
3028 2323 3233 2367 omnes
3250 2310 3508 2382 peregri-

1852 2412 1959 2455 nos
1987 2403 2047 2454 et
2078 2412 2382 2455 servorum
2419 2398 2699 2455 maximas
2732 2398 2954 2471 copias,
2976 2397 3243 2470 exceptis
3266 2398 3509 2457 medicis

1848 2501 1920 2544 ex
1952 2487 2419 2560 preceptoribus,
2453 2500 2525 2543 ex
2557 2487 2710 2544 Urbe
2741 2486 2898 2544 trudi
2930 2486 3266 2560 preceperit
3297 2485 3367 2522 "'
3397 2489 3507 2547 Au-

1848 2581 2078 2646 gustus.
2108 2576 2245 2643 Quae
2279 2575 2409 2633 ideo
2440 2575 2707 2633 creditur
2731 2575 3013 2633 divinitus
3033 2574 3317 2648 immissa,
3346 2576 3504 2648 quia,

1850 2678 1981 2722 cum
2011 2665 2210 2722 Gaium
2244 2669 2513 2737 nepotem
2564 2678 2730 2721 suum
2781 2663 3041 2721 mitteret
3091 2665 3397 2735 Augustus
3433 2664 3506 2722 ad

1849 2751 2203 2810 ordinandas
2228 2753 2455 2825 Egypti
2475 2752 2774 2824 Syriaeque
2789 2752 3143 2825 provincias,
3161 2752 3262 2809 ille
3281 2757 3507 2826 preter-

1851 2842 1975 2898 iens
1996 2842 2068 2898 ab
2091 2843 2333 2913 Egypto
2359 2841 2502 2897 ﬁnes
2527 2838 2857 2911 Palestinas,
2874 2838 3028 2912 apud
3050 2839 3502 2899 Hierosolimam

1853 2929 1906 2984 in
1941 2928 2156 3002 templo
2189 2929 2286 2985 Dei
2320 2933 2461 2985 tunc
2491 2931 2694 2985 sancto
2724 2932 2782 2983 et
2821 2926 3041 2985 celebri
3090 2927 3338 2985 adorare
3370 2943 3504 2986 con-

1847 3017 2108 3090 tempsit.
2127 3017 2291 3085 Quod
2313 3019 2617 3087 Augustus
2639 3015 2738 3074 ubi
2761 3029 2868 3089 per
2888 3030 3019 3073 eum
3043 3016 3355 3090 comperit,
3375 3031 3505 3091 pra-

1849 3121 1921 3163 vo
1962 3123 2102 3164 usus
2146 3107 2387 3179 judicio,
2418 3103 2737 3178 prudenter
2783 3118 2915 3163 eum
2964 3104 3173 3162 fecisse
3218 3103 3497 3163 laudavit.

1849 3196 2010 3253 Unde
2040 3196 2234 3252 divina
2265 3195 2525 3252 vindicta
2563 3193 2837 3267 populum
2889 3209 3020 3252 cum
3069 3192 3333 3268 principe
3373 3208 3504 3268 pec-

1848 3290 2018 3342 cante
2047 3284 2353 3356 corripuit,
2377 3291 2437 3340 et
2470 3282 2857 3356 quantitatem
2882 3280 3219 3341 od‘ensionis
3244 3281 3500 3355 qualitas

1849 3373 2091 3431 ultionis
2120 3372 2400 3431 ostendit.

1919 3469 1970 3520 2.
2008 3460 2092 3519 49.
2126 3463 2336 3534 ("ll-2R.)
2370 3463 2433 3519 A.
2471 3462 2533 3517 D.
2587 3464 2639 3519 8.
2690 3459 2973 3532 Tyberius
3022 3459 3139 3532 jam
3184 3454 3379 3519 cesar
3424 3460 3503 3519 fa-

1848 3553 2002 3622 ctus,
2018 3549 2311 3607 Dalmatas
2324 3552 2380 3607 et
2406 3551 2701 3607 Sarmatas
2726 3548 2782 3605 in
2806 3549 3122 3607 Romanam
3144 3552 3499 3623 potestatem

1852 3639 2096 3710 redegit.

1924 3734 1974 3785 3.
2010 3732 2094 3787 50.
2132 3727 2231 3798 (H.
2263 3730 2367 3799 m.)
2408 3730 2469 3784 A.
2502 3727 2564 3781 D.
2605 3729 2657 3796 9,
2694 3725 2792 3797 qui
2821 3730 2915 3782 est
2942 3725 3190 3796 Augusti
3223 3727 3505 3800 quinqua-

1850 3819 2122 3889 gesimus,
2155 3818 2227 3873 ab
2258 3817 2412 3873 Urbe
2454 3828 2596 3871 vero
2645 3811 2881 3870 condita
2930 3815 3113 3884 758‘",
3149 3815 3506 3886 quatuorde-

1851 3907 1963 3962 eim
1996 3906 2158 3962 vicos
2182 3904 2377 3975 Urbis,
2394 3903 2681 3960 incertum
2706 3900 2860 3958 unde
2879 3914 3261 3972 consurgens,
3278 3902 3502 3961 ﬂamma

1851 3992 2231 4066 consumpsit.

1924 4085 1972 4140 4.
2004 4086 2090 4140 51.
2122 4082 2337 4154 (Ηιειπι.)
2387 4082 2452 4136 Α.
2501 4080 2564 4135 D.
2619 4083 2705 4135 10.
2744 4078 3136 4136 Athenienses
3184 4077 3505 4139 moliuntur

1852 4186 2032 4230 novas
2058 4184 2155 4228 res
2183 4176 2387 4227 contra
2418 4169 2728 4226 Romanos.

1924 4266 1972 4317 δ.
2007 4263 2092 4316 52.
2133 4262 2194 4315 Α.
2228 4261 2290 4314 D.
2328 4261 2412 4316 11.
2441 4255 2688 4315 Messala
2722 4255 3006 4315 Corvinus
3033 4260 3237 4315 orator
3270 4256 3504 4316 biennio

1854 4356 2165 4421 antequam
2193 4350 2521 4404 moreretur
2550 4346 2630 4403 ita
2653 4345 2990 4403 memoriam
3013 4358 3079 4405 ac
3105 4360 3341 4405 sensum
3366 4348 3507 4405 ami-

1855 4438 1949 4509 sit,
1988 4441 2049 4495 ut
2080 4437 2178 4493 vix
2211 4449 2392 4508 pauca
2423 4434 2602 4493 verba
2635 4435 3038 4506 conjungeret.

129 4520 429 4582 Alexander
458 4540 533 4583 ex
560 4525 854 4598 Glapbira,
888 4527 1045 4597 regis
1087 4526 1427 4599 Capadociee
1474 4526 1741 4584 Archelai
1771 4525 1824 4586 D
1925 4530 1976 4583 6.
2012 4530 2098 4582 53.
2135 4523 2301 4598 (σήν.
2342 4524 2449 4596 W.)
2474 4525 2537 4581 A.
2565 4524 2627 4579 D.
2656 4527 2741 4581 12.
2765 4522 2932 4579 Janni
2963 4527 3151 4594 portae
3182 4537 3287 4596 per
3318 4526 3384 4579 12
3406 4538 3505 4581 an-

129 4606 255 4677 ﬂlia;
286 4614 603 4672 Aristoboli
633 4628 773 4672 vero
805 4614 906 4671 ﬁlii
941 4615 1176 4672 fuerunt
1204 4616 1478 4688 Agrippa,
1506 4616 1602 4686 qui
1638 4617 1743 4674 sub

130 4695 245 4755 Gaio
264 4714 365 4758 rex
386 4702 579 4761 factus
599 4707 709 4775 est,
734 4708 793 4761 et
816 4704 1079 4761 Herodes
1104 4719 1166 4761 ac
1192 4704 1575 4776 Aristobolus,
1604 4704 1745 4762 illia-

1854 4629 1961 4673 nos
1986 4615 2103 4685 jam
2134 4612 2372 4685 clausae,
2407 4613 2478 4670 ab
2508 4613 2773 4695 Augusto
2815 4611 3178 4684 aperiuntur.

1925 4709 1976 4762 7.
2009 4706 2096 4763 es.
2152 4703 2362 4775 (Ηιειι.)
2414 4705 2479 4760 A.
2531 4704 2594 4758 D.
2644 4705 2729 4758 13.
2779 4700 2937 4758 Satio
2982 4699 3052 4734 η’
3099 4698 3504 4774 phylosophus

1484 4874 1722 4932 VARIIE
1762 4873 2163 4931 LECTIONES.

186 4976 323 5065 ωε.
352 4982 491 5065 ιῃίά.
524 4982 805 5065 ruerunt:
828 4986 927 5065 ille
957 4985 1303 5065 inchoantur
1335 4987 1466 5065 anni
1496 4988 1824 5065 D_ominic:e_
1830 4986 2271 5065 incarnationis.
2299 4983 2365 5065 f1“
2389 4982 2552 5065 degat
2569 4983 2645 5039 9°.
2674 4978 2837 5041 deest
2847 4980 2920 5065 ff“
2939 4986 3218 5065 romaa_9°.
3336 4982 3506 5065 deest

128 5051 196 5103 9°.
243 5051 308 5086 ⁴²¹
364 5054 526 5111 dosia
584 5059 661 5111 9°.
699 5056 789 5139 f”
841 5058 962 5115 Hie
1008 5058 1228 5129 incipit
1277 5058 1460 5115 codex
1506 5061 1699 5117 Berol.
1759 5061 1915 5187 (E11)
1956 5059 2025 5093 ⁴²³
2081 5058 2245 5116 deest
2294 5060 2369 5139 9°.
2424 5055 2493 5090 ⁴²⁴
2549 5067 2787 5113 carcere
2845 5057 2906 5136 β..
2964 5058 3047 5110 10.
3106 5058 3188 5112 11.
3240 5052 3312 5138 ξπ
3345 5053 3509 5116 deest

129 5118 212 5174 E1.
242 5120 535 5187 mregum
565 5138 712 5186 (mm
739 5140 915 5187 super
942 5128 1161 5186 desinit
1183 5130 1244 5185 D.
1290 5130 1350 5186 E.
1404 5128 1472 5162 "7
1528 5145 1574 5186 r.
1631 5132 1667 5186 1‘.
1728 5136 1822 5187 est
1923 5136 1969 5187 1.
2030 5130 2100 5163 ⁴²⁸
2159 5132 2489 5187 preciperet
2549 5131 2626 5183 9°.
2684 5124 2753 5160 ⁴²⁹
2810 5127 2946 5184 Sitio
3003 5128 3078 5183 9°.
3141 5129 3293 5184 satio
3346 5140 3499 5186 corr.

129 5118 212 5201 Et:
242 5120 306 5201 "f
328 5138 535 5198 regum
565 5127 712 5186 anni
739 5140 915 5201 super
942 5118 1161 5186 desim?
1183 5130 1244 5185 D.
1290 5130 1350 5186 E.
1404 5128 1472 5162 ⁸³⁷
1528 5145 1574 5186 r.
1631 5132 1667 5186 1‘.
1728 5118 1822 5187 est

130 5189 249 5248 sitio
278 5196 325 5250 4.

1955 5170 1969 5187 .
2030 5130 2100 5163 ⁴²⁸
2159 5128 2489 5202 preciperet
2549 5131 2626 5183 9°.
2684 5124 2753 5160 ⁴²⁹
2810 5124 2946 5184 sitio
3003 5128 3078 5209 9°.
3141 5125 3293 5184 satio
3346 5140 3499 5186 corr.

1675 5342 1879 5401 ΝΟΤᾸΞ
1893 5385 1907 5399 .

136 5458 329 5585 ιιι(316)
359 5461 400 5517 l.
433 5476 485 5520 e.
511 5462 829 5522 Cbronicon
879 5464 1356 5539 Wirziburgense
1397 5481 1574 5541 supra
1623 5466 1744 5525 edi-

198 5598 334 5675 (217)
361 5603 494 5663 Haec
519 5604 893 5666 Ekkehardus
937 5621 1054 5666 non
1101 5608 1181 5666 ita
1230 5610 1381 5684 apud
1427 5608 1741 5684 Josephum

1852 5467 2092 5540 invenit,
2111 5466 2211 5525 sed
2228 5465 2350 5538 ipse
2364 5478 2436 5523 ex
2448 5465 2630 5540 variis
2654 5463 2803 5524 locis
2825 5465 3225 5540 composuisse
3245 5461 3499 5522 videtur.

1854 5539 1952 5612 (cf.
1984 5538 2160 5596 etiam
2193 5551 2367 5610 supra
2399 5551 2429 5594 a
2463 5538 2577 5610 10.)
