3898 6334
366 276 482 340 659

368 417 818 490 Alexandrinus,
857 425 1171 493 preecptor
1203 421 1458 494 Senecae,
1491 421 1726 480 claruit.

437 512 487 563 8.
524 512 608 565 ea.
646 509 710 565 Α.
745 510 806 566 D.
847 512 929 565 14.
968 514 1263 580 Augustus
1305 528 1434 569 cum
1480 513 1726 585 Tybcrio
1776 527 2016 570 censum

367 599 562 656 Roma}
594 599 841 671 agitans,
876 600 1094 656 invenit
1145 602 1420 671 nonagies
1455 609 1544 658 ter
1569 607 1814 659 centena
1862 607 1922 659 et
1951 606 2020 659 70

370 688 523 744 milia
557 689 870 747 hominum.

439 784 490 834 9.
525 783 613 834 :36.
650 781 714 835 A.
753 781 813 834 D.
875 783 955 848 15,
1008 780 1104 851 qui
1149 786 1241 836 est
1291 781 1517 852 imperii
1575 781 1820 850 Augusti
1870 786 2017 852 56‘“,

371 867 690 924 Archelaus
711 874 1022 926 accusatus
1046 870 1118 924 ob
1143 869 1535 939 insolentiam,
1568 885 1718 926 nouo
1745 871 1904 940 regni
1929 871 2020 928 sui

370 970 539 1026 anno,
566 957 616 1011 in
642 957 918 1012 Viennam
944 959 1014 1013 ab
1040 960 1305 1028 Angusto
1331 957 1626 1029 relegatus
1645 965 1734 1015 est
1753 959 1840 1029 “0,
1858 962 2022 1016 θωυ-

371 1044 492 1100 (ima
526 1046 841 1101 tetrarchis
874 1047 1282 1119 committitur,
1309 1049 1540 1118 Herodi,
1572 1051 1898 1125 Antipatro,
1923 1050 2024 1119 Ly-

372 1133 575 1203 sanize,
601 1134 886 1206 Philippo.
925 1137 1140 1193 Eodem
1173 1152 1322 1193 anno
1356 1139 1658 1203 Augustus
1706 1137 1904 1193 Nolam
1939 1138 2022 1192 in-

369 1238 628 1291 gressus,
664 1225 865 1279 inorbo
900 1226 1151 1297 capitur,
1187 1231 1246 1283 et
1279 1226 1332 1280 in
1368 1226 1614 1283 Athellre
1648 1227 1820 1298 opido
1863 1229 2021 1283 Cam-

373 1311 556 1382 pania)
591 1314 856 1384 moritur,
893 1329 1042 1371 anno
1073 1316 1272 1371 astatis
1327 1331 1447 1372 sum
1497 1319 1611 1371 75°.
1647 1315 1826 1380 Quem
1875 1331 2024 1372 mor-

375 1406 535 1454 tuum
571 1407 812 1458 senatus
846 1403 1046 1459 multis
1080 1404 1266 1460 modis
1319 1405 1548 1461 censuit
1598 1403 2020 1472 honorandum,

380 1488 581 1544 dicens
607 1508 616 1542 :
649 1491 890 1546 L’liuam
921 1493 1032 1548 aut
1056 1507 1170 1549 non
1195 1495 1559 1563 nasceretur,
1584 1493 1697 1549 aut
1715 1493 1892 1550 natus
1909 1506 2026 1549 non

369 1578 698 1634 m'n'm'emr
729 1580 808 1634 Cf.
848 1579 1217 1650 Βευλδιβῖιν.
1276 1581 1358 1637 W.
1409 1584 1570 1638 lima.
1607 1581 1709 1651 (Η.
1741 1580 1845 1650 m.)

377 1671 456 1720 10.
499 1672 582 1722 11.
619 1668 756 1723 (ΠΜ.
789 1671 1021 1726 :Romze
1053 1672 1105 1726 in
1139 1686 1343 1742 campo
1378 1671 1582 1726 Martio
1615 1676 1708 1726 est
1737 1669 2020 1741 sepultus'

445 1757 608 1811 Anno
640 1756 707 1789 ⁴³¹
757 1759 1066 1815 Dominicis
1114 1759 1533 1816 incarnationis
1585 1764 1666 1828 16,
1705 1759 1802 1830 qui
1855 1762 1943 1815 est
1995 1772 2112 1841 aB

369 1843 598 1898 condita
636 1846 788 1900 Urbe
819 1851 942 1914 766,
977 1847 1276 1919 Tybcrius,
1315 1847 1490 1904 Libi:e
1543 1847 1719 1917 filius,
1779 1839 2026 1916 Augusti

372 1931 691 2002 privignus,
731 1950 855 1989 mox
885 1951 1083 2006 gener,
1119 1941 1418 2008 postremo
1467 1936 1781 2008 adoptione
1845 1936 2026 2005 illius,

370 2018 675 2089 imperium
708 2023 1025 2080 Romanum
1076 2025 1323 2096 adeptus
1369 2030 1480 2092 est,
1519 2027 1591 2081 ab
1641 2029 1910 2095 Augusto
1945 2039 2034 2080 se’

367 2109 972 2180 cuudus,etregnavit
997 2116 1162 2170 annis
1195 2117 1420 2171 23.Iste
1453 2115 1586 2186 quia
1622 2113 1900 2170 Claudius
1929 2114 2031 2184 ΤΥ·

373 2197 569 2254 berius
609 2200 758 2256 Nero
811 2203 1139 2272 dicebatur,
1175 2201 1477 2274 eleganter
1523 2219 1551 2258 a
1593 2201 2030 2273 joculatoribus

373 2286 606 2343 Caldius
630 2288 697 2320 ⁸³³
733 2290 994 2347 Biberius
1015 2292 1168 2347 Mero
1191 2291 1266 2348 ob
1292 2291 1673 2348 vinolentiam
1698 2291 2026 2348 nominaba-

372 2381 487 2429 tur.
518 2377 670 2431 Satis
695 2379 950 2448 prudens
975 2380 1031 2436 in
1055 2379 1234 2436 armis
1258 2381 1519 2452 satisque
1545 2382 1873 2438 fortunatus
1894 2383 2028 2436 ante

373 2469 666 2534 sumptum
702 2467 1006 2538 imperium
1051 2469 1161 2526 sub
1210 2468 1278 2502 ⁴³³
1329 2473 1594 2539 Augusto
1639 2469 1766 2538 fuit,
1803 2473 1866 2526 ut
1916 2483 2026 2525 non

371 2552 661 2609 immerito
692 2557 772 2610 rei
805 2556 1048 2626 publica:
1073 2557 1408 2616 dominatus
1426 2559 1502 2628 ei,
1533 2558 2028 2616 committeretur.

370 2640 590 2698 habens
621 2644 920 2701 scientiam
955 2645 1304 2716 litterarum,
1341 2646 1526 2704 multo
1570 2647 1881 2719 preclarus
1911 2644 2030 2703 elo"

370 2728 523 2798 quio,
563 2731 659 2787 scd
695 2731 926 2801 ingenio
960 2734 1231 2805 pessimo,
1263 2734 1439 2805 truci,
1474 2750 1674 2804 avaro,
1703 2729 2030 2803 insidioso:

368 2819 649 2878 simul-ins
681 2837 744 2876 ea
781 2837 840 2879 se
869 2822 1018 2879 velle
1053 2839 1181 2894 quas
1205 2823 1457 2880 nolletet
1481 2840 1546 2880 ea
1575 2824 1728 2881 nolle
1752 2840 1882 2896 quae
1909 2823 2006 2881 vel

371 2905 469 2971 let,
505 2908 596 2964 his
628 2909 792 2979 quasi
828 2911 1088 2968 infensus
1123 2911 1336 2982 quibus
1367 2912 1707 2969 consultum
1748 2913 2026 2984 cupiebat

371 2997 459 3050 his
493 3013 630 3052 vero
663 3014 810 3068 quos
841 2999 1047 3056 odorat
1082 3002 1249 3071 quasi
1277 3000 1581 3058 benivolus
1605 3017 1913 3074 apparens,
1941 3017 2030 3058 re-

375 3085 628 3152 pentinis
662 3089 1142 3160 responsionibus
1168 3089 1374 3145 melior
1405 3105 1575 3160 quam
1594 3089 2024 3161 premeditatis,

369 3174 626 3245 Denique
643 3176 899 3234 delatum
923 3194 954 3235 a
982 3178 1248 3250 patribus
1273 3178 1685 3250 principatum,
1707 3194 1876 3250 quem
1903 3179 2032 3250 qui-

369 3263 496 3320 dem
529 3270 662 3322 astu
697 3273 1061 3338 perceperat,
1096 3267 1262 3338 finxit
1291 3283 1354 3324 se
1413 3267 1690 3338 abnuere,
1729 3266 1868 3338 quid
1911 3268 2032 3324 sin-

367 3353 487 3421 gnli
512 3355 777 3410 dicerent
799 3355 864 3388 ⁸³⁸
889 3359 994 3412 aut
1021 3356 1328 3425 sentirent,
1364 3357 1649 3414 atrociter
1675 3357 2023 3428 explorans.

371 3442 508 3506 (tua:
531 3459 626 3498 res
649 3444 833 3500 bonos
854 3459 1118 3516 quosque
1141 3445 1560 3516 pessumdedit.
1581 3447 1934 3503 Estimantes
1957 3445 2030 3480 ⁴³⁸

369 3531 520 3586 enim
551 3546 679 3588 eum
712 3547 783 3588 ex
817 3532 1004 3588 animo
1037 3532 1332 3590 declinare
1363 3533 1820 3605 magnitudinem
1847 3536 2028 3608 impe-

371 3619 535 3675 rialis
571 3619 870 3691 ιιιοίρδιὶῖθ,
902 3637 1032 3678 cum
1065 3622 1388 3679 sententias
1438 3638 1576 3680 suas
1623 3623 1694 3679 ad
1740 3623 1868 3695 ejus
1927 3640 2025 3681 vo-

371 3708 676 3780 luntatem,
700 3715 759 3766 ut
787 3711 898 3768 sibi
919 3711 1249 3782 videbatur,
1267 3718 1876 3794 promunt,postrema
1904 3715 2025 3771 cxi-

375 3799 448 3852 tia
486 3800 836 3858 inciderunt.
871 3803 980 3857 Per
1013 3817 1076 3857 se
1107 3800 1266 3858 nulla
1294 3801 1444 3858 bella
1469 3804 1675 3874 gessit,
1702 3803 1804 3860 sed
1829 3819 1898 3861 ne
1923 3819 2024 3877 per

373 3887 600 3957 legatos
618 3890 848 3960 quidem
883 3890 1075 3962 aliqua
1107 3893 1330 3962 gravia,
1356 3892 1469 3948 nisi
1501 3892 1654 3964 quod
1681 3897 1902 3950 tantum
1925 3894 2027 3949 ali-

373 3979 616 4046 quantis
653 3979 707 4034 in
743 3979 886 4036 locis
919 3980 1244 4050 precogniti
1275 3981 1537 4050 gentium
1594 3987 1858 4040 tumores
1905 3983 2026 4040 cito

371 4067 907 4138 comprimebantur
927 4067 1033 4137 (Cf.
1063 4070 1236 4126 Onos.
1258 4085 1354 4140 vn,
1371 4072 1445 4141 4).
1473 4072 1515 4126 G
1533 4071 1818 4129 :tulorum
1853 4071 2031 4128 latro-

372 4154 522 4208 cinia
557 4156 858 4226 repressit,
885 4156 1299 4214 Maroboduum
1331 4160 1653 4217 Suevorum
1687 4175 1889 4230 regem
1915 4161 2033 4217 cal-

373 4243 488 4299 lide
519 4245 922 4302 circumvenit.
946 4246 1085 4303 Cum
1116 4262 1323 4319 magna
1353 4253 1410 4305 et
1434 4249 1602 4319 gravi
1633 4250 1921 4306 modestia
1946 4261 2032 4316 rei

373 4332 620 4404 publica:
653 4334 886 4404 przefuit
915 4334 1166 4406 plurimo
1200 4336 1431 4409 imperii
1458 4337 1546 4394 sui
1568 4341 1856 4409 tempore,
1884 4339 2032 4395 adeo

372 4426 435 4476 ut
473 4421 822 4492 quibusdam
852 4423 1190 4497 prcsidibus
1207 4426 1277 4482 ad
1302 4427 1566 4497 augenda
1591 4427 1909 4497 provinciis
1931 4429 2032 4482 tri'

1521 282 2003 348 EKKEHARDI
2045 283 2605 358 URAUGIENSIS

2063 3137 2112 3200 C

3651 311 3759 378 660

2045 420 2103 488 Α
2133 430 2366 486 ceteros
2395 430 2646 491 diversis
2680 434 2876 493 causis
2908 437 3160 509 necavit,
3195 438 3412 499 Habuit
3442 439 3564 516 ipse
3593 443 3750 506 tilium

2137 519 2364 576 nomine
2395 523 2668 593 Drusum,
2702 525 2805 581 sed
2835 541 2904 581 eo
2935 531 3186 599 mortuo,
3223 528 3404 586 lilium
3437 531 3563 601 ejus
3603 536 3756 607 Tybc-

2137 609 2305 680 rium,
2333 617 2720 681 cognomento
2755 615 3093 687 Gemellum,
3112 623 3174 674 et
3197 617 3420 690 Gaium,
3446 619 3621 680 filium
3643 626 3753 684 Ger-

2135 701 2365 775 manici,
2389 702 2490 758 filii
2525 705 2726 763 fratris
2755 703 2824 739 ⁴³⁸
2853 706 2941 763 sui
2974 707 3165 779 Drusi,
3197 707 3508 781 adoptavit
3530 711 3585 768 in
3609 713 3753 786 filios,

2134 803 2204 844 ex
2237 791 2453 861 quibus
2485 793 2659 849 Gaius
2692 794 2802 850 sibi
2839 796 3132 852 successit
3167 796 3222 852 in
3245 812 3514 868 regnum;
3538 801 3636 871 (Cf.
3652 803 3750 864 los.

2135 880 2433 966 lit'lllgl3.)
2467 881 2648 966 liiijus
2671 883 2886 966 itaque
2913 885 3140 966 'i‘yberii
3175 887 3542 966 temporibus
3583 891 3758 966 Agrip-

2137 965 2226 1018 pa,
2265 949 2418 1008 illius
2468 949 2809 1026 Aristoboli,
2843 949 3140 1026 qui'lllius
3175 949 3581 1032 fuit'Herodis,
3612 949 3753 1033 d’uein

2135 1037 2258 1110 ipse
2289 1057 2421 1096 cum
2456 1041 2634 1098 fratre
2657 1059 2762 1099 suo
2788 1043 3120 1104 Alexandro
3143 1046 3756 1120 interfecit,demorans

2136 1128 2352 1196 Romae,
2372 1130 2576 1200 Druso,
2593 1132 2822 1202 Tybcrii
2847 1133 2984 1197 ﬁlio,
3009 1135 3320 1193 familiaris
3347 1137 3460 1193 fuit
3483 1155 3498 1206 ;
3519 1139 3616 1196 sed
3637 1156 3759 1199 mor-

2136 1221 2239 1273 tuo
2263 1218 2465 1275 eodem
2486 1221 2691 1291 Druso,
2715 1227 2883 1293 pater
2905 1223 3033 1293 ejus
3055 1225 3339 1296 Tybcrius
3360 1242 3468 1299 pre
3494 1228 3756 1301 impatien-

2138 1306 2215 1362 tia
2253 1307 2474 1364 doloris
2504 1311 2803 1381 prohibuit
2839 1328 3042 1369 omnes
3073 1314 3296 1372 amicos
3327 1315 3431 1371 ﬁlii
3462 1315 3530 1351 "’
3557 1321 3678 1375 ante
3697 1321 3758 1375 fa-

2137 1396 2282 1452 ciem
2316 1412 2479 1453 suam
2515 1401 2822 1471 accedere,
2855 1416 2926 1457 ne
2962 1401 3078 1459 illis
3111 1403 3253 1460 visis
3286 1403 3457 1461 dolor
3484 1405 3604 1476 ejus
3621 1423 3756 1465 reno-

2137 1490 2378 1543 varetur
2411 1487 2522 1558 (Ib.
2552 1503 2602 1543 c.
2641 1494 2727 1559 12,
2754 1493 2929 1561 sqq.).
2965 1491 3124 1546 L'nde
3159 1492 3419 1566 Agrippa
3453 1494 3509 1551 in
3537 1495 3754 1554 Iudaeam

2140 1573 2601 1647 descendens,et
2625 1581 2756 1648 post
2781 1575 3140 1648 aliquantum
3156 1584 3394 1652 tempus
3409 1583 3633 1639 Romam
3655 1586 3754 1641 red-

2143 1661 2285 1728 iens,
2319 1664 2547 1720 favente
2578 1663 2829 1721 Antonia
2856 1665 2944 1736 “°,
2972 1681 3152 1723 uxore
3183 1668 3361 1725 Drusi
3393 1669 3588 1726 fratris
3613 1672 3756 1741 Tybc-

2143 1751 2236 1821 rii,
2271 1766 2398 1822 quae
2433 1753 2767 1808 Beronicem
2800 1752 2866 1786 “1
2900 1755 3170 1828 Agrippa:
3204 1763 3454 1813 matrem
3487 1759 3752 1817 admodum

2143 1840 2446 1910 diligebat,
2466 1841 2520 1896 in
2545 1842 2859 1899 amicitiam
2885 1849 3160 1915 receptus
3183 1850 3278 1902 est
3299 1861 3330 1902 a
3355 1846 3752 1919 Tybcrio,aquo

2137 1928 2342 1997 jussus
2374 1935 2464 1986 est
2497 1932 2692 2003 nepoti
2724 1947 2830 1988 suo
2859 1933 3106 2002 Tybcrio
3137 1948 3378 2006 semper
3418 1935 3679 1994 adherere
3703 1934 3756 1993 il-

2144 2015 2378 2089 lumque
2411 2034 2633 2076 summa
2657 2035 2768 2092 ope
2793 2021 3065 2078 excolere
3088 2023 3226 2090 ;sed
3249 2023 3354 2080 ille
3379 2025 3590 2096 Gaium,
3615 2028 3755 2083 Anto-

2145 2106 2252 2164 nia:
2284 2113 2576 2180 nepotem,
2603 2111 2784 2180 magis
2809 2110 3036 2182 dilexit,
3063 2111 3214 2168 unde
3233 2117 3297 2168 et
3321 2113 3592 2170 oﬁ‘ensam
3614 2115 3756 2185 Tybc-

2145 2193 2213 2250 rii
2239 2194 2505 2252 incurrit.
2536 2200 2670 2253 Nam
2705 2214 2832 2254 cum
2869 2201 3118 2270 quadam
3151 2200 3245 2258 die
3280 2201 3422 2258 Gaio
3456 2206 3684 2274 optaret,
3704 2208 3754 2258 ut

2145 2281 2305 2339 illum
2349 2283 2436 2353 ⁸⁸³,
2470 2290 2700 2342 mortuo
2729 2289 2973 2358 Tyberio
3003 2287 3092 2359 ⁸⁸³,
3127 2289 3427 2348 dominum
3456 2293 3753 2347 cunctorum

2141 2371 2340 2427 videre
2377 2379 2723 2435 mereretur.
2757 2377 3097 2433 nunciatum
3132 2384 3225 2434 est
3257 2379 3372 2436 hoc
3397 2379 3643 2451 Tybcrio,
3664 2382 3756 2434 sta-

2145 2459 2364 2530 timque
2387 2461 2638 2532 conjecit
2663 2479 2796 2521 eum
2821 2465 2877 2520 in
2897 2465 3151 2536 vincula,
3169 2465 3228 2523 in
3252 2467 3467 2539 quibus
3483 2466 3755 2538 permansit

2144 2563 2324 2619 usque
2356 2550 2426 2605 ad
2462 2551 2582 2606 Gaii
2612 2556 2893 2624 tempora.

2143 2641 2226 2691 10.
2259 2639 2398 2696 add.
2433 2640 2498 2696 in
2523 2642 2816 2713 margine,
2841 2656 2969 2714 quae
3004 2649 3085 2700 11.
3116 2644 3344 2718 recepit
3377 2664 3390 2700 :
3417 2642 3682 2711 Quendam

2215 2728 2381 2784 brum
2418 2730 2604 2786 fertur
2628 2731 2955 2802 jugulasse,
2993 2732 3090 2802 qui
3128 2732 3428 2790 adinvenit
3475 2733 3665 2790 vitrum
3691 2733 3748 2786 fa-

2215 2817 2466 2888 bricare,
2527 2823 2583 2874 et
2627 2821 2947 2876 secundum
2998 2820 3230 2878 libitum
3274 2837 3444 2879 suum
3476 2822 3746 2887 inﬂectere,

2216 2906 2418 2964 dicens
2449 2908 2501 2964 ei
2529 2927 2540 2962 :
2593 2930 2618 2957 «
2650 2909 2704 2963 Si
2739 2908 2954 2965 vixeris
2983 2913 3042 2966 ct
3069 2909 3176 2968 hoc
3211 2911 3363 2968 alios
3392 2909 3658 2980 docueris,
3677 2923 3749 2964 au-

2215 3011 2340 3053 rum
2371 3002 2429 3052 et
2460 3003 2763 3066 argentum
2796 2998 3192 3056 annulabitur.
3228 3019 3259 3053 ››

2215 3097 2338 3144 Anni
2371 3097 2587 3158 Tybcrii.

2213 3181 2264 3231 2.
2299 3177 2512 3248 (illam)
2545 3179 2706 3233 Anno
2747 3177 3054 3234 Dominicas
3107 3178 3520 3236 incarnationis
3568 3183 3638 3246 17,
3667 3175 3742 3247 qui

2143 3269 2238 3323 est
2267 3265 2495 3337 Tybcrii
2529 3268 2842 3334 secundus,
2868 3266 3053 3324 Asinii
3075 3267 3360 3326 Pollionis
3383 3268 3533 3324 filius
3553 3265 3744 3323 Asinius

2144 3353 2344 3412 Gallus
2379 3355 2524 3412 diris
2552 3371 2582 3413 a
2613 3357 2858 3428 Tyberio
2890 3357 3196 3429 suppliciis
3237 3363 3528 3415 enecatur.

2214 3449 2263 3500 3.
2300 3447 2364 3500 Α.
2399 3447 2460 3500 D.
2499 3451 2580 3502 18.
2610 3445 2803 3502 Livius
2826 3446 2892 3478 “‘
2928 3446 3462 3520 hystoriographus
3491 3441 3681 3500 Patavii
3699 3438 3750 3472 “'

2143 3533 2410 3590 moritur.
2429 3534 2672 3592 Ovidius
2695 3550 2925 3606 quoque
2953 3539 3123 3606 poeta
3145 3536 3202 3591 in
3227 3535 3407 3593 exilio
3433 3534 3654 3590 moritur
3673 3527 3742 3582 “‘.
3831 3531 3833 3582 ξ

2211 3627 2262 3681 4.
2299 3625 2400 3696 (Η.
2432 3626 2536 3696 m.)
2581 3628 2644 3681 A.
2702 3627 2764 3682 D.
2813 3631 2897 3682 19.
2952 3625 3349 3695 Germanicus,
3401 3621 3558 3682 Drusi
3603 3619 3743 3687 illius,

2142 3713 2420 3784 Caligulae
2456 3719 2644 3786 pater,
2678 3715 2750 3771 de
2783 3714 3106 3785 Germanis,
3143 3715 3212 3771 ad
3249 3729 3393 3787 quos
3419 3715 3488 3770 ab
3526 3711 3742 3780 Augusto

2133 3803 2250 3875 jam
2285 3818 2424 3860 sene
2458 3804 2670 3861 missus
2704 3805 2918 3873 fuerat,
2951 3792 3296 3877 triumphat.

2211 3897 2260 3948 δ.
2300 3894 2507 3966 (Iliam)
2540 3895 2604 3950 A.
2642 3895 2704 3949 D.
2735 3897 2829 3949 20.
2861 3886 3246 3951 Germanicus
3279 3907 3457 3951 caesar
3486 3905 3513 3946 a
3539 3881 3736 3958 Tyberio

2141 3986 2350 4054 patruo
2380 3997 2486 4038 suo
2515 3997 2739 4038 veneno
2768 3983 3144 4040 interficitur.

2213 4075 2264 4128 6.
2299 4073 2364 4127 A.
2395 4073 2456 4127 Ι).
2492 4077 2579 4128 21.
2615 4071 2938 4128 Fenestella
2972 4070 3492 4144 hysteriographus
3520 4068 3574 4124 et
3598 4062 3730 4135 poeta

2145 4165 2241 4216 70°
2271 4160 2406 4216 vita:
2433 4175 2553 4229 suze
2584 4175 2732 4217 anno
2762 4160 3029 4229 moritur,
3064 4165 3124 4216 et
3157 4160 3352 4217 Cumis
3379 4153 3682 4244 sepelitu£-.

2218 4253 2268 4304 7.
2295 4250 2356 4304 Α.
2383 4250 2445 4304 D.
2470 4253 2558 4306 22.
2584 4249 2866 4321 Tyberius
2894 4248 3110 4305 multos
3139 4263 3310 4320 reges
3337 4261 3439 4319 per
3467 4235 3732 4321 blandicias

2151 4336 2220 4391 ad
2250 4352 2311 4393 se
2344 4337 2574 4394 vocavit
2623 4320 3034 4408 nunquamque
3081 4335 3329 4406 remisit,
3361 4334 3505 4389 inter
3543 4337 3665 4398 quos
3688 4320 3731 4373 θι

2153 4425 2496 4484 Archelaum
2522 4424 2903 4496 Capadocem,
2927 4425 3094 4497 cujus
3113 4425 3290 4482 etiam
3312 4433 3538 4493 regnum
3567 4415 3612 4470 in
3631 4420 3731 4481 ρῐό·

374 4511 510 4568 buta
546 4512 930 4572 suadentibus
961 4514 1268 4586 scripserit
1297 4513 1432 4572 boni
1459 4515 1718 4586 pastoris
1742 4531 1876 4573 esse
1903 4512 2045 4608 ton;
2074 4503 2124 4562 U
2155 4515 2360 4573 vincite
2385 4515 2624 4571 formam
2650 4513 2898 4583 redegit,
2922 4512 3422 4608 et-nobilissimam
3441 4499 3726 4608 ejusfft'tlf'

370 4601 509 4656 dere
542 4617 740 4673 pecus,
776 4619 888 4660 non
922 4603 1275 4674 deglobere;
1310 4603 1414 4659 sed
1453 4602 1735 4674 paulatim
1769 4601 2044 4663 mutatu}

375 4689 429 4744 in
461 4689 645 4762 pejus.
684 4692 786 4763 (Η.
818 4692 922 4764 m.)
953 4694 1092 4748 Nam
1125 4695 1184 4748 et
1225 4691 1378 4748 filios
1425 4707 1568 4749 suos
1621 4693 1898 4765 adoptivo
1923 4712 1951 4750 s
1983 4695 2028 4728 ⁴⁸

374 4779 624 4836 Drusum
657 4785 713 4836 et
749 4779 1176 4850 Germanicum,
1203 4780 1465 4850 germani
1503 4781 1594 4837 sui
1644 4782 1819 4839 Drusi
1861 4782 2018 4839 filios

371 4881 598 4923 veneno
627 4869 946 4940 interfecit,
983 4868 1306 4940 prefectum
1362 4884 1533 4927 suum
1583 4869 1852 4940 Sejanum
1892 4887 2041 4930 nova

375 4955 710 5014 molientem
743 4958 981 5024 occidit,
1017 4961 1078 5015 et
1108 4971 1181 5015 ex
1211 4958 1421 5030 viginti
1469 4959 1740 5030 patriciis
1765 4958 1856 5030 ατ,
1893 4976 2042 5032 quos

377 5041 489 5098 sibi
509 5059 684 5102 causa
701 5047 928 5105 consilii
944 5047 1147 5122 elegit,
1162 5048 1260 5107 vix
1274 5047 1422 5107 duos
1436 5047 1756 5106 incolomes
1781 5049 2040 5124 reliquit,

2153 4611 2272 4663 tem
2305 4606 2588 4660 Mazacam
2620 4618 2692 4658 ex
2720 4581 2826 4658 suo
2857 4581 3086 4658 nomine
3110 4603 3427 4659 Caesaream
3449 4581 3724 4666 appellavit-

2223 4698 2276 4751 8.
2309 4696 2371 4750 A.
2407 4694 2468 4748 D.
2503 4696 2589 4747 '23.
2625 4690 2880 4762 Pompeii
2914 4691 3206 4747 theatrum
3238 4690 3524 4746 incensum
3551 4677 3640 4734 est.

3319 4768 3590 4844 Olympias
3628 4760 3720 4814 20οο

2223 4878 2273 4929 9.
2309 4874 2372 4927 Α.
2408 4873 2467 4925 D.
2501 4872 2588 4926 24.
2619 4867 2903 4939 'I‘yberius
2935 4868 3203 4936 Drusum,
3238 4861 3431 4921 fratris
3458 4855 3537 4914 sui
3563 4849 3718 4942 illius),

2154 4960 2315 5032 regni
2336 4962 2670 5017 consortem
2695 4956 2852 5026 fecit,
2879 4971 3048 5028 quem
3068 4955 3268 5014 eodem
3291 4963 3432 5009 anno
3460 4947 3720 5003 venenoin-

2154 5049 2403 5108 tercmit.

1720 5263 1958 5320 VARle
2016 5261 2418 5320 LECTIONES'

447 5395 517 5429 ⁴³⁰
547 5377 709 5477 deest
732 5397 910 5477 93.“?
940 5399 1014 5477 In
1041 5403 1090 5456 4.
1127 5400 1235 5477 hoe
1268 5401 1386 5477 loco
1419 5401 1643 5477 legitw
1667 5403 1856 5477 rubra
1886 5422 1906 5459 :
1940 5406 1959 5477 Α

2166 5403 2392 5477 fyberii,
2428 5400 3050 5477 Herodishtetrarche.
3113 5395 3182 5432 ⁴³²
3230 5382 3609 5477 claudium:

379 5479 583 5524 ecorr.
623 5474 703 5524 11.
761 5467 832 5501 ⁸⁸³
883 5474 1084 5528 tantus
1143 5473 1255 5528 sub
1317 5472 1392 5526 1b.
1444 5465 1510 5507 ‘5‘
1561 5475 1724 5530 deest
1777 5476 1875 5531 Et.
1936 5476 1956 5508 ⁴

2166 5465 2472 5532 εἰὶηιθηὶοε
2522 5480 2601 5531 9°.
2654 5472 2722 5508 ⁸³⁸
2779 5472 3117 5532 adoptivum
3165 5477 3222 5528 ρο
3257 5465 3322 5502 m

379 5536 445 5568 “‘3
475 5539 540 5592 fr.
575 5557 618 5596 s.
653 5542 706 5596 (Ι.
745 5538 847 5594 filii
883 5544 932 5594 5.
965 5540 1034 5574 ⁴³⁹
1067 5543 1102 5598 f.
1135 5543 1224 5599 sui
1257 5545 1306 5596 5.
1339 5542 1409 5577 “°
1437 5544 1675 5603 antonio
1707 5547 1756 5600 4.
1791 5552 1959 5604 anton

2172 5544 2190 5578 ³
2225 5546 2536 5602 beronicen
2583 5547 2678 5602 Et.
2739 5551 2819 5603 11.
2872 5536 2940 5578 ιιι
2986 5543 3085 5604 illo
3130 5550 3204 5604 9c,
3255 5537 3319 5572 ιιι

3415 5443 3610 5590 '3':
3633 5443 3692 5546 Et

382 5605 585 5668 Lucius
617 5614 710 5668 Et.
747 5610 858 5684 qui
889 5607 1010 5667 liceo
1032 5613 1166 5682 post
1194 5612 1437 5670 Ovidius
1465 5647 1534 5656 —
1567 5616 1816 5672 moritur
1846 5616 2028 5674 habet
2046 5616 2114 5650 “5
2145 5617 2337 5690 patavi
2368 5621 2420 5672 5.
2449 5617 2615 5676 deest
2643 5621 2718 5673 9°.
