3898 6308
157 301 284 366 665

1048 299 1489 391 ΟΗΒΟΝΙΟΑ.
1521 333 1600 346 -—
1626 291 2105 360 CHRONICON
2149 301 2699 368 UNlVERSALE.

3465 299 3586 366 666

160 435 368 495 nescio
393 450 465 494 an
499 435 705 494 deceat
730 434 1020 494 memoriae
1051 435 1227 507 tradi,
1254 435 1362 493 nisi
1385 434 1453 470 ‘7‘
1505 437 1653 494 forte
1683 436 1816 509 quia
1847 427 1906 491 A
1934 453 2088 510 rens,
2155 440 2424 513 Agrippa:
2483 438 2796 509 commisit,
2849 438 3035 510 ipsum
3089 451 3230 496 vero
3291 441 3580 512 perpetuo

153 525 325 596 juvat
353 525 426 582 de
447 525 820 598 principibus
833 540 1000 582 nosse
1018 525 1232 596 omnia,
1258 532 1320 582 ιιι
1347 525 1593 596 improbi
1610 526 1816 584 saltem

159 617 333 672 fama;
350 619 512 671 metu
543 614 684 671 talia
703 614 1015 671 declinent.
1053 615 1426 684 (Jonn.De.r.
1449 629 1495 672 δ.
1526 618 1583 672 In
1603 615 1817 688 palatio

165 709 474 761 matronas
501 703 734 760 nobiles
763 703 995 776 publice
1027 703 1252 760 libidini
1296 704 1564 775 subjecit,
1625 705 1818 761 tribus

168 792 487 849 sororibus
515 792 638 849 suis
667 796 873 864 stupra
899 793 1119 863 intulit,
1143 809 1215 848 ex
1238 808 1351 850 una
1385 808 1581 851 earum
1640 795 1815 850 etiam

165 887 362 937 natam
389 881 569 938 ﬁliam
603 881 858 952 vitiavit,
885 882 1210 939 Memmium
1235 881 1517 952 Regulum
1548 881 1736 951 coegit
1753 886 1818 940 ut

164 971 296 1041 conj
309 985 476 1041 ugem
502 985 666 1026 suam
683 970 796 1026 sibi
825 986 1065 1028 uxorem
1083 970 1279 1028 inloco
1301 972 1431 1028 filiae
1455 970 1622 1027 daret
1640 986 1815 1042 seque

168 1063 398 1130 patrem
427 1060 558 1130 ejus
587 1059 811 1116 diceret
841 1064 898 1114 et
926 1060 1308 1117 instrumenta
1357 1060 1711 1117 matrimonii
1753 1065 1813 1117 ιιι

164 1151 337 1218 pater
365 1147 773 1204 conscriberet
807 1166 822 1216 ;
856 1163 1094 1206 sorores
1114 1163 1272 1218 suas,
1307 1163 1452 1220 quas
1497 1149 1812 1221 stupravit,

163 1234 489 1292 insularum
515 1235 693 1292 exilio
743 1236 1056 1294 damnavit.
1093 1239 1277 1309 (lima.
1320 1271 1390 1279 —
1417 1239 1496 1294 Η.
1543 1248 1646 1309 m)
1712 1239 1814 1294 Hic

159 1324 406 1396 primus,
432 1324 763 1381 diademate
787 1325 1084 1398 imposito,
1111 1327 1404 1384 dominum
1448 1343 1510 1384 se
1526 1327 1812 1399 appellari

154 1412 357 1482 jussit,
394 1413 523 1470 etin
544 1413 784 1471 deorum
809 1429 1112 1472 numerum
1157 1431 1220 1471 se
1251 1416 1458 1472 referri
1524 1415 1806 1488 precepit.

169 1501 274 1557 Hic
296 1501 501 1559 statim
534 1507 601 1559 ut
629 1509 761 1574 post
784 1507 1028 1560 mortem
1051 1504 1276 1575 Tyberii
1301 1520 1539 1574 regnum
1560 1505 1809 1576 accepit,

162 1591 482 1663 Agrippam
507 1594 1188 1662 cognomentollerodem
1212 1609 1242 1650 a
1263 1594 1512 1651 vinculis
1536 1594 1807 1665 absolvit,

163 1677 222 1734 in
258 1679 865 1750 quieillum'l‘ybcrius
896 1683 1167 1754 eonjeeit,
1213 1683 1382 1754 eique
1427 1684 1807 1740 tetrarchiam

1932 531 2110 588 exilio
2124 531 2463 603 Lugdunum
2485 529 2787 601 relegavit.
2817 531 3186 600 Cognoscens
3201 532 3394 585 autem
3421 529 3576 599 quod

1933 621 2218 679 Herodias
2233 637 2400 679 soror
2414 626 2574 679 esset
2599 620 2892 692 Agrippae,
2919 619 3102 676 voluit
3126 618 3178 674 ei
3197 631 3338 689 opes
3353 622 3413 674 et
3428 631 3580 688 qum-

1929 726 2042 782 que
2078 711 2312 783 pr0pria
2337 711 2693 776 concedere;
2725 707 2942 766 sedilia
3001 707 3199 764 mariti
3230 720 3407 765 causa
3443 713 3575 764 con-

1929 803 2236 872 tempnens
2257 800 2467 870 omnia,
2504 802 2810 857 secutaest
2838 813 2967 854 eum
2996 797 3051 856 in
3071 795 3332 870 exilium,
3379 794 3577 870 ibique

1931 889 2152 962 pariter
2166 889 2467 962 perierunt
2482 889 2586 961 (Cf.
2603 890 2670 946 A.
2700 888 2749 945 I.
2769 904 2925 958 xvm,
2959 889 3072 960 14.)

2003 979 2102 1050 (Η.
2135 979 2254 1050 m.)
2279 979 2488 1036 Eodem
2521 993 2670 1035 anno
2703 977 2878 1034 Gaius
2909 993 3038 1033 eum
3076 975 3576 1034 adversusomnes

1930 1068 2149 1140 ingenti
2184 1069 2530 1126 crudelitate
2578 1066 2834 1135 saeviret,
2859 1081 2888 1121 a
2921 1065 3205 1122 militibus
3252 1065 3307 1121 in
3352 1063 3572 1137 palatio

1930 1157 2163 1214 occisus
2195 1162 2306 1228 est,
2331 1157 2689 1214 annomtatis
2724 1155 2791 1190 ⁸⁷⁷
2823 1161 2913 1220 38,
2967 1155 3128 1224 regni
3175 1157 3405 1225 quarto.
3460 1152 3569 1221 Qui

1930 1251 2240 1316 postquam
2270 1247 2499 1304 occisus
2522 1250 2632 1315 est,
2650 1243 2964 1302 duolibelli
2989 1244 3042 1298 in
3077 1241 3326 1300 secretis
3339 1241 3464 1312 ejus
3483 1255 3572 1298 re-

1930 1335 2079 1408 perti
2105 1339 2259 1406 sunt,
2281 1351 2527 1406 quorum
2551 1334 2722 1390 alteri
2749 1333 2946 1406 pugio,
2999 1331 3168 1388 alteri
3209 1329 3440 1400 gladius
3464 1343 3570 1402 pro

1927 1425 2094 1494 signo
2127 1425 2374 1482 nominis
2393 1424 2886 1495 ascriptumerat;
2922 1423 3092 1478 ambo
3116 1418 3571 1476 lectissimorum

1925 1513 2183 1570 virorum
2216 1512 2519 1583 utriusque
2543 1510 2785 1582 ordinis,
2834 1509 3113 1567 senatorii
3172 1507 3446 1564 videlicet
3515 1510 3576 1563 et

1925 1603 2252 1672 equestris,
2287 1603 2518 1658 nomina
2549 1607 2610 1657 et
2641 1607 2810 1658 notas
2839 1600 3240 1668 continebant,
3272 1597 3370 1668 qui
3404 1594 3572 1651 morti

1925 1691 2664 1748 destinatierant.lnventa
2681 1695 2770 1747 est
2801 1695 3005 1746 ctarca
3040 1689 3245 1758 ingens
3271 1685 3566 1742 variorum

163 1767 427 1840 Philippi
446 1771 589 1840 patri
629 1770 740 1839 sui,
777 1770 1006 1842 quijam
1057 1773 1413 1842 decesserat,
1445 1773 1810 1842 tradidit,re-
1839 1787 1892 1846 Β
1923 1794 2298 1850 venenorum,
2336 1781 2548 1850 quibus
2591 1795 2720 1835 mox
2775 1777 3015 1834 Claudio
3065 1789 3284 1832 caesare
3325 1773 3569 1844 jubente

153 1857 863 1928 gemqueappellavit,cui
877 1865 936 1915 et
953 1867 1154 1932 postea
1172 1863 1548 1920 tetrarchiam
1565 1863 1808 1920 Herodis

161 1945 364 2016 patrui
397 1945 488 2002 sui
519 1947 979 2018 adjecit(Cf.Jos.
1017 1952 1055 2007 l.
1087 1953 1421 2009 l.—EusH.
1457 1951 1805 2023 e.u,4).lste

156 2035 248 2089 est
271 2031 371 2104 qui
393 2032 447 2088 in
480 2035 714 2092 actibus
737 2038 1136 2108 apostolorum
1181 2042 1330 2113 (cap.
1359 2041 1483 2114 xm)
1543 2039 1804 2097 Herodes

159 2121 522 2194 appellatur,
543 2125 711 2195 quiet
732 2128 1006 2184 Iacobum
1028 2129 1244 2186 occidit
1273 2136 1334 2186 et
1355 2133 1590 2186 Petrum
1609 2130 1661 2186 in
1681 2142 1804 2184 ear-

157 2225 356 2267 cerem
394 2211 574 2284 misit,
599 2218 877 2286 etpostea
909 2218 980 2272 ab
995 2219 1201 2288 angelo
1233 2233 1562 2291 percussus,
1598 2218 1804 2278 vermi-

159 2299 268 2356 bus
297 2301 968 2376 seaturiensexspiravit
995 2309 1194 2378 ;cujus
1219 2308 1570 2366 filiifuerunt
1603 2311 1804 2383 Agrip-

156 2403 228 2459 pa
249 2402 376 2454 rex,
411 2390 751 2460 :equivocus
783 2394 927 2465 ejus,
954 2399 1012 2451 et
1038 2397 1334 2467 Bcronicc,
1359 2413 1528 2454 soror
1542 2399 1804 2468 ejus.Re-

155 2476 572 2545 gnavitautem
606 2481 772 2537 annis
802 2489 854 2552 7,
881 2485 1246 2556 moriturque
1260 2501 1407 2542 anno
1425 2487 1608 2544 tercio
1639 2487 1804 2544 Clau-

155 2563 236 2620 dii
275 2564 383 2632 (Cf.
418 2567 547 2624 Ecs.
586 2584 645 2639 ιι,
683 2575 808 2644 10.).
837 2571 1139 2645 Philippus
1174 2589 1335 2645 vero,
1362 2579 1605 2647 patruus
1653 2577 1798 2648 ejus,

154 2659 429 2711 mortuus
467 2661 558 2712 est
590 2674 739 2714 anno
774 2665 844 2717 22
879 2663 1105 2732 Tyberii
1167 2679 1375 2735 regens
1413 2665 1803 2722 Traconitidis

151 2747 219 2798 ct
239 2741 312 2776 ⁸⁷⁸
343 2743 730 2804 Gaulanitidis
761 2751 1052 2820 regionem
1076 2753 1244 2811 annis
1272 2758 1358 2810 32.

230 2835 285 2886 2.
323 2835 473 2889 A.D.
523 2837 608 2892 40.
646 2838 741 2908 qui
771 2843 863 2896 est
907 2841 1025 2898 Gaii
1085 2843 1393 2912 secundus,
1439 2844 1646 2909 Judaai,
1705 2844 1800 2914 qui

145 2920 271 2990 jam
307 2925 447 2980 tunc
477 2925 550 2980 ob
585 2927 915 2997 passionem
943 2929 1160 2986 Christi
1195 2933 1420 2989 meritis
1456 2931 1804 3004 ubiqnecla-

151 3009 338 3068 (libus
351 3015 822 3087 exagitabantur,
841 3019 990 3090 apud
1009 3019 1415 3077 Alexandriam
1432 3026 1636 3078 exorta
1655 3022 1803 3079 sedi-

1923 1869 2214 1938 dimersis,
2252 1869 2428 1925 maria
2476 1869 2686 1923 infecta
2747 1865 3083 1932 traduntur,
3118 1879 3226 1919 non
3274 1862 3398 1919 sine
3454 1873 3570 1916 ma-

1921 1971 2034 2028 gno
2067 1958 2313 2030 piscium
2365 1958 2576 2028 exicio,
2626 1971 2774 2027 quos
2809 1957 3087 2011 enecatos
3129 1967 3232 2024 pcr
3293 1949 3568 2023 proxima

1922 2045 2092 2103 litora
2130 2048 2345 2120 passim
2377 2051 2561 2103 mstus
2593 2045 2786 2117 ejecit.

1917 2148 2039 2195 Anni
2075 2146 2283 2195 Claudii.

1990 2227 2091 2296 (Η.
2120 2241 2196 2283 m.
2232 2226 2504 2296 -—Hisn.)
2529 2228 2690 2281 Anno
2713 2216 3561 2286 Dominicaaincarnationisﬂ,

1917 2317 1990 2372 ab
2010 2317 2166 2372 Urbe
2199 2321 2394 2373 autem
2433 2314 2667 2371 condita
2689 2317 2812 2370 793.
2832 2311 3130 2370 Claudius.
3181 2309 3253 2365 ab
3300 2308 3562 2377 Augusto

1917 2409 2186 2476 quartus,
2205 2404 2508 2477 imperium
2524 2405 2773 2475 adeptus
2791 2405 2904 2472 est,
2921 2399 3302 2470 regnavitque
3317 2409 3446 2453 anu.
3473 2397 3554 2451 13.

1917 2509 2144 2552 menses
2167 2501 2218 2565 8,
2246 2494 2370 2552 dies
2391 2499 2478 2552 28.
2500 2494 2720 2565 (Em)
2755 2493 2857 2550 Hic
2881 2491 2991 2548 fuit
3031 2494 3275 2563 patruus
3315 2484 3434 2542 Gaii
3461 2484 3561 2540 Ca-

1914 2583 2135 2654 ligulaa,
2174 2583 2330 2640 filius
2359 2585 2529 2640 Drusi
2558 2583 2808 2655 privigni
2831 2580 3094 2651 Augusti,
3138 2577 3235 2648 qui
3283 2573 3562 2648 apudMo-

1914 2672 2171 2742 gentiam
2205 2673 2852 2740 habetmonumentum,
2897 2669 3066 2740 cujus
3104 2679 3287 2739 nepos
3319 2668 3445 2722 erat
3461 2661 3562 2719 Ca-

1917 2761 2115 2832 ligula.
2152 2763 2291 2833 Iste,
2326 2775 2455 2818 cum
2481 2765 2719 2818 senatus
2755 2759 3082 2816 censuisset
3141 2768 3326 2827 genus
3374 2755 3560 2809 Caesa-

1915 2864 2042 2906 rum
2065 2849 2466 2920 exterminari,
2501 2847 2744 2906 deformi
2771 2846 2996 2904 latebra
3045 2844 3228 2901 latere
3261 2844 3553 2914 repertus,

1918 2940 2050 3012 quia
2084 2954 2292 2997 vecors
2311 2943 2462 3010 erat,
2490 2938 2835 2995 mitissimus
2850 2933 3158 2992 videbatur
3179 2925 3561 3003 imprudenti-

1917 3031 2046 3100 bus,
2072 3031 2272 3100 sicque
2303 3033 2556 3101 raptusa
2596 3026 2900 3096 militibus,
2954 3024 3272 3096 imperator
3315 3017 3558 3075 effectus

151 3097 339 3204 ίίοξξον
365 3103 655 3204 Ρςξξηίβιιιί
678 3107 1006 3204 suntczede,
1039 3114 1214 3180 atque
1231 3109 1379 3182 ρυ¹8ί
1397 3124 1465 3166 6³(
1486 3112 1628 3168 urbe
1661 3127 1800 3183 ;pl‘O
1836 3143 1884 3204 ρ
1915 3097 2041 3191 est,
2065 3097 2524 3191 annitentefﬂw)
2548 3113 2937 3188 Agrippa,qui
2970 3117 3111 3171 tunc
3135 3112 3286 3167 forte
3320 3109 3556 3204 ltomam

149 3190 376 3268 αυίίηὲδ
407 3192 606 3263 ΡῘΙΥῙΟ,
643 3195 733 3250 Vil‘
763 3210 902 3252 sane
935 3198 1196 3268 τιριινὶηιο
1236 3200 1525 3270 eruditus,
1547 3201 1803 3257 secunda
1839 3190 1884 3204 υ
1916 3190 2156 3266 venerat
2185 3211 2239 3265 et
2273 3223 2302 3265 a
2331 3212 2536 3265 senatu
2567 3205 2622 3262 in
2673 3203 2982 3262 consilium
3040 3204 3286 3257 vocatus
3345 3197 3556 3262 fuerat,

148 3279 286 3334 vice
317 3279 553 3337 Romam
581 3283 861 3350 veniens;
894 3297 953 3342 et
976 3287 1129 3358 apud
1182 3289 1379 3344 Gaium
1397 3288 1800 3360 interpellans,

146 3365 335 3423 nichil
369 3369 638 3439 profecit,
662 3371 760 3427 sed
788 3372 863 3428 ibi
889 3389 1254 3433 commorans
1305 3376 1524 3434 dicitur
1557 3392 1684 3434 cum
1700 3379 1804 3433 Pe-

147 3461 248 3512 tro
275 3457 546 3528 apostolo
577 3457 814 3518 locutus
848 3463 1028 3521 fuisse
1050 3465 1291 3538 ejusque
1341 3467 1660 3524 amiciciam
1711 3467 1807 3524 ha-

149 3545 361 3602 buisse
395 3545 500 3608 (Cf.
529 3549 661 3606 Eus.
697 3565 754 3617 ιι,
791 3555 868 3618 5).

221 3638 278 3689 3.
297 3634 467 3706 (0hr.
516 3637 703 3709 W.)A.
735 3642 792 3695 Ι).
825 3643 910 3696 41.
939 3641 1179 3712 Pylatus
1235 3645 1436 3704 multis
1463 3645 1808 3706 calamitati-

148 3724 266 3782 bus
297 3738 328 3780 a
363 3725 502 3782 Gaio
533 3727 874 3800 obpressus,
907 3746 969 3787 se
1001 3731 1192 3804 ipsum
1225 3734 1538 3792 interfecit.

221 3815 282 3869 4.
299 3815 364 3870 Α.
392 3814 456 3870 D.
475 3815 838 3874 42.Μειι1ιοιιε
857 3821 1224 3890 evangelium
1243 3825 1482 3895 scripsit
1497 3825 1801 3882 llebraice.

147 3901 762 3976 Herodestetrarcha,
799 3907 896 3977 qni
927 3909 982 3964 in
1007 3909 1288 3967 Johannis
1333 3913 1603 3984 baptista:
1664 3929 1804 3972 nece

147 3996 365 4048 auctor
382 3992 654 4050 extititet
679 3995 932 4065 passioni
963 3999 1183 4054 Domini
1209 3999 1497 4072 interfuit,
1525 3985 1679 4058 filius
1698 4003 1802 4059 lle-

148 4077 320 4136 rodis
350 4080 562 4152 Magni,
577 4082 684 4139 sub
709 4097 821 4153 quo
845 4089 1017 4142 natus
1040 4092 1126 4143 est
1155 4087 1423 4146 Christus
1451 4091 1795 4163 (F.3upm).

147 4168 396 4224 Romam
427 4169 608 4240 venit,
646 4177 892 4240 cogente
915 4175 1242 4233 Herodiade
1277 4192 1458 4233 uxore
1483 4192 1606 4248 sua,
1627 4196 1658 4250 q
1672 4196 1797 4236 nam

143 4256 403 4314 abstulit
438 4257 604 4314 fratri
637 4274 743 4317 suo
758 4260 896 4332 (los.
914 4263 1002 4319 De
1031 4263 1082 4330 ὸ,
1115 4265 1171 4322 .Ῐ.
1201 4281 1258 4335 ιι,
1289 4268 1366 4338 8).
1400 4266 1538 4332 Quae
1571 4283 1699 4322 eum
1720 4270 1801 4325 vi-

147 4345 322 4402 deret
358 4346 672 4418 Agrippam
701 4349 937 4406 fratrem
959 4367 1126 4409 suum
1153 4355 1334 4410 aGaio
1353 4369 1543 4424 regem
1559 4356 1796 4428 factum,

146 4431 486 4506 exprobare
507 4436 684 4507 cmpit
721 4438 931 4494 Herodi
991 4441 1336 4513 socordiam,
1391 4443 1522 4514 quia
1579 4461 1682 4515 per
1744 4447 1800 4503 id

149 4521 314 4592 quod
343 4521 598 4578 noluerit
622 4525 691 4581 ad
727 4541 1006 4584 czesarem
1027 4530 1298 4601 navigare
1329 4536 1561 4588 careret
1598 4535 1798 4604 majori

149 4607 398 4666 honore.
437 4611 572 4668 Nam
595 4626 725 4668 eum
744 4615 1055 4688 Agrippam
1106 4633 1176 4674 ex
1207 4619 1437 4690 privato
1471 4638 1662 4693 regem
1728 4628 1803 4680 fe-

150 4699 308 4756 cisse
331 4713 446 4756 uon
476 4704 638 4757 esset
668 4700 907 4760 dubium
931 4705 1069 4776 quin
1100 4721 1230 4763 eum
1258 4723 1329 4764 ex
1379 4714 1668 4770 tetrarcha
1710 4729 1804 4785 pa-

151 4789 198 4844 ri
233 4787 460 4844 honore
509 4790 882 4860 proveheret.
935 4794 1034 4850 His
1079 4796 1370 4854 adductus
1425 4803 1804 4860 llcrodcsRo-

155 4890 310 4932 mam
344 4876 919 4949 venitsubsequente
939 4883 1154 4940 meum
1183 4891 1240 4942 et
1262 4894 1575 4946 accusante
1601 4893 1804 4964 Agrip-

157 4979 252 5036 pa,
295 4964 419 5021 filio
446 4965 648 5023 fratris
667 4967 754 5023 sui
781 4969 1123 5027 Aristoboli.
1161 4975 1335 5030 Gaius
1373 4978 1592 5034 cumdc
1619 4981 1804 5036 avari-

153 5053 246 5110 cia
262 5053 649 5110 vehementer
691 5054 1614 5131 increpavit,eiqnetetrarehiam
1649 5070 1804 5126 aufe-

1916 3299 2069 3361 unde
2100 3302 2158 3354 et
2193 3297 2372 3354 ﬁlium
2405 3295 2532 3367 ejus
2567 3295 2880 3367 Agrippam
2912 3295 3114 3364 postea
3172 3303 3364 3357 regem
3396 3285 3554 3342 fecit.

1919 3387 2019 3451 (H.
2057 3388 2156 3458 m.)
2189 3386 2290 3442 IIic
2322 3385 2531 3454 ventri,
2557 3385 2710 3455 vino,
2761 3381 2988 3439 libidini
3029 3379 3194 3436 fmdae
3251 3375 3556 3446 obediens,

1919 3491 2124 3534 vecors
2139 3480 2196 3532 et
2222 3489 2402 3547 prope
2420 3475 2600 3531 hebes
2615 3489 2680 3530 ac
2705 3471 2968 3544 pavidus,
2987 3469 3334 3526 libertorum
3349 3469 3406 3522 et
3425 3479 3561 3522 eon-

1914 3566 2071 3638 jugis
2101 3564 2443 3635 subjaccbat
2463 3563 2725 3635 imperiis
2751 3561 2946 3628 (Onos.
2967 3575 3062 3629 vn,
3083 3562 3135 3627 6,
3169 3573 3214 3612 s.
3239 3557 3392 3613 Βειιιι
3414 3569 3452 3624 ι,
3480 3555 3556 3626 3);

1919 3656 2162 3726 cupiens
2210 3658 2400 3711 tamen
2453 3652 2652 3709 utilem
2703 3665 2764 3707 se
2826 3648 3074 3720 publicae
3119 3646 3198 3702 rei
3250 3640 3559 3702 ostendere

1921 3743 2260 3816 principem,
2287 3741 2608 3798 exercitum
2625 3738 2800 3794 movit
2826 3738 2881 3793 in
2898 3735 3275 3803 Britanniam,
3300 3738 3562 3789 transve-

1918 3831 2233 3902 ctusquein
2269 3830 2532 3898 insulam,
2559 3843 2727 3898 quam
2753 3840 2920 3882 nemo
2955 3829 3088 3880 ante
3116 3821 3330 3879 Iulium
3373 3822 3562 3876 Caesa-

1917 3935 2034 3978 rem
2070 3933 2173 3975 nec
2193 3921 2464 3989 posteum
2491 3931 2667 3973 ausus
2690 3915 2795 3972 fuit
2817 3913 3001 3980 adire,
3020 3911 3171 3967 intra
3197 3922 3416 3981 paucos
3435 3906 3560 3964 dies
3671 3916 3674 3918 ‘

1917 4011 2042 4066 sine
2082 4007 2284 4080 prmlio
2314 4004 2668 4074 etsangnine
2699 4002 3006 4076 plurimum
3040 4001 3167 4070 ejus
3222 4003 3448 4070 partem
3500 3995 3557 4052 in

1914 4095 2269 4156 deditionem
2295 4095 2523 4165 accepit
2551 4110 2576 4161 ,-
2607 4091 2904 4149 Orchadas
2925 4091 3098 4147 etiam
3150 4087 3370 4146 insulas
3403 4085 3560 4142 ultra

1915 4184 2538 4243 BritanniamRomano
2555 4180 2798 4254 imperio
2817 4179 3052 4251 adjecit,
3089 4194 3156 4236 ac
3172 4179 3342 4235 sexto
3361 4187 3560 4232 mense

1912 4291 1982 4332 ex
2011 4289 2126 4345 quo
2148 4273 2454 4344 profectus
2476 4277 2571 4329 est
2591 4273 2828 4328 Romam
2859 4269 3053 4326 rediit.
3081 4269 3294 4339 (Ηιιιιι.)
3311 4265 3404 4322 Sic
3417 4279 3559 4336 ergo

1915 4365 1984 4421 de
2001 4361 2298 4419 Britannis
2326 4359 2732 4433 triumphavit,
2793 4357 3088 4429 filiumque
3128 4371 3296 4414 suum
3336 4355 3562 4411 Britan-

1915 4453 2107 4509 nicum
2129 4449 2380 4508 vocavit.
2399 4449 2500 4518 (Η.
2525 4448 2636 4520 m.)
2659 4449 2817 4506 Uxor
2848 4461 2987 4504 vero
3003 4444 3226 4506 Claudii
3252 4441 3556 4500 Messalina

1915 4541 1983 4574 ⁸⁷⁸
2008 4540 2193 4611 primo
2229 4537 2444 4610 passim
2460 4535 2748 4594 adulteris
2768 4534 3046 4592 utebatur
3082 4551 3098 4600 ;
3135 4547 3206 4588 ex
3254 4545 3369 4601 quo
3403 4529 3558 4586 facto

1918 4629 2115 4702 plures
2149 4631 2303 4684 metu
2327 4627 2703 4683 abstinebant
2740 4627 2800 4680 ct
2847 4621 3093 4679 extincti
3129 4622 3288 4689 sunt,
3349 4617 3560 4682 dehinc

1915 4717 2176 4774 atrocius
2207 4729 2475 4784 accensa,
2510 4712 2830 4769 nobiliores
2853 4723 3112 4780 quasque
3144 4704 3560 4778 nuptasetvir-

1913 4807 2082 4875 gines
2097 4810 2427 4862 scortorum
2445 4801 2612 4858 modo
2627 4813 2821 4856 secum
2835 4793 3558 4870 proposuerat,coactique

1917 4899 2053 4952 sunt
2086 4909 2275 4951 mares
2293 4897 2355 4949 ut
2378 4891 2671 4948 adessent.
2717 4886 2882 4954 Quod
2907 4885 2954 4941 si
2995 4883 3276 4956 quistalia
3316 4882 3560 4938 horrue-

1917 4986 2027 5052 rat,
2052 4980 2302 5038 conficto
2317 4978 2558 5035 crimine
2579 4976 2632 5031 in
2665 4972 2877 5031 cumm
2897 4984 3240 5042 omnemque
3284 4968 3557 5026 familiam

1916 5070 1985 5104 “°
2005 5069 2133 5138 ejus
2179 5069 2539 5154 seviebatur,
2575 5067 2659 5123 Ita
2697 5061 2766 5098 ⁸⁸⁸
2801 5061 2995 5119 liberti
3035 5060 3160 5130 ejus
3203 5061 3558 5132 potestatem

1537 5236 1770 5293 νΑΒΙίΕ
1811 5239 2211 5294 LECTIONES.

223 5347 294 5380 ⁸⁷⁸
327 5346 594 5432 ἀεξρξὲθτ
655 5347 1062 5432 ‘f'hdegqthm.
1117 5354 1211 5432 "‘_
1231 5358 1332 5414 sed
1371 5372 1417 5416 s.
1477 5391 1547 5402 —
1589 5361 1756 5432 gaius
1811 5365 1906 5420 E1.
1967 5361 2036 5396 ⁴⁷⁷
2067 5377 2097 5419 a
2149 5374 2271 5418 sua:
2319 5364 2396 5417 9°.
2447 5359 2516 5394 ⁸⁷⁸
2565 5359 2832 5417 messalia
2888 5364 2938 5416 δ.
3022 5362 3100 5417 9°.
3169 5355 3240 5392 ⁸⁷⁸
3266 5357 3418 5416 conf.
3503 5356 3559 5412 in

156 5431 290 5476 eum
321 5434 371 5475 c.
409 5423 462 5475 ὅ.
486 5417 557 5452 “°
577 5419 634 5476 in
665 5419 704 5475 f.
737 5425 814 5477 96.
847 5421 915 5456 “1
943 5424 1147 5496 Itaque
1170 5428 1265 5485 El.

1747 5531 1947 5588 NOTE
1961 5574 1974 5589 .

233 5614 386 5687 (219)
423 5615 560 5672 Haec
586 5615 784 5673 nescio
805 5617 1224 5680 undehauscrit
1257 5625 1654 5686 Ekkehardus.
