3898 6310
90 361 216 425 6'73
560 381 562 383 ·
989 358 1428 426 CHRONICA.
1462 399 1536 408 —
1569 354 2046 426 CHRONICON
2089 359 2636 430 UNIVERSALE.
3405 383 3523 446 674

103 497 363 570 pel-vixit.
399 497 480 553 ita
513 494 788 566 Caligula
817 497 1089 554 avunculi
1125 498 1215 554 sui
1248 497 1498 568 vestigia
1527 500 1766 554 secutus
1797 498 1852 556 A
1881 496 1964 552 nit
1997 498 2072 569 (υ.
2106 500 2345 570 supra);
2379 505 2436 554 et
2469 499 2602 569 quia
2637 499 2810 556 Linus
2837 502 2952 572 jam
2985 508 3262 579 excessit,
3301 513 3523 571 Cletum

101 592 214 656 est,
253 587 433 641 immo
461 599 888 656 supergressus
921 590 1030 654 εει,
1059 590 1118 641 ιιι
1151 591 1325 657 turpe
1360 587 1432 642 sit
1469 586 1664 642 dicere
1697 585 1768 641 ad
1884 585 1938 639 in
1969 585 2159 642 locum
2193 586 2318 655 eius
2349 588 2709 656 subrogavit,
2747 590 2842 658 qui
2877 595 2934 646 et
2966 592 3085 663 ipse
3120 598 3286 654 annis
3321 604 3387 655 12
3416 617 3526 660 aec-

100 680 384 747 quantam
417 674 841 745 malignitatem
867 674 1219 745 pervenerit.
1256 675 1453 742 (Em.
1481 679 1539 731 et
1564 675 1641 730 H.
1669 674 1768 745 Β.)
1882 671 2119 730 clesiam
2156 675 2336 741 rexit;
2371 677 2579 732 Petrus
2601 676 2668 709 ⁸⁰⁷
2689 692 2827 733 vero
2853 681 3234 748 predicationi
3270 686 3529 746 deservi-

99 763 426 820 Plurimam
460 766 798 819 senatorum
834 767 1061 835 partem
1093 763 1404 831 interfecit,
1437 766 1769 834 equestrem
1879 764 1982 816 vit.
2021 762 2186 832 (σήν.
2236 763 2338 833 W.)
2380 765 2688 834 Hucusque
2723 764 2932 822 librum
2964 772 3198 828 actuum
3231 777 3528 847 apostolo-

101 851 376 908 ordinem
409 865 557 923 pene
590 851 884 919 destituit,
913 851 1084 907 bonis
1117 851 1386 907 omnibus
1417 851 1606 908 hostis
1639 849 1766 905 fuit.
1882 863 2008 905 rum
2052 849 2231 906 Lucas
2269 851 2542 921 perduxit
2574 853 2953 923 evangelista.

102 941 478 998 Libidinibus
509 955 687 1013 porro
723 940 905 996 tantis
936 940 1194 1009 agitatus
1215 943 1326 1009 est,
1355 945 1416 996 ut
1440 953 1510 996 ne
1535 952 1564 994 a
1587 944 1771 994 matre
1953 941 2000 992 3.
2041 942 2123 993 13.
2161 939 2369 1010 (HIER.)
2407 942 2466 994 A.
2502 941 2562 994 Ι).
2600 946 2685 997 69.
2718 941 2941 1000 Probus
2971 947 3222 1007 Beritius
3248 953 3528 1012 eruditis-

101 1032 346 1104 quidem
372 1030 460 1086 vel
485 1043 688 1086 sorore
718 1028 909 1085 ullave
939 1029 1467 1097 consanguinitatis
1501 1040 1774 1086 reveren-
1880 1025 2062 1084 simus
2090 1027 2447 1095 gramaticus
2471 1029 2701 1085 claruit.

98 1121 180 1176 tia
217 1120 521 1176 referatur
545 1117 918 1183 abstinuisse,
945 1117 1132 1173 virum
1157 1117 1213 1173 in
1239 1131 1478 1174 uxorem
1509 1117 1764 1186 duxerit,

96 1211 227 1282 ipse
254 1209 508 1264 amictus
530 1206 872 1263 nubentium
891 1206 1181 1275 virginum
1207 1206 1422 1278 specie,
1444 1210 1766 1262 convocato

97 1303 316 1354 senatu
352 1296 422 1352 ad
461 1293 857 1367 placitandum
902 1293 972 1349 de
1009 1293 1236 1350 ratione
1274 1294 1451 1364 dotis,
1501 1293 1764 1366 ipsisque

95 1386 343 1458 nuptias
365 1383 823 1453 celebrantibus,
858 1382 1008 1454 pelle
1040 1388 1380 1453 coopertus,
1418 1383 1538 1439 fere
1570 1396 1599 1438 a
1632 1382 1760 1438 viro

95 1481 159 1532 ut
181 1489 342 1532 uxor
365 1474 579 1530 ductus
609 1472 702 1528 sit.
739 1471 1059 1528 Parricidia
1090 1470 1269 1528 multa
1301 1471 1614 1541 commisit,
1649 1485 1763 1527 ma-

93 1570 208 1634 tre,
248 1564 455 1632 fratre,
484 1575 704 1630 sorore,
733 1575 912 1617 uxore
945 1561 1278 1631 ceterisque
1306 1559 1760 1629 consanguineis

87 1651 457 1709 interfectis.
483 1650 694 1706 Urbem
717 1649 953 1706 Romam
975 1663 1082 1720 per
1103 1663 1207 1705 sex
1228 1649 1352 1705 dies
1373 1652 1430 1706 et
1456 1653 1656 1705 noctes
1679 1647 1760 1704 in-

83 1741 330 1810 cendit,
356 1744 420 1796 ut
444 1737 610 1810 quale
631 1742 790 1796 esset
813 1737 1142 1794 incendium
1172 1737 1354 1808 Trojae
1383 1736 1644 1804 videret;
1678 1738 1759 1807 ip-

85 1843 289 1900 seque
313 1832 480 1885 stans
504 1827 558 1883 in
584 1825 860 1913 altissima
887 1825 1036 1881 turri
1059 1825 1346 1913 laetusque
1371 1829 1757 1913 prospectans
1790 1854 1842 1913 B

89 1917 388 1984 flammas,
411 1913 636 1983 tragico
654 1911 894 1970 indutus
911 1913 1135 1983 habitu,
1161 1911 1416 1970 Illiadem
1436 1911 1758 1983 tragediam

88 2005 375 2063 canebat.
405 2004 466 2058 In
491 2016 553 2058 re
577 2001 814 2058 militari
845 2001 1024 2058 nichil
1047 2003 1278 2059 omnino
1303 2016 1501 2072 ausus,
1539 2000 1762 2058 Britan-

90 2095 253 2150 niam
288 2105 434 2163 pene
464 2090 680 2148 amisit.
719 2089 892 2148 Auxit
926 2089 1134 2148 molem
1170 2091 1489 2148 facinorum
1519 2089 1648 2160 ejus
1678 2094 1764 2147 te-

92 2181 348 2238 meritas
381 2179 706 2251 impietatis
729 2178 785 2235 in
811 2179 1008 2236 Deum.
1045 2178 1273 2236 Primus
1307 2178 1458 2235 enim
1494 2192 1766 2251 persecu-

91 2270 323 2326 tionem
377 2269 432 2326 in
487 2267 849 2325 Christianos
906 2268 1086 2325 movit
1149 2282 1253 2339 per
1299 2282 1466 2324 omne
1515 2281 1757 2338 regnum

91 2372 295 2427 suum,
329 2347 637 2429 ipsumque
668 2370 869 2413 nomen
900 2357 1227 2428 exstirpare
1255 2355 1518 2428 cupiens,
1554 2355 1766 2428 princi-

90 2461 200 2518 pes
243 2444 649 2518 apostolorum
695 2445 930 2502 Petrum
963 2447 1023 2500 et
1054 2444 1296 2501 Paulum
1340 2443 1578 2502 occidit.
1631 2444 1763 2514 Ipse

87 2535 524 2606 Vespasianum
573 2548 702 2590 cum
752 2531 874 2590 ﬂlio
925 2548 1030 2591 suo
1081 2533 1206 2588 Tito
1241 2533 1312 2589 ad
1345 2531 1764 2590 destruendam

87 2623 542 2683 Hierosolimam
564 2621 742 2680 misit.
779 2623 935 2680 Inter
958 2622 1082 2679 haec
1105 2621 1280 2678 Galba
1304 2622 1607 2693 llyspaniaa
1633 2635 1766 2693 pre-

89 2721 190 2770 tor
227 2715 288 2768 et
324 2711 499 2768 Gaius
525 2709 713 2768 Julius
740 2710 1045 2783 imperium
1079 2710 1437 2782 corripuere.
1476 2711 1629 2765 Nero
1660 2725 1761 2767 au-

88 2808 238 2873 tem,
268 2801 537 2858 omnibus
555 2799 928 2868 execrabilis,
965 2799 1153 2856 hostis
1179 2813 1208 2855 a
1235 2793 1441 2857 Senatu
1467 2798 1769 2871 judicatus

90 2895 224 2961 est;
271 2889 572 2948 decretum
604 2886 672 2922 ⁵⁰⁶
700 2893 812 2958 εει,
849 2873 930 2959 ιιι,
967 2889 1128 2946 furca
1162 2887 1320 2946 collo
1367 2889 1493 2960 ejus
1527 2888 1764 2974 inserta,

1950 1117 2000 1170 4.
2039 1120 2121 1171 14.
2157 1119 2222 1172 Α.
2257 1118 2320 1173 Ι).
2344 1121 2430 1174 60.
2460 1118 2679 1175 Statius
2701 1120 2976 1180 Sursulus
3000 1130 3169 1196 poeta
3195 1128 3521 1189 Colosensis

1878 1203 2132 1262 celebris
2162 1206 2289 1262 fuit.

1947 1298 1998 1382 tt.
2036 1298 2117 1350 15.
2156 1297 2221 1350 A.
2251 1296 2313 1350 D.
2349 1299 2435 1353 61.
2483 1298 2854 1356 Terremotus
2912 1301 3107 1361 Romae
3162 1309 3218 1361 et
3273 1308 3524 1382 eclypsis

1877 1379 2019 1437 solis
2051 1382 2202 1439 facta
2233 1388 2344 1440 est.

1945 1473 1995 1526 6.
2038 1473 2118 1525 16.
2155 1469 2320 1542 (0hr.
2369 1473 2476 1543 W.)
2510 1476 2573 1531 A.
2598 1475 2658 1530 D.
2685 1479 2772 1532 62.
2800 1477 2968 1534 Festo
2991 1482 3253 1539 succedit
3278 1483 3521 1546 Albinus

1874 1557 1929 1612 in
1963 1558 2266 1629 presidatu
2298 1560 2535 1618 Iudaeae.

1942 1651 1995 1735 7.
2036 1651 2120 1704 17.
2164 1648 2375 1720 (HIER.)
2417 1653 2481 1706 A.
2514 1651 2575 1706 D.
2611 1655 2696 1707 63.
2737 1654 3010 1726 Iacobus,
3054 1658 3236 1716 frater
3275 1662 3518 1735 Domini,

1873 1731 2167 1805 lapidatur
2207 1752 2236 1793 a
2275 1737 2511 1810 Iudaeis,
2554 1743 2613 1796 et
2651 1742 2892 1811 Symeon
2921 1742 3017 1814 ⁸⁰⁸,
3053 1747 3233 1803 frater
3273 1751 3420 1821 ejus,
3465 1731 3522 1808 in

1875 1821 2065 1879 locum
2097 1823 2222 1895 ejus
2256 1827 2651 1884 constituitur.

1945 1914 1995 1967 8.
2034 1917 2116 1970 18.
2153 1912 2319 1984 (σήν.
2365 1916 2473 1986 W.)
2521 1918 2585 1972 A.
2622 1917 2682 1972 D.
2731 1920 2816 1974 64.
2876 1919 3100 1977 Marcus
3157 1924 3518 1996 evangelista

1876 2014 2083 2072 passus
2112 2008 2200 2059 est
2246 2003 2630 2062 Alexandriae.

1945 2094 1996 2146 9.
2034 2094 2115 2147 19.
2154 2095 2215 2146 A.
2251 2093 2312 2146 D.
2345 2095 2431 2150 65.
2468 2092 2678 2164 (Ηιεῐι.)
2722 2095 2961 2153 Persius
2993 2100 3238 2158 moritur
3267 2116 3416 2160 anno
3447 2119 3520 2162 a3-

1876 2177 2017 2234 tatis
2045 2177 2113 2211 ⁸⁰⁹
2143 2182 2255 2234 29°.
2291 2182 2437 2236 Ante
2470 2196 2722 2238 mensam
2764 2183 3008 2240 Neronis
3039 2185 3252 2245 fulmen
3282 2192 3515 2248 cecidit.

1950 2269 2031 2322 10.
2065 2269 2150 2323 20.
2187 2269 2249 2324 Α.
2297 2269 2356 2322 D.
2402 2272 2488 2325 66.
2536 2272 2767 2327 Anneus
2810 2272 3074 2330 Lucanus
3125 2278 3520 2337 Cordubensis

1876 2359 2046 2425 poeta
2075 2355 2131 2410 in
2163 2355 2470 2413 Pisoniana
2503 2358 2906 2428 conjuratione
2938 2361 3358 2437 deprehensus,
3393 2369 3525 2426 bra-

1875 2442 2067 2500 chium
2099 2443 2169 2500 ad
2212 2447 2494 2504 secandas
2525 2461 2700 2503 venas
2735 2449 2985 2519 prebuit.

1947 2535 2030 2588 11.
2065 2535 2151 2589 21.
2187 2536 2252 2588 A.
2286 2533 2348 2588 D.
2385 2538 2470 2590 67.
2517 2536 2664 2591 Nero
2709 2536 2964 2593 incendit
2995 2539 3230 2597 Romam
3265 2542 3335 2598 ad
3367 2544 3524 2601 simi-

1876 2618 2182 2676 litudinem
2212 2621 2414 2690 Trojaa.

1950 2711 2032 2763 12.
2067 2712 2153 2764 22.
2190 2711 2253 2766 A.
2289 2709 2350 2764 D.
2386 2713 2472 2766 68.
2533 2713 2765 2769 Auneus
2824 2712 3040 2770 Seneca
3101 2717 3519 2792 Cordubensis,

1875 2800 2206 2868 praeceptor
2237 2797 2480 2854 Neronis
2511 2802 2568 2852 et
2602 2803 2849 2870 patruus
2881 2799 3113 2873 Lucani,
3140 2803 3345 2872 jussus
3365 2821 3392 2860 a
3419 2809 3526 2864 Ne-

1879 2897 2018 2940 rone
2063 2898 2249 2954 genus
2301 2886 2504 2942 mortis
2552 2885 2786 2956 eligere,
2831 2887 3110 2946 incisione
3156 2905 3434 2951 venarum
3465 2898 3522 2953 et

92 2978 295 3039 nudus
323 2992 429 3050 per
461 2976 755 3050 publicum
794 2977 1133 3048 duceretur,
1168 2981 1228 3034 et
1259 2978 1447 3047 virgis
1481 2992 1665 3048 usque
1698 2971 1770 3033 ad
1880 2971 2095 3030 haustu
2143 2973 2346 3029 veneni
2379 2974 2626 3030 interiit.
2662 2974 2838 3044 Cujus
2872 2976 3054 3033 frater
3080 2980 3285 3038 Junius
3317 2982 3521 3056 Gallio,

96 3074 351 3126 mortem
398 3081 606 3137 casus,
641 3065 709 3122 de
741 3081 883 3123 saxo
916 3066 1394 3138 precipitaretur.
1451 3065 1615 3134 Quod
1669 3065 1770 3123 ille
1881 3062 2153 3130 egregius
2177 3062 2554 3134 declamator,
2578 3063 2809 3135 propria
2831 3079 2892 3122 se
2916 3079 3087 3124 manu
3109 3066 3178 3102 δίο
3199 3069 3526 3142 interfecit;

97 3158 352 3216 audiens
380 3155 668 3227 simulque
697 3155 1012 3211 adventum
1044 3153 1236 3211 Galbae
1259 3154 1652 3228 comperiens,
1689 3155 1774 3235 fu_
1804 3209 1850 3235 η
1885 3149 2063 3205 frater
2095 3164 2233 3206 vero
2267 3149 2500 3208 illorum
2535 3151 2742 3208 Lucius
2775 3154 3007 3211 Anneus
3038 3155 3215 3214 Melas
3244 3159 3392 3216 bona
3424 3159 3525 3216 ﬁlii

97 3248 187 3318 git
218 3259 252 3302 e
281 3243 529 3318 palatio,
573 3241 883 3314 noctisque
923 3243 1114 3299 medio
1157 3243 1307 3299 UrLc
1352 3256 1627 3314 egressus
1658 3247 1748 3300 est
1804 3239 1852 3272 υ
1883 3239 1972 3294 sui
2007 3239 2216 3294 Lucani
2249 3254 2278 3295 a
2317 3240 2543 3295 Nerone
2575 3242 2917 3312 promeruit.

104 3334 306 3394 Secuti
331 3336 681 3392 suntautem
703 3345 834 3388 eum
851 3330 1048 3388 Phaon
1067 3335 1126 3387 et
1143 3330 1521 3402 Epafroditus
1541 3334 1601 3387 et
1623 3319 1772 3389 Noli:
1953 3330 2038 3382 13.
2073 3330 2158 3383 23.
2205 3327 2365 3400 (Chr.
2423 3329 2500 3385 W.
2534 3359 2604 3369 —
2635 3329 2714 3384 Cf.
2757 3332 2881 3387 Jos.
2923 3331 3011 3388 De
3041 3332 3092 3389 ὸ.
3123 3335 3182 3390 .Ῑ.
3216 3338 3323 3409 in.)
3358 3341 3421 3394 A.
3457 3341 3524 3398 D.

105 3429 204 3483 tus
226 3427 288 3481 et
308 3421 496 3496 spado
525 3421 811 3492 Nesporo,
859 3434 1030 3492 quem
1063 3419 1355 3492 quondam
1383 3423 1682 3477 exsectum
1713 3419 1770 3476 in
1879 3417 1966 3471 69.
2010 3415 2400 3486 Vespasianus
2433 3417 2550 3473 dux
2579 3418 2876 3475 exercitus
2920 3419 3226 3480 adversum
3269 3425 3520 3498 Judmos,

105 3512 416 3570 mulierem
441 3511 691 3566 formare
710 3512 1122 3582 temptaverat.
1154 3511 1413 3580 Cumque
1435 3508 1690 3566 venisset
1712 3508 1767 3564 in
1880 3502 1975 3573 qui
2012 3503 2198 3560 Gessu
2230 3505 2403 3575 Flori,
2438 3507 2804 3564 successoris
2834 3507 3046 3574 Albini,
3073 3512 3381 3571 avarioiam
3414 3529 3524 3573 non

110 3601 518 3661 suburbanum
550 3598 749 3655 liberti
779 3598 891 3668 sui,
927 3598 1080 3670 quod
1111 3603 1202 3654 est
1231 3597 1384 3654 inter
1407 3597 1685 3653 Salariam
1709 3601 1768 3654 et
1879 3590 2157 3664 ferentes,
2190 3592 2573 3663 rebellabant,
2605 3609 2635 3649 a
2667 3596 2890 3652 Nerone
2923 3597 3154 3670 missus,
3187 3600 3343 3657 inter
3372 3611 3531 3662 cete-

109 3691 534 3748 Numentanam
584 3686 732 3743 viam
773 3685 847 3742 ad
892 3690 1163 3757 quartum
1207 3686 1382 3742 Urbis
1431 3685 1764 3755 miliarium,
1877 3694 1972 3736 ras
2002 3680 2611 3753 urbestotapatam
2635 3684 2913 3740 munitam
2947 3686 3241 3744 civitatem
3263 3692 3440 3762 cepit,
3469 3694 3527 3749 in

113 3781 236 3836 ictu
256 3777 437 3850 gladii
461 3790 522 3834 se
544 3780 854 3847 percutere
875 3775 1079 3846 voluit,
1108 3775 1211 3833 sed
1240 3775 1571 3848 trepidante
1595 3787 1767 3832 manu
1878 3781 1990 3838 qua
2012 3774 2071 3823 et
2091 3769 2410 3841 Josippum,
2447 3770 2544 3841 qui
2567 3774 2625 3826 et
2644 3772 2948 3842 Iosephus,
2982 3773 3186 3830 ducem
3212 3777 3350 3832 belli
3371 3792 3530 3836 com-

112 3869 220 3927 boc
246 3865 532 3940 perﬁcere
555 3880 668 3922 non
693 3865 899 3936 potuit.
932 3865 1152 3921 Etcum
1181 3864 1402 3921 nullum
1427 3861 1712 3920 inveniret
1737 3876 1768 3918 a
1876 3855 2205 3928 prehendit.
2240 3857 2346 3923 Qui
2371 3872 2498 3914 cum
2523 3858 2965 3918 interﬁciendus
2996 3867 3155 3918 esset
3175 3877 3204 3919 a
3229 3865 3524 3939 Romanis,

116 3973 232 4029 quo
257 3955 554 4025 feriretur,
576 3953 926 4010 exclamavit
943 3953 1370 4010 dicenszltane
1388 3965 1492 4011 nec
1511 3953 1771 4009 amicum
1879 3943 2135 4017 predixit
2186 3945 2541 4018 Vespasiano
2592 3949 2744 4017 quod
2786 3948 2912 4020 ipse
2943 3949 3262 4021 imperator
3293 3953 3528 4013 futurus

115 4059 223 4105 nec
242 4043 558 4102 inimicum
579 4041 795 4100 habere
803 4055 1066 4114 possum.
1091 4042 1256 4112 (Ann.
1280 4039 1770 4113 Vicroa.)Videns
1877 4037 2058 4098 esset.
2111 4033 2310 4106 siCQue
2359 4035 2536 4091 vitam
2588 4037 2928 4107 promeruit.
2983 4039 3085 4097 Hic
3132 4045 3224 4098 est
3271 4044 3528 4115 scriptor

122 4136 230 4194 hoc
249 4134 511 4205 Nesporo
529 4131 754 4202 adjuvit
771 4146 998 4188 manum
1015 4134 1362 4188 trementem
1380 4146 1395 4196 ;
1412 4134 1474 4186 et
1493 4129 1572 4184 ita
1594 4128 1770 4200 periit
1880 4121 2326 4193 Antiquitatum.

122 4238 273 4282 anno
294 4223 432 4313 vitae
452 4237 577 4313 suis
599 4225 715 4292 31°,
742 4221 967 4292 imperii
993 4223 1106 4291 14ο,
1132 4221 1332 4313 sicque
1355 4219 1542 4313 omnis
1575 4222 1768 4288 Augu-
1955 4230 2036 4284 14.
2068 4231 2155 4286 24.
2192 4231 2255 4286 Α.
2291 4231 2351 4285 D.
2386 4230 2474 4287 70.
2509 4231 2722 4288 Petrus
2759 4232 3088 4306 apostolus,
3121 4242 3362 4306 peracto
3396 4253 3530 4313 pre-

125 4313 201 4370 sti
232 4311 448 4369 familia
471 4311 528 4366 in
553 4325 620 4366 eo
644 4315 988 4404 consumpta
1021 4314 1128 4368 est.
1166 4311 1264 4382 (H.
1287 4310 1392 4404 _m.)
1424 4309 1772 4404 Hujus-tem-
1881 4316 2189 4375 dicationis
2211 4333 2330 4376 sua,
2354 4322 2636 4396 ιριηροιιθ,
2669 4319 2882 4378 iterum
2911 4322 3151 4381 veniens
3181 4309 3415 4384 Romani
3438 4328 3529 4404 ιιι³

125 4401 369 4475 poribus
386 4401 580 4456 Romae
598 4399 893 4472 pollebant
911 4400 1128 4457 Seneca
1146 4399 1410 4469 tragicus
1423 4402 1480 4452 et
1497 4395 1769 4469 phyloso-
1881 4406 2156 4464 defuncto
2185 4405 2348 4464 Cleto
2377 4395 2670 4480 discipulo
2707 4424 2831 4481 suo,
2868 4409 3151 4470 Clementi
3184 4395 3526 4476 kathedram

127 4490 298 4564 phus,
313 4488 611 4547 Μυεοηὶιιε
633 4494 693 4544 et
711 4487 1063 4546 Plutarchus
1084 4486 1451 4561 phylosophi,
1475 4484 1770 4542 Iuvenalis
1799 4567 1840 4572 _
1881 4497 2192 4554 Romanam
2223 4496 2536 4569 commisit,
2569 4497 2713 4555 dans
2733 4499 2785 4555 ei
2809 4500 3051 4572 suisque
3080 4505 3530 4564 successoribus

128 4583 186 4636 et
216 4577 450 4636 Persius
489 4576 749 4648 satirici.
793 4577 1056 4636 Lucanus
1097 4589 1348 4648 quoque.
1384 4573 1540 4632 ﬁlius
1568 4573 1771 4632 fratris
1799 4567 1852 4630 D
1883 4589 2234 4657 potestatem
2267 4585 2480 4656 ligandi
2507 4567 2566 4643 et
2590 4586 2875 4660 solvendi,
2910 4567 3061 4647 sicut
3095 4589 3218 4662 ipse
3247 4593 3473 4664 accepit
3496 4610 3528 4651 a

130 4667 380 4738 Senecae,
411 4671 471 4723 et
501 4665 742 4724 Statius.
1881 4675 2143 4747 Domino,
2195 4675 2516 4748 eodemque
2555 4674 2624 4710 ⁸η
2663 4691 2811 4733 anno
2861 4677 2984 4749 ipse
3028 4679 3240 4735 Petrus
3282 4680 3528 4751 jubente

190 4773 315 4823 Anni
1882 4765 2109 4822 Nerone
2129 4764 2447 4822 cruciﬁxus
2464 4769 2576 4834 est,
2596 4763 2812 4821 Paulus
2831 4778 2973 4822 vero
2994 4764 3340 4826 decollatus.
3364 4770 3528 4828 Sedit

132 4854 352 4904 Neronis.
1884 4858 2078 4911 autem
2130 4853 2392 4909 Clemens
2423 4867 2553 4909 ann.
2593 4857 2676 4924 19,
2730 4867 2960 4910 menses
2991 4859 3042 4923 5,
3078 4868 3404 4927 passusque
3435 4866 3530 4918 est

203 4956 253 5008 1.
288 4955 370 5009 11.
407 4948 574 5020 (0M.
629 4950 735 5022 W.)
767 4950 960 5006 Primo
992 4955 1184 5007 autem
1216 4950 1462 5008 Neronis
1496 4963 1643 5007 anno
1675 4949 1773 5006 Fe-
1885 4943 1995 5000 sub
2024 4941 2358 4999 Domiciano
2379 4945 2411 4998 9
2432 4940 2542 4997 kal.
2578 4940 2898 5012 Decembr.,
2925 4940 3062 4999 licet
3086 4942 3316 5012 quidam
3349 4944 3528 5015 (Bsnx

135 5044 264 5098 stus
294 5038 585 5098 successit
613 5036 788 5095 Felici
818 5037 1060 5111 presidi.
1881 5029 2099 5101 Mart,
2134 5046 2188 5103 p.
2221 5031 2345 5102 351)
2385 5029 2741 5086 contendant
2767 5043 2900 5088 eum
2930 5045 3165 5102 passum
3197 5034 3306 5089 sub
3338 5034 3532 5106 Traja-

206 5133 256 5184 2,
290 5132 374 5186 12,
412 5127 625 5200 (Πιειι.)
658 5129 723 5184 Α,
765 5127 828 5183 D.
873 5130 958 5184 δε,
1009 5126 1224 5186 Paulus
1270 5123 1573 5199 apostolus
1621 5125 1776 5200 apud
1885 5132 1978 5176 no.
2004 5119 2332 5176 Secundum
2354 5117 2831 5176 aecclesiasticam
2854 5118 3173 5194 hysteriam
3198 5119 3452 5191 (Eus.H.
3477 5140 3528 5185 σ.

139 5218 387 5287 Festum,
407 5219 684 5289 presente
702 5215 955 5287 Agrippa
975 5229 1130 5285 rege,
1146 5213 1448 5287 religionis
1465 5229 1585 5276 suas
1603 5219 1678 5274 rat

2009 5209 2093 5279 12)
2127 5207 2348 5277 primus
2399 5211 2532 5278 post
2580 5208 2816 5264 Petrum
2861 5207 3036 5265 Linus
3087 5207 3197 5266 hoc
3245 5225 3394 5270 anno
3422 5214 3535 5272 Ro-

140 5320 264 5365 nem
310 5317 635 5379 exponens,
678 5304 750 5360 ab
787 5304 992 5361 eodem
1041 5304 1213 5362 Festo
1261 5303 1494 5362 vinctus
1540 5304 1777 5362 Romam
1886 5310 2111 5355 manam
2139 5295 2396 5366 suscepit
2420 5295 2744 5353 iecclesiam
2765 5300 2824 5353 et
2845 5309 2954 5369 per
2977 5300 3041 5353 12
3061 5303 3294 5356 rexerat
3325 5313 3529 5362 annos.

141 5395 410 5466 mittitur,
450 5393 552 5453 ubi
581 5399 645 5455 ει
669 5393 884 5454 Petrus
920 5404 1260 5464 occurrens,
1299 5391 1544 5453 Paulum
1573 5407 1780 5450 conve-
1886 5390 2037 5445 Nero
2067 5388 2258 5443 autem
2277 5387 2413 5456 post
2433 5383 2903 5446 interfectionem
2937 5386 3336 5459 apostolorum
3359 5403 3425 5447 se
3444 5389 3536 5464 ip-

1518 5491 1754 5549 VARUE
1796 5487 2195 5552 LECTIONES.

211 5590 275 5624 ⁸⁰⁶
303 5589 728 5660 decretumque
757 5588 802 5644 E
828 5592 879 5645 1.
925 5585 1024 5660 __‘_°"
1054 5589 1260 5660 petrus
1281 5618 1348 5629 —
1364 5585 1688 5660 deservivit
1719 5590 1788 5660 in
1817 5586 2116 5660 1031ath
2126 5653 2136 5660 _
2145 5595 2276 5660 esse
2318 5579 2620 5660 videam,
2651 5579 2870 5660 91581th
2897 5585 2979 5636 11.
3005 5581 3127 5660 μω·
3155 5594 3351 5654 symon
3384 5585 3418 5638 ι
3446 5586 3527 5648 9°.

150 5665 228 5723 10.
266 5666 349 5724 11.
433 5657 508 5694 ⁸⁰⁹
537 5673 592 5716 a.
622 5648 742 5718 suae
771 5662 847 5718 9°.
923 5656 994 5694 “°
1023 5648 1096 5715 ni.
1133 5671 1196 5717 se
1222 5662 1280 5716 5.
1363 5656 1432 5693 ⁸³³
1461 5657 1870 5733 deestfolwm
1896 5659 1942 5719 E
1971 5663 2023 5718 1.
2097 5653 2166 5692 ⁵³³
2195 5667 2413 5714 romam
2439 5666 2498 5710 v.
2526 5648 2612 5708 δέ
2655 5648 2725 5685 ⁸⁸⁸
2752 5649 2970 5710 Eodem
2999 5656 3076 5712 9°.
3187 5648 3206 5654 '
3439 5679 3442 5682 ν
