3898 6310
453 345 572 408 675

1601 340 2081 404 EKKEHARDI
2129 339 2681 405 URAUGIENSIS
3700 353 3778 416 676

453 497 579 540 sum
609 479 906 537 interfecit
937 478 1142 536 ordine
1172 491 1349 549 supra
1378 476 1599 549 scripto
1621 476 1708 546 ω,
1736 482 1799 533 ιιι
1823 477 1877 532 in
1903 477 2104 534 Roma-
2133 477 2186 536 A
2222 477 2365 530 titus
2385 480 2470 530 est
2499 475 2762 546 imperio,
2796 474 3007 532 familia
3040 473 3326 532 honorata
3350 478 3529 548 magis
3553 495 3695 551 quam
3715 502 3780 544 no-

456 585 526 626 na
561 569 776 640 legitur
807 568 1089 640 hystoria,
1133 582 1263 622 cum
1295 564 1528 636 quidam
1562 565 1822 621 scribant
1853 564 2011 620 illum
2047 565 2100 618 in

457 658 608 715 silva
657 663 948 714 errantem
978 671 1009 712 a
1040 655 1194 726 lupis
1238 669 1369 710 esse
1416 655 1776 710 devoratum.
1814 654 1978 722 (Auri.
2013 652 2106 708 Vi-

457 751 647 820 cron.)
682 747 844 802 Hunc
867 748 1061 801 Persa}
1084 745 1139 800 in
1164 749 1387 800 tantum
1413 743 1766 812 dilexerunt,
1795 747 1858 797 ut
1881 741 2105 811 legatos

461 837 763 892 mitterent
796 836 1052 903 Romam,
1081 831 1321 890 multum
1356 837 1648 901 rogantes,
1676 835 1733 886 ut
1759 831 2106 886 concedere-

456 928 555 982 tur
577 923 696 980 illis
718 922 954 978 licentia
987 921 1306 978 fabricandi
1330 921 1382 974 ei
1407 919 1802 990 sepulchrum.
1838 919 2104 974 Ceterum

459 1027 662 1068 omnes
689 1011 817 1068 alia:
853 1009 1162 1082 provinciae
1186 1014 1242 1064 et
1266 1013 1387 1064 tota
1417 1009 1593 1064 Roma
1618 1008 1688 1063 de
1709 1007 1948 1064 interitu
1977 1006 2105 1075 ejus

456 1101 629 1156 nimis
662 1099 1094 1168 exultaverunt,
1121 1099 1177 1153 in
1205 1102 1428 1154 tantum
1458 1102 1520 1154 ut
1551 1111 1751 1153 omnes
1776 1095 1970 1152 vestiti
2003 1093 2108 1166 pil-

456 1189 567 1246 leis
601 1187 1135 1256 manumissionum,
1178 1187 1331 1256 quod
1373 1191 1510 1242 tunc
1545 1191 1673 1240 eiat
1705 1185 1931 1254 signum
1965 1183 2107 1238 libe-

459 1277 728 1348 rationis,
760 1276 923 1347 quasi
949 1276 1022 1330 ab
1045 1275 1220 1347 impio
1251 1274 1482 1330 domino
1515 1273 1767 1342 liberati,
1799 1271 2104 1327 victoriam

457 1367 847 1424 celebrarent.
865 1397 930 1405 —
948 1364 1158 1434 (Ηιειι.)
1189 1363 1447 1431 Ignalius
1471 1361 1791 1416 Antiochia:
1815 1359 2108 1416 secundus

459 1454 769 1511 ordinatur
789 1453 1124 1526 episcopus,
1146 1465 1276 1506 cum
1301 1465 1430 1507 eum
1457 1449 1807 1522 precesserit
1829 1447 2103 1504 Evodius.

539 1552 705 1600 Galba.

527 1635 616 1687 25.
653 1629 754 1699 (Η.
787 1631 892 1702 m.)
928 1631 1090 1684 Anno
1123 1626 1433 1683 Dominica)
1467 1625 1886 1683 incarnationis
1913 1629 2000 1693 71,
2035 1625 2108 1680 ab

459 1721 614 1778 Urbe
647 1733 785 1774 vero
813 1717 1048 1774 condita
1073 1721 1194 1786 821,
1221 1715 1418 1784 Galba,
1453 1713 1872 1784 antiquissimae
1905 1711 2109 1768 nobili-

457 1808 604 1863 tatis
645 1810 902 1874 senator,
938 1805 1019 1895 _de
1061 1803 1448 1895 Sulpiciorum
1487 1817 1701 1872 genere
1743 1801 2102 1872 progenitus,
2135 1833 2192 1895 Β

456 1911 587 1954 cum
614 1893 1106 1967 septuagesimum
1128 1892 1374 1948 tercium
1395 1895 1633 1961 gereret
1655 1891 1848 1947 aetatis
1872 1903 2104 1956 annum,

457 1983 530 2040 ab
555 1983 840 2056 llySpanis
860 1988 920 2038 et
939 1981 1118 2037 Gallis
1137 1981 1382 2051 electus,
1405 1995 1536 2035 mox
1559 1981 1631 2035 ab
1655 1979 1924 2035 universo
1947 1993 2110 2034 exer-

455 2073 578 2130 citu
604 2059 858 2128 libenter
880 2071 1199 2142 imperator
1221 2072 1526 2139 acceptus,
1551 2067 1749 2124 statim
1775 2073 1836 2123 ut
1862 2067 2108 2123 Neronis

458 2165 703 2218 mortem
726 2159 971 2228 audivit,
996 2159 1232 2214 Romam
1265 2157 1443 2226 venit,
1481 2160 1801 2225 sextusque
1825 2155 1896 2210 ab
1919 2157 2111 2223 Augu-

458 2253 550 2306 sto
574 2249 874 2304 mensibus
895 2251 928 2302 7
953 2245 1237 2317 regnavit.
1272 2245 1378 2315 Iluj
1391 2260 1456 2300 us
1475 2245 1701 2315 privata
1724 2243 1842 2299 vita
1865 2242 2110 2312 insignis

461 2338 568 2396 fuit
593 2336 945 2392 militaribus
968 2339 1029 2390 et
1050 2332 1324 2390 civilibus
1346 2332 1551 2396 rebus;
1584 2346 1721 2402 sepe
1747 2331 1852 2387 fuit
1875 2330 2109 2397 consul;

463 2439 604 2496 sepe
629 2422 966 2496 proconsul,
991 2437 1128 2493 sepe
1152 2421 1268 2477 dux
1288 2421 1342 2476 in
1361 2419 1728 2490 gravissimis
1752 2419 1944 2488 bellis,
1968 2418 2112 2475 mili-

463 2518 579 2570 tem
615 2527 783 2569 suum
808 2512 886 2566 ita
912 2510 1281 2567 severissime
1309 2513 1590 2578 tractans,
1627 2512 1708 2578 ut,
1743 2507 2009 2577 ingresso
2041 2521 2110 2563 eo

463 2602 520 2658 in
551 2606 766 2671 castra,
801 2599 1100 2656 diceretur
1143 2597 1340 2653 statim
1381 2598 1453 2652 ab
1492 2597 1680 2652 altero
1711 2595 1782 2651 ad
1813 2595 2062 2653 alterum
2095 2614 2108 2653 :

458 2690 638 2750 Disce
663 2688 954 2758 militare,
986 2685 1182 2744 Galba
1209 2685 1388 2756 venit,
1419 2699 1538 2742 non
1573 2682 1896 2741 Getulz'cas.
1933 2685 2113 2756 Impe-

461 2779 612 2837 rium
645 2793 788 2834 vero
820 2776 1088 2848 adeptus,
1122 2790 1250 2831 cum
1283 2773 1552 2832 avariciaa
1579 2774 1722 2830 vitio
1744 2773 2110 2844 segnitiaque

460 2882 665 2925 omnes
685 2865 1034 2934 offenderet,
1055 2865 1322 2920 Pisonem
1341 2862 1627 2934 quendam
1648 2861 1896 2918 nobilem
1919 2861 2113 2918 adole-

461 2959 724 3016 scentem
747 2955 804 3011 in
829 2953 1011 3012 ﬁlium
1035 2966 1394 3022 regnumque
1417 2951 1748 3022 adeptavit;
1775 2951 1899 3024 ipse
1917 2954 2110 3008 autem

460 3059 659 3104 mense
677 3043 929 3116 septimo
948 3042 1004 3098 in
1023 3039 1216 3098 medio
1235 3041 1507 3096 Romanae
1529 3039 1693 3096 urbis
1715 3040 1840 3096 foro
1862 3037 2113 3096 decolla-

460 3137 560 3192 tus
600 3137 712 3204 est,
758 3131 988 3188 insidiis
1024 3128 1324 3200 cujusdam
1363 3127 1656 3198 Otthonis,
1691 3129 1787 3198 qui
1821 3132 1952 3200 post
1981 3142 2111 3185 eum

463 3221 717 3295 arripuit
767 3233 1012 3291 regnum
1061 3219 1155 3288 (cf.
1189 3218 1363 3274 Onos.
1397 3231 1496 3288 vn,
1525 3221 1560 3274 8
1589 3217 1668 3274 H.
1701 3219 1826 3288 m.).

533 3320 698 3371 Ottho.

537 3398 750 3456 Lucius
801 3395 1002 3466 Ottho,
1051 3395 1264 3453 occisis
1318 3395 1500 3452 Galba
1527 3399 1588 3451 et
1617 3395 1848 3466 Pisone,
1901 3395 2111 3453 invasit

466 3486 776 3560 imperium
817 3487 1227 3555 Romanorum,
1267 3488 1433 3541 ortus
1464 3498 1538 3540 ex
1567 3483 1742 3556 opido
1785 3483 2114 3556 Ferentino,

467 3582 734 3634 materno
761 3589 977 3646 genere
1009 3573 1263 3630 nobilior
1291 3588 1461 3644 quam
1492 3577 1758 3644 paterno,
1793 3577 2004 3630 neutro
2035 3578 2117 3629 ta-

467 3680 596 3723 men
627 3665 914 3733 obscuro;
943 3663 1000 3718 in
1027 3662 1256 3734 privata
1278 3662 1398 3718 vita
1422 3661 1636 3732 mollis,
1667 3662 2030 3733 maximeque
2058 3661 2116 3718 in

467 3753 863 3813 adolescentia
890 3752 1080 3824 turpis
1101 3757 1161 3809 et
1181 3749 1508 3807 Neronism
1522 3749 1845 3822 familiaris,
1866 3751 1924 3807 in
1943 3750 2120 3822 impe-

465 3843 555 3901 rio
572 3857 712 3902 vero
731 3841 1141 3900 documentum
1160 3839 1251 3898 sui
1271 3854 1386 3897 non
1404 3840 1594 3912 potuit
1619 3839 1950 3897 ostendere.
1979 3839 2118 3897 Nam

464 3947 596 3992 cum
619 3932 847 3989 hisdem
870 3929 1237 4002 temporibus
1257 3929 1471 4001 quibus
1488 3928 1668 3986 Ottho
1686 3929 1922 3986 Galbam
1939 3927 2009 3962 ⁸⁸⁸
2025 3943 2122 3986 oc.

465 4027 712 4095 ciderat,
734 4025 910 4081 etiam
927 4023 1198 4080 Vitellius
1214 4038 1246 4079 a
1265 4023 1622 4080 Germanicis
1643 4022 2002 4080 exercitibus
2021 4023 2124 4079 im-

469 4116 708 4186 perator
727 4113 918 4168 factus
939 4116 1116 4183 esset,
1140 4111 1354 4168 bellum
1378 4115 1582 4168 contra
1605 4111 1900 4168 Vitellium
1926 4125 2124 4168 susce-

469 4207 592 4274 pto,
627 4200 822 4256 taribus
849 4199 1076 4286 levibus
1120 4198 1339 4270 praaliis
1382 4200 1561 4257 Ottho
1589 4199 1657 4234 “7
1684 4201 1874 4257 victor
1901 4199 2120 4286 extitit,

468 4305 586 4348 uno
616 4288 769 4362 apud
791 4286 988 4358 Alpes,
1015 4285 1130 4342 alio
1152 4287 1308 4343 circa
1329 4286 1708 4359 Placentiam,
1741 4289 1928 4346 tercio
1957 4285 2122 4345 circa

465 4392 659 4453 locum
682 4389 852 4448 quem
878 4376 1149 4431 Castores
1175 4380 1419 4442 vocant;
1453 4381 1665 4448 quarto
1687 4391 1820 4434 cum
1843 4377 1999 4448 apud
2021 4377 2124 4433 Be-

467 4467 720 4538 ariacum
746 4466 804 4522 in
834 4463 1005 4522 Italia
1032 4461 1224 4520 victus
1253 4467 1415 4520 esset
1445 4463 1562 4521 levi
1593 4465 1818 4537 praelio,
1853 4465 2122 4536 ingentes

2143 3191 2193 3254 C

2221 563 2320 618 bili
2351 569 2518 619 ortus
2560 563 2654 632 (cf.
2691 563 2864 620 Osos.
2902 565 2939 621 ἶ.
2975 565 3060 636 1,).
3105 565 3240 620 Nam
3280 571 3448 636 pater
3487 570 3602 638 ejus
3635 571 3779 633 Lucius

2219 651 2491 708 Vitellius
2524 667 2630 707 non
2662 653 2968 708 admodum
3002 653 3161 709 clare
3191 660 3363 711 natus
3389 661 3494 724 est,
3521 662 3630 713 tres
3647 664 3778 718 tamen

2217 740 2547 796 ordinarios
2595 744 2859 809 gesserat
2911 741 3273 799 consulatus.
3320 743 3422 812 (Η.
3455 745 3522 800 R.
3553 751 3605 801 et
3629 748 3690 803 Η.
3713 755 3779 820 ei.)

2220 829 2321 885 Hic
2351 845 2478 886 cum
2517 829 2700 886 multo
2730 829 3016 886 dedecore
3047 831 3375 903 imperavit,
3428 833 3592 890 multa
3635 840 3779 894 sevilia

2216 919 2548 990 ceterisque
2573 919 2731 976 vitiis
2755 920 3049 990 notabilis,
3073 921 3318 977 maxime
3342 921 3586 992 ingluvie
3602 929 3652 980 et
3669 941 3781 983 vora-

2218 1007 2418 1077 citate,
2455 1008 2668 1079 quippe
2697 1009 2794 1078 qui
2825 1008 2895 1064 de
2928 1009 3022 1064 die
3051 1014 3261 1080 quarto
3287 1010 3384 1066 vel
3414 1011 3603 1080 quinto
3621 1017 3781 1085 sepem

2220 1097 2408 1152 fertur
2451 1096 2745 1168 epulatus.
2795 1097 3104 1153 Notissima
3154 1103 3319 1154 certe
3367 1113 3524 1155 ccena
3562 1105 3780 1160 memoria

2219 1183 2488 1240 mandata
2507 1188 2614 1254 est,
2638 1200 2805 1254 quam
2823 1187 2875 1240 ei
2899 1185 3189 1256 Vitellius,
3211 1187 3395 1242 frater
3412 1188 3552 1258 ejus,
3566 1190 3778 1260 exhibuit,

2219 1275 2275 1329 in
2309 1289 2421 1344 qua
2453 1288 2630 1345 super
2659 1278 2892 1332 ceteros
2920 1280 3188 1346 sumptus
3208 1275 3326 1332 duo
3349 1276 3502 1332 milia
3523 1278 3724 1348 piscium
3743 1287 3778 1334 et

2218 1367 2442 1434 septem
2467 1361 2623 1418 milia
2648 1362 3020 1418 aviecllorum
3045 1362 3114 1396 ⁵η
3137 1363 3406 1434 apposita
3439 1370 3582 1421 sunt.
3611 1367 3778 1422 [nterim

2219 1451 2606 1522 Vespasianus
2623 1451 3060 1507 Hierosolimam
3081 1451 3378 1522 obsidens,
3404 1452 3588 1510 audita
3609 1455 3779 1512 Neronis

2220 1543 2428 1609 morte,
2453 1555 2482 1594 a
2507 1539 2792 1595 militibus
2824 1539 3143 1610 imperator
3171 1545 3410 1597 creatus
3439 1544 3545 1597 est.
3575 1541 3704 1608 Quod
3719 1558 3779 1600 au-

2221 1626 2387 1683 diens
2416 1625 2706 1696 Vitellius,
2742 1628 3037 1697 Sabinum,
3075 1629 3315 1684 fratrem
3347 1629 3673 1700 Vespasiani,
3693 1646 3776 1686 cum
3828 1695 3829 1702 η

2222 1713 2421 1771 multis
2454 1714 2585 1771 aliis
2614 1716 2666 1770 in
2702 1715 2987 1786 Capitolio
3023 1716 3262 1774 incenso
3293 1717 3594 1774 interfecit.
3623 1718 3775 1775 Undea

2222 1803 2508 1860 militibus
2537 1803 2873 1875 Vespasiani
2897 1805 3004 1861 sub
3027 1806 3210 1862 muris
3231 1805 3405 1862 Urbis
3435 1805 3616 1863 habito
3639 1807 3777 1878 pralio

2222 1897 2556 1963 superatus,
2580 1908 2710 1948 cum
2736 1893 2792 1948 in
2815 1893 3102 1964 quandam
3124 1893 3400 1951 cellulam
3430 1895 3625 1967 palatio
3651 1897 3778 1966 proxi-

2223 1993 2370 2036 mam
2421 1995 2484 2036 se
2532 1981 2944 2050 contrusisset,
2999 1981 3256 2053 turpiter
3315 1983 3446 2038 inde
3504 1989 3777 2055 protractus,

2221 2067 2435 2124 vinctis
2481 2075 2620 2139 post
2666 2074 2895 2139 tergum
2947 2071 3238 2140 manibus,
3281 2071 3603 2142 resupinato
3629 2071 3777 2141 capite,
3827 2099 3829 2154 ὲ

2219 2155 2416 2226 gladio
2447 2157 2520 2212 ad
2553 2162 2808 2214 mentum
2839 2157 3166 2229 subposito,
3199 2174 3308 2230 per
3343 2159 3520 2216 forum
3541 2159 3603 2216 ad
3623 2165 3780 2231 specta-
3828 2167 3829 2178 ‘

2220 2244 2414 2302 culum
2451 2244 2608 2316 vulgi
2640 2245 2903 2312 ducitur;
2944 2246 3266 2318 multisque
3301 2247 3518 2304 firmum
3545 2252 3596 2304 et
3622 2261 3779 2304 omnum
3828 2241 3829 2244 “

2223 2333 2278 2389 in
2314 2333 2515 2390 faciem
2536 2334 2663 2404 ejus
2689 2334 3078 2406 mittentibus,
3109 2335 3356 2392 minutis
3378 2337 3577 2393 ictibus
3595 2333 3780 2392 excarni-

2224 2422 2448 2494 ticatus,
2483 2437 2632 2480 unco
2656 2423 2786 2479 inde
2809 2423 3066 2480 trahitur
3086 2423 3230 2480 etin
3250 2425 3509 2495 Tyberim
3536 2423 3778 2496 projicitur,
3827 2419 3829 2452 ί

2220 2524 2370 2566 anno
2423 2511 2617 2567 {etatis
2647 2516 2761 2579 57°,
2799 2511 3024 2582 imperii
3071 2516 3269 2569 autem
3322 2527 3508 2570 mense
3535 2517 3604 2571 8°.
3635 2511 3780 2582 (illan)

2224 2599 2288 2654 Hi
2321 2603 2445 2656 tres
2477 2607 2610 2671 post
2641 2601 2921 2656 Neronem
2963 2606 3292 2672 rapuerunt
3335 2601 3634 2674 imperium,
3661 2599 3778 2655 Galba

2223 2687 2279 2742 in
2313 2689 2620 2760 llyspania,
2657 2703 2772 2758 quo
2807 2689 3022 2746 missus
3050 2695 3178 2746 erat
3209 2704 3347 2746 cum
3378 2690 3634 2759 exercitu,
3663 2687 3780 2744 Ottho

2220 2778 2434 2847 Roma,
2461 2775 2729 2834 Vitellius
2751 2777 2809 2833 in
2831 2777 3154 2850 Germania,
3181 2785 3662 2849 regnaveruntque
3683 2790 3778 2831 anno

2222 2879 2337 2922 uno
2367 2869 2424 2922 et
2459 2865 2757 2924 mensibus
2786 2881 2906 2924 sex.
2941 2898 3012 2907 —
3040 2867 3368 2926 Antiochiae
3398 2866 3660 2926 secundus
3679 2863 3779 2920 ordi-
3827 2855 3829 2926 ᾗ

2222 2959 2396 3011 natur
2425 2955 2740 3027 episcopus
2768 2956 3048 3026 lgnatius.

2221 3053 2346 3102 Anni
2379 3051 2671 3115 Vespasiani.

2297 3135 2459 3189 Anno
2479 3133 2790 3192 Dominicis
2815 3133 3242 3194 incarnationis
3263 3140 3350 3206 72,
3371 3137 3440 3194 ab
3461 3135 3597 3194 Urbe
3615 3133 3777 3191 condita

2223 3223 2348 3278 822.
2380 3221 2772 3294 Vespasianus
2797 3223 2851 3278 in
2872 3223 3127 3280 Judasam
3151 3239 3184 3281 a
3210 3227 3432 3284 Nerone
3451 3237 3572 3283 cum
3588 3220 3778 3280 exercitu

2225 3309 2460 3382 missus,
2491 3316 2788 3382 comperta
2814 3317 3000 3368 morte
3021 3313 3289 3384 Neronis,
3315 3315 3385 3370 ab
3405 3313 3640 3370 exemita
3662 3311 3776 3379 impe

2224 3403 2389 3457 rator
2419 3399 2697 3465 efﬁcitur;
2742 3401 3104 3473 dimissoque
3131 3403 3261 3462 Tito
3300 3403 3414 3459 ﬁlio
3446 3417 3546 3460 suo
3573 3401 3620 3456 in
3643 3396 3779 3455 Judan

2229 3488 2300 3544 ab
2315 3489 2693 3546 obsidendam
2713 3489 3179 3564 Hierosolimam,
3197 3493 3322 3564 ipse
3343 3507 3444 3564 per
3461 3487 3778 3548 Alexandriam

2228 3577 2528 3650 profectus
2557 3583 2649 3635 est
2677 3579 2934 3650 Romam,
2970 3579 3090 3650 ubi,
3124 3587 3370 3654 accepto
3401 3579 3638 3650 imperio,
3661 3573 3780 3646 septi-

2229 3681 2356 3724 mus
2405 3666 2554 3738 (220)
2602 3667 2675 3723 ab
2724 3669 3006 3739 Augusto,
3041 3669 3307 3739 regnavit
3341 3669 3501 3727 annis
3527 3669 3580 3732 9;
3605 3665 3778 3722 obscure

2230 3755 2462 3826 quidem
2489 3760 2663 3812 natus
2696 3757 2796 3825 (Η.
2821 3771 2896 3813 m.
2923 3761 2979 3813 et
3003 3758 3084 3814 Η.
3111 3758 3236 3830 R.),
3267 3757 3369 3816 sed
3397 3757 3478 3815 vir
3496 3749 3780 3814 militarivir

2228 3849 2358 3900 tute
2389 3844 2704 3916 precipuus
2725 3851 2784 3900 et
2809 3843 3046 3916 optimis
3067 3845 3505 3918 comparandus,
3529 3844 3697 3914 utpote
3718 3834 3778 3907 qui

2231 3946 2263 3988 a
2299 3932 2538 3991 Claudio
2569 3933 2785 3990 missus
2815 3933 2872 3989 in
2905 3917 3291 4006 Germaniam,
3329 3933 3526 3992 deinde
3551 3934 3602 3988 in
3626 3928 3779 3985 Britarr
3827 3917 3829 3968 ἓ

2231 4021 2383 4078 niam
2403 4019 2491 4091 m,
2518 4021 2720 4078 tricies
2747 4026 2808 4078 et
2842 4021 2930 4078 bis
2951 4037 3084 4079 cum
3113 4023 3286 4082 hoste
3315 4022 3557 4082 conﬂixit
3585 4016 3778 4076 multum-
3827 4023 3829 4054 τ

2233 4125 2342 4181 que
2372 4110 2629 4168 Romano
2660 4109 2910 4183 imperio
2941 4111 3172 4181 adjecit.
3208 4113 3387 4170 Hicin
3408 4110 3626 4184 imperio
3649 4099 3779 4161 mode-

2233 4204 2358 4256 rate
2387 4212 2451 4255 se
2480 4198 2680 4269 gessit.
2714 4199 2870 4256 Inter
2893 4204 3096 4258 cetera
3122 4215 3370 4274 namque
3399 4201 3538 4258 bona
3565 4198 3683 4254 hanc
3696 4202 3778 4261 gra-

2232 4289 2372 4345 tiam
2403 4287 2627 4359 habuit,
2663 4292 2726 4345 ut
2758 4289 3101 4347 inimicicias
3133 4291 3189 4346 in
3221 4292 3398 4348 corde
3426 4303 3530 4347 non
3555 4283 3776 4343 retineret.

2235 4377 2293 4434 in
2315 4381 2542 4435 tantum
2565 4381 2628 4434 ut
2651 4377 2826 4434 filiam
2849 4379 3099 4450 predicti
3129 4379 3348 4438 Vitellii
3372 4376 3568 4436 inimici
3588 4371 3678 4440 sui,
3702 4379 3779 4424 mu-

2237 4465 2335 4524 ltis
2363 4466 2622 4523 dotatam
2659 4467 2906 4539 divitiis,
2949 4467 3316 4526 nobilissimo
3355 4467 3596 4525 traderet
3617 4455 3774 4516 marito-

3827 2507 3829 2546 l

3827 2559 3829 2588 4

3828 2637 3829 2656 ι

3827 2751 3829 2776 Α

3827 2877 3829 2944 ἓ

3827 2947 3829 3008 ἲ

3827 3009 3829 3066 ε

463 4561 660 4616 tamen
689 4553 892 4626 c0pias
923 4551 1146 4610 habens
1167 4551 1240 4608 ad
1262 4550 1498 4624 bellum,
1523 4556 1730 4624 sponte
1762 4538 2123 4610 semet'occi-
2147 4547 2204 4612 D
2234 4553 2338 4612 Hic
2365 4569 2497 4612 cum
2519 4555 2591 4611 ab
2613 4557 2815 4614 amicis
2843 4538 3180 4615 moneretur
3200 4557 3268 4591 ⁸²¹
3292 4562 3352 4615 ιιι
3374 4556 3588 4614 caveret
3613 4542 3778 4607 seaTa-

464 4645 571 4718 dit,
596 4648 692 4702 38°
713 4641 909 4700 astatis
937 4655 1087 4699 anno
1119 4644 1437 4712 transacto,
1461 4643 1558 4699 95°
1579 4641 1804 4714 imperii
1826 4641 1940 4713 die,
1964 4642 2121 4699 scili-

464 4739 560 4794 cet
590 4746 791 4792 mense
821 4735 902 4790 4ο.
939 4729 1044 4788 Hic
1075 4729 1333 4803 propriis
1372 4729 1658 4789 militibus
1696 4733 1815 4787 tam
1853 4730 2118 4789 amabilis

464 4824 594 4896 fuit,
630 4828 698 4884 ut
727 4821 1014 4896 plerique,
1063 4823 1194 4878 viso
1237 4819 1366 4892 ejus
1414 4834 1663 4893 corpore
1713 4824 1963 4891 mortuo,
1998 4819 2119 4879 suis

464 4914 733 4972 manibus
763 4909 1097 4970 interirent.

534 5011 777 5062 Vitellius.

535 5089 831 5162 Vitellius,
855 5089 1093 5148 Romam
1115 5087 1306 5148 victor
1328 5087 1648 5162 ingressus,
1665 5089 1722 5148 vi
1738 5088 1994 5147 Romano
2016 5103 2116 5162 po-

2233 4645 2412 4702 metio
2465 4645 2870 4718 Pomposiano,
2897 4645 2969 4702 de
2993 4661 3108 4718 quo
3131 4662 3320 4704 sermo
3350 4644 3658 4714 vulgabatur
3671 4626 3776 4718 (Ιιιοξ1

2233 4738 2584 4804 regnaturus
2601 4713 2781 4806 esset,
2803 4713 3105 4792 consulem
3129 4735 3290 4792 illum
3316 4713 3471 4802 fecit,
3485 4713 3776 4812 alludenstali

2231 4821 2442 4879 cavillo
2475 4840 2488 4878 :
2525 4821 2770 4889 Quando
2807 4836 3058 4894 regem»
3083 4823 3382 4896 acceperit
3406 4819 3561 4892 ,tah‘s
3587 4806 3775 4896 me?“

2226 4923 2440 4968 memor
2466 4911 2599 4968 erit.
2628 4893 3030 4984 Talibusisepe
3056 4893 3254 4969 verbis
3275 4907 3612 4982 jocularibus
3635 4893 3776 4986 amicu-

2227 5014 2355 5058 rum
2387 4999 2504 5056 iras
2534 4999 2808 5072 placavit.
2865 5001 3121 5072 Cumque
3169 5001 3401 5058 Romam
3438 4987 3682 5053 incendiis
3703 4994 3776 5036 rui-

2225 5089 2434 5162 nisque
2453 5087 2761 5146 veteribus
2782 5087 3128 5162 destitutam
3154 5090 3466 5162 repararet,
3487 5097 3549 5140 ac
3567 5073 3706 5137 multa
3722 5077 3778 5122 ι’θ·

1852 5205 2088 5262 νΑΙιΙΔζ
2136 5203 2531 5263 LECTIONES.

468 5307 616 5416 mu;
633 5324 682 5367 s.
716 5307 881 5416 dicto
911 5309 964 5364 4.
997 5311 1106 5390 9ο..
1153 5305 1226 5344 ⁸⁸⁸
1253 5307 1501 5369 Neronis
1544 5323 1704 5392 om.
1747 5309 1949 5392 nero'ni
1996 5313 2074 5368 9°.
2125 5309 2327 5368 neroni
2375 5309 2455 5368 ib.
2533 5307 2602 5344 “‘
2629 5308 2860 5382 galbam
2908 5309 3078 5368 ottho
3125 5315 3175 5367 δ.
3253 5305 3322 5345 ⁸⁸⁷
3350 5305 3482 5366 otho
3525 5285 3774 5362 ωάἀιοι

618 5392 709 5416 Δρ.
732 5415 737 5416 ,
760 5384 821 5416 on
915 5377 985 5415 δι’
1015 5391 1206 5416 nultum
1237 5379 1300 5416 4b
1354 5385 1411 5416 411
1515 5377 1586 5416 δ’.
1616 5381 1990 5416 hmithnnlom
2023 5384 2054 5416 κ
2153 5381 2224 5416 ⁸81
2251 5381 2458 5416 Ama)!
2481 5381 2524 5416 Π
2554 5385 2580 5416 Ι

573 5380 743 5439 dust
760 5384 838 5437 9°.
915 5377 985 5415 “’
1013 5377 1210 5437 avium
1237 5379 1317 5438 ιδ.
1354 5385 1438 5439 11.
1515 5377 1586 5418 ⁵³⁸
1616 5381 1992 5439 britthaniam
2021 5384 2074 5438 ti.
2153 5381 2224 5416 ⁸³³
2243 5381 2458 5456 pergit
2477 5381 2524 5440 E
2554 5385 2605 5438 t.

534 5573 785 5652 (m__ln
813 5573 908 5636 his
934 5571 1202 5634 numeris
1226 5571 1604 5634 Ehkehardus
1631 5573 1916 5649 deinceps
1941 5483 2358 5650 Ηὶθῗοῗιῖῗιῖιω
2385 5574 2682 5652 sequitur,
2711 5588 2785 5635 ex
2817 5589 2932 5650 quo
2965 5576 3144 5637 etiam
3175 5573 3336 5650 regni
3365 5581 3532 5632 annos
3547 5562 3761 5622 atriense

463 5643 756 5708 enatavit.
1396 5681 1405 5688 ο
