3898 6326
135 348 250 417 6‘17

1007 347 1441 415 CHRONICA.
1493 387 1562 399 —
1588 348 2066 416 CHRONICON
2112 352 2667 421 UNIVERSALE.

3428 365 3546 426 678

135 504 246 561 gno
276 489 542 546 Romano
572 483 874 558 adjiciens,
908 498 1038 542 cum
1070 485 1197 541 Tito
1231 483 1352 543 ﬁlio
1382 483 1453 542 de
1484 486 1781 558 superatis
1812 487 1869 548 A
1899 485 2155 553 Quadam
2204 489 2403 560 itaque
2451 490 2544 546 die
2578 490 2712 547 dum
2733 489 2800 524 ⁸²⁷
2830 492 3248 551 recordaretur
3275 511 3331 551 1n
3377 513 3541 555 coena

136 577 348 635 Iudzeis
371 577 791 648 triumpharet,
809 576 1156 647 cunctisque
1179 574 1443 632 amabilis
1467 576 1779 632 existeret:

140 668 417 739 proﬂuvio
445 666 673 724 ventris
734 666 944 733 fessus,
980 666 1037 721 in
1069 665 1203 721 villa
1236 664 1473 737 propria
1504 665 1661 721 circa
1689 663 1785 719 Sa-

138 757 299 813 binos
328 755 582 822 interiit,
614 770 765 812 anno
795 754 989 813 aetatis
1015 753 1083 787 ⁸³³
1108 757 1197 810 79.

201 850 284 902 26.
318 850 371 902 1.
407 844 574 916 (0hr.
642 844 899 902 W.—H.
948 846 1053 916 m.)
1087 845 1266 916 Cujus
1287 857 1435 899 anno
1483 842 1669 914 primo
1700 841 1785 897 Τί-

137 939 247 1006 tus,
282 933 437 990 filius
465 934 612 1004 ejus,
639 934 873 991 Iudaeos
911 931 1287 990 inenarrabili
1320 932 1465 988 fame
1496 928 1782 988 cruciavit

137 1024 425 1094 obsessos,
442 1037 715 1095 premens
728 1038 828 1079 eos
840 1022 1089 1080 diversis
1105 1021 1335 1078 bellicis
1352 1018 1778 1077 instrumentis.

200 1116 248 1168 2.
274 1115 440 1169 Anno
494 1112 801 1169 dominicae
830 1111 1252 1168 incarnationis
1294 1114 1382 1166 73.
1420 1106 1782 1166 Hierusalem

138 1215 166 1256 a
192 1202 315 1257 Tito
344 1200 599 1273 capitur,
642 1215 754 1257 non
788 1200 914 1257 sine
945 1201 1129 1257 multo
1185 1215 1421 1257 suorum
1475 1196 1778 1267 sanguine,

137 1291 529 1361 subversaque
559 1290 821 1359 civitate,
867 1292 971 1345 600
993 1288 1230 1345 miliaIm
1245 1288 1575 1345 Judaeorum
1604 1286 1782 1341 inter-

138 1378 286 1449 fecit,
319 1383 383 1434 ut
406 1377 708 1443 Cornelius
729 1383 790 1434 et
831 1378 1145 1434 Suetonius
1176 1378 1453 1433 referunt.
1488 1373 1781 1445 Josephns

138 1482 284 1538 vero,
306 1469 403 1540 qui
435 1472 495 1524 et
526 1468 823 1540 Josippus,
858 1482 1009 1523 unus
1039 1482 1112 1523 ex
1158 1466 1390 1535 Iudaeis,
1424 1465 1521 1535 qui
1553 1464 1605 1519 ei
1643 1468 1780 1518 tunc

139 1556 283 1614 bello
309 1557 548 1629 prefuit,
600 1557 809 1613 scribit
832 1556 1108 1613 undecies
1140 1560 1385 1612 centena
1445 1553 1600 1608 milia
1632 1551 1779 1609 fame

139 1647 359 1717 perisse
403 1649 461 1702 et
485 1645 703 1717 gladio,
736 1649 796 1701 et
828 1649 1063 1702 centum
1099 1644 1255 1700 milia
1287 1643 1647 1715 captivorum
1679 1655 1781 1711 pu-

140 1733 287 1792 blice
313 1734 659 1792 venundata.
699 1733 912 1807 (Hii-Iit.)
944 1736 1018 1790 Ut
1039 1738 1233 1791 autem
1268 1737 1429 1790 tanta
1462 1728 1777 1788 multitudo

137 1823 522 1881 Hierosolimis
552 1824 936 1896 reperiretur,
980 1837 1214 1880 causam
1247 1822 1564 1878 azimorum
1597 1818 1778 1874 fuisse
1807 1852 1862 1914 B

138 1912 332 1983 refert,
358 1913 432 1969 ob
456 1927 586 1984 quae
599 1927 673 1969 ex
694 1912 847 1969 omni
862 1917 1035 1983 gente
1056 1911 1388 1969 Iudaeorum
1407 1908 1478 1966 ad
1501 1906 1778 1978 templum

136 2001 505 2074 conﬂuentes,
537 2002 684 2059 urbe
722 2001 887 2074 quasi
910 2015 1151 2057 carcere
1172 2005 1309 2057 sunt
1332 1998 1565 2055 inclusi.
1601 1996 1782 2067 Opor-

135 2088 239 2145 tuit
260 2091 409 2146 enim
433 2094 496 2148 ut
532 2089 759 2147 hisdem
786 2090 996 2147 diebus
1022 2090 1253 2161 paschae
1286 2088 1781 2176 interﬁcerentur,

138 2177 484 2250 iamquibus
506 2179 872 2236 Salvatorem
896 2179 1343 2244 interfecerunt,
1367 2175 1673 2246 Colligitur
1688 2175 1786 2228 au.

135 2270 239 2323 tem
258 2282 423 2325 omne
468 2272 714 2340 tempus
748 2268 803 2324 in
839 2268 1155 2325 secundum
1198 2282 1406 2324 annum
1443 2259 1782 2335 Vespasiani

137 2359 186 2412 et
209 2357 648 2414 subversionem
698 2357 1222 2414 Hierosolimorum
1249 2354 1622 2413 novissimam
1655 2366 1685 2407 a
1717 2355 1782 2407 15

137 2458 269 2502 anno
290 2446 516 2517 Tyherii
551 2447 797 2503 caesaris
818 2451 878 2503 et
897 2448 968 2503 ab
990 2446 1236 2503 oxordio
1269 2442 1624 2514 evangelicae
1654 2455 1781 2513 pre-

138 2533 427 2591 dicationis
473 2535 615 2591 anui
649 2538 735 2606 62,
789 2549 819 2590 a
850 2535 1192 2607 captivitate
1251 2539 1446 2591 autem
1504 2546 1675 2603 quam
1709 2529 1780 2586 ab

137 2623 405 2680 Antiocho
428 2624 597 2695 passi
622 2630 763 2680 sunt
799 2624 983 2681 Judaei
1007 2624 1139 2679 anni
1175 2622 1432 2692 ducenti,
1459 2636 1489 2678 a
1521 2617 1781 2677 secundo

137 2725 270 2769 anno
293 2712 468 2785 Darii,
531 2727 652 2784 quo
712 2712 1182 2769 remdiﬁcabatur
1240 2709 1541 2783 templum,
1577 2711 1778 2775 590;a

137 2801 303 2874 prima
357 2816 499 2861 vero
552 2801 626 2837 ⁴²⁸
672 2801 1060 2860 aediﬁcatione
1113 2804 1224 2860 sub
1278 2801 1583 2869 Salomone
1643 2797 1776 2854 anni

137 2894 276 2949 1102.

197 2984 242 3037 3.
275 2983 337 3038 A.
365 2983 427 3038 Ι).
462 2984 556 3038 74.
619 2980 1010 3055 Vespasianus
1063 2978 1409 3052 Capitolium
1464 2977 1644 3051 coepit
1689 2991 1777 3033 re-

138 3066 422 3127 aediﬁcare.

198 3160 244 3213 4.
275 3162 335 3214 Α.
367 3158 433 3213 D.
467 3161 562 3229 75,
601 3157 821 3215 Seditio
853 3158 910 3215 in
946 3156 1299 3214 Alexandria
1328 3160 1456 3212 orta
1481 3159 1593 3212 est.

199 3251 244 3303 δ.
275 3250 335 3304 Α.
369 3249 431 3304 Ι).
467 3252 562 3304 76.
610 3246 890 3305 Colossus
918 3252 1153 3304 erectus
1184 3273 1197 3299 ί
1220 3250 1294 3317 st,
1331 3245 1555 3302 habens
1580 3241 1777 3300 altitu-

140 3336 310 3395 dinem
341 3338 560 3410 pedum
591 3340 827 3395 centum
856 3341 913 3393 et
941 3341 1187 3409 septem.
1678 3405 1684 3411 ο

207 3430 255 3482 6.
284 3427 447 3498 (Chr.
487 3428 606 3500 W.)
630 3430 693 3485 A.
724 3429 787 3483 D.
822 3430 910 3482 77.
941 3427 1229 3498 Iosephus
1251 3421 1780 3497 hystoriographus

147 3514 356 3575 claruit.

208 3610 253 3663 7.
285 3607 492 3678 (Ηιειι.)
530 3608 599 3664 Α.
638 3608 696 3663 D.
730 3610 816 3663 78.
876 3608 1015 3663 Tres
1072 3604 1345 3663 civitates
1407 3601 1562 3675 Cipri
1625 3605 1781 3656 terre

148 3700 291 3754 motu
317 3700 694 3755 corruerunt.

206 3788 253 3841 8.
282 3788 342 3843 Α.
373 3787 436 3843 D.
466 3790 560 3842 79.
596 3784 935 3842 Pestilentia
967 3786 1163 3840 Romae
1197 3786 1358 3839 tanta
1383 3783 1533 3838 facta
1567 3783 1680 3851 est,
1716 3784 1778 3837 ut

146 3872 280 3931 intra
309 3889 421 3932 non
452 3873 676 3933 multos
703 3872 829 3931 dies
860 3874 1059 3931 decem
1098 3874 1279 3929 ferme
1298 3870 1456 3927 milia
1488 3869 1781 3927 hominum

147 3968 512 4035 morerentur,

207 4053 255 4108 9.
285 4055 347 4110 A.
377 4054 439 4110 Ι).
474 4056 576 4110 80.
614 4052 1002 4126 Vespasianus
1037 4049 1323 4123 proﬂuvio
1350 4048 1574 4105 ventris
1633 4062 1783 4105 mor-

151 4144 274 4198 tuus
302 4146 411 4200 est.

227 4240 345 4289 Anni
373 4241 490 4294 Titi.

1897 574 2051 643 quod
2074 590 2137 631 ea
2162 575 2255 632 die
2286 576 2430 633 nulli
2478 578 2785 649 quicquam
2820 581 3200 651 prostitisset,
3224 583 3370 638 dixit
3404 586 3548 642 assi-

1896 660 2172 720 dentibus
2196 683 2207 718 :
2230 666 2444 730 Amici,
2479 666 2653 722 hodie
2685 668 2837 725 diem
2855 668 3123 739 perdidi.
3159 673 3321 726 Anno
3353 677 3546 730 autem

1893 751 2221 809 aetatissuae
2241 756 2335 809 420
2356 754 2499 809 obiit
2528 754 2581 810 in
2607 756 2805 811 eadem
2825 755 2959 812 villa
2986 772 3097 827 qua
3122 764 3180 813 et
3205 764 3372 831 pater
3393 762 3551 833 ejus.

1893 840 2108 898 Tantus
2136 857 2276 898 vero
2307 843 2576 915 planctus
2611 845 2716 901 fuit
2749 846 2803 900 in
2838 846 2981 902 urbe
3014 847 3191 904 Roma
3224 864 3330 919 pro
3355 856 3543 907 morte

1892 928 2039 1001 ejus,
2078 934 2243 1003 quasi
2274 934 2517 1006 orphani
2556 934 3027 1007 relinquerentur
3058 953 3087 993 a
3122 942 3307 1010 patre.

1966 1027 2016 1077 1.
2051 1023 2261 1097 (liram)
2307 1025 2498 1080 Primo
2533 1026 2711 1095 igitur
2745 1026 2970 1098 imperii
3025 1027 3114 1084 sui
3146 1043 3295 1085 anno
3324 1031 3543 1102 amphi-

1893 1110 2185 1168 theatrum
2241 1114 2435 1170 Romze
2492 1113 2825 1185 aedificavit,
2862 1114 2918 1170 in
2948 1114 3116 1185 cujus
3173 1117 3542 1176 dedicatione

1891 1203 1921 1251 δ
1954 1199 2109 1255 milia
2145 1201 2394 1258 ferarum
2428 1201 2497 1234 ³³⁸
2528 1202 2774 1258 occidit.

1964 1288 2059 1359 (Η.
2089 1290 2194 1359 m.)
2228 1292 2290 1345 A.
2326 1292 2389 1347 D.
2423 1294 2510 1347 82.
2570 1291 2955 1363 Repentinum
2991 1291 3318 1348 incendium
3346 1294 3543 1353 Romae

1891 1390 1995 1448 per
2025 1378 2283 1435 triduum
2320 1380 2444 1436 fuit.
2500 1380 2829 1437 Secundum
2850 1380 2917 1413 ⁸²⁹
2939 1380 3413 1439 {ecclesiasticam
3448 1384 3547 1456 hy-

1890 1466 2131 1522 storiam
2166 1468 2318 1537 (Eos.
2367 1470 2443 1525 Η.
2498 1484 2543 1526 θ.
2607 1486 2687 1540 m,
2722 1474 2808 1541 12,
2878 1473 2981 1542 14),
3047 1471 3325 1528 defuncto
3380 1473 3541 1544 Lino,

1890 1556 2205 1612 Anacletus
2237 1557 2544 1614 ordinatur
2587 1573 2756 1630 papa,
2791 1558 3061 1629 seditque
3094 1574 3277 1617 annos
3312 1565 3406 1628 12;
3442 1562 3544 1619 sed

1890 1642 1988 1697 alii
2020 1644 2129 1700 hoc
2161 1651 2373 1713 negant
2406 1645 2493 1700 δυο.

1962 1735 2126 1788 Anno
2146 1733 2453 1790 Dominicze
2478 1733 2896 1790 incarnationis
2918 1738 3004 1805 83,
3028 1735 3098 1790 ab
3123 1736 3276 1793 Urbe
3309 1738 3541 1795 condita

1889 1822 2013 1888 833,
2042 1821 2432 1893 Domicianus,
2511 1822 2847 1893 Vespasiani
2885 1827 2945 1878 et
3003 1824 3309 1883 Domitillae
3368 1825 3541 1897 ﬁlius,

1894 1907 2076 1964 frater
2096 1910 2430 1981 Titijunior,
2454 1925 2641 1966 nonus
2664 1912 2735 1966 ab
2762 1912 3049 1982 Augusto,
3077 1928 3320 1982 regnare
3339 1915 3540 1987 coepit,

1894 2000 1951 2051 et
1985 1998 2151 2054 annis
2180 2002 2245 2054 15
2276 2012 2342 2055 ae
2375 1999 2671 2055 mensibus
2704 2013 2804 2055 sex
2836 1999 3118 2069 regnavit.
3157 2000 3256 2069 (H.
3289 2004 3394 2074 m.)
3427 2004 3545 2058 Iste

1898 2085 2142 2155 primum
2178 2087 2342 2143 tinxit
2374 2103 2436 2143 se
2470 2088 2908 2144 misericordem
2940 2094 3000 2143 et
3032 2088 3360 2145 modestum
3389 2105 3541 2161 esse,

1897 2176 2283 2245 moxTyberio
2306 2176 2699 2246 autCaligulaa
2731 2176 2821 2233 vel
2853 2177 3067 2233 Neroni
3098 2176 3341 2234 similior
3373 2193 3543 2249 quam

1895 2263 2048 2334 patri
2082 2265 2389 2335 autfratri,
2424 2265 2493 2321 ad
2529 2265 2717 2322 omnia
2746 2266 3000 2322 vitorum
3031 2280 3245 2336 genera
3276 2281 3545 2338 progres-

1894 2368 1995 2410 sus
2040 2359 2151 2424 est,
2186 2356 2239 2410 in
2295 2359 2518 2410 tantum
2556 2360 2616 2411 ut
2650 2370 2755 2426 pro
2805 2354 3131 2412 sceleribus
3161 2356 3430 2414 omnibus
3460 2373 3547 2414 se-

1893 2442 2083 2498 cundo
2107 2442 2470 2499 Christianos
2486 2443 3207 2514 persequeretur,.primus
3225 2447 3359 2516 post
3373 2446 3548 2502 Nero-

1892 2546 2052 2598 nem;
2076 2533 2178 2603 (Η.
2200 2536 2305 2605 m.)
2323 2534 2378 2588 in
2404 2548 2515 2605 qua
2541 2533 2953 2605 persecutione
2973 2534 3289 2590 Iohannem
3312 2540 3547 2607 aposto-

1892 2616 2009 2675 lum
2039 2623 2097 2676 et
2129 2620 2545 2689 evangelistam
2578 2622 2653 2677 ob
2683 2620 3143 2692 predieationem
3170 2623 3335 2679 verbi
3366 2621 3547 2680 divini

1891 2706 1947 2763 in
1977 2708 2252 2765 Pathmos
2283 2709 2532 2765 insulam
2566 2709 2871 2780 relegavit,
2902 2715 2961 2766 et
3001 2710 3254 2767 Flaviam
3285 2710 3545 2768 Domitil-

1889 2794 2022 2868 lam,
2059 2796 2484 2853 ﬁliamsororis
2508 2797 2688 2853 Flavii
2720 2797 3053 2869 Clementis,
3090 2799 3145 2854 in
3193 2799 3540 2855 Pontianam

1887 2883 1955 2918 ⁸³¹
1977 2884 2222 2943 insulam
2242 2902 2372 2944 cum
2395 2885 2596 2943 multis
2625 2886 2754 2943 aliis
2773 2886 3058 2957 exiliavit,
3081 2886 3414 2958 multosque
3445 2902 3546 2944 no-

1890 2973 2037 3030 biles
2064 2989 2134 3029 ex
2158 2975 2430 3031 Romanis
2452 2974 2702 3031 necavit.
2728 2974 2829 3032 Hic
2859 2974 3155 3031 dominum
3188 2990 3253 3031 ac
3282 2975 3454 3031 deum
3479 2989 3542 3032 se

1888 3063 2169 3136 appellari
2201 3064 2495 3136 scribique
2536 3064 2728 3136 jussit,
2764 3064 3100 3135 nullamque
3159 3063 3270 3121 nisi
3305 3079 3542 3122 auream

1887 3152 1979 3210 vel
2013 3157 2346 3223 argenteam
2378 3156 2630 3210 statuam
2658 3152 2770 3210 sibi
2800 3152 2856 3209 in
2880 3151 3099 3225 palatio
3116 3153 3297 3210 statui
3330 3153 3545 3226 permi-

1889 3242 1983 3298 sit.
2011 3243 2071 3297 ln
2113 3246 2331 3298 tantam
2380 3257 2519 3299 vero
2569 3242 2783 3299 mentis
2816 3241 3123 3311 segnitiem
3155 3241 3414 3313 devenit,
3452 3246 3536 3314 ut,

1890 3330 2128 3387 remotis
2150 3330 2436 3402 omnibus,
2460 3330 2620 3388 sol'us
2652 3331 2706 3386 in
2740 3331 2957 3403 palatio
2988 3344 3317 3388 muscarum
3350 3345 3546 3403 perse-

1892 3425 2173 3492 queretur
2196 3421 2440 3491 agmina.
2460 3420 2639 3487 Quem
2655 3436 2786 3477 cum
2802 3420 3034 3492 quidam
3056 3424 3545 3492 percunctaretur

1893 3525 1963 3567 an
1992 3510 2206 3580 aliquis
2236 3514 2393 3567 esset
2426 3510 2479 3565 in
2514 3508 2751 3582 palatio,
2787 3509 3092 3581 respondit
3126 3528 3139 3563 :
3198 3509 3290 3569 Νσ
3339 3522 3547 3567 musca

1892 3600 2150 3673 quidem.
2190 3602 2446 3671 Cumque
2495 3598 2737 3656 odiosus
2768 3603 2924 3655 esset
2956 3598 3244 3668 omnibus,
3280 3598 3547 3669 eonjura-

1892 3689 2051 3746 tione
2083 3704 2320 3747 suorum
2375 3690 2723 3745 interfectus
2752 3692 2844 3744 est
2875 3689 2931 3742 in
2965 3686 3200 3758 palatio,
3239 3688 3456 3744 asscita
3489 3687 3546 3743 in

1892 3778 2200 3836 consilium
2226 3792 2405 3836 uxore
2428 3792 2530 3835 sua
2549 3776 2803 3834 Domicia
2822 3777 2897 3832 ob
2921 3791 3174 3833 amorem
3196 3775 3424 3832 Paridis
3446 3774 3548 3832 hv-

1894 3868 2155 3937 strionis,
2178 3881 2329 3923 anno
2359 3866 2494 3922 vitae
2517 3880 2636 3921 sua)
2685 3868 2801 3920 35°.
2834 3866 3028 3920 Funus
3056 3868 3182 3934 ejus
3213 3877 3315 3935 per
3344 3863 3548 3935 vispil-

1894 3955 2080 4012 liones
2094 3971 2223 4012 cum
2247 3954 2466 4025 ingenti
2491 3954 2776 4009 dedecore
2801 3956 3172 4025 exportatum
3195 3956 3254 4008 et
3278 3950 3547 4021 ignobili-

1894 4051 1987 4101 ter
2012 4049 2102 4100 est
2132 4043 2447 4115 sepultum,
2480 4047 2835 4112 senatusque
2867 4055 3076 4097 nomen
3107 4039 3235 4110 ejus
3260 4039 3547 4098 abraden-

1895 4135 2029 4191 dum
2052 4133 2120 4168 ⁵³³
2141 4132 2426 4202 decrevit,
2451 4146 2521 4188 ne
2541 4131 2670 4202 quis
2690 4145 2820 4187 eum
2850 4130 3261 4204 imperatorem
3287 4130 3544 4187 nomina-

1894 4227 2005 4279 ret.
2032 4224 2136 4278 Hic
2166 4222 2221 4277 in
2245 4225 2372 4278 arte
2403 4219 2721 4291 sagittandi
2753 4223 2870 4275 tam
2902 4221 3113 4277 doetus
3136 4218 3265 4290 fuit,
3296 4222 3361 4276 ut
3392 4219 3548 4277 inter

212 4319 304 4390 (Η.
328 4321 403 4379 R.
426 4325 487 4378 et
509 4319 589 4376 H.
609 4319 714 4390 m.)
738 4320 901 4374 Anno
922 4312 1674 4374 Dominicaeincarnationis
1690 4312 1777 4385 81,
1872 4326 2181 4384 .expansos
2215 4310 2433 4381 digitos
2464 4308 2715 4366 hominis
2761 4323 2792 4365 a
2823 4307 2997 4380 longe
3026 4308 3239 4368 stantis
3266 4306 3542 4379 sagittam

149 4406 214 4464 ab
234 4409 375 4467 Urbe
394 4407 632 4467 condita
671 4411 795 4480 831,
826 4406 1010 4478 Titus,
1043 4403 1381 4477 Vespasiani
1410 4408 1467 4460 et
1519 4403 1780 4460 Domitil-

150 4493 212 4553 lae
238 4497 405 4571 illius,
438 4503 681 4557 octavus
710 4498 782 4553 ab
814 4497 1098 4566 Augusto,
1132 4494 1439 4564 imperium
1489 4492 1773 4563 suscepit,

1890 4401 2342 4459 transmitteret.

1966 4497 2013 4548 1.
2049 4489 2261 4563 (HIER.)
2293 4490 2396 4546 Hic
2423 4487 2611 4561 primo
2633 4502 2782 4546 anno
2801 4503 2908 4546 suo
2930 4487 3234 4545 eunuchos
3259 4486 3384 4543 ﬁeri
3410 4502 3541 4560 pro-

150 4590 202 4640 et
227 4585 450 4644 duobus
473 4587 641 4643 annis
666 4585 1010 4657 duobusque
1041 4584 1340 4640 mensibus
1361 4581 1647 4652 regnavit.
1674 4582 1775 4638 Hic
1805 4573 1859 4634 D
1890 4580 2102 4639 hibuit.

150 4675 305 4732 etiam
332 4677 730 4749 Vespasianus
757 4689 831 4731 ex
860 4673 1093 4731 nomine
1120 4673 1304 4745 patris
1327 4672 1522 4729 dictus
1550 4675 1663 4742 est,
1686 4670 1778 4727 vir

152 4763 201 4820 in
220 4769 463 4838 utraque
485 4765 702 4837 lingua,
726 4764 953 4821 scilicet
978 4763 1161 4819 Greca
1180 4766 1239 4818 et
1264 4761 1482 4832 Latina,
1512 4760 1777 4817 disertis-

151 4852 332 4926 simus,
368 4853 877 4923 hellicosissimus,
930 4851 1461 4920 moderaf’ssimus,
1496 4849 1779 4907 omnium-

153 4954 250 5011 que
269 4957 482 5013 genere
504 4944 787 5000 virtutum
802 4940 1109 5011 mirabilis,
1132 4941 1275 4997 adeo
1297 4943 1359 4997 ut
1380 4941 1556 4995 Amor
1586 4943 1645 4995 et
1676 4941 1778 4995 De-

152 5026 278 5088 litiae
292 5032 527 5104 generis
562 5031 794 5089 humani
828 5031 1151 5088 diceretur.
1178 5031 1377 5086 Tantm
1405 5043 1546 5086 vero
1567 5026 1635 5060 ⁸²⁶
1667 5027 1777 5085 lar-

149 5119 333 5188 gitatis
360 5125 512 5194 erat,
541 5128 605 5180 ut
639 5121 783 5179 nulli
817 5138 849 5179 a
879 5136 940 5179 se
972 5120 1193 5192 petenti
1223 5123 1484 5190 negaret.
1516 5120 1778 5190 Dumque

153 5212 662 5281 reprehenderetur
684 5213 756 5270 ah
781 5212 983 5269 amicis
999 5226 1104 5268 cur
1132 5211 1244 5267 hoc
1275 5210 1514 5280 faceret,
1539 5223 1782 5281 respon-

154 5296 228 5356 dit
257 5299 474 5360 nullum
532 5303 747 5360 debere
795 5301 868 5359 ab
899 5301 1253 5374 imperatore
1308 5298 1539 5357 tristem
1593 5300 1775 5356 exire.

1958 4675 2009 4728 2.
2037 4669 2203 4743 (σΙιν.
2251 4668 2358 4741 W.)
2390 4670 2453 4724 A.
2488 4669 2551 4724 D.
2584 4670 2672 4724 84.
2723 4668 2885 4724 Titus
2912 4665 3155 4723 decreto
3187 4667 3429 4721 senatus
3459 4664 3547 4722 in-

1887 4766 1979 4819 ter
2013 4761 2154 4818 deos
2185 4761 2515 4831 reputatur.

1958 4855 2009 4905 3.
2046 4848 2257 4919 (ΙΙιειι.)
2290 4849 2356 4902 Α.
2389 4847 2451 4901 Ι).
2483 4848 2569 4901 85.
2604 4842 2978 4901 Domicianus
2999 4840 3284 4914 plurimos
3313 4844 3518 4897 senato

1888 4954 2015 4997 rum
2049 4938 2105 4993 in
2139 4935 2379 4993 exilium
2409 4932 2589 4988 mittit
2625 4930 2711 4987 ⁸³³.

1960 5031 2012 5084 4.
2049 5025 2215 5098 (σΙιγ.
2264 5023 2373 5096 W.)
2407 5024 2470 5079 A.
2505 5023 2568 5077 Ι).
2600 5023 2685 5076 86.
2722 5018 2979 5076 Anianus
2998 5017 3224 5089 primus
3243 5021 3380 5089 post
3403 5016 3546 5074 Mar-

1890 5133 2024 5178 cum
2056 5112 2446 5183 Alexandriae,
2482 5110 2793 5184 episcOpus
2810 5106 2977 5178 obiit,
3000 5109 3127 5179 post
3150 5109 3220 5163 22
3241 5105 3547 5180 episcOpa-

1893 5213 1991 5266 tus
2018 5205 2112 5262 sui
2146 5217 2377 5261 annum.
2416 5200 2518 5259 Cui
2549 5197 2775 5257 Abilius
2805 5195 3098 5254 secundus
3123 5195 3433 5254 successit.

1961 5299 2011 5351 5.
2050 5293 2263 5365 (ﬂiam)
2292 5293 2358 5349 Α.
2388 5292 2452 5347 Ι).
2484 5292 2570 5348 87.
2630 5285 2981 5355 Quintianus
3002 5282 3096 5359 _"‘
3126 5298 3201 5342 ex
3254 5284 3546 5358 Hyspania

1478 5434 1716 5492 VARUE
1774 5428 2176 5491 LECTIONES.

214 5528 278 5568 “‘
306 5549 354 5592 a.
389 5547 493 5594 sue
517 5537 593 5592 9°.
624 5534 862 5593 LXVIII!
890 5535 988 5592 E1.
1071 5532 1139 5570 ⁸³⁸
1165 5532 1331 5593 deest
1352 5535 1431 5589 9°.
1515 5530 1585 5567 ⁵²⁴
1612 5532 1780 5591 deost
1800 5537 1852 5591 δ.
1936 5529 2006 5565 ⁸³⁸
2025 5531 2220 5587 autem
2244 5528 2294 5581 δ.
2327 5592 2342 5594 Α
2366 5520 2448 5594 ,⁸³⁸
2476 5519 2639 5594 deest
2664 5524 2741 5594 9°.

2829 5516 2898 5551 ⁸³⁷
2926 5516 3063 5575 dum
3081 5513 3257 5571 -—die
3286 5512 3356 5570 in
3380 5523 3541 5571 mar-
3604 5501 3609 5508 ’

150 5603 281 5676 νίκα
306 5581 366 5662 δί’
390 5581 862 5664 "ﬁeri?
892 5581 992 5641 πίε
1023 5581 2230 5676 εθουῑιῑιῑιῑιῑέιιοεειῑίῖᾱέςῑίοιιῖίξβέ
2255 5581 3539 5676 ριξνοηίοειιιξφιῖρξξὲιξιὲξίίςξιξξέἐθιιιεν

160 5653 335 5748 ἦῖίῗθῖ
361 5653 757 5738 Αηειοιέιίῖέίω
774 5653 843 5714 δῖί
872 5653 1368 5753 pomarium-'5'
1396 5653 1799 5737 adrade-udum
1811 5653 1914 5735 "5'."
1935 5653 2033 5709 7”
2059 5653 2222 5730 misit
2366 5653 2461 5701 ⁷⁸³⁴
2485 5662 2574 5725 ita
2591 5675 2705 5737 pro
2736 5658 3123 5736 quintilianus
3152 5653 3401 5717 cadica.
