3898 6302
368 353 488 416 6'79

1529 337 2010 408 EKKEHARDI
2055 339 2612 409 URAUGIENSIS

3647 351 3752 414 680

369 489 846 563 Calagurritanus
894 485 1114 557 primus
1146 485 1341 541 Romae
1373 481 1662 554 publicam
1698 481 1911 539 scolam
1943 478 2012 515 ⁸³⁸
2043 481 2096 540 Α
2126 471 2200 536 ex
2231 479 2444 535 familia
2475 481 2710 550 antiqua
2765 481 2947 550 magis
2982 496 3152 554 quam
3201 481 3380 552 clara,
3415 489 3746 541 cumtamen

367 585 569 646 habuit
595 585 652 640 et
687 577 961 636 salarium
997 589 1028 630 e
1059 575 1198 631 fisco
1232 572 1478 644 accepit.

435 678 487 732 6.
525 676 586 730 A.
621 673 684 728 D.
715 671 802 725 88.
836 663 1204 722 Domicianus
1253 660 1694 718 mathematicos
1723 663 1779 713 et
1813 658 2013 730 phylo-

365 765 582 836 sopbos
607 760 761 817 Urbe
797 754 1040 828 pepulit.

431 859 484 910 7.
522 853 584 908 Α.
620 851 682 904 D.
717 850 804 902 89.
841 843 1176 911 Anacletus,
1211 841 1424 899 tertius
1453 855 1482 895 a
1507 841 1701 909 Petro,
1729 837 2009 895 Clementi

363 939 672 1008 successit,
721 935 1050 1003 sedensque
1081 946 1212 988 ann.
1251 930 1336 998 12,
1399 942 1626 986 menses
1661 933 1744 997 10,
1805 941 2014 999 passus

363 1035 451 1086 est
487 1029 597 1086 sub
625 1025 930 1096 Trajano,6
959 1022 1078 1079 Kal.
1111 1021 1235 1078 Mai.

433 1121 484 1175 8.
521 1119 732 1192 (HIEB.)
774 1118 830 1173 Α.
865 1117 930 1170 Ι).
962 1117 1050 1171 90.
1108 1110 1478 1168 Domicianus
1513 1108 1697 1162 forum
1737 1107 1797 1160 et
1831 1102 2008 1160 multa

364 1205 608 1262 aedilicia
644 1206 801 1262 fecit.

428 1299 480 1350 9.
514 1291 681 1365 (σΙιν.
730 1291 836 1363 W.)
869 1292 930 1346 A.
967 1290 1028 1344 D.
1081 1291 1167 1342 91.
1201 1284 1434 1342 Heresis
1463 1278 1756 1338 Menandri
1780 1283 1838 1334 et
1870 1277 2010 1333 alio-

367 1399 492 1442 rum
524 1381 838 1439 multorum
870 1377 1154 1435 exoritur.

433 1477 517 1530 10.
557 1473 620 1527 A.
655 1471 715 1524 D.
744 1471 828 1524 92.
865 1466 1236 1522 Domicianus
1265 1461 1336 1516 de
1368 1457 1538 1515 Dacis
1567 1462 1627 1512 et
1649 1454 2008 1512 Germanicis

358 1558 762 1632 triumphavit.

434 1654 514 1706 11.
553 1651 616 1704 A.
650 1649 714 1704 D.
748 1651 835 1704 93.
870 1643 1240 1702 Domicianus
1297 1636 1592 1712 prohibuit
1645 1634 1794 1689 vites
1825 1631 1879 1686 in
1916 1647 2009 1689 ur-

362 1738 534 1795 bibus
563 1737 679 1794 seri
707 1735 793 1792 ⁵³⁸.

436 1833 517 1885 12.
550 1827 738 1899 Hum.)
775 1829 836 1882 A.
870 1827 932 1881 D.
964 1827 1052 1880 94.
1113 1819 1482 1878 Domicianus
1541 1813 2003 1888 persecutionem
2035 1839 2089 1900 Β

359 1917 672 1974 secundam
704 1916 758 1970 in
819 1913 1204 1980 Christianos,
1256 1908 1476 1982 primus
1511 1909 1639 1977 post
1699 1904 2002 1972 Neronem,

353 2005 551 2063 movit.
585 2005 756 2062 Juxta
779 2002 846 2036 ⁸³⁷
886 1999 1364 2059 ωοοιθεὶθδιὶυειη
1401 1993 1720 2066 hysteriam
1747 1991 1898 2061 (Ens.
1936 1991 2000 2044 Η.

352 2109 399 2152 c.
435 2097 626 2165 111,14,
656 2095 771 2165 36.)
806 2093 860 2148 in
897 2093 1040 2148 urbe
1072 2090 1250 2144 Roma
1286 2083 1620 2152 Anacletus,
1658 2085 1724 2136 12
1756 2079 1923 2136 annis
1949 2079 2004 2133 in

353 2184 698 2256 episcopatu
730 2179 972 2248 exactis,
1008 2174 1321 2234 sacerdotii
1357 2172 1550 2230 sedem
1581 2167 1858 2226 Clementi
1889 2169 2006 2222 tra-

355 2271 524 2341 didit,
559 2285 729 2341 quam
763 2269 860 2325 ille
888 2271 922 2323 9
953 2266 1117 2323 annis
1149 2263 1359 2320 tenuit.

430 2363 513 2416 13.
549 2359 762 2430 (Hum)
798 2359 861 2414 A.
895 2358 959 2411 D.
1003 2358 1089 2410 95.
1144 2351 1511 2409 Domicianus
1569 2345 1786 2404 multos
1843 2344 2004 2399 nobi-

353 2449 492 2506 lium
527 2444 800 2518 perdidit.

424 2537 509 2592 14.
545 2533 718 2606 (Vita
744 2533 811 2590 δ’.
841 2530 1036 2600 Dion.)
1073 2533 1136 2588 A.
1167 2529 1229 2584 D.
1262 2530 1348 2582 96.
1411 2521 1704 2580 Dionisius
1763 2520 2026 2590 Ariopay

349 2624 492 2696 gita,
537 2621 759 2695 primus
783 2617 1219 2676 Atheniensium
1252 2615 1567 2686 episcopus
1593 2624 1624 2666 a
1655 2609 1835 2665 Paulo
1867 2623 2027 2696 apog

351 2695 504 2770 Stolo
517 2707 1012 2778 constitutus,sed
1038 2710 1241 2778 postea
1259 2705 1315 2759 in
1332 2701 1547 2758 Gallias
1567 2699 1903 2772 predieater
1919 2695 2003 2753 di-

351 2805 573 2872 rectus,
608 2797 760 2872 apud
792 2795 1080 2854 Parisium
1110 2792 1436 2850 decollatus
1467 2796 1556 2847 est
1593 2803 1724 2846 cum
1756 2787 1998 2843 Rustico

348 2894 410 2948 et
439 2887 797 2958 Eleutherio,
832 2885 940 2942 sub
980 2882 1234 2940 Sisinnio
1288 2881 1570 2952 prefecto,
1627 2892 1776 2934 anno
1809 2891 1837 2933 a
1870 2889 2002 2946 pas-

353 2977 517 3036 sione
545 2974 770 3033 Domini
799 2975 894 3030 64.

424 3071 506 3124 15.
541 3064 750 3139 (Iliam)
783 3065 848 3120 Α.
882 3064 944 3118 Ι).
977 3064 1071 3118 97.
1101 3058 1293 3116 Flavia
1324 3054 1616 3114 Domitilla
1644 3054 1699 3110 in
1752 3051 1998 3109 insulam

349 3155 692 3214 Pontianam
723 3151 964 3211 exiliata
991 3155 1100 3205 est.

423 3248 504 3301 16.
543 3241 711 3312 (0hr.
758 3239 866 3310 W.)
899 3239 962 3294 A.
998 3237 1061 3292 D.
1097 3238 1183 3292 98.
1219 3232 1589 3290 Domicianus
1619 3245 1647 3287 a
1675 3229 1798 3288 suis
1825 3229 2003 3284 inter-

349 3333 542 3390 fectus
569 3334 681 3386 est.

423 3431 725 3578 ram.)
761 3507 922 3561 Anno
969 3501 1282 3559 Dominicze
1329 3495 1748 3554 incarnationis
1779 3499 1868 3567 99,
1905 3498 2004 3552 Γισ-

355 3596 444 3655 bis
475 3610 617 3654 vero
649 3592 1000 3650 mcondita:
1049 3593 1173 3662 849,
1233 3591 1418 3645 Nerva
1479 3585 1776 3656 Cocceius,
1826 3584 2000 3657 opido

348 3684 656 3743 Narniensi
687 3683 944 3754 genitus,
973 3679 1176 3736 mediae
1201 3676 1552 3748 nobilitatis,
1577 3675 1886 3733 admodum
1913 3690 2003 3732 se-

348 3789 482 3846 nex,
517 3773 778 3831 decimus
834 3771 906 3827 ab
939 3771 1220 3840 Augusto,
1257 3765 1520 3838 suscepit
1553 3764 1879 3836 imperium,
1914 3779 2002 3820 re-

348 3861 667 3936 gnavitque
695 3875 846 3919 anno
872 3874 1004 3929 uno,
1027 3871 1251 3914 menses
1274 3861 1547 3926 quatuor,
1571 3854 1694 3910 dies
1715 3857 1870 3910 octo.
1895 3853 2000 3912 Hic

349 3951 408 4010 in
435 3952 663 4025 privata
679 3950 796 4007 vita
813 3947 1148 4004 moderatus
1161 3951 1221 4002 et
1235 3942 1592 4013 strenuus,in
1608 3942 1850 4014 imperio
1862 3942 2000 3998 civi-

347 4039 630 4098 lissimum
661 4053 726 4094 se
756 4042 816 4094 et
845 4035 1240 4107 aequissimum
1275 4031 1529 4106 prebuit.
1555 4029 1760 4102 (Hier.)
1789 4031 1890 4087 Hic
1925 4046 2000 4088 ex

347 4129 590 4186 decreto
622 4132 862 4184 senatus
904 4123 1217 4180 constituit
1266 4121 1498 4178 irritum
1531 4119 1655 4176 ﬁeri
1716 4120 1995 4192 quicquid

341 4215 712 4274 Domicianus
748 4213 871 4270 ﬁeri
899 4211 1100 4284 jussit,
1133 4214 1193 4266 et
1223 4211 1420 4267 edicto
1443 4223 1548 4266 suo
1569 4208 1772 4265 exules
1797 4223 1997 4266 omnes

340 4304 662 4365 revocavit.
692 4304 792 4374 (H.
843 4304 948 4375 νη.)
979 4301 1136 4359 Unde
1184 4305 1242 4356 et
1273 4303 1514 4358 sanctus
1542 4299 1834 4355 Iohannes
1865 4314 2002 4372 apo.

341 4393 533 4454 stolas
562 4395 633 4450 ab
664 4391 841 4450 exilio
868 4392 1158 4464 Ephesum
1190 4389 1446 4458 rediens,
1471 4391 1530 4444 et
1553 4387 1879 4444 wcclesiam
1898 4391 1997 4447 he-

337 4484 571 4543 resibus
598 4483 890 4541 turbatam
913 4478 1237 4549 inveniens,
1274 4477 1512 4532 hortatu
1544 4475 1791 4532 fratrum
1821 4491 1994 4535 evan-

332 4572 549 4646 gelium
577 4571 840 4645 scripsit,
875 4584 990 4640 quo
1022 4568 1193 4624 (idem
1226 4568 1446 4622 rectam
1477 4563 1842 4620 confirmavit
1873 4564 1984 4636 (Cf.
2017 4555 2074 4619 D

331 4663 486 4720 Ben;
537 4661 727 4734 Cum).
761 4660 948 4716 Nerva
981 4670 1142 4726 vero,
1176 4654 1458 4724 adoptato
1486 4652 1542 4708 in
1582 4667 1823 4724 regnum
1853 4657 1986 4711 Tra-

323 4749 693 4824 jano,morbo
705 4749 1015 4809 confectus
1027 4743 1400 4816 obiit,mense
1417 4742 1620 4814 quinto
1633 4742 1767 4800 anni
1780 4757 1985 4802 secun-

332 4841 390 4898 di
409 4840 637 4914 imperii
659 4839 772 4910 sui,
801 4837 999 4895 aetatis
1020 4833 1090 4869 ⁸⁸⁸
1115 4848 1266 4892 anno
1294 4837 1384 4890 72.
1419 4833 1526 4905 (Cf.
1563 4833 1756 4906 Hum.)

400 4941 544 4990 Anni.
577 4937 771 5000 Trsjani
793 4934 881 4990 “°.

403 5025 506 5098 (H.
527 5027 634 5098 οη.)
659 5028 821 5084 Anno
859 5021 1170 5082 Dominicae
1205 5019 1982 5089 incarnationiscentesimo,

329 5115 508 5174 Urbis
537 5129 679 5173 vero
709 5113 779 5149 '“
805 5113 1058 5172 conditae
1087 5115 1212 5170 850.
1245 5110 1451 5183 Ulpius
1491 5110 1770 5182 Trajanus
1801 5111 1987 5168 Crini-

332 5207 452 5274 tus,
483 5217 557 5260 ex
586 5203 732 5262 urbe
772 5202 1088 5261 Tudertina
1114 5201 1372 5274 genitus,
1406 5213 1623 5272 genere
1651 5199 1976 5274 Hyspanus.

2035 3195 2083 3258 C

2127 575 2294 640 pater
2323 568 2450 637 ejus
2481 569 2685 624 consul
2707 576 2886 630 esset.
2910 571 3063 642 apud
3091 571 3488 644 Agrippinam,
3519 570 3744 629 nobilem

2125 657 2321 713 Gallia)
2343 657 2663 727 civitatem,
2687 658 3005 728 imperator
3031 659 3220 716 factus
3233 648 3342 730 est,
3363 661 3744 732 regnavitque,

2125 745 2462 802 undecimus
2484 747 2556 802 ab
2578 751 2860 817 Augusto,
2887 747 3053 803 annis
3079 753 3167 819 19,
3210 763 3438 806 menses
3454 755 3509 821 6,
3534 751 3652 806 dies
3675 755 3744 806 15.

2124 834 2224 890 Hic
2249 849 2367 890 rem
2396 834 2775 905 publicamita
2800 835 3230 894 administravit
3248 844 3306 896 ut
3329 840 3600 896 omnibus
3613 839 3751 912 prin-

2123 923 2352 994 cipibus
2384 923 2592 980 merito
2633 932 3079 996 preponeretur.
3143 927 3280 983 Nam
3313 943 3444 986 cum
3507 927 3618 985 duo
3645 928 3750 984 sint

2125 1027 2251 1084 quae
2269 1013 2340 1068 ab
2362 1013 2616 1082 egregiis
2652 1013 3014 1085 principibus
3043 1019 3398 1086 expetantur
3427 1016 3519 1088 ⁸⁵³,
3556 1017 3752 1073 sancti-

2123 1107 2216 1156 tas
2239 1102 2414 1171 domi,
2449 1102 2504 1157 in
2537 1103 2716 1157 armis
2749 1103 3050 1174 fortitudo,
3089 1105 3403 1176 utrobique
3433 1105 3750 1177 prudentia,

2125 1193 2321 1247 tantus
2351 1190 2402 1246 in
2437 1206 2506 1247 co
2549 1191 2925 1247 maximarum
2977 1207 3169 1248 rerum
3201 1193 3389 1250 fuerat
3449 1193 3669 1265 modus,
3699 1203 3755 1250 ut

2123 1279 2288 1348 quasi
2315 1285 2773 1350 temperamento
2814 1279 3061 1350 quodam
3087 1281 3336 1338 virtutes
3354 1281 3654 1339 miscuisse
3683 1283 3756 1339 vi-

2121 1366 2380 1438 deretur,
2416 1369 2524 1425 nisi
2560 1368 2714 1438 quod
2748 1369 2879 1426 cibo
2907 1369 3157 1440 vinoque
3203 1369 3503 1442 paululum
3537 1371 3757 1430 deditus

2119 1462 2265 1512 erat.
2297 1458 2535 1514 Laboris
2568 1461 2798 1531 patiens
2821 1461 2947 1530 fuit,
2968 1460 3514 1532 justieiaejurisque
3535 1461 3753 1518 humani

2117 1551 2178 1601 et
2199 1545 2375 1603 divini
2413 1552 2528 1604 tam
2575 1554 2846 1619 repertor
2868 1549 2999 1604 novi
3045 1565 3214 1620 quam
3248 1554 3516 1607 veterum
3545 1556 3754 1614 custos.

2120 1637 2281 1705 (Ana.
2319 1637 2408 1707 V.)
2456 1636 2631 1694 Multa
2659 1637 2916 1694 Romano
2946 1637 3190 1710 imperio
3219 1638 3556 1710 adjiciebat,
3589 1641 3757 1697 multa

2120 1724 2394 1780 beneﬁcia
2414 1740 2516 1797 per
2533 1731 2721 1782 totum
2742 1727 2942 1783 orbem
2960 1727 3290 1798 quibusque
3307 1730 3611 1800 prestabat
3629 1747 3644 1798 ;
3660 1730 3757 1786 fuit

2119 1813 2267 1868 enim
2295 1813 2614 1870 bellicosus
2645 1819 2700 1870 et
2736 1814 2791 1871 in
2822 1815 3092 1872 omnibus
3124 1815 3292 1872 bonis
3321 1816 3639 1877 studiosus.
3661 1818 3755 1889 (H.

2117 1905 2219 1972 m.)
2245 1903 2404 1958 Hunc
2426 1918 2556 1959 cum
2590 1903 2759 1959 amici
2795 1903 3123 1976 rulparent,
3159 1905 3311 1975 quod
3345 1905 3583 1962 nimium
3615 1921 3760 1964 com-

2120 1991 2310 2046 munis
2343 1997 2504 2048 esset
2525 2007 2664 2062 erga
2685 2007 2906 2062 omnes,
2934 1993 3244 2064 respondit
3269 2013 3280 2048 :
3323 1993 3652 2065 Imperator
3679 1997 3761 2052 ta-

2119 2081 2198 2137 lis
2211 2095 2332 2138 esse
2353 2080 2520 2136 debet
2538 2095 2683 2153 erga
2701 2081 3010 2152 subjectos,
3027 2083 3238 2154 quales
3267 2097 3414 2156 erga
3431 2098 3493 2142 se
3513 2085 3760 2157 impera-

2117 2169 2269 2227 tores
2280 2183 2403 2227 esse
2413 2169 2640 2241 optaret
2650 2169 3076 2242 ipseprt‘eatua.
3095 2171 3276 2242 llujus
3297 2187 3438 2242 ergo
3453 2173 3756 2246 imperium

2117 2259 2471 2316 credebatur
2491 2259 2771 2315 divinitus
2789 2259 2987 2317 datum
3020 2260 3074 2316 in
3109 2260 3430 2318 remedium
3468 2263 3681 2335 perditi
3703 2271 3760 2320 et

2115 2349 2398 2418 prostrati
2443 2352 2686 2405 senatus
2732 2349 2990 2419 Romani,
3027 2363 3132 2420 pro
3164 2364 3233 2406 eo
3267 2350 3426 2421 quod
3486 2351 3758 2424 pleraque

2115 2437 2414 2506 magnifica
2450 2435 2591 2492 illud
2625 2437 3107 2494 denunciaverint
3147 2435 3234 2510 ⁸⁸³,
3285 2439 3342 2494 in
3372 2439 3587 2510 quibus
3621 2440 3758 2497 illud

2116 2527 2477 2597 precipuum,
2513 2526 2668 2597 quod
2711 2527 2911 2583 cornix
2943 2543 2974 2585 e
3008 2527 3240 2598 fastigio
3263 2527 3535 2600 Capitolii
3573 2530 3761 2586 Attico

2111 2630 2376 2672 sermone
2421 2615 2693 2672 clamavit
2720 2635 2732 2673 :
2764 2617 2950 2674 talos.
2991 2618 3093 2674 Hic
3129 2621 3324 2689 postea
3358 2618 3646 2692 deceptus
3674 2636 3761 2677 er-

2112 2719 2264 2774 rore,
2295 2719 2425 2761 eum
2455 2705 2921 2776 persecutionem
2955 2707 3196 2762 terciam
3221 2712 3480 2764 moveret
3515 2708 3570 2763 in
3605 2709 3758 2765 Chri-

2111 2793 2358 2864 stianos,
2391 2798 2452 2848 et
2477 2794 2700 2852 Plinius
2735 2793 3056 2866 Secundus,
3093 2795 3192 2866 qui
3221 2795 3376 2852 inter
3410 2799 3649 2854 ceteros
3671 2798 3757 2868 ju-

2109 2881 2291 2952 dices,
2322 2885 2384 2938 ut
2406 2881 2798 2940 Tertullianus
2821 2883 3018 2954 refert,
3048 2889 3386 2956 persecutor
3416 2885 3592 2942 datus
3613 2892 3757 2957 erat,

2109 2971 2161 3027 ei
2187 2976 2552 3042 suggereret,
2575 2984 2677 3028 eos
2699 2972 2962 3028 homines
2987 2972 3165 3030 nichil
3187 2976 3376 3030 morte
3397 2973 3636 3044 dignum
3665 2989 3757 3046 ge-

2111 3074 2262 3129 rere,
2297 3060 2403 3116 nisi
2434 3059 2590 3130 quod
2624 3059 2735 3116 diis
2778 3075 2892 3118 non
2923 3061 3309 3132 immolarent,
3369 3069 3430 3118 et
3465 3061 3754 3120 Christum

2111 3147 2293 3204 veluti
2324 3150 2523 3219 Deum,
2558 3154 2691 3205 ante
2750 3148 2938 3206 lucem
2969 3153 3298 3220 surgentes,
3360 3149 3695 3222 laudarent,
3727 3167 3754 3208 a

2113 3237 2282 3294 malis
2303 3253 2442 3294 vero
2467 3238 2738 3294 omnibus
2755 3239 3146 3295 abstinerent:
3166 3239 3478 3312 rescripsit
3499 3239 3760 3311 eiTraja-

2116 3344 2222 3384 nus
2253 3327 2614 3384 Christianos
2672 3343 2774 3399 pro
2809 3325 2920 3384 fide
2971 3327 3306 3385 nullatenus
3336 3327 3755 3399 inquirendos;

2114 3417 2310 3486 sicque
2341 3416 2676 3488 I)8PSﬂCllti0
2730 3416 2933 3472 sedata
2962 3420 3070 3474 est.
3107 3417 3290 3487 Igitur
3319 3417 3601 3488 Trajanus
3635 3422 3759 3491 post

2114 3506 2405 3574 ingentem
2427 3504 2671 3574 gloriam
2691 3503 2853 3562 bello
2877 3503 3144 3576 domique
3169 3505 3455 3576 quesitam
3474 3506 3761 3564 ePerside

2115 3593 2366 3663 rediens,
2399 3593 2552 3666 apud
2588 3593 2908 3651 Seleuciam
2945 3593 3196 3651 Ysauriae
3229 3593 3515 3666 proﬂuvio
3537 3595 3762 3652 ventris

2112 3683 2440 3740 exstinctus
2489 3686 2600 3754 est,
2637 3697 2786 3740 anno
2831 3683 2966 3738 vitae
2999 3697 3118 3740 suae
3149 3685 3265 3754 63°,
3299 3697 3496 3740 mense
3545 3685 3757 3756 primo.

2113 3772 2204 3828 die
2235 3774 2314 3840 4ο,
2350 3785 2546 3828 mense
2565 3770 2631 3804 “‘
2681 3787 2820 3830 vero
2848 3775 2910 3827 7°
2939 3771 3073 3828 anni
3129 3771 3391 3829 vicesimi
3444 3773 3612 3844 regni
3649 3774 3758 3830 sui.

2112 3861 2286 3932 Cujus
2333 3861 2528 3919 exusti
2558 3859 2826 3932 corporis
2853 3875 3082 3918 emeres
3110 3860 3166 3916 in
3202 3874 3342 3917 urna
3375 3873 3556 3918 aurea
3590 3861 3760 3918 relati

2111 3952 2363 4021 Romam,
2399 3950 2620 4008 humati
2654 3957 2787 4007 sunt
2821 3949 2876 4005 in
2919 3951 3046 4007 fore
3093 3949 3319 4020 Trajani
3366 3949 3479 4007 sub
3509 3951 3644 4022 ejus
3669 3966 3762 4008 co-

2110 4038 2324 4111 lumna,
2341 4039 2508 4110 cujus
2525 4037 2776 4096 altitudo
2802 4039 2902 4095 140
2917 4038 3300 4110 pedesbabet,
3331 4042 3390 4094 et
3411 4038 3604 4110 imago
3627 4041 3762 4098 sub-

2111 4129 2303 4202 posita
2333 4133 2443 4197 est,
2475 4127 2959 4199 triumphantium
2983 4141 3142 4183 more
3172 4126 3424 4198 invecta,
3458 4132 3675 4186 senatu
3703 4131 3760 4185 et

2109 4218 2372 4275 exercitu
2407 4221 2708 4289 preeunte,
2759 4215 3036 4288 solusque
3066 4215 3320 4273 omnium
3352 4215 3510 4274 intra
3543 4219 3760 4276 Urbem

2107 4306 2379 4379 sepultus
2410 4310 2522 4364 est.
2549 4305 2732 4377 Hujus
2764 4305 3054 4363 memoriae
3088 4309 3314 4362 tantum
3343 4304 3610 4363 delatum
3643 4312 3760 4377 est,

2108 4401 2170 4454 ut
2203 4411 2390 4468 usque
2423 4395 2493 4452 ad
2544 4398 2801 4452 nostram
2847 4397 3079 4451 atatem
3109 4409 3222 4450 non
3257 4392 3429 4451 aliter
3457 4394 3516 4451 in
3550 4399 3762 4454 senatu

2107 4484 2473 4558 principibus
2530 4483 2952 4542 acclamaretur
2999 4481 3108 4539 nisi
3138 4480 3436 4542 :Felicior
3461 4483 3762 4558 Augusto,

2100 4575 2309 4632 melior
2340 4574 2602 4646 Trojano
2632 4572 2726 4644 (cf.
2759 4572 2839 4631 H.
2871 4573 2992 4645 12.).

2173 4671 2222 4720 1.
2259 4663 2426 4738 (0hr.
2467 4664 2572 4734 W.)
2596 4663 2778 4733 Hujus
2815 4675 2966 4718 anno
2988 4659 3172 4734 primo
3191 4660 3490 4718 Iohannes
3519 4665 3758 4734 aposto-

2100 4754 2193 4812 lus
2219 4758 2279 4811 et
2301 4750 2661 4822 evangelista
2682 4751 2837 4822 apud
2869 4749 3154 4822 Ephesum
3183 4749 3564 4821 obdormivit,
3597 4763 3755 4806 anno

2099 4859 2128 4900 a
2163 4842 2434 4915 passione
2491 4839 2715 4896 Domini
2771 4843 2887 4910 68°,
2946 4837 3080 4896 vitae
3108 4853 3228 4896 suae
3285 4841 3403 4895 99°.
3436 4870 3508 4882 -
3537 4833 3751 4911 (Ηιεκ.)

2099 4930 2463 4994 Alexandria
2496 4929 2712 4986 tercius
2739 4927 3044 4986 ordinatur
3071 4927 3388 5000 episcopus
3411 4927 3618 4999 Cerdo,
3651 4923 3747 4997 qui

2098 5020 2250 5078 sedit
2283 5019 2361 5076 ibi
2392 5019 2560 5075 annis
2592 5023 2677 5074 11.

2163 5113 2216 5166 2.
2251 5112 2318 5166 Α.
2353 5110 2416 5166 D.
2452 5112 2573 5166 101.
2607 5107 2793 5164 Nerva
2814 5105 2987 5178 jussu
3016 5108 3258 5162 senatus
3291 5103 3448 5162 inter
3478 5107 3624 5162 Deos
3657 5113 3746 5159 re-

2096 5199 2284 5256 fertur
2310 5196 2398 5253 ⁵⁸⁵.

1687 5388 1926 5448 νΑῐὶΙΔΕ
1985 5387 2386 5448 LECTIONES.

403 5526 474 5566 ⁸³⁸
501 5527 666 5591 deest
687 5534 766 5589 9°.

329 5597 401 5638 “°
429 5601 576 5661 Hac
601 5602 724 5660 des.
754 5601 922 5660 codd.

853 5529 922 5574 ⁸³⁸
951 5531 1182 5590 ﬁeri9°.
1245 5531 1302 5589 in
1357 5547 1414 5590 u.
1471 5547 1527 5590 v.
1581 5545 1628 5589 s.
1660 5535 1712 5589 ὅ.
1797 5531 1866 5568 ⁸³⁷
1889 5531 2355 5592 Juxta—tenuit
2404 5527 2624 5588 dcam
2664 5527 2762 5584 E1.
2839 5523 3103 5584 “deest
3123 5523 3222 5582 E1.
3307 5523 3380 5560 ⁸⁸⁸
3409 5539 3462 5582 a.
3522 5520 3740 5592 suei9°.

1007 5601 1076 5676 ut:
1103 5604 1270 5662 deest
1293 5607 1346 5660 ὅ.
1382 5601 1496 5676 J‘“
1521 5606 1910 5676 expectantur
1937 5605 2035 5662 E1.

2117 5603 2186 5676 ‘f’
2211 5600 2748 5676 prengoneiaverunt
2766 5601 2816 5655 5.
2856 5671 2873 5676 Α
2913 5595 2981 5631 ⁴⁸⁴
3010 5610 3208 5656 mense
3222 5627 3292 5638 —
3306 5595 3400 5655 sui
3426 5591 3642 5654 datust
3659 5593 3739 5646 9°.

329 5667 400 5710 “'
424 5675 506 5738 9°.
535 5670 678 5735 add.
709 5689 726 5730 :
757 5671 1130 5735 Passionales
1155 5672 1532 5735 consentiunt
1554 5667 1861 5748 léronimo,
1895 5679 1927 5732 3
1958 5688 2109 5734 anno
2137 5667 2366 5746 Trajani
2399 5671 2762 5731 Clementem
2791 5671 3046 5748 passum.
