  <div class='ocr_page' id='page_1' title='image "/cluster/home/n/w/nwhite01/storage/ocr_20150623/154/uva.x000829797/347.png"; bbox 0 0 3898 6316; ppageno 0'>
   <div class='ocr_carea' id='block_1_1' title="bbox 386 393 506 460">
    <p class='ocr_par' dir='ltr' id='par_1_1' title="bbox 386 393 506 460">
     <span class='ocr_line' id='line_1_1' title="bbox 386 393 506 460; baseline -0.025 1"><span class='ocrx_word' id='word_1_1' title='bbox 386 393 506 460; x_wconf 81' lang='lat'><strong>688</strong></span> 
     </span>
    </p>
   </div>
   <div class='ocr_carea' id='block_1_2' title="bbox 1552 359 2630 439">
    <p class='ocr_par' dir='ltr' id='par_1_2' title="bbox 1552 359 2630 439">
     <span class='ocr_line' id='line_1_2' title="bbox 1552 359 2630 439; baseline -0.011 0"><span class='ocrx_word' id='word_1_2' title='bbox 1552 370 2036 439; x_wconf 81' lang='lat' dir='ltr'><strong>EKKEHARDI</strong></span> <span class='ocrx_word' id='word_1_3' title='bbox 2077 359 2630 434; x_wconf 81' lang='lat' dir='ltr'><strong>URAUGIENSIS</strong></span> 
     </span>
    </p>
   </div>
   <div class='ocr_carea' id='block_1_3' title="bbox 3671 348 3784 417">
    <p class='ocr_par' dir='ltr' id='par_1_3' title="bbox 3671 348 3784 417">
     <span class='ocr_line' id='line_1_3' title="bbox 3671 348 3784 417; baseline 0 0"><span class='ocrx_word' id='word_1_4' title='bbox 3671 348 3784 417; x_wconf 74' lang='grc'><strong>684</strong></span> 
     </span>
    </p>
   </div>
   <div class='ocr_carea' id='block_1_4' title="bbox 390 487 3786 604">
    <p class='ocr_par' dir='ltr' id='par_1_4' title="bbox 390 487 3786 604">
     <span class='ocr_line' id='line_1_4' title="bbox 390 487 3786 604; baseline -0.013 -15"><span class='ocrx_word' id='word_1_5' title='bbox 390 527 605 604; x_wconf 76' lang='lat' dir='ltr'><strong>(Hii-zu.)</strong></span> <span class='ocrx_word' id='word_1_6' title='bbox 654 511 978 584; x_wconf 61' lang='lat' dir='ltr'><strong>Antiochia}</strong></span> <span class='ocrx_word' id='word_1_7' title='bbox 1030 521 1119 576; x_wconf 62' lang='lat' dir='ltr'><strong>tus</strong></span> <span class='ocrx_word' id='word_1_8' title='bbox 1162 515 1480 590; x_wconf 88' lang='lat' dir='ltr'><strong>cpiscopus</strong></span> <span class='ocrx_word' id='word_1_9' title='bbox 1527 507 1832 570; x_wconf 81' lang='lat' dir='ltr'><strong>Cornelius</strong></span> <span class='ocrx_word' id='word_1_10' title='bbox 1879 505 2116 565; x_wconf 90' lang='lat' dir='ltr'><strong>ordi-A</strong></span> <span class='ocrx_word' id='word_1_11' title='bbox 2182 500 2662 604; x_wconf 40' lang='lat' dir='ltr'><strong>‘11..A.D.150.</strong></span> <span class='ocrx_word' id='word_1_12' title='bbox 2701 494 3044 569; x_wconf 84' lang='lat' dir='ltr'><strong>Apollonius</strong></span> <span class='ocrx_word' id='word_1_13' title='bbox 3091 487 3320 550; x_wconf 85' lang='lat' dir='ltr'><strong>Stoicus</strong></span> <span class='ocrx_word' id='word_1_14' title='bbox 3371 488 3786 548; x_wconf 89' lang='lat' dir='ltr'><strong>Calcedonicus</strong></span> 
     </span>
    </p>
   </div>
   <div class='ocr_carea' id='block_1_5' title="bbox 393 624 2034 774">
    <p class='ocr_par' dir='ltr' id='par_1_5' title="bbox 393 624 2034 774">
     <span class='ocr_line' id='line_1_5' title="bbox 393 624 2034 774; baseline -0.014 -9"><span class='ocrx_word' id='word_1_15' title='bbox 393 624 881 774; x_wconf 22' lang='lat' dir='ltr'><strong>nag?(0hr.ﬂ’.)</strong></span> <span class='ocrx_word' id='word_1_16' title='bbox 916 699 979 753; x_wconf 93' lang='lat' dir='ltr'><strong>A.</strong></span> <span class='ocrx_word' id='word_1_17' title='bbox 1019 697 1082 750; x_wconf 93' lang='lat' dir='ltr'><strong>D.</strong></span> <span class='ocrx_word' id='word_1_18' title='bbox 1139 698 1258 750; x_wconf 92' lang='lat'><strong>131.</strong></span> <span class='ocrx_word' id='word_1_19' title='bbox 1317 689 1616 763; x_wconf 88' lang='lat' dir='ltr'><strong>Nicepolis</strong></span> <span class='ocrx_word' id='word_1_20' title='bbox 1665 691 1725 742; x_wconf 90' lang='lat' dir='ltr'><strong>et</strong></span> <span class='ocrx_word' id='word_1_21' title='bbox 1775 688 2034 742; x_wconf 86' lang='lat' dir='ltr'><strong>Caesarea</strong></span> 
     </span>
    </p>
   </div>
   <div class='ocr_carea' id='block_1_6' title="bbox 391 788 1116 854">
    <p class='ocr_par' dir='ltr' id='par_1_6' title="bbox 391 788 1116 854">
     <span class='ocr_line' id='line_1_6' title="bbox 391 788 1116 854; baseline -0.021 -2"><span class='ocrx_word' id='word_1_22' title='bbox 391 797 712 854; x_wconf 86' lang='lat' dir='ltr'><strong>terremotu</strong></span> <span class='ocrx_word' id='word_1_23' title='bbox 743 788 1116 848; x_wconf 89' lang='lat' dir='ltr'><strong>corruerunt.</strong></span> 
     </span>
    </p>
   </div>
   <div class='ocr_carea' id='block_1_7' title="bbox 465 863 2037 952">
    <p class='ocr_par' dir='ltr' id='par_1_7' title="bbox 465 863 2037 952">
     <span class='ocr_line' id='line_1_7' title="bbox 465 863 2037 952; baseline -0.015 -13"><span class='ocrx_word' id='word_1_24' title='bbox 465 878 772 952; x_wconf 77' lang='grc' dir='ltr'><strong>14.(Ιιιειι.)</strong></span> <span class='ocrx_word' id='word_1_25' title='bbox 805 881 868 932; x_wconf 91' lang='lat' dir='ltr'><strong>A.</strong></span> <span class='ocrx_word' id='word_1_26' title='bbox 905 877 968 931; x_wconf 93' lang='lat' dir='ltr'><strong>D.</strong></span> <span class='ocrx_word' id='word_1_27' title='bbox 1007 877 1124 928; x_wconf 85' lang='lat'><strong>132.</strong></span> <span class='ocrx_word' id='word_1_28' title='bbox 1157 873 1442 928; x_wconf 83' lang='lat' dir='ltr'><strong>Eumenes</strong></span> <span class='ocrx_word' id='word_1_29' title='bbox 1499 863 1862 924; x_wconf 65' lang='lat' dir='ltr'><strong>Alexandria)</strong></span> <span class='ocrx_word' id='word_1_30' title='bbox 1911 876 2037 918; x_wconf 86' lang='lat' dir='ltr'><strong>sex-</strong></span> 
     </span>
    </p>
   </div>
   <div class='ocr_carea' id='block_1_8' title="bbox 390 957 1447 1034">
    <p class='ocr_par' dir='ltr' id='par_1_8' title="bbox 390 957 1447 1034">
     <span class='ocr_line' id='line_1_8' title="bbox 390 957 1447 1034; baseline -0.018 -4"><span class='ocrx_word' id='word_1_31' title='bbox 390 977 487 1030; x_wconf 91' lang='lat' dir='ltr'><strong>tus</strong></span> <span class='ocrx_word' id='word_1_32' title='bbox 517 969 828 1026; x_wconf 91' lang='lat' dir='ltr'><strong>ordinatus</strong></span> <span class='ocrx_word' id='word_1_33' title='bbox 858 963 947 1034; x_wconf 80' lang='grc'><strong>⁵⁸⁸,</strong></span> <span class='ocrx_word' id='word_1_34' title='bbox 983 960 1136 1017; x_wconf 83' lang='lat' dir='ltr'>sedit</span> <span class='ocrx_word' id='word_1_35' title='bbox 1167 957 1334 1016; x_wconf 91' lang='lat' dir='ltr'><strong>annis</strong></span> <span class='ocrx_word' id='word_1_36' title='bbox 1363 961 1447 1012; x_wconf 87' lang='grc'><strong>13.</strong></span> 
     </span>
    </p>
   </div>
   <div class='ocr_carea' id='block_1_9' title="bbox 465 1037 2036 1128">
    <p class='ocr_par' dir='ltr' id='par_1_9' title="bbox 465 1037 2036 1128">
     <span class='ocr_line' id='line_1_9' title="bbox 465 1037 2036 1128; baseline -0.015 -13"><span class='ocrx_word' id='word_1_37' title='bbox 465 1064 545 1115; x_wconf 85' lang='grc'>19.</span> <span class='ocrx_word' id='word_1_38' title='bbox 583 1053 748 1128; x_wconf 79' lang='lat' dir='ltr'><strong>(0hr.</strong></span> <span class='ocrx_word' id='word_1_39' title='bbox 797 1051 905 1123; x_wconf 89' lang='lat' dir='ltr'><strong>W.)</strong></span> <span class='ocrx_word' id='word_1_40' title='bbox 935 1054 999 1107; x_wconf 92' lang='lat' dir='ltr'><strong>A.</strong></span> <span class='ocrx_word' id='word_1_41' title='bbox 1035 1049 1097 1104; x_wconf 91' lang='lat' dir='ltr'><strong>D.</strong></span> <span class='ocrx_word' id='word_1_42' title='bbox 1139 1052 1258 1103; x_wconf 89' lang='lat'><strong>137.</strong></span> <span class='ocrx_word' id='word_1_43' title='bbox 1311 1041 1694 1100; x_wconf 87' lang='lat' dir='ltr'><strong>Hierosolima</strong></span> <span class='ocrx_word' id='word_1_44' title='bbox 1724 1040 1818 1128; x_wconf 85' lang='lat' dir='ltr'><strong>ab</strong></span> <span class='ocrx_word' id='word_1_45' title='bbox 1872 1037 2036 1095; x_wconf 84' lang='lat' dir='ltr'><strong>Helio</strong></span> 
     </span>
    </p>
   </div>
   <div class='ocr_carea' id='block_1_10' title="bbox 396 1127 2037 1203">
    <p class='ocr_par' dir='ltr' id='par_1_10' title="bbox 396 1127 2037 1203">
     <span class='ocr_line' id='line_1_10' title="bbox 396 1127 2037 1203; baseline -0.014 0"><span class='ocrx_word' id='word_1_46' title='bbox 396 1127 650 1203; x_wconf 88' lang='lat' dir='ltr'><strong>Adriano</strong></span> <span class='ocrx_word' id='word_1_47' title='bbox 673 1142 1004 1199; x_wconf 71' lang='lat' dir='ltr'><strong>restaurata</strong></span> <span class='ocrx_word' id='word_1_48' title='bbox 1029 1140 1088 1193; x_wconf 92' lang='lat' dir='ltr'><strong>et</strong></span> <span class='ocrx_word' id='word_1_49' title='bbox 1116 1135 1188 1192; x_wconf 89' lang='lat' dir='ltr'><strong>ab</strong></span> <span class='ocrx_word' id='word_1_50' title='bbox 1217 1132 1345 1203; x_wconf 86' lang='lat' dir='ltr'><strong>ejus</strong></span> <span class='ocrx_word' id='word_1_51' title='bbox 1373 1130 1604 1188; x_wconf 91' lang='lat' dir='ltr'><strong>nomine</strong></span> <span class='ocrx_word' id='word_1_52' title='bbox 1637 1127 1796 1184; x_wconf 83' lang='lat' dir='ltr'><strong>Helia</strong></span> <span class='ocrx_word' id='word_1_53' title='bbox 1831 1131 2037 1183; x_wconf 89' lang='lat' dir='ltr'><strong>vocata</strong></span> 
     </span>
    </p>
   </div>
   <div class='ocr_carea' id='block_1_11' title="bbox 395 1237 504 1292">
    <p class='ocr_par' dir='ltr' id='par_1_11' title="bbox 395 1237 504 1292">
     <span class='ocr_line' id='line_1_11' title="bbox 395 1237 504 1292; baseline -0.018 0"><span class='ocrx_word' id='word_1_54' title='bbox 395 1237 504 1292; x_wconf 90' lang='lat' dir='ltr'><strong>est.</strong></span> 
     </span>
    </p>
   </div>
   <div class='ocr_carea' id='block_1_12' title="bbox 467 1301 2040 1391">
    <p class='ocr_par' dir='ltr' id='par_1_12' title="bbox 467 1301 2040 1391">
     <span class='ocr_line' id='line_1_12' title="bbox 467 1301 2040 1391; baseline -0.015 -12"><span class='ocrx_word' id='word_1_55' title='bbox 467 1327 555 1379; x_wconf 83' lang='grc'><strong>20.</strong></span> <span class='ocrx_word' id='word_1_56' title='bbox 593 1319 806 1391; x_wconf 64' lang='lat' dir='ltr'><strong>(litem)</strong></span> <span class='ocrx_word' id='word_1_57' title='bbox 839 1319 902 1372; x_wconf 88' lang='lat' dir='ltr'><strong>A.</strong></span> <span class='ocrx_word' id='word_1_58' title='bbox 936 1316 998 1371; x_wconf 94' lang='lat' dir='ltr'><strong>D.</strong></span> <span class='ocrx_word' id='word_1_59' title='bbox 1037 1316 1156 1369; x_wconf 91' lang='lat'><strong>138.</strong></span> <span class='ocrx_word' id='word_1_60' title='bbox 1192 1312 1415 1366; x_wconf 86' lang='lat' dir='ltr'><strong>Marcus</strong></span> <span class='ocrx_word' id='word_1_61' title='bbox 1449 1303 1850 1362; x_wconf 79' lang='lat' dir='ltr'><strong>liierosolimae</strong></span> <span class='ocrx_word' id='word_1_62' title='bbox 1885 1301 2040 1358; x_wconf 92' lang='lat' dir='ltr'><strong>ordi-</strong></span> 
     </span>
    </p>
   </div>
   <div class='ocr_carea' id='block_1_13' title="bbox 398 1393 2037 1480">
    <p class='ocr_par' dir='ltr' id='par_1_13' title="bbox 398 1393 2037 1480">
     <span class='ocr_line' id='line_1_13' title="bbox 398 1393 2037 1480; baseline -0.015 -12"><span class='ocrx_word' id='word_1_63' title='bbox 398 1417 572 1468; x_wconf 91' lang='lat' dir='ltr'><strong>natur</strong></span> <span class='ocrx_word' id='word_1_64' title='bbox 600 1407 915 1480; x_wconf 89' lang='lat' dir='ltr'><strong>episcopus</strong></span> <span class='ocrx_word' id='word_1_65' title='bbox 963 1402 1186 1475; x_wconf 91' lang='lat' dir='ltr'><strong>primus</strong></span> <span class='ocrx_word' id='word_1_66' title='bbox 1233 1413 1306 1453; x_wconf 85' lang='lat' dir='ltr'><strong>ex</strong></span> <span class='ocrx_word' id='word_1_67' title='bbox 1355 1393 1650 1465; x_wconf 79' lang='lat' dir='ltr'><strong>gentibus,</strong></span> <span class='ocrx_word' id='word_1_68' title='bbox 1697 1407 1824 1449; x_wconf 91' lang='lat' dir='ltr'><strong>cum</strong></span> <span class='ocrx_word' id='word_1_69' title='bbox 1867 1394 2037 1446; x_wconf 89' lang='lat' dir='ltr'><strong>antea</strong></span> 
     </span>
    </p>
   </div>
   <div class='ocr_carea' id='block_1_14' title="bbox 397 1484 1574 1568">
    <p class='ocr_par' dir='ltr' id='par_1_14' title="bbox 397 1484 1574 1568">
     <span class='ocr_line' id='line_1_14' title="bbox 397 1484 1574 1568; baseline -0.017 -11"><span class='ocrx_word' id='word_1_70' title='bbox 397 1500 614 1556; x_wconf 83' lang='lat' dir='ltr'><strong>fuerint</strong></span> <span class='ocrx_word' id='word_1_71' title='bbox 646 1492 979 1568; x_wconf 86' lang='lat' dir='ltr'><strong>quindecim</strong></span> <span class='ocrx_word' id='word_1_72' title='bbox 1012 1505 1084 1547; x_wconf 86' lang='lat' dir='ltr'><strong>ex</strong></span> <span class='ocrx_word' id='word_1_73' title='bbox 1107 1484 1574 1545; x_wconf 85' lang='lat' dir='ltr'><strong>circumcisione.</strong></span> 
     </span>
    </p>
   </div>
   <div class='ocr_carea' id='block_1_15' title="bbox 468 1565 2040 1649">
    <p class='ocr_par' dir='ltr' id='par_1_15' title="bbox 468 1565 2040 1649">
     <span class='ocr_line' id='line_1_15' title="bbox 468 1565 2040 1649; baseline -0.015 -6"><span class='ocrx_word' id='word_1_74' title='bbox 468 1592 556 1643; x_wconf 91' lang='lat'><strong>21.</strong></span> <span class='ocrx_word' id='word_1_75' title='bbox 589 1565 753 1640; x_wconf 70' lang='lat' dir='ltr'><strong>Joun.</strong></span> <span class='ocrx_word' id='word_1_76' title='bbox 787 1583 876 1640; x_wconf 73' lang='lat' dir='ltr'><strong>De</strong></span> <span class='ocrx_word' id='word_1_77' title='bbox 899 1593 954 1636; x_wconf 78' lang='lat' dir='ltr'><strong>r.</strong></span> <span class='ocrx_word' id='word_1_78' title='bbox 985 1578 1072 1649; x_wconf 74' lang='grc' dir='ltr'><strong>ε.)</strong></span> <span class='ocrx_word' id='word_1_79' title='bbox 1105 1578 1170 1632; x_wconf 94' lang='lat' dir='ltr'><strong>A.</strong></span> <span class='ocrx_word' id='word_1_80' title='bbox 1205 1577 1267 1629; x_wconf 88' lang='grc' dir='ltr'><strong>Ι).</strong></span> <span class='ocrx_word' id='word_1_81' title='bbox 1321 1576 1440 1628; x_wconf 83' lang='grc'>139.</span> <span class='ocrx_word' id='word_1_82' title='bbox 1497 1568 1787 1624; x_wconf 84' lang='lat' dir='ltr'><strong>Adrianus</strong></span> <span class='ocrx_word' id='word_1_83' title='bbox 1840 1565 2040 1620; x_wconf 88' lang='lat' dir='ltr'><strong>morbo</strong></span> 
     </span>
    </p>
   </div>
   <div class='ocr_carea' id='block_1_16' title="bbox 399 1653 2043 1732">
    <p class='ocr_par' dir='ltr' id='par_1_16' title="bbox 399 1653 2043 1732">
     <span class='ocr_line' id='line_1_16' title="bbox 399 1653 2043 1732; baseline -0.016 1"><span class='ocrx_word' id='word_1_84' title='bbox 399 1677 760 1732; x_wconf 89' lang='lat' dir='ltr'><strong>subcutaneo</strong></span> <span class='ocrx_word' id='word_1_85' title='bbox 785 1668 1050 1725; x_wconf 90' lang='lat' dir='ltr'><strong>moritur.</strong></span> <span class='ocrx_word' id='word_1_86' title='bbox 1078 1667 1195 1720; x_wconf 87' lang='lat' dir='ltr'><strong>Hoc</strong></span> <span class='ocrx_word' id='word_1_87' title='bbox 1219 1663 1520 1731; x_wconf 80' lang='lat' dir='ltr'><strong>regnante,</strong></span> <span class='ocrx_word' id='word_1_88' title='bbox 1539 1657 1744 1727; x_wconf 86' lang='lat' dir='ltr'><strong>Aquila</strong></span> <span class='ocrx_word' id='word_1_89' title='bbox 1764 1653 2043 1710; x_wconf 87' lang='lat' dir='ltr'><strong>Ponticus</strong></span> 
     </span>
    </p>
   </div>
   <div class='ocr_carea' id='block_1_17' title="bbox 401 1745 2036 1834">
    <p class='ocr_par' dir='ltr' id='par_1_17' title="bbox 401 1745 2036 1834">
     <span class='ocr_line' id='line_1_17' title="bbox 401 1745 2036 1834; baseline -0.015 -15"><span class='ocrx_word' id='word_1_90' title='bbox 401 1763 734 1834; x_wconf 90' lang='lat' dir='ltr'><strong>Seripturas</strong></span> <span class='ocrx_word' id='word_1_91' title='bbox 765 1770 964 1815; x_wconf 91' lang='lat' dir='ltr'><strong>sacras</strong></span> <span class='ocrx_word' id='word_1_92' title='bbox 993 1754 1064 1810; x_wconf 91' lang='lat' dir='ltr'><strong>de</strong></span> <span class='ocrx_word' id='word_1_93' title='bbox 1094 1753 1320 1808; x_wconf 88' lang='lat' dir='ltr'><strong>Hebreo</strong></span> <span class='ocrx_word' id='word_1_94' title='bbox 1350 1745 1652 1804; x_wconf 88' lang='lat' dir='ltr'><strong>transtulit</strong></span> <span class='ocrx_word' id='word_1_95' title='bbox 1683 1745 1736 1798; x_wconf 92' lang='lat' dir='ltr'><strong>in</strong></span> <span class='ocrx_word' id='word_1_96' title='bbox 1771 1745 2036 1796; x_wconf 87' lang='lat' dir='ltr'><strong>Grecum.</strong></span> 
     </span>
    </p>
   </div>
   <div class='ocr_carea' id='block_1_18' title="bbox 406 1845 878 1909">
    <p class='ocr_par' dir='ltr' id='par_1_18' title="bbox 406 1845 878 1909">
     <span class='ocr_line' id='line_1_18' title="bbox 406 1845 878 1909; baseline -0.021 0"><span class='ocrx_word' id='word_1_97' title='bbox 406 1851 552 1909; x_wconf 85' lang='lat' dir='ltr'><strong>Anni</strong></span> <span class='ocrx_word' id='word_1_98' title='bbox 583 1845 878 1904; x_wconf 84' lang='lat' dir='ltr'><strong>Antonini.</strong></span> 
     </span>
    </p>
   </div>
   <div class='ocr_carea' id='block_1_19' title="bbox 473 1917 2042 2009">
    <p class='ocr_par' dir='ltr' id='par_1_19' title="bbox 473 1917 2042 2009">
     <span class='ocr_line' id='line_1_19' title="bbox 473 1917 2042 2009; baseline -0.015 -14"><span class='ocrx_word' id='word_1_99' title='bbox 473 1939 684 2009; x_wconf 69' lang='grc' dir='ltr'><strong>(ΗΑη.)</strong></span> <span class='ocrx_word' id='word_1_100' title='bbox 718 1938 880 1990; x_wconf 89' lang='lat' dir='ltr'><strong>Anno</strong></span> <span class='ocrx_word' id='word_1_101' title='bbox 913 1929 1214 1987; x_wconf 66' lang='lat' dir='ltr'><strong>dominica:</strong></span> <span class='ocrx_word' id='word_1_102' title='bbox 1248 1921 1664 1980; x_wconf 85' lang='lat' dir='ltr'><strong>incarnationis</strong></span> <span class='ocrx_word' id='word_1_103' title='bbox 1717 1922 1834 1975; x_wconf 81' lang='grc'><strong>140.</strong></span> <span class='ocrx_word' id='word_1_104' title='bbox 1869 1917 2042 1974; x_wconf 81' lang='lat' dir='ltr'><strong>Urbis</strong></span> 
     </span>
    </p>
   </div>
   <div class='ocr_carea' id='block_1_20' title="bbox 398 2007 2046 2086">
    <p class='ocr_par' dir='ltr' id='par_1_20' title="bbox 398 2007 2046 2086">
     <span class='ocr_line' id='line_1_20' title="bbox 398 2007 2046 2086; baseline -0.015 -1"><span class='ocrx_word' id='word_1_105' title='bbox 398 2007 809 2086; x_wconf 24' lang='lat' dir='ltr'><strong>conditze&#39;891.</strong></span> <span class='ocrx_word' id='word_1_106' title='bbox 839 2019 1168 2079; x_wconf 87' lang='lat' dir='ltr'><strong>Antoninus</strong></span> <span class='ocrx_word' id='word_1_107' title='bbox 1201 2015 1438 2072; x_wconf 88' lang='lat' dir='ltr'><strong>Fulvius</strong></span> <span class='ocrx_word' id='word_1_108' title='bbox 1470 2011 1763 2079; x_wconf 85' lang='lat' dir='ltr'><strong>Boionius,</strong></span> <span class='ocrx_word' id='word_1_109' title='bbox 1787 2007 1882 2078; x_wconf 86' lang='lat' dir='ltr'><strong>qui</strong></span> <span class='ocrx_word' id='word_1_110' title='bbox 1917 2021 2046 2078; x_wconf 91' lang='lat' dir='ltr'><strong>pro-</strong></span> 
     </span>
    </p>
   </div>
   <div class='ocr_carea' id='block_1_21' title="bbox 402 2096 2048 2190">
    <p class='ocr_par' dir='ltr' id='par_1_21' title="bbox 402 2096 2048 2190">
     <span class='ocr_line' id='line_1_21' title="bbox 402 2096 2048 2190; baseline -0.015 -16"><span class='ocrx_word' id='word_1_111' title='bbox 402 2123 533 2190; x_wconf 89' lang='lat' dir='ltr'><strong>pter</strong></span> <span class='ocrx_word' id='word_1_112' title='bbox 562 2111 932 2172; x_wconf 77' lang='lat' dir='ltr'><strong>clementiam</strong></span> <span class='ocrx_word' id='word_1_113' title='bbox 958 2112 1162 2180; x_wconf 89' lang='lat' dir='ltr'><strong>postea</strong></span> <span class='ocrx_word' id='word_1_114' title='bbox 1187 2101 1632 2173; x_wconf 87' lang='lat' dir='ltr'><strong>cognominatus</strong></span> <span class='ocrx_word' id='word_1_115' title='bbox 1657 2104 1747 2153; x_wconf 88' lang='lat' dir='ltr'><strong>est</strong></span> <span class='ocrx_word' id='word_1_116' title='bbox 1773 2096 1929 2164; x_wconf 86' lang='lat' dir='ltr'><strong>Pius,</strong></span> <span class='ocrx_word' id='word_1_117' title='bbox 1954 2109 2048 2163; x_wconf 87' lang='lat' dir='ltr'><strong>ge-</strong></span> 
     </span>
    </p>
   </div>
   <div class='ocr_carea' id='block_1_22' title="bbox 403 2183 2052 2270">
    <p class='ocr_par' dir='ltr' id='par_1_22' title="bbox 403 2183 2052 2270">
     <span class='ocr_line' id='line_1_22' title="bbox 403 2183 2052 2270; baseline -0.016 -7"><span class='ocrx_word' id='word_1_118' title='bbox 403 2183 542 2263; x_wconf 76' lang='lat' dir='ltr'><strong>nere</strong></span> <span class='ocrx_word' id='word_1_119' title='bbox 559 2202 626 2236; x_wconf 82' lang='grc'><strong>⁸⁸⁷</strong></span> <span class='ocrx_word' id='word_1_120' title='bbox 650 2201 833 2270; x_wconf 91' lang='lat' dir='ltr'><strong>claro,</strong></span> <span class='ocrx_word' id='word_1_121' title='bbox 859 2197 961 2254; x_wconf 89' lang='lat' dir='ltr'><strong>sed</strong></span> <span class='ocrx_word' id='word_1_122' title='bbox 993 2210 1107 2251; x_wconf 92' lang='lat' dir='ltr'><strong>non</strong></span> <span class='ocrx_word' id='word_1_123' title='bbox 1132 2191 1437 2249; x_wconf 92' lang='lat' dir='ltr'><strong>admodum</strong></span> <span class='ocrx_word' id='word_1_124' title='bbox 1461 2192 1685 2256; x_wconf 92' lang='lat' dir='ltr'><strong>vetcrc,</strong></span> <span class='ocrx_word' id='word_1_125' title='bbox 1713 2185 1932 2240; x_wconf 89' lang='lat' dir='ltr'><strong>tercius</strong></span> <span class='ocrx_word' id='word_1_126' title='bbox 1955 2183 2052 2238; x_wconf 91' lang='lat' dir='ltr'><strong>de-</strong></span> 
     </span>
    </p>
   </div>
   <div class='ocr_carea' id='block_1_23' title="bbox 404 2270 2053 2357">
    <p class='ocr_par' dir='ltr' id='par_1_23' title="bbox 404 2270 2053 2357">
     <span class='ocr_line' id='line_1_23' title="bbox 404 2270 2053 2357; baseline -0.016 -7"><span class='ocrx_word' id='word_1_127' title='bbox 404 2294 591 2350; x_wconf 89' lang='lat' dir='ltr'><strong>cimus</strong></span> <span class='ocrx_word' id='word_1_128' title='bbox 619 2291 692 2346; x_wconf 88' lang='lat' dir='ltr'><strong>ab</strong></span> <span class='ocrx_word' id='word_1_129' title='bbox 723 2290 1008 2357; x_wconf 89' lang='lat' dir='ltr'><strong>Augusto,</strong></span> <span class='ocrx_word' id='word_1_130' title='bbox 1033 2281 1280 2338; x_wconf 90' lang='lat' dir='ltr'><strong>sortitus</strong></span> <span class='ocrx_word' id='word_1_131' title='bbox 1307 2282 1399 2334; x_wconf 88' lang='lat' dir='ltr'><strong>est</strong></span> <span class='ocrx_word' id='word_1_132' title='bbox 1433 2275 1738 2346; x_wconf 82' lang='lat' dir='ltr'><strong>imperium</strong></span> <span class='ocrx_word' id='word_1_133' title='bbox 1765 2270 2053 2340; x_wconf 88' lang='lat' dir='ltr'><strong>regnavit-</strong></span> 
     </span>
    </p>
   </div>
   <div class='ocr_carea' id='block_1_24' title="bbox 409 2360 2053 2453">
    <p class='ocr_par' dir='ltr' id='par_1_24' title="bbox 409 2360 2053 2453">
     <span class='ocr_line' id='line_1_24' title="bbox 409 2360 2053 2453; baseline -0.015 -15"><span class='ocrx_word' id='word_1_134' title='bbox 409 2396 520 2453; x_wconf 91' lang='lat' dir='ltr'><strong>que</strong></span> <span class='ocrx_word' id='word_1_135' title='bbox 567 2377 734 2435; x_wconf 89' lang='lat' dir='ltr'><strong>annis</strong></span> <span class='ocrx_word' id='word_1_136' title='bbox 775 2379 864 2444; x_wconf 92' lang='lat'><strong>22,</strong></span> <span class='ocrx_word' id='word_1_137' title='bbox 898 2385 1128 2428; x_wconf 90' lang='lat' dir='ltr'><strong>menses</strong></span> <span class='ocrx_word' id='word_1_138' title='bbox 1153 2373 1296 2424; x_wconf 89' lang='lat' dir='ltr'><strong>tres.</strong></span> <span class='ocrx_word' id='word_1_139' title='bbox 1333 2368 1500 2435; x_wconf 79' lang='lat' dir='ltr'><strong>(Ann.</strong></span> <span class='ocrx_word' id='word_1_140' title='bbox 1536 2362 1768 2418; x_wconf 82' lang='lat' dir='ltr'><strong>V.—H.</strong></span> <span class='ocrx_word' id='word_1_141' title='bbox 1799 2360 1902 2430; x_wconf 90' lang='lat' dir='ltr'><strong>m.)</strong></span> <span class='ocrx_word' id='word_1_142' title='bbox 1937 2361 2053 2415; x_wconf 88' lang='lat' dir='ltr'><strong>Iste</strong></span> 
     </span>
    </p>
   </div>
   <div class='ocr_carea' id='block_1_25' title="bbox 410 2450 2055 2532">
    <p class='ocr_par' dir='ltr' id='par_1_25' title="bbox 410 2450 2055 2532">
     <span class='ocr_line' id='line_1_25' title="bbox 410 2450 2055 2532; baseline -0.015 -6"><span class='ocrx_word' id='word_1_143' title='bbox 410 2450 482 2527; x_wconf 79' lang='lat' dir='ltr'><strong>ab</strong></span> <span class='ocrx_word' id='word_1_144' title='bbox 515 2465 770 2523; x_wconf 88' lang='lat' dir='ltr'><strong>Adriano</strong></span> <span class='ocrx_word' id='word_1_145' title='bbox 799 2461 1112 2532; x_wconf 88' lang='lat' dir='ltr'><strong>adoptatus</strong></span> <span class='ocrx_word' id='word_1_146' title='bbox 1141 2460 1230 2512; x_wconf 92' lang='lat' dir='ltr'><strong>est</strong></span> <span class='ocrx_word' id='word_1_147' title='bbox 1265 2455 1319 2510; x_wconf 92' lang='lat' dir='ltr'><strong>in</strong></span> <span class='ocrx_word' id='word_1_148' title='bbox 1357 2453 1556 2519; x_wconf 84' lang='lat' dir='ltr'><strong>filium,</strong></span> <span class='ocrx_word' id='word_1_149' title='bbox 1590 2450 1758 2519; x_wconf 91' lang='lat' dir='ltr'><strong>cujus</strong></span> <span class='ocrx_word' id='word_1_150' title='bbox 1787 2452 1843 2503; x_wconf 90' lang='lat' dir='ltr'><strong>et</strong></span> <span class='ocrx_word' id='word_1_151' title='bbox 1876 2461 2055 2517; x_wconf 83' lang='lat' dir='ltr'><strong>gener</strong></span> 
     </span>
    </p>
   </div>
   <div class='ocr_carea' id='block_1_26' title="bbox 411 2536 2058 2626">
    <p class='ocr_par' dir='ltr' id='par_1_26' title="bbox 411 2536 2058 2626">
     <span class='ocr_line' id='line_1_26' title="bbox 411 2536 2058 2626; baseline -0.016 -12"><span class='ocrx_word' id='word_1_152' title='bbox 411 2554 651 2626; x_wconf 86' lang='lat' dir='ltr'><strong>fuit,vir</strong></span> <span class='ocrx_word' id='word_1_153' title='bbox 673 2549 939 2620; x_wconf 83' lang='lat' dir='ltr'><strong>insignis,</strong></span> <span class='ocrx_word' id='word_1_154' title='bbox 964 2553 1024 2603; x_wconf 91' lang='lat' dir='ltr'><strong>et</strong></span> <span class='ocrx_word' id='word_1_155' title='bbox 1048 2545 1143 2617; x_wconf 87' lang='lat' dir='ltr'><strong>qui</strong></span> <span class='ocrx_word' id='word_1_156' title='bbox 1170 2543 1380 2600; x_wconf 91' lang='lat' dir='ltr'><strong>merito</strong></span> <span class='ocrx_word' id='word_1_157' title='bbox 1402 2543 1599 2596; x_wconf 64' lang='lat' dir='ltr'><strong>Numa)</strong></span> <span class='ocrx_word' id='word_1_158' title='bbox 1621 2536 1903 2608; x_wconf 76' lang='lat' dir='ltr'><strong>Poinpilio</strong></span> <span class='ocrx_word' id='word_1_159' title='bbox 1924 2549 2058 2590; x_wconf 92' lang='lat' dir='ltr'><strong>con-</strong></span> 
     </span>
    </p>
   </div>
   <div class='ocr_carea' id='block_1_27' title="bbox 409 2623 2053 2712">
    <p class='ocr_par' dir='ltr' id='par_1_27' title="bbox 409 2623 2053 2712">
     <span class='ocr_line' id='line_1_27' title="bbox 409 2623 2053 2712; baseline -0.016 -9"><span class='ocrx_word' id='word_1_160' title='bbox 409 2623 653 2712; x_wconf 80' lang='lat' dir='ltr'><strong>feratur,</strong></span> <span class='ocrx_word' id='word_1_161' title='bbox 689 2639 840 2697; x_wconf 90' lang='lat' dir='ltr'><strong>sicut</strong></span> <span class='ocrx_word' id='word_1_162' title='bbox 869 2641 928 2693; x_wconf 93' lang='lat' dir='ltr'><strong>et</strong></span> <span class='ocrx_word' id='word_1_163' title='bbox 961 2635 1241 2704; x_wconf 89' lang='lat' dir='ltr'><strong>Trajanus</strong></span> <span class='ocrx_word' id='word_1_164' title='bbox 1282 2629 1528 2686; x_wconf 81' lang='lat' dir='ltr'><strong>Romqu</strong></span> <span class='ocrx_word' id='word_1_165' title='bbox 1577 2630 1863 2697; x_wconf 64' lang='lat' dir='ltr'><strong>aequatur.</strong></span> <span class='ocrx_word' id='word_1_166' title='bbox 1900 2623 2053 2678; x_wconf 86' lang='lat' dir='ltr'><strong>Vixit</strong></span> 
     </span>
    </p>
   </div>
   <div class='ocr_carea' id='block_1_28' title="bbox 411 2709 2054 2804">
    <p class='ocr_par' dir='ltr' id='par_1_28' title="bbox 411 2709 2054 2804">
     <span class='ocr_line' id='line_1_28' title="bbox 411 2709 2054 2804; baseline -0.015 -14"><span class='ocrx_word' id='word_1_167' title='bbox 411 2709 969 2804; x_wconf 30' lang='lat' dir='ltr'><strong>ingenti-honestate</strong></span> <span class='ocrx_word' id='word_1_168' title='bbox 999 2723 1287 2794; x_wconf 90' lang='lat' dir='ltr'><strong>privatus,</strong></span> <span class='ocrx_word' id='word_1_169' title='bbox 1323 2717 1506 2787; x_wconf 82' lang='lat' dir='ltr'><strong>major</strong></span> <span class='ocrx_word' id='word_1_170' title='bbox 1535 2717 1588 2770; x_wconf 91' lang='lat' dir='ltr'><strong>in</strong></span> <span class='ocrx_word' id='word_1_171' title='bbox 1623 2713 1886 2785; x_wconf 90' lang='lat' dir='ltr'><strong>imperio,</strong></span> <span class='ocrx_word' id='word_1_172' title='bbox 1911 2709 2054 2768; x_wconf 89' lang='lat' dir='ltr'><strong>nulli</strong></span> 
     </span>
    </p>
   </div>
   <div class='ocr_carea' id='block_1_29' title="bbox 412 2799 2056 2888">
    <p class='ocr_par' dir='ltr' id='par_1_29' title="bbox 412 2799 2056 2888">
     <span class='ocr_line' id='line_1_29' title="bbox 412 2799 2056 2888; baseline -0.014 -9"><span class='ocrx_word' id='word_1_173' title='bbox 412 2799 682 2888; x_wconf 72' lang='lat' dir='ltr'><strong>acerbus,</strong></span> <span class='ocrx_word' id='word_1_174' title='bbox 717 2814 948 2873; x_wconf 89' lang='lat' dir='ltr'><strong>cunctis</strong></span> <span class='ocrx_word' id='word_1_175' title='bbox 991 2809 1300 2879; x_wconf 88' lang='lat' dir='ltr'><strong>benignus,</strong></span> <span class='ocrx_word' id='word_1_176' title='bbox 1355 2805 1409 2860; x_wconf 94' lang='lat' dir='ltr'><strong>in</strong></span> <span class='ocrx_word' id='word_1_177' title='bbox 1457 2819 1518 2860; x_wconf 90' lang='lat' dir='ltr'><strong>re</strong></span> <span class='ocrx_word' id='word_1_178' title='bbox 1565 2801 1802 2858; x_wconf 89' lang='lat' dir='ltr'><strong>militari</strong></span> <span class='ocrx_word' id='word_1_179' title='bbox 1852 2799 2056 2870; x_wconf 63' lang='lat' dir='ltr'><strong>gloriae</strong></span> 
     </span>
    </p>
   </div>
   <div class='ocr_carea' id='block_1_30' title="bbox 413 2891 2059 2974">
    <p class='ocr_par' dir='ltr' id='par_1_30' title="bbox 413 2891 2059 2974">
     <span class='ocr_line' id='line_1_30' title="bbox 413 2891 2059 2974; baseline -0.015 -7"><span class='ocrx_word' id='word_1_180' title='bbox 413 2910 770 2974; x_wconf 90' lang='lat' dir='ltr'><strong>moderator,</strong></span> <span class='ocrx_word' id='word_1_181' title='bbox 805 2899 1122 2958; x_wconf 85' lang='lat' dir='ltr'><strong>defendere</strong></span> <span class='ocrx_word' id='word_1_182' title='bbox 1154 2895 1336 2966; x_wconf 91' lang='lat' dir='ltr'><strong>magis</strong></span> <span class='ocrx_word' id='word_1_183' title='bbox 1369 2891 1700 2966; x_wconf 88' lang='lat' dir='ltr'><strong>provincias</strong></span> <span class='ocrx_word' id='word_1_184' title='bbox 1741 2903 1912 2960; x_wconf 91' lang='lat' dir='ltr'><strong>quam</strong></span> <span class='ocrx_word' id='word_1_185' title='bbox 1943 2902 2059 2944; x_wconf 87' lang='lat' dir='ltr'><strong>am-</strong></span> 
     </span>
    </p>
   </div>
   <div class='ocr_carea' id='block_1_31' title="bbox 415 2976 2055 3073">
    <p class='ocr_par' dir='ltr' id='par_1_31' title="bbox 415 2976 2055 3073">
     <span class='ocr_line' id='line_1_31' title="bbox 415 2976 2055 3073; baseline -0.016 -18"><span class='ocrx_word' id='word_1_186' title='bbox 415 2999 600 3073; x_wconf 91' lang='lat' dir='ltr'><strong>pliare</strong></span> <span class='ocrx_word' id='word_1_187' title='bbox 632 2993 900 3060; x_wconf 88' lang='lat' dir='ltr'><strong>studens,</strong></span> <span class='ocrx_word' id='word_1_188' title='bbox 927 2989 1088 3046; x_wconf 90' lang='lat' dir='ltr'><strong>viros</strong></span> <span class='ocrx_word' id='word_1_189' title='bbox 1118 2999 1318 3055; x_wconf 65' lang='lat' dir='ltr'><strong>aequos</strong></span> <span class='ocrx_word' id='word_1_190' title='bbox 1341 2983 1409 3038; x_wconf 92' lang='lat' dir='ltr'><strong>ad</strong></span> <span class='ocrx_word' id='word_1_191' title='bbox 1433 2980 1502 3014; x_wconf 77' lang='grc'><strong>⁵⁵⁸</strong></span> <span class='ocrx_word' id='word_1_192' title='bbox 1523 2976 2055 3036; x_wconf 89' lang='lat' dir='ltr'><strong>amministrandam</strong></span> 
     </span>
    </p>
   </div>
   <div class='ocr_carea' id='block_1_32' title="bbox 414 3063 2058 3156">
    <p class='ocr_par' dir='ltr' id='par_1_32' title="bbox 414 3063 2058 3156">
     <span class='ocr_line' id='line_1_32' title="bbox 414 3063 2058 3156; baseline -0.015 -12"><span class='ocrx_word' id='word_1_193' title='bbox 414 3063 536 3144; x_wconf 73' lang='lat' dir='ltr'><strong>rem</strong></span> <span class='ocrx_word' id='word_1_194' title='bbox 569 3083 862 3156; x_wconf 88' lang='lat' dir='ltr'><strong>publicam</strong></span> <span class='ocrx_word' id='word_1_195' title='bbox 899 3090 1170 3150; x_wconf 90' lang='lat' dir='ltr'><strong>querens.</strong></span> <span class='ocrx_word' id='word_1_196' title='bbox 1195 3075 1260 3127; x_wconf 88' lang='lat' dir='ltr'><strong>Et</strong></span> <span class='ocrx_word' id='word_1_197' title='bbox 1294 3085 1425 3127; x_wconf 88' lang='lat' dir='ltr'><strong>cum</strong></span> <span class='ocrx_word' id='word_1_198' title='bbox 1459 3070 1658 3124; x_wconf 82' lang='lat' dir='ltr'><strong>orbein</strong></span> <span class='ocrx_word' id='word_1_199' title='bbox 1693 3072 1866 3122; x_wconf 68' lang='lat' dir='ltr'><strong>terra:</strong></span> <span class='ocrx_word' id='word_1_200' title='bbox 1898 3063 2058 3121; x_wconf 90' lang='lat' dir='ltr'><strong>nullo</strong></span> 
     </span>
    </p>
   </div>
   <div class='ocr_carea' id='block_1_33' title="bbox 416 3152 2060 3244">
    <p class='ocr_par' dir='ltr' id='par_1_33' title="bbox 416 3152 2060 3244">
     <span class='ocr_line' id='line_1_33' title="bbox 416 3152 2060 3244; baseline -0.015 -12"><span class='ocrx_word' id='word_1_201' title='bbox 416 3152 708 3244; x_wconf 45' lang='lat' dir='ltr'><strong>bello—per</strong></span> <span class='ocrx_word' id='word_1_202' title='bbox 739 3181 924 3224; x_wconf 90' lang='lat' dir='ltr'><strong>annos</strong></span> <span class='ocrx_word' id='word_1_203' title='bbox 953 3169 1024 3220; x_wconf 89' lang='lat'><strong>22</strong></span> <span class='ocrx_word' id='word_1_204' title='bbox 1065 3161 1417 3218; x_wconf 87' lang='lat' dir='ltr'><strong>auctoritate</strong></span> <span class='ocrx_word' id='word_1_205' title='bbox 1468 3155 1590 3212; x_wconf 88' lang='lat' dir='ltr'><strong>sola</strong></span> <span class='ocrx_word' id='word_1_206' title='bbox 1643 3153 1880 3224; x_wconf 79' lang='lat' dir='ltr'><strong>rexerit,</strong></span> <span class='ocrx_word' id='word_1_207' title='bbox 1915 3152 2060 3208; x_wconf 90' lang='lat' dir='ltr'><strong>adeo</strong></span> 
     </span>
    </p>
   </div>
   <div class='ocr_carea' id='block_1_34' title="bbox 416 3242 2060 3320">
    <p class='ocr_par' dir='ltr' id='par_1_34' title="bbox 416 3242 2060 3320">
     <span class='ocr_line' id='line_1_34' title="bbox 416 3242 2060 3320; baseline -0.016 1"><span class='ocrx_word' id='word_1_208' title='bbox 416 3242 743 3320; x_wconf 84' lang='lat' dir='ltr'><strong>tremebant</strong></span> <span class='ocrx_word' id='word_1_209' title='bbox 775 3269 906 3313; x_wconf 92' lang='lat' dir='ltr'><strong>eum</strong></span> <span class='ocrx_word' id='word_1_210' title='bbox 927 3257 984 3308; x_wconf 90' lang='lat' dir='ltr'><strong>et</strong></span> <span class='ocrx_word' id='word_1_211' title='bbox 1013 3249 1279 3307; x_wconf 91' lang='lat' dir='ltr'><strong>amabant</strong></span> <span class='ocrx_word' id='word_1_212' title='bbox 1302 3246 1497 3303; x_wconf 92' lang='lat' dir='ltr'><strong>cuncti</strong></span> <span class='ocrx_word' id='word_1_213' title='bbox 1523 3258 1694 3313; x_wconf 85' lang='lat' dir='ltr'><strong>reges</strong></span> <span class='ocrx_word' id='word_1_214' title='bbox 1713 3247 1772 3298; x_wconf 91' lang='lat' dir='ltr'><strong>et</strong></span> <span class='ocrx_word' id='word_1_215' title='bbox 1795 3242 2060 3297; x_wconf 89' lang='lat' dir='ltr'><strong>nationes</strong></span> 
     </span>
    </p>
   </div>
   <div class='ocr_carea' id='block_1_35' title="bbox 417 3329 2058 3422">
    <p class='ocr_par' dir='ltr' id='par_1_35' title="bbox 417 3329 2058 3422">
     <span class='ocr_line' id='line_1_35' title="bbox 417 3329 2058 3422; baseline -0.016 -14"><span class='ocrx_word' id='word_1_216' title='bbox 417 3367 484 3408; x_wconf 92' lang='lat' dir='ltr'><strong>ac</strong></span> <span class='ocrx_word' id='word_1_217' title='bbox 517 3346 738 3422; x_wconf 89' lang='lat' dir='ltr'><strong>populi,</strong></span> <span class='ocrx_word' id='word_1_218' title='bbox 767 3349 831 3401; x_wconf 91' lang='lat' dir='ltr'><strong>ut</strong></span> <span class='ocrx_word' id='word_1_219' title='bbox 865 3344 1160 3414; x_wconf 89' lang='lat' dir='ltr'><strong>parentem</strong></span> <span class='ocrx_word' id='word_1_220' title='bbox 1193 3337 1316 3393; x_wconf 87' lang='lat' dir='ltr'><strong>sive</strong></span> <span class='ocrx_word' id='word_1_221' title='bbox 1349 3338 1656 3406; x_wconf 89' lang='lat' dir='ltr'><strong>patronum</strong></span> <span class='ocrx_word' id='word_1_222' title='bbox 1689 3329 1870 3400; x_wconf 90' lang='lat' dir='ltr'><strong>magis</strong></span> <span class='ocrx_word' id='word_1_223' title='bbox 1891 3343 2058 3400; x_wconf 89' lang='lat' dir='ltr'><strong>quam</strong></span> 
     </span>
    </p>
   </div>
   <div class='ocr_carea' id='block_1_36' title="bbox 419 3422 2064 3500">
    <p class='ocr_par' dir='ltr' id='par_1_36' title="bbox 419 3422 2064 3500">
     <span class='ocr_line' id='line_1_36' title="bbox 419 3422 2064 3500; baseline -0.015 -3"><span class='ocrx_word' id='word_1_224' title='bbox 419 3439 716 3497; x_wconf 89' lang='lat' dir='ltr'><strong>dominum</strong></span> <span class='ocrx_word' id='word_1_225' title='bbox 747 3432 842 3489; x_wconf 88' lang='lat' dir='ltr'><strong>vel</strong></span> <span class='ocrx_word' id='word_1_226' title='bbox 868 3431 1277 3500; x_wconf 87' lang='lat' dir='ltr'><strong>imperatorem</strong></span> <span class='ocrx_word' id='word_1_227' title='bbox 1301 3438 1430 3480; x_wconf 91' lang='lat' dir='ltr'><strong>eum</strong></span> <span class='ocrx_word' id='word_1_228' title='bbox 1457 3422 1820 3492; x_wconf 88' lang='lat' dir='ltr'><strong>reputarent,</strong></span> <span class='ocrx_word' id='word_1_229' title='bbox 1837 3432 2064 3474; x_wconf 91' lang='lat' dir='ltr'><strong>omnes-</strong></span> 
     </span>
    </p>
   </div>
   <div class='ocr_carea' id='block_1_37' title="bbox 421 3506 2062 3601">
    <p class='ocr_par' dir='ltr' id='par_1_37' title="bbox 421 3506 2062 3601">
     <span class='ocr_line' id='line_1_37' title="bbox 421 3506 2062 3601; baseline -0.015 -15"><span class='ocrx_word' id='word_1_230' title='bbox 421 3544 534 3601; x_wconf 89' lang='lat' dir='ltr'><strong>que</strong></span> <span class='ocrx_word' id='word_1_231' title='bbox 563 3527 620 3582; x_wconf 94' lang='lat' dir='ltr'><strong>in</strong></span> <span class='ocrx_word' id='word_1_232' title='bbox 653 3535 870 3580; x_wconf 89' lang='lat' dir='ltr'><strong>morem</strong></span> <span class='ocrx_word' id='word_1_233' title='bbox 921 3517 1247 3575; x_wconf 72' lang='lat' dir='ltr'><strong>cwlestium</strong></span> <span class='ocrx_word' id='word_1_234' title='bbox 1293 3511 1616 3586; x_wconf 89' lang='lat' dir='ltr'><strong>propicium</strong></span> <span class='ocrx_word' id='word_1_235' title='bbox 1665 3511 1960 3580; x_wconf 88' lang='lat' dir='ltr'><strong>optantes,</strong></span> <span class='ocrx_word' id='word_1_236' title='bbox 1990 3506 2062 3562; x_wconf 89' lang='lat' dir='ltr'><strong>de</strong></span> 
     </span>
    </p>
   </div>
   <div class='ocr_carea' id='block_1_38' title="bbox 420 3595 2064 3676">
    <p class='ocr_par' dir='ltr' id='par_1_38' title="bbox 420 3595 2064 3676">
     <span class='ocr_line' id='line_1_38' title="bbox 420 3595 2064 3676; baseline -0.014 -1"><span class='ocrx_word' id='word_1_237' title='bbox 420 3595 843 3676; x_wconf 72' lang='lat' dir='ltr'><strong>controversiis</strong></span> <span class='ocrx_word' id='word_1_238' title='bbox 873 3609 1028 3664; x_wconf 91' lang='lat' dir='ltr'><strong>inter</strong></span> <span class='ocrx_word' id='word_1_239' title='bbox 1061 3621 1124 3661; x_wconf 92' lang='lat' dir='ltr'><strong>sc</strong></span> <span class='ocrx_word' id='word_1_240' title='bbox 1151 3603 1405 3675; x_wconf 87' lang='lat' dir='ltr'><strong>judicem</strong></span> <span class='ocrx_word' id='word_1_241' title='bbox 1427 3604 1758 3672; x_wconf 89' lang='lat' dir='ltr'><strong>poscerent.</strong></span> <span class='ocrx_word' id='word_1_242' title='bbox 1789 3595 1947 3652; x_wconf 81' lang='lat' dir='ltr'><strong>Obiit</strong></span> <span class='ocrx_word' id='word_1_243' title='bbox 1967 3609 2064 3652; x_wconf 89' lang='lat' dir='ltr'><strong>au-</strong></span> 
     </span>
    </p>
   </div>
   <div class='ocr_carea' id='block_1_39' title="bbox 422 3700 1154 3764">
    <p class='ocr_par' dir='ltr' id='par_1_39' title="bbox 422 3700 1154 3764">
     <span class='ocr_line' id='line_1_39' title="bbox 422 3700 1154 3764; baseline -0.02 1"><span class='ocrx_word' id='word_1_244' title='bbox 422 3713 540 3764; x_wconf 88' lang='lat' dir='ltr'><strong>tem</strong></span> <span class='ocrx_word' id='word_1_245' title='bbox 569 3718 720 3762; x_wconf 91' lang='lat' dir='ltr'><strong>anno</strong></span> <span class='ocrx_word' id='word_1_246' title='bbox 749 3702 886 3758; x_wconf 67' lang='lat' dir='ltr'><strong>vita:</strong></span> <span class='ocrx_word' id='word_1_247' title='bbox 918 3711 1037 3754; x_wconf 62' lang='lat' dir='ltr'><strong>suae</strong></span> <span class='ocrx_word' id='word_1_248' title='bbox 1067 3700 1154 3751; x_wconf 85' lang='lat'><strong>77.</strong></span> 
     </span>
    </p>
   </div>
   <div class='ocr_carea' id='block_1_40' title="bbox 493 3776 2064 3862">
    <p class='ocr_par' dir='ltr' id='par_1_40' title="bbox 493 3776 2064 3862">
     <span class='ocr_line' id='line_1_40' title="bbox 493 3776 2064 3862; baseline -0.015 -11"><span class='ocrx_word' id='word_1_249' title='bbox 493 3799 544 3850; x_wconf 94' lang='lat'><strong>1.</strong></span> <span class='ocrx_word' id='word_1_250' title='bbox 577 3790 744 3862; x_wconf 76' lang='lat' dir='ltr'><strong>(Chr.</strong></span> <span class='ocrx_word' id='word_1_251' title='bbox 792 3787 901 3858; x_wconf 87' lang='lat' dir='ltr'><strong>W.)</strong></span> <span class='ocrx_word' id='word_1_252' title='bbox 932 3783 1126 3840; x_wconf 90' lang='lat' dir='ltr'><strong>Primo</strong></span> <span class='ocrx_word' id='word_1_253' title='bbox 1160 3779 1333 3850; x_wconf 88' lang='lat' dir='ltr'><strong>hujus</strong></span> <span class='ocrx_word' id='word_1_254' title='bbox 1363 3792 1513 3852; x_wconf 85' lang='lat' dir='ltr'><strong>anno</strong></span> <span class='ocrx_word' id='word_1_255' title='bbox 1543 3776 1759 3846; x_wconf 85' lang='lat' dir='ltr'><strong>Yginus</strong></span> <span class='ocrx_word' id='word_1_256' title='bbox 1790 3787 1936 3846; x_wconf 89' lang='lat' dir='ltr'><strong>papa</strong></span> <span class='ocrx_word' id='word_1_257' title='bbox 1968 3788 2064 3862; x_wconf 83' lang='lat' dir='ltr'><strong>oc-</strong></span> 
     </span>
    </p>
   </div>
   <div class='ocr_carea' id='block_1_41' title="bbox 420 3861 2063 3944">
    <p class='ocr_par' dir='ltr' id='par_1_41' title="bbox 420 3861 2063 3944">
     <span class='ocr_line' id='line_1_41' title="bbox 420 3861 2063 3944; baseline -0.016 -3"><span class='ocrx_word' id='word_1_258' title='bbox 420 3861 595 3940; x_wconf 90' lang='lat' dir='ltr'><strong>tavbs</strong></span> <span class='ocrx_word' id='word_1_259' title='bbox 624 3877 950 3944; x_wconf 89' lang='lat' dir='ltr'><strong>ordinatus,</strong></span> <span class='ocrx_word' id='word_1_260' title='bbox 987 3871 1142 3928; x_wconf 84' lang='lat' dir='ltr'><strong>sedit</strong></span> <span class='ocrx_word' id='word_1_261' title='bbox 1171 3869 1334 3925; x_wconf 86' lang='lat' dir='ltr'><strong>annis</strong></span> <span class='ocrx_word' id='word_1_262' title='bbox 1382 3870 1434 3937; x_wconf 88' lang='grc'><strong>4,</strong></span> <span class='ocrx_word' id='word_1_263' title='bbox 1470 3863 1837 3934; x_wconf 83' lang='lat' dir='ltr'><strong>decessitque</strong></span> <span class='ocrx_word' id='word_1_264' title='bbox 1867 3864 1898 3916; x_wconf 83' lang='grc'><strong>4</strong></span> <span class='ocrx_word' id='word_1_265' title='bbox 1927 3861 2063 3916; x_wconf 90' lang='lat' dir='ltr'><strong>ldus</strong></span> 
     </span>
    </p>
   </div>
   <div class='ocr_carea' id='block_1_42' title="bbox 416 3951 2065 4037">
    <p class='ocr_par' dir='ltr' id='par_1_42' title="bbox 416 3951 2065 4037">
     <span class='ocr_line' id='line_1_42' title="bbox 416 3951 2065 4037; baseline -0.015 -8"><span class='ocrx_word' id='word_1_266' title='bbox 416 3973 652 4028; x_wconf 88' lang='lat' dir='ltr'><strong>Januar.</strong></span> <span class='ocrx_word' id='word_1_267' title='bbox 689 3967 880 4037; x_wconf 53' lang='lat' dir='ltr'><strong>(Bene:</strong></span> <span class='ocrx_word' id='word_1_268' title='bbox 906 3962 1101 4032; x_wconf 71' lang='lat' dir='ltr'><strong>mur.)</strong></span> <span class='ocrx_word' id='word_1_269' title='bbox 1131 3959 1235 4015; x_wconf 84' lang='lat' dir='ltr'><strong>Hic</strong></span> <span class='ocrx_word' id='word_1_270' title='bbox 1263 3955 1483 4014; x_wconf 91' lang='lat' dir='ltr'><strong>clerum</strong></span> <span class='ocrx_word' id='word_1_271' title='bbox 1514 3951 1820 4009; x_wconf 88' lang='lat' dir='ltr'><strong>constituit</strong></span> <span class='ocrx_word' id='word_1_272' title='bbox 1853 3954 1912 4006; x_wconf 89' lang='lat' dir='ltr'><strong>et</strong></span> <span class='ocrx_word' id='word_1_273' title='bbox 1935 3963 2065 4019; x_wconf 87' lang='lat' dir='ltr'><strong>gra-</strong></span> 
     </span>
    </p>
   </div>
   <div class='ocr_carea' id='block_1_43' title="bbox 419 4053 895 4117">
    <p class='ocr_par' dir='ltr' id='par_1_43' title="bbox 419 4053 895 4117">
     <span class='ocr_line' id='line_1_43' title="bbox 419 4053 895 4117; baseline -0.023 1"><span class='ocrx_word' id='word_1_274' title='bbox 419 4061 530 4117; x_wconf 89' lang='lat' dir='ltr'><strong>dus</strong></span> <span class='ocrx_word' id='word_1_275' title='bbox 569 4053 895 4114; x_wconf 89' lang='lat' dir='ltr'><strong>distribuit.</strong></span> 
     </span>
    </p>
   </div>
   <div class='ocr_carea' id='block_1_44' title="bbox 489 4126 2064 4216">
    <p class='ocr_par' dir='ltr' id='par_1_44' title="bbox 489 4126 2064 4216">
     <span class='ocr_line' id='line_1_44' title="bbox 489 4126 2064 4216; baseline -0.013 -12"><span class='ocrx_word' id='word_1_276' title='bbox 489 4152 543 4203; x_wconf 88' lang='lat'><strong>2.</strong></span> <span class='ocrx_word' id='word_1_277' title='bbox 603 4144 772 4216; x_wconf 73' lang='lat' dir='ltr'><strong>(0hr.</strong></span> <span class='ocrx_word' id='word_1_278' title='bbox 818 4141 928 4212; x_wconf 89' lang='lat' dir='ltr'><strong>W.)</strong></span> <span class='ocrx_word' id='word_1_279' title='bbox 970 4139 1035 4194; x_wconf 93' lang='lat' dir='ltr'><strong>A.</strong></span> <span class='ocrx_word' id='word_1_280' title='bbox 1088 4137 1152 4192; x_wconf 91' lang='lat' dir='ltr'><strong>D.</strong></span> <span class='ocrx_word' id='word_1_281' title='bbox 1207 4137 1326 4191; x_wconf 89' lang='grc'>141.</span> <span class='ocrx_word' id='word_1_282' title='bbox 1380 4131 1723 4189; x_wconf 89' lang='lat' dir='ltr'><strong>Valentinus</strong></span> <span class='ocrx_word' id='word_1_283' title='bbox 1769 4133 1828 4186; x_wconf 92' lang='lat' dir='ltr'><strong>et</strong></span> <span class='ocrx_word' id='word_1_284' title='bbox 1877 4126 2064 4184; x_wconf 90' lang='lat' dir='ltr'><strong>Cerdo</strong></span> 
     </span>
    </p>
   </div>
   <div class='ocr_carea' id='block_1_45' title="bbox 425 4222 1386 4300">
    <p class='ocr_par' dir='ltr' id='par_1_45' title="bbox 425 4222 1386 4300">
     <span class='ocr_line' id='line_1_45' title="bbox 425 4222 1386 4300; baseline -0.017 -5"><span class='ocrx_word' id='word_1_285' title='bbox 425 4231 750 4294; x_wconf 67' lang='lat' dir='ltr'><strong>aecclesiam</strong></span> <span class='ocrx_word' id='word_1_286' title='bbox 785 4229 1122 4300; x_wconf 88' lang='lat' dir='ltr'><strong>impugnant</strong></span> <span class='ocrx_word' id='word_1_287' title='bbox 1174 4222 1386 4280; x_wconf 91' lang='lat' dir='ltr'><strong>heresi.</strong></span> 
     </span>
    </p>
   </div>
   <div class='ocr_carea' id='block_1_46' title="bbox 496 4305 2064 4392">
    <p class='ocr_par' dir='ltr' id='par_1_46' title="bbox 496 4305 2064 4392">
     <span class='ocr_line' id='line_1_46' title="bbox 496 4305 2064 4392; baseline -0.013 -12"><span class='ocrx_word' id='word_1_288' title='bbox 496 4329 547 4380; x_wconf 90' lang='lat'><strong>3.</strong></span> <span class='ocrx_word' id='word_1_289' title='bbox 583 4321 794 4392; x_wconf 79' lang='lat' dir='ltr'><strong>(HIER.)</strong></span> <span class='ocrx_word' id='word_1_290' title='bbox 829 4321 894 4374; x_wconf 92' lang='lat' dir='ltr'><strong>A.</strong></span> <span class='ocrx_word' id='word_1_291' title='bbox 927 4318 990 4372; x_wconf 93' lang='lat' dir='ltr'><strong>D.</strong></span> <span class='ocrx_word' id='word_1_292' title='bbox 1041 4317 1158 4371; x_wconf 88' lang='grc'><strong>142.</strong></span> <span class='ocrx_word' id='word_1_293' title='bbox 1195 4311 1351 4368; x_wconf 91' lang='lat' dir='ltr'><strong>Idem</strong></span> <span class='ocrx_word' id='word_1_294' title='bbox 1408 4305 1800 4367; x_wconf 72' lang='lat' dir='ltr'><strong>heresiarcha:</strong></span> <span class='ocrx_word' id='word_1_295' title='bbox 1831 4307 2064 4362; x_wconf 83' lang='lat' dir='ltr'><strong>Romam</strong></span> 
     </span>
    </p>
   </div>
   <div class='ocr_carea' id='block_1_47' title="bbox 423 4429 2064 4590">
    <p class='ocr_par' dir='ltr' id='par_1_47' title="bbox 423 4429 2064 4590">
     <span class='ocr_line' id='line_1_47' title="bbox 423 4429 2064 4590; baseline -0.015 -13"><span class='ocrx_word' id='word_1_296' title='bbox 423 4429 790 4590; x_wconf 45' lang='lat' dir='ltr'><strong>vellirlltlgli.)</strong></span> <span class='ocrx_word' id='word_1_297' title='bbox 819 4512 960 4569; x_wconf 92' lang='lat' dir='ltr'><strong>A.D.</strong></span> <span class='ocrx_word' id='word_1_298' title='bbox 980 4511 1100 4566; x_wconf 83' lang='grc'><strong>143.</strong></span> <span class='ocrx_word' id='word_1_299' title='bbox 1133 4505 1397 4564; x_wconf 90' lang='lat' dir='ltr'><strong>Justinus</strong></span> <span class='ocrx_word' id='word_1_300' title='bbox 1423 4501 1829 4590; x_wconf 82' lang='lat' dir='ltr'><strong>phylosephus</strong></span> <span class='ocrx_word' id='word_1_301' title='bbox 1852 4498 2064 4590; x_wconf 80' lang='lat' dir='ltr'><strong>librum</strong></span> 
     </span>
    </p>
   </div>
   <div class='ocr_carea' id='block_1_48' title="bbox 423 4587 2067 4682">
    <p class='ocr_par' dir='ltr' id='par_1_48' title="bbox 423 4587 2067 4682">
     <span class='ocr_line' id='line_1_48' title="bbox 423 4587 2067 4682; baseline -0.014 -16"><span class='ocrx_word' id='word_1_302' title='bbox 423 4621 530 4682; x_wconf 92' lang='lat' dir='ltr'><strong>pro</strong></span> <span class='ocrx_word' id='word_1_303' title='bbox 557 4587 873 4663; x_wconf 84' lang='lat' dir='ltr'><strong>christiana</strong></span> <span class='ocrx_word' id='word_1_304' title='bbox 892 4597 1172 4668; x_wconf 87' lang='lat' dir='ltr'><strong>religione</strong></span> <span class='ocrx_word' id='word_1_305' title='bbox 1183 4591 1574 4665; x_wconf 91' lang='lat' dir='ltr'><strong>compositum</strong></span> <span class='ocrx_word' id='word_1_306' title='bbox 1591 4589 1882 4646; x_wconf 89' lang='lat' dir='ltr'><strong>Antonino</strong></span> <span class='ocrx_word' id='word_1_307' title='bbox 1899 4587 2067 4644; x_wconf 88' lang='lat' dir='ltr'><strong>obtu-</strong></span> 
     </span>
    </p>
   </div>
   <div class='ocr_carea' id='block_1_49' title="bbox 423 4676 1885 4764">
    <p class='ocr_par' dir='ltr' id='par_1_49' title="bbox 423 4676 1885 4764">
     <span class='ocr_line' id='line_1_49' title="bbox 423 4676 1885 4764; baseline -0.014 -12"><span class='ocrx_word' id='word_1_308' title='bbox 423 4676 494 4754; x_wconf 81' lang='lat' dir='ltr'><strong>lit</strong></span> <span class='ocrx_word' id='word_1_309' title='bbox 523 4707 771 4764; x_wconf 83' lang='lat' dir='ltr'><strong>eumque</strong></span> <span class='ocrx_word' id='word_1_310' title='bbox 802 4685 1135 4746; x_wconf 92' lang='lat' dir='ltr'><strong>benivolum</strong></span> <span class='ocrx_word' id='word_1_311' title='bbox 1166 4696 1304 4753; x_wconf 91' lang='lat' dir='ltr'><strong>erga</strong></span> <span class='ocrx_word' id='word_1_312' title='bbox 1335 4679 1694 4736; x_wconf 89' lang='lat' dir='ltr'><strong>christianos</strong></span> <span class='ocrx_word' id='word_1_313' title='bbox 1727 4676 1885 4732; x_wconf 89' lang='lat' dir='ltr'><strong>fecit.</strong></span> 
     </span>
    </p>
   </div>
   <div class='ocr_carea' id='block_1_50' title="bbox 495 4757 2070 4854">
    <p class='ocr_par' dir='ltr' id='par_1_50' title="bbox 495 4757 2070 4854">
     <span class='ocr_line' id='line_1_50' title="bbox 495 4757 2070 4854; baseline -0.017 -12"><span class='ocrx_word' id='word_1_314' title='bbox 495 4789 545 4841; x_wconf 78' lang='lat'><strong>5.</strong></span> <span class='ocrx_word' id='word_1_315' title='bbox 581 4757 749 4854; x_wconf 66' lang='lat' dir='ltr'><strong>(C’Itr.</strong></span> <span class='ocrx_word' id='word_1_316' title='bbox 799 4777 906 4848; x_wconf 90' lang='lat' dir='ltr'><strong>W.)</strong></span> <span class='ocrx_word' id='word_1_317' title='bbox 941 4777 1006 4830; x_wconf 94' lang='lat' dir='ltr'><strong>A.</strong></span> <span class='ocrx_word' id='word_1_318' title='bbox 1034 4775 1099 4828; x_wconf 92' lang='lat' dir='ltr'><strong>D.</strong></span> <span class='ocrx_word' id='word_1_319' title='bbox 1135 4773 1255 4827; x_wconf 90' lang='grc'><strong>144.</strong></span> <span class='ocrx_word' id='word_1_320' title='bbox 1291 4769 1430 4826; x_wconf 93' lang='lat' dir='ltr'><strong>Pius</strong></span> <span class='ocrx_word' id='word_1_321' title='bbox 1480 4781 1625 4840; x_wconf 89' lang='lat' dir='ltr'><strong>papa</strong></span> <span class='ocrx_word' id='word_1_322' title='bbox 1669 4779 1859 4822; x_wconf 89' lang='lat' dir='ltr'><strong>nonus</strong></span> <span class='ocrx_word' id='word_1_323' title='bbox 1913 4757 2070 4820; x_wconf 89' lang='lat' dir='ltr'><strong>sedit</strong></span> 
     </span>
    </p>
   </div>
   <div class='ocr_carea' id='block_1_51' title="bbox 427 4855 1568 4936">
    <p class='ocr_par' dir='ltr' id='par_1_51' title="bbox 427 4855 1568 4936">
     <span class='ocr_line' id='line_1_51' title="bbox 427 4855 1568 4936; baseline -0.018 -4"><span class='ocrx_word' id='word_1_324' title='bbox 427 4873 594 4932; x_wconf 88' lang='lat' dir='ltr'><strong>annis</strong></span> <span class='ocrx_word' id='word_1_325' title='bbox 631 4875 732 4935; x_wconf 76' lang='lat'><strong>1:5;</strong></span> <span class='ocrx_word' id='word_1_326' title='bbox 767 4863 1039 4936; x_wconf 88' lang='lat' dir='ltr'><strong>migravit</strong></span> <span class='ocrx_word' id='word_1_327' title='bbox 1067 4859 1136 4895; x_wconf 76' lang='grc'>⁸⁸⁸</span> <span class='ocrx_word' id='word_1_328' title='bbox 1165 4865 1196 4916; x_wconf 77' lang='lat'><strong>5</strong></span> <span class='ocrx_word' id='word_1_329' title='bbox 1227 4857 1368 4915; x_wconf 89' lang='lat' dir='ltr'><strong>Idus</strong></span> <span class='ocrx_word' id='word_1_330' title='bbox 1411 4855 1568 4914; x_wconf 83' lang='lat' dir='ltr'><strong>Julii.</strong></span> 
     </span>
    </p>
   </div>
   <div class='ocr_carea' id='block_1_52' title="bbox 495 4937 2072 5032">
    <p class='ocr_par' dir='ltr' id='par_1_52' title="bbox 495 4937 2072 5032">
     <span class='ocr_line' id='line_1_52' title="bbox 495 4937 2072 5032; baseline -0.017 -14"><span class='ocrx_word' id='word_1_331' title='bbox 495 4965 549 5018; x_wconf 88' lang='lat'><strong>6.</strong></span> <span class='ocrx_word' id='word_1_332' title='bbox 586 4957 800 5032; x_wconf 74' lang='grc' dir='ltr'><strong>(Ηιειι.)</strong></span> <span class='ocrx_word' id='word_1_333' title='bbox 839 4955 904 5010; x_wconf 91' lang='lat' dir='ltr'><strong>A.</strong></span> <span class='ocrx_word' id='word_1_334' title='bbox 939 4953 1002 5009; x_wconf 94' lang='lat' dir='ltr'><strong>D.</strong></span> <span class='ocrx_word' id='word_1_335' title='bbox 1057 4953 1178 5007; x_wconf 77' lang='grc'><strong>145.</strong></span> <span class='ocrx_word' id='word_1_336' title='bbox 1213 4945 1539 5007; x_wconf 74' lang='lat' dir='ltr'><strong>Antiochiae</strong></span> <span class='ocrx_word' id='word_1_337' title='bbox 1581 4941 1822 5015; x_wconf 86' lang='lat' dir='ltr'><strong>quintus</strong></span> <span class='ocrx_word' id='word_1_338' title='bbox 1853 4937 2072 4997; x_wconf 92' lang='lat' dir='ltr'><strong>consti-</strong></span> 
     </span>
    </p>
   </div>
   <div class='ocr_carea' id='block_1_53' title="bbox 417 5041 1185 5120">
    <p class='ocr_par' dir='ltr' id='par_1_53' title="bbox 417 5041 1185 5120">
     <span class='ocr_line' id='line_1_53' title="bbox 417 5041 1185 5120; baseline -0.016 -12"><span class='ocrx_word' id='word_1_339' title='bbox 417 5051 609 5110; x_wconf 88' lang='lat' dir='ltr'><strong>tuitur</strong></span> <span class='ocrx_word' id='word_1_340' title='bbox 638 5045 952 5120; x_wconf 89' lang='lat' dir='ltr'><strong>episcopus</strong></span> <span class='ocrx_word' id='word_1_341' title='bbox 976 5041 1185 5098; x_wconf 85' lang='lat' dir='ltr'><strong>Heres.</strong></span> 
     </span>
    </p>
   </div>
   <div class='ocr_carea' id='block_1_54' title="bbox 491 5117 2072 5198">
    <p class='ocr_par' dir='ltr' id='par_1_54' title="bbox 491 5117 2072 5198">
     <span class='ocr_line' id='line_1_54' title="bbox 491 5117 2072 5198; baseline -0.015 -4"><span class='ocrx_word' id='word_1_342' title='bbox 491 5143 545 5194; x_wconf 90' lang='lat'><strong>7.</strong></span> <span class='ocrx_word' id='word_1_343' title='bbox 582 5139 648 5194; x_wconf 92' lang='lat' dir='ltr'><strong>A.</strong></span> <span class='ocrx_word' id='word_1_344' title='bbox 678 5117 744 5190; x_wconf 74' lang='grc' dir='ltr'><strong>Ϊ).</strong></span> <span class='ocrx_word' id='word_1_345' title='bbox 800 5135 922 5189; x_wconf 87' lang='grc'>146.</span> <span class='ocrx_word' id='word_1_346' title='bbox 999 5125 1368 5188; x_wconf 56' lang='lat' dir='ltr'><strong>Alexandriae</strong></span> <span class='ocrx_word' id='word_1_347' title='bbox 1417 5123 1704 5198; x_wconf 89' lang='lat' dir='ltr'><strong>septimus</strong></span> <span class='ocrx_word' id='word_1_348' title='bbox 1760 5117 2072 5177; x_wconf 86' lang='lat' dir='ltr'><strong>ordinatur</strong></span> 
     </span>
    </p>
   </div>
   <div class='ocr_carea' id='block_1_55' title="bbox 422 5220 1210 5296">
    <p class='ocr_par' dir='ltr' id='par_1_55' title="bbox 422 5220 1210 5296">
     <span class='ocr_line' id='line_1_55' title="bbox 422 5220 1210 5296; baseline -0.013 -12"><span class='ocrx_word' id='word_1_349' title='bbox 422 5228 650 5284; x_wconf 80' lang='lat' dir='ltr'><strong>Marcus</strong></span> <span class='ocrx_word' id='word_1_350' title='bbox 678 5236 786 5296; x_wconf 89' lang='lat' dir='ltr'><strong>per</strong></span> <span class='ocrx_word' id='word_1_351' title='bbox 813 5220 882 5255; x_wconf 79' lang='grc'><strong>⁵⁶⁰</strong></span> <span class='ocrx_word' id='word_1_352' title='bbox 909 5233 1093 5278; x_wconf 88' lang='lat' dir='ltr'><strong>annos</strong></span> <span class='ocrx_word' id='word_1_353' title='bbox 1126 5222 1210 5275; x_wconf 91' lang='lat'><strong>10.</strong></span> 
     </span>
    </p>
   </div>
   <div class='ocr_carea' id='block_1_56' title="bbox 1394 1831 2126 1932">
    <p class='ocr_par' dir='ltr' id='par_1_56' title="bbox 1394 1831 2126 1932">
     <span class='ocr_line' id='line_1_56' title="bbox 1394 1831 2126 1932; baseline -0.015 -40"><span class='ocrx_word' id='word_1_354' title='bbox 1394 1834 1539 1932; x_wconf 80' lang='lat' dir='ltr'><strong>Anni</strong></span> <span class='ocrx_word' id='word_1_355' title='bbox 1571 1835 1642 1932; x_wconf 81' lang='lat' dir='ltr'><strong>ab</strong></span> <span class='ocrx_word' id='word_1_356' title='bbox 1685 1831 1849 1932; x_wconf 75' lang='lat' dir='ltr'><strong>initio</strong></span> <span class='ocrx_word' id='word_1_357' title='bbox 1869 1833 2036 1932; x_wconf 56' lang='grc'>4166.</span> <span class='ocrx_word' id='word_1_358' title='bbox 2070 1871 2126 1932; x_wconf 81' lang='grc' dir='ltr'>Β</span> 
     </span>
    </p>
   </div>
   <div class='ocr_carea' id='block_1_57' title="bbox 2145 589 2378 647">
    <p class='ocr_par' dir='ltr' id='par_1_57' title="bbox 2145 589 2378 647">
     <span class='ocr_line' id='line_1_57' title="bbox 2145 589 2378 647; baseline -0.017 0"><span class='ocrx_word' id='word_1_359' title='bbox 2145 589 2378 647; x_wconf 89' lang='lat' dir='ltr'><strong>claruit.</strong></span> 
     </span>
    </p>
   </div>
   <div class='ocr_carea' id='block_1_58' title="bbox 2216 665 3790 744">
    <p class='ocr_par' dir='ltr' id='par_1_58' title="bbox 2216 665 3790 744">
     <span class='ocr_line' id='line_1_58' title="bbox 2216 665 3790 744; baseline -0.01 -10"><span class='ocrx_word' id='word_1_360' title='bbox 2216 681 2301 734; x_wconf 92' lang='grc'><strong>14.</strong></span> <span class='ocrx_word' id='word_1_361' title='bbox 2342 680 2404 732; x_wconf 90' lang='lat' dir='ltr'><strong>A.</strong></span> <span class='ocrx_word' id='word_1_362' title='bbox 2431 679 2495 731; x_wconf 92' lang='lat' dir='ltr'><strong>D.</strong></span> <span class='ocrx_word' id='word_1_363' title='bbox 2522 681 2644 732; x_wconf 77' lang='lat'><strong>153.</strong></span> <span class='ocrx_word' id='word_1_364' title='bbox 2673 676 2956 730; x_wconf 88' lang='lat' dir='ltr'><strong>Crescens</strong></span> <span class='ocrx_word' id='word_1_365' title='bbox 2982 671 3212 744; x_wconf 87' lang='lat' dir='ltr'><strong>quidam</strong></span> <span class='ocrx_word' id='word_1_366' title='bbox 3248 667 3499 740; x_wconf 79' lang='lat' dir='ltr'><strong>Cynicus</strong></span> <span class='ocrx_word' id='word_1_367' title='bbox 3528 665 3790 738; x_wconf 83' lang='lat' dir='ltr'><strong>phyloso—</strong></span> 
     </span>
    </p>
   </div>
   <div class='ocr_carea' id='block_1_59' title="bbox 2145 754 3789 839">
    <p class='ocr_par' dir='ltr' id='par_1_59' title="bbox 2145 754 3789 839">
     <span class='ocr_line' id='line_1_59' title="bbox 2145 754 3789 839; baseline -0.009 -16"><span class='ocrx_word' id='word_1_368' title='bbox 2145 767 2295 839; x_wconf 88' lang='lat' dir='ltr'><strong>phus</strong></span> <span class='ocrx_word' id='word_1_369' title='bbox 2324 765 2379 820; x_wconf 91' lang='lat' dir='ltr'><strong>in</strong></span> <span class='ocrx_word' id='word_1_370' title='bbox 2407 764 2719 834; x_wconf 89' lang='lat' dir='ltr'><strong>Justinum,</strong></span> <span class='ocrx_word' id='word_1_371' title='bbox 2769 762 2954 818; x_wconf 91' lang='lat' dir='ltr'><strong>nostri</strong></span> <span class='ocrx_word' id='word_1_372' title='bbox 3009 757 3304 828; x_wconf 88' lang='lat' dir='ltr'><strong>dogmatis</strong></span> <span class='ocrx_word' id='word_1_373' title='bbox 3349 754 3789 828; x_wconf 81' lang='lat' dir='ltr'><strong>phy1030phnm,</strong></span> 
     </span>
    </p>
   </div>
   <div class='ocr_carea' id='block_1_60' title="bbox 2147 841 3799 927">
    <p class='ocr_par' dir='ltr' id='par_1_60' title="bbox 2147 841 3799 927">
     <span class='ocr_line' id='line_1_60' title="bbox 2147 841 3799 927; baseline -0.008 -16"><span class='ocrx_word' id='word_1_374' title='bbox 2147 853 2614 927; x_wconf 88' lang='lat' dir='ltr'><strong>persecutionem</strong></span> <span class='ocrx_word' id='word_1_375' title='bbox 2641 850 2840 920; x_wconf 88' lang='lat' dir='ltr'><strong>movit,</strong></span> <span class='ocrx_word' id='word_1_376' title='bbox 2869 849 3002 920; x_wconf 90' lang='lat' dir='ltr'><strong>quia</strong></span> <span class='ocrx_word' id='word_1_377' title='bbox 3028 847 3192 904; x_wconf 92' lang='lat' dir='ltr'><strong>illum</strong></span> <span class='ocrx_word' id='word_1_378' title='bbox 3222 844 3496 916; x_wconf 86' lang='lat' dir='ltr'><strong>gulosum</strong></span> <span class='ocrx_word' id='word_1_379' title='bbox 3517 847 3577 899; x_wconf 90' lang='lat' dir='ltr'><strong>et</strong></span> <span class='ocrx_word' id='word_1_380' title='bbox 3602 841 3799 914; x_wconf 85' lang='lat' dir='ltr'><strong>phylo-</strong></span> 
     </span>
    </p>
   </div>
   <div class='ocr_carea' id='block_1_61' title="bbox 2148 931 3799 1015">
    <p class='ocr_par' dir='ltr' id='par_1_61' title="bbox 2148 931 3799 1015">
     <span class='ocr_line' id='line_1_61' title="bbox 2148 931 3799 1015; baseline -0.01 -15"><span class='ocrx_word' id='word_1_381' title='bbox 2148 943 2368 1015; x_wconf 72' lang='lat' dir='ltr'><strong>sophize</strong></span> <span class='ocrx_word' id='word_1_382' title='bbox 2393 939 2888 1012; x_wconf 89' lang='lat' dir='ltr'><strong>prevaricatorem</strong></span> <span class='ocrx_word' id='word_1_383' title='bbox 2913 951 3048 994; x_wconf 88' lang='lat' dir='ltr'><strong>esse</strong></span> <span class='ocrx_word' id='word_1_384' title='bbox 3067 933 3360 1006; x_wconf 89' lang='lat' dir='ltr'><strong>coarguit,</strong></span> <span class='ocrx_word' id='word_1_385' title='bbox 3387 931 3442 987; x_wconf 90' lang='lat' dir='ltr'><strong>in</strong></span> <span class='ocrx_word' id='word_1_386' title='bbox 3469 945 3582 1002; x_wconf 89' lang='lat' dir='ltr'><strong>qua</strong></span> <span class='ocrx_word' id='word_1_387' title='bbox 3607 944 3799 1002; x_wconf 89' lang='lat' dir='ltr'><strong>perse-</strong></span> 
     </span>
    </p>
   </div>
   <div class='ocr_carea' id='block_1_62' title="bbox 2148 1018 3798 1097">
    <p class='ocr_par' dir='ltr' id='par_1_62' title="bbox 2148 1018 3798 1097">
     <span class='ocr_line' id='line_1_62' title="bbox 2148 1018 3798 1097; baseline -0.01 -9"><span class='ocrx_word' id='word_1_388' title='bbox 2148 1031 2384 1088; x_wconf 91' lang='lat' dir='ltr'><strong>cutione</strong></span> <span class='ocrx_word' id='word_1_389' title='bbox 2411 1029 2681 1086; x_wconf 83' lang='lat' dir='ltr'><strong>Justinus</strong></span> <span class='ocrx_word' id='word_1_390' title='bbox 2719 1025 2972 1097; x_wconf 85' lang='lat' dir='ltr'><strong>gloriose</strong></span> <span class='ocrx_word' id='word_1_391' title='bbox 3025 1039 3130 1097; x_wconf 91' lang='lat' dir='ltr'><strong>pro</strong></span> <span class='ocrx_word' id='word_1_392' title='bbox 3178 1021 3415 1079; x_wconf 83' lang='lat' dir='ltr'><strong>Christo</strong></span> <span class='ocrx_word' id='word_1_393' title='bbox 3461 1018 3798 1089; x_wconf 86' lang='lat' dir='ltr'><strong>sanguinem</strong></span> 
     </span>
    </p>
   </div>
   <div class='ocr_carea' id='block_1_63' title="bbox 2150 1119 2320 1176">
    <p class='ocr_par' dir='ltr' id='par_1_63' title="bbox 2150 1119 2320 1176">
     <span class='ocr_line' id='line_1_63' title="bbox 2150 1119 2320 1176; baseline -0.012 0"><span class='ocrx_word' id='word_1_394' title='bbox 2150 1119 2320 1176; x_wconf 87' lang='lat' dir='ltr'><strong>fudit.</strong></span> 
     </span>
    </p>
   </div>
   <div class='ocr_carea' id='block_1_64' title="bbox 2223 1196 3793 1276">
    <p class='ocr_par' dir='ltr' id='par_1_64' title="bbox 2223 1196 3793 1276">
     <span class='ocr_line' id='line_1_64' title="bbox 2223 1196 3793 1276; baseline -0.008 -14"><span class='ocrx_word' id='word_1_395' title='bbox 2223 1212 2309 1262; x_wconf 75' lang='grc'><strong>15.</strong></span> <span class='ocrx_word' id='word_1_396' title='bbox 2347 1209 2408 1262; x_wconf 86' lang='grc' dir='ltr'><strong>Α.</strong></span> <span class='ocrx_word' id='word_1_397' title='bbox 2445 1208 2506 1261; x_wconf 93' lang='lat' dir='ltr'><strong>D.</strong></span> <span class='ocrx_word' id='word_1_398' title='bbox 2547 1207 2663 1260; x_wconf 79' lang='grc'>154.</span> <span class='ocrx_word' id='word_1_399' title='bbox 2697 1205 2850 1276; x_wconf 80' lang='lat' dir='ltr'><strong>(Eos.</strong></span> <span class='ocrx_word' id='word_1_400' title='bbox 2905 1203 3134 1270; x_wconf 75' lang='lat' dir='ltr'><strong>H.e.lv,</strong></span> <span class='ocrx_word' id='word_1_401' title='bbox 3159 1201 3272 1272; x_wconf 91' lang='lat'><strong>13.)</strong></span> <span class='ocrx_word' id='word_1_402' title='bbox 3301 1196 3628 1253; x_wconf 85' lang='lat' dir='ltr'><strong>Antoninus</strong></span> <span class='ocrx_word' id='word_1_403' title='bbox 3647 1208 3793 1250; x_wconf 86' lang='lat' dir='ltr'><strong>com-</strong></span> 
     </span>
    </p>
   </div>
   <div class='ocr_carea' id='block_1_65' title="bbox 2149 1283 3796 1360">
    <p class='ocr_par' dir='ltr' id='par_1_65' title="bbox 2149 1283 3796 1360">
     <span class='ocr_line' id='line_1_65' title="bbox 2149 1283 3796 1360; baseline -0.009 -8"><span class='ocrx_word' id='word_1_404' title='bbox 2149 1300 2343 1352; x_wconf 90' lang='lat' dir='ltr'><strong>motus</strong></span> <span class='ocrx_word' id='word_1_405' title='bbox 2373 1293 2563 1350; x_wconf 88' lang='lat' dir='ltr'><strong>heresi</strong></span> <span class='ocrx_word' id='word_1_406' title='bbox 2599 1290 2956 1360; x_wconf 90' lang='lat' dir='ltr'><strong>Crescentis,</strong></span> <span class='ocrx_word' id='word_1_407' title='bbox 2993 1287 3286 1345; x_wconf 90' lang='lat' dir='ltr'><strong>universis</strong></span> <span class='ocrx_word' id='word_1_408' title='bbox 3319 1283 3471 1342; x_wconf 70' lang='lat' dir='ltr'><strong>Asia:</strong></span> <span class='ocrx_word' id='word_1_409' title='bbox 3524 1283 3796 1356; x_wconf 88' lang='lat' dir='ltr'><strong>plebibus</strong></span> 
     </span>
    </p>
   </div>
   <div class='ocr_carea' id='block_1_66' title="bbox 2153 1375 3258 1454">
    <p class='ocr_par' dir='ltr' id='par_1_66' title="bbox 2153 1375 3258 1454">
     <span class='ocr_line' id='line_1_66' title="bbox 2153 1375 3258 1454; baseline -0.008 -15"><span class='ocrx_word' id='word_1_410' title='bbox 2153 1383 2394 1454; x_wconf 88' lang='lat' dir='ltr'><strong>scripsit</strong></span> <span class='ocrx_word' id='word_1_411' title='bbox 2425 1381 2729 1454; x_wconf 90' lang='lat' dir='ltr'><strong>epistolam</strong></span> <span class='ocrx_word' id='word_1_412' title='bbox 2765 1395 2870 1451; x_wconf 89' lang='lat' dir='ltr'><strong>pro</strong></span> <span class='ocrx_word' id='word_1_413' title='bbox 2898 1375 3258 1435; x_wconf 90' lang='lat' dir='ltr'><strong>christianis.</strong></span> 
     </span>
    </p>
   </div>
   <div class='ocr_carea' id='block_1_67' title="bbox 2224 1457 3803 1538">
    <p class='ocr_par' dir='ltr' id='par_1_67' title="bbox 2224 1457 3803 1538">
     <span class='ocr_line' id='line_1_67' title="bbox 2224 1457 3803 1538; baseline -0.008 -12"><span class='ocrx_word' id='word_1_414' title='bbox 2224 1477 2308 1528; x_wconf 89' lang='lat'><strong>16.</strong></span> <span class='ocrx_word' id='word_1_415' title='bbox 2345 1473 2406 1526; x_wconf 87' lang='lat' dir='ltr'><strong>A.</strong></span> <span class='ocrx_word' id='word_1_416' title='bbox 2445 1473 2506 1525; x_wconf 94' lang='lat' dir='ltr'><strong>D.</strong></span> <span class='ocrx_word' id='word_1_417' title='bbox 2559 1474 2676 1524; x_wconf 73' lang='lat'><strong>1:55.</strong></span> <span class='ocrx_word' id='word_1_418' title='bbox 2732 1468 2944 1538; x_wconf 69' lang='lat' dir='ltr'><strong>(illam)</strong></span> <span class='ocrx_word' id='word_1_419' title='bbox 2993 1463 3363 1522; x_wconf 61' lang='lat' dir='ltr'><strong>Alexandriae</strong></span> <span class='ocrx_word' id='word_1_420' title='bbox 3411 1459 3690 1518; x_wconf 88' lang='lat' dir='ltr'><strong>Celadion</strong></span> <span class='ocrx_word' id='word_1_421' title='bbox 3736 1457 3803 1491; x_wconf 82' lang='lat'><strong>&#39;“</strong></span> 
     </span>
    </p>
   </div>
   <div class='ocr_carea' id='block_1_68' title="bbox 2151 1551 3394 1628">
    <p class='ocr_par' dir='ltr' id='par_1_68' title="bbox 2151 1551 3394 1628">
     <span class='ocr_line' id='line_1_68' title="bbox 2151 1551 3394 1628; baseline -0.008 -12"><span class='ocrx_word' id='word_1_422' title='bbox 2151 1560 2458 1616; x_wconf 85' lang='lat' dir='ltr'><strong>ordinatur</strong></span> <span class='ocrx_word' id='word_1_423' title='bbox 2489 1564 2750 1628; x_wconf 87' lang='lat' dir='ltr'><strong>octavus,</strong></span> <span class='ocrx_word' id='word_1_424' title='bbox 2788 1556 2884 1628; x_wconf 89' lang='lat' dir='ltr'><strong>qui</strong></span> <span class='ocrx_word' id='word_1_425' title='bbox 2928 1555 3079 1610; x_wconf 90' lang='lat' dir='ltr'><strong>sedit</strong></span> <span class='ocrx_word' id='word_1_426' title='bbox 3113 1551 3277 1610; x_wconf 92' lang='lat' dir='ltr'><strong>annis</strong></span> <span class='ocrx_word' id='word_1_427' title='bbox 3313 1554 3394 1606; x_wconf 90' lang='grc'><strong>14.</strong></span> 
     </span>
    </p>
   </div>
   <div class='ocr_carea' id='block_1_69' title="bbox 2221 1637 3804 1717">
    <p class='ocr_par' dir='ltr' id='par_1_69' title="bbox 2221 1637 3804 1717">
     <span class='ocr_line' id='line_1_69' title="bbox 2221 1637 3804 1717; baseline -0.008 -15"><span class='ocrx_word' id='word_1_428' title='bbox 2221 1651 2309 1706; x_wconf 91' lang='grc'><strong>20.</strong></span> <span class='ocrx_word' id='word_1_429' title='bbox 2346 1651 2408 1704; x_wconf 84' lang='grc' dir='ltr'>Α.</span> <span class='ocrx_word' id='word_1_430' title='bbox 2447 1650 2506 1703; x_wconf 88' lang='grc' dir='ltr'><strong>Ι).</strong></span> <span class='ocrx_word' id='word_1_431' title='bbox 2543 1652 2644 1704; x_wconf 72' lang='lat'><strong>1:59</strong></span> <span class='ocrx_word' id='word_1_432' title='bbox 2674 1646 2840 1717; x_wconf 71' lang='lat' dir='ltr'><strong>(0hr.</strong></span> <span class='ocrx_word' id='word_1_433' title='bbox 2888 1647 2970 1704; x_wconf 90' lang='lat' dir='ltr'><strong>W.</strong></span> <span class='ocrx_word' id='word_1_434' title='bbox 3003 1675 3074 1684; x_wconf 92' lang='lat'><strong><em>—</em></strong></span> <span class='ocrx_word' id='word_1_435' title='bbox 3119 1645 3280 1698; x_wconf 79' lang='lat' dir='ltr'><strong>&quot;JER.</strong></span> <span class='ocrx_word' id='word_1_436' title='bbox 3315 1674 3383 1683; x_wconf 96' lang='lat'><strong>—</strong></span> <span class='ocrx_word' id='word_1_437' title='bbox 3412 1640 3581 1695; x_wconf 57' lang='lat' dir='ltr'><strong>Bson:</strong></span> <span class='ocrx_word' id='word_1_438' title='bbox 3605 1637 3804 1708; x_wconf 68' lang='lat' dir='ltr'><strong>Mm.)</strong></span> 
     </span>
    </p>
   </div>
   <div class='ocr_carea' id='block_1_70' title="bbox 2153 1725 3797 1808">
    <p class='ocr_par' dir='ltr' id='par_1_70' title="bbox 2153 1725 3797 1808">
     <span class='ocr_line' id='line_1_70' title="bbox 2153 1725 3797 1808; baseline -0.009 -13"><span class='ocrx_word' id='word_1_439' title='bbox 2153 1739 2430 1795; x_wconf 88' lang='lat' dir='ltr'><strong>Anicetus</strong></span> <span class='ocrx_word' id='word_1_440' title='bbox 2463 1751 2610 1808; x_wconf 90' lang='lat' dir='ltr'><strong>papa</strong></span> <span class='ocrx_word' id='word_1_441' title='bbox 2639 1735 2902 1791; x_wconf 90' lang='lat' dir='ltr'><strong>decimus</strong></span> <span class='ocrx_word' id='word_1_442' title='bbox 2935 1731 3262 1802; x_wconf 88' lang='lat' dir='ltr'><strong>ordinatur,</strong></span> <span class='ocrx_word' id='word_1_443' title='bbox 3308 1728 3405 1800; x_wconf 88' lang='lat' dir='ltr'><strong>qui</strong></span> <span class='ocrx_word' id='word_1_444' title='bbox 3439 1727 3593 1784; x_wconf 85' lang='lat' dir='ltr'><strong>sedit</strong></span> <span class='ocrx_word' id='word_1_445' title='bbox 3637 1725 3797 1782; x_wconf 90' lang='lat' dir='ltr'><strong>annis</strong></span> 
     </span>
    </p>
   </div>
   <div class='ocr_carea' id='block_1_71' title="bbox 2157 1814 3804 1896">
    <p class='ocr_par' dir='ltr' id='par_1_71' title="bbox 2157 1814 3804 1896">
     <span class='ocr_line' id='line_1_71' title="bbox 2157 1814 3804 1896; baseline -0.009 -12"><span class='ocrx_word' id='word_1_446' title='bbox 2157 1831 2241 1885; x_wconf 87' lang='grc'>10.</span> <span class='ocrx_word' id='word_1_447' title='bbox 2274 1828 2390 1882; x_wconf 91' lang='lat' dir='ltr'><strong>Sub</strong></span> <span class='ocrx_word' id='word_1_448' title='bbox 2437 1841 2550 1896; x_wconf 91' lang='lat' dir='ltr'><strong>quo</strong></span> <span class='ocrx_word' id='word_1_449' title='bbox 2599 1824 2942 1894; x_wconf 75' lang='lat' dir='ltr'><strong>[’olicarpus</strong></span> <span class='ocrx_word' id='word_1_450' title='bbox 2991 1824 3227 1877; x_wconf 82' lang='lat' dir='ltr'><strong>Romam</strong></span> <span class='ocrx_word' id='word_1_451' title='bbox 3279 1818 3536 1887; x_wconf 89' lang='lat' dir='ltr'><strong>veniens,</strong></span> <span class='ocrx_word' id='word_1_452' title='bbox 3593 1814 3804 1872; x_wconf 82' lang='lat' dir='ltr'><strong>multos</strong></span> 
     </span>
    </p>
   </div>
   <div class='ocr_carea' id='block_1_72' title="bbox 2155 1903 3809 1984">
    <p class='ocr_par' dir='ltr' id='par_1_72' title="bbox 2155 1903 3809 1984">
     <span class='ocr_line' id='line_1_72' title="bbox 2155 1903 3809 1984; baseline -0.009 -12"><span class='ocrx_word' id='word_1_453' title='bbox 2155 1916 2436 1984; x_wconf 88' lang='lat' dir='ltr'><strong>correxit,</strong></span> <span class='ocrx_word' id='word_1_454' title='bbox 2487 1929 2636 1984; x_wconf 91' lang='lat' dir='ltr'><strong>quos</strong></span> <span class='ocrx_word' id='word_1_455' title='bbox 2679 1910 2972 1967; x_wconf 85' lang='lat' dir='ltr'><strong>Valentini</strong></span> <span class='ocrx_word' id='word_1_456' title='bbox 3024 1913 3082 1964; x_wconf 89' lang='lat' dir='ltr'><strong>et</strong></span> <span class='ocrx_word' id='word_1_457' title='bbox 3127 1907 3411 1964; x_wconf 91' lang='lat' dir='ltr'><strong>Cerdonis</strong></span> <span class='ocrx_word' id='word_1_458' title='bbox 3461 1918 3635 1960; x_wconf 89' lang='lat' dir='ltr'><strong>error</strong></span> <span class='ocrx_word' id='word_1_459' title='bbox 3678 1903 3809 1958; x_wconf 88' lang='lat' dir='ltr'><strong>sub-</strong></span> 
     </span>
    </p>
   </div>
   <div class='ocr_carea' id='block_1_73' title="bbox 2155 1993 3809 2071">
    <p class='ocr_par' dir='ltr' id='par_1_73' title="bbox 2155 1993 3809 2071">
     <span class='ocr_line' id='line_1_73' title="bbox 2155 1993 3809 2071; baseline -0.008 -10"><span class='ocrx_word' id='word_1_460' title='bbox 2155 2005 2354 2061; x_wconf 90' lang='lat' dir='ltr'><strong>vertit.</strong></span> <span class='ocrx_word' id='word_1_461' title='bbox 2389 2003 2489 2059; x_wconf 91' lang='lat' dir='ltr'><strong>Ilic</strong></span> <span class='ocrx_word' id='word_1_462' title='bbox 2521 2017 2660 2071; x_wconf 88' lang='lat' dir='ltr'><strong>ergo</strong></span> <span class='ocrx_word' id='word_1_463' title='bbox 2691 2001 2968 2056; x_wconf 88' lang='lat' dir='ltr'><strong>Anicetus</strong></span> <span class='ocrx_word' id='word_1_464' title='bbox 3012 1995 3350 2065; x_wconf 89' lang='lat' dir='ltr'><strong>constituit,</strong></span> <span class='ocrx_word' id='word_1_465' title='bbox 3385 1998 3450 2050; x_wconf 91' lang='lat' dir='ltr'><strong>ut</strong></span> <span class='ocrx_word' id='word_1_466' title='bbox 3484 1993 3687 2050; x_wconf 87' lang='lat' dir='ltr'><strong>clerus</strong></span> <span class='ocrx_word' id='word_1_467' title='bbox 3716 2007 3809 2048; x_wconf 88' lang='lat' dir='ltr'><strong>co-</strong></span> 
     </span>
    </p>
   </div>
   <div class='ocr_carea' id='block_1_74' title="bbox 2156 2080 3806 2160">
    <p class='ocr_par' dir='ltr' id='par_1_74' title="bbox 2156 2080 3806 2160">
     <span class='ocr_line' id='line_1_74' title="bbox 2156 2080 3806 2160; baseline -0.009 -11"><span class='ocrx_word' id='word_1_468' title='bbox 2156 2107 2303 2148; x_wconf 91' lang='lat' dir='ltr'><strong>mam</strong></span> <span class='ocrx_word' id='word_1_469' title='bbox 2337 2107 2445 2147; x_wconf 93' lang='lat' dir='ltr'><strong>non</strong></span> <span class='ocrx_word' id='word_1_470' title='bbox 2477 2090 2719 2158; x_wconf 90' lang='lat' dir='ltr'><strong>nutriat,</strong></span> <span class='ocrx_word' id='word_1_471' title='bbox 2755 2099 3078 2160; x_wconf 88' lang='lat' dir='ltr'><strong>passusque</strong></span> <span class='ocrx_word' id='word_1_472' title='bbox 3109 2089 3199 2141; x_wconf 91' lang='lat' dir='ltr'><strong>est</strong></span> <span class='ocrx_word' id='word_1_473' title='bbox 3233 2085 3340 2141; x_wconf 88' lang='lat' dir='ltr'><strong>sub</strong></span> <span class='ocrx_word' id='word_1_474' title='bbox 3373 2083 3565 2140; x_wconf 75' lang='lat' dir='ltr'><strong>Marco</strong></span> <span class='ocrx_word' id='word_1_475' title='bbox 3610 2083 3672 2137; x_wconf 90' lang='lat' dir='ltr'><strong>et</strong></span> <span class='ocrx_word' id='word_1_476' title='bbox 3712 2080 3806 2135; x_wconf 88' lang='lat' dir='ltr'><strong>Se-</strong></span> 
     </span>
    </p>
   </div>
   <div class='ocr_carea' id='block_1_75' title="bbox 2158 2175 2848 2236">
    <p class='ocr_par' dir='ltr' id='par_1_75' title="bbox 2158 2175 2848 2236">
     <span class='ocr_line' id='line_1_75' title="bbox 2158 2175 2848 2236; baseline -0.009 0"><span class='ocrx_word' id='word_1_477' title='bbox 2158 2195 2298 2236; x_wconf 86' lang='lat' dir='ltr'><strong>vero</strong></span> <span class='ocrx_word' id='word_1_478' title='bbox 2331 2183 2396 2235; x_wconf 85' lang='lat'><strong>16</strong></span> <span class='ocrx_word' id='word_1_479' title='bbox 2426 2176 2664 2234; x_wconf 83' lang='lat' dir='ltr'><strong>Kalend.</strong></span> <span class='ocrx_word' id='word_1_480' title='bbox 2700 2175 2848 2231; x_wconf 87' lang='lat' dir='ltr'><strong>Maii.</strong></span> 
     </span>
    </p>
   </div>
   <div class='ocr_carea' id='block_1_76' title="bbox 2231 2277 3809 2353">
    <p class='ocr_par' dir='ltr' id='par_1_76' title="bbox 2231 2277 3809 2353">
     <span class='ocr_line' id='line_1_76' title="bbox 2231 2277 3809 2353; baseline -0.009 -11"><span class='ocrx_word' id='word_1_481' title='bbox 2231 2291 2318 2342; x_wconf 84' lang='lat'><strong>21.</strong></span> <span class='ocrx_word' id='word_1_482' title='bbox 2357 2287 2419 2341; x_wconf 91' lang='lat' dir='ltr'><strong>A.</strong></span> <span class='ocrx_word' id='word_1_483' title='bbox 2453 2286 2516 2340; x_wconf 94' lang='lat' dir='ltr'><strong>D.</strong></span> <span class='ocrx_word' id='word_1_484' title='bbox 2553 2285 2672 2339; x_wconf 90' lang='lat'><strong>160.</strong></span> <span class='ocrx_word' id='word_1_485' title='bbox 2709 2281 2920 2353; x_wconf 73' lang='grc' dir='ltr'><strong>(Ηιειι.)</strong></span> <span class='ocrx_word' id='word_1_486' title='bbox 2953 2278 3352 2336; x_wconf 68' lang='lat' dir='ltr'><strong>Hierosolimae</strong></span> <span class='ocrx_word' id='word_1_487' title='bbox 3386 2282 3518 2350; x_wconf 91' lang='lat' dir='ltr'><strong>post</strong></span> <span class='ocrx_word' id='word_1_488' title='bbox 3562 2277 3809 2332; x_wconf 74' lang='lat' dir='ltr'><strong>Marcum</strong></span> 
     </span>
    </p>
   </div>
   <div class='ocr_carea' id='block_1_77' title="bbox 2163 2365 3813 2439">
    <p class='ocr_par' dir='ltr' id='par_1_77' title="bbox 2163 2365 3813 2439">
     <span class='ocr_line' id='line_1_77' title="bbox 2163 2365 3813 2439; baseline -0.01 -6"><span class='ocrx_word' id='word_1_489' title='bbox 2163 2375 2469 2433; x_wconf 89' lang='lat' dir='ltr'><strong>ordinatur</strong></span> <span class='ocrx_word' id='word_1_490' title='bbox 2494 2372 2805 2429; x_wconf 90' lang='lat' dir='ltr'><strong>Cassianus</strong></span> <span class='ocrx_word' id='word_1_491' title='bbox 2837 2375 2978 2439; x_wconf 56' lang='lat'><strong>17°“,</strong></span> <span class='ocrx_word' id='word_1_492' title='bbox 3013 2368 3226 2425; x_wconf 90' lang='lat' dir='ltr'><strong>deinde</strong></span> <span class='ocrx_word' id='word_1_493' title='bbox 3267 2365 3511 2423; x_wconf 82' lang='lat' dir='ltr'><strong>Publius</strong></span> <span class='ocrx_word' id='word_1_494' title='bbox 3534 2369 3681 2433; x_wconf 63' lang='lat'><strong>18“,</strong></span> <span class='ocrx_word' id='word_1_495' title='bbox 3709 2365 3813 2418; x_wconf 78' lang='lat' dir='ltr'><strong>Ma-</strong></span> 
     </span>
    </p>
   </div>
   <div class='ocr_carea' id='block_1_78' title="bbox 2165 2452 3810 2532">
    <p class='ocr_par' dir='ltr' id='par_1_78' title="bbox 2165 2452 3810 2532">
     <span class='ocr_line' id='line_1_78' title="bbox 2165 2452 3810 2532; baseline -0.007 -14"><span class='ocrx_word' id='word_1_496' title='bbox 2165 2463 2355 2518; x_wconf 80' lang='lat' dir='ltr'><strong>ximus</strong></span> <span class='ocrx_word' id='word_1_497' title='bbox 2402 2466 2547 2532; x_wconf 62' lang='lat'><strong>19‘18,</strong></span> <span class='ocrx_word' id='word_1_498' title='bbox 2577 2458 2844 2516; x_wconf 88' lang='lat' dir='ltr'><strong>Julianus</strong></span> <span class='ocrx_word' id='word_1_499' title='bbox 2893 2455 2962 2489; x_wconf 79' lang='grc'>⁸⁶¹</span> <span class='ocrx_word' id='word_1_500' title='bbox 3002 2460 3148 2527; x_wconf 71' lang='grc' dir='ltr'><strong>2οωι,</strong></span> <span class='ocrx_word' id='word_1_501' title='bbox 3185 2454 3437 2510; x_wconf 81' lang='lat' dir='ltr'><strong>Gaianas</strong></span> <span class='ocrx_word' id='word_1_502' title='bbox 3483 2457 3631 2524; x_wconf 61' lang='lat'><strong>21‘&quot;,</strong></span> <span class='ocrx_word' id='word_1_503' title='bbox 3674 2452 3810 2507; x_wconf 85' lang='lat' dir='ltr'><strong>Sim-</strong></span> 
     </span>
    </p>
   </div>
   <div class='ocr_carea' id='block_1_79' title="bbox 2167 2541 3810 2618">
    <p class='ocr_par' dir='ltr' id='par_1_79' title="bbox 2167 2541 3810 2618">
     <span class='ocr_line' id='line_1_79' title="bbox 2167 2541 3810 2618; baseline -0.009 -11"><span class='ocrx_word' id='word_1_504' title='bbox 2167 2551 2408 2606; x_wconf 89' lang='lat' dir='ltr'><strong>machus</strong></span> <span class='ocrx_word' id='word_1_505' title='bbox 2437 2553 2584 2618; x_wconf 64' lang='lat'><strong>2&#39;2“,</strong></span> <span class='ocrx_word' id='word_1_506' title='bbox 2611 2547 2785 2603; x_wconf 89' lang='lat' dir='ltr'><strong>Gaius</strong></span> <span class='ocrx_word' id='word_1_507' title='bbox 2816 2549 2964 2616; x_wconf 63' lang='lat'><strong>23‘“,</strong></span> <span class='ocrx_word' id='word_1_508' title='bbox 2986 2543 3254 2601; x_wconf 90' lang='lat' dir='ltr'><strong>Julianus</strong></span> <span class='ocrx_word' id='word_1_509' title='bbox 3271 2545 3417 2611; x_wconf 65' lang='lat'><strong>24“,</strong></span> <span class='ocrx_word' id='word_1_510' title='bbox 3443 2541 3648 2613; x_wconf 88' lang='lat' dir='ltr'><strong>Capito</strong></span> <span class='ocrx_word' id='word_1_511' title='bbox 3669 2544 3810 2594; x_wconf 63' lang='lat' dir='ltr'><strong>25m.</strong></span> 
     </span>
    </p>
   </div>
   <div class='ocr_carea' id='block_1_80' title="bbox 2237 2626 3809 2702">
    <p class='ocr_par' dir='ltr' id='par_1_80' title="bbox 2237 2626 3809 2702">
     <span class='ocr_line' id='line_1_80' title="bbox 2237 2626 3809 2702; baseline -0.01 -6"><span class='ocrx_word' id='word_1_512' title='bbox 2237 2643 2323 2696; x_wconf 85' lang='lat'><strong>22.</strong></span> <span class='ocrx_word' id='word_1_513' title='bbox 2359 2643 2416 2694; x_wconf 91' lang='lat' dir='ltr'><strong>A.</strong></span> <span class='ocrx_word' id='word_1_514' title='bbox 2459 2638 2520 2691; x_wconf 90' lang='lat' dir='ltr'><strong>D.</strong></span> <span class='ocrx_word' id='word_1_515' title='bbox 2558 2640 2678 2692; x_wconf 89' lang='lat'><strong>161.</strong></span> <span class='ocrx_word' id='word_1_516' title='bbox 2715 2635 3040 2690; x_wconf 89' lang='lat' dir='ltr'><strong>Antoninus</strong></span> <span class='ocrx_word' id='word_1_517' title='bbox 3071 2631 3218 2689; x_wconf 86' lang='lat' dir='ltr'><strong>obiit</strong></span> <span class='ocrx_word' id='word_1_518' title='bbox 3255 2630 3410 2702; x_wconf 88' lang='lat' dir='ltr'><strong>apud</strong></span> <span class='ocrx_word' id='word_1_519' title='bbox 3443 2628 3680 2686; x_wconf 87' lang='lat' dir='ltr'><strong>Dorium</strong></span> <span class='ocrx_word' id='word_1_520' title='bbox 3711 2626 3809 2682; x_wconf 86' lang='lat' dir='ltr'><strong>vil-</strong></span> 
     </span>
    </p>
   </div>
   <div class='ocr_carea' id='block_1_81' title="bbox 2167 2727 2493 2784">
    <p class='ocr_par' dir='ltr' id='par_1_81' title="bbox 2167 2727 2493 2784">
     <span class='ocr_line' id='line_1_81' title="bbox 2167 2727 2493 2784; baseline 0 -2"><span class='ocrx_word' id='word_1_521' title='bbox 2167 2727 2280 2784; x_wconf 89' lang='lat' dir='ltr'><strong>lam</strong></span> <span class='ocrx_word' id='word_1_522' title='bbox 2313 2741 2493 2784; x_wconf 88' lang='lat' dir='ltr'><strong>suam.</strong></span> 
     </span>
    </p>
   </div>
   <div class='ocr_carea' id='block_1_82' title="bbox 2239 2830 2891 2891">
    <p class='ocr_par' dir='ltr' id='par_1_82' title="bbox 2239 2830 2891 2891">
     <span class='ocr_line' id='line_1_82' title="bbox 2239 2830 2891 2891; baseline -0.008 0"><span class='ocrx_word' id='word_1_523' title='bbox 2239 2834 2384 2891; x_wconf 85' lang='lat' dir='ltr'><strong>Anni</strong></span> <span class='ocrx_word' id='word_1_524' title='bbox 2423 2831 2696 2890; x_wconf 89' lang='lat' dir='ltr'><strong>Antonini</strong></span> <span class='ocrx_word' id='word_1_525' title='bbox 2737 2830 2891 2887; x_wconf 89' lang='lat' dir='ltr'><strong>Veri.</strong></span> 
     </span>
    </p>
   </div>
   <div class='ocr_carea' id='block_1_83' title="bbox 2238 2930 3810 3010">
    <p class='ocr_par' dir='ltr' id='par_1_83' title="bbox 2238 2930 3810 3010">
     <span class='ocr_line' id='line_1_83' title="bbox 2238 2930 3810 3010; baseline -0.007 -14"><span class='ocrx_word' id='word_1_526' title='bbox 2238 2940 2340 3010; x_wconf 86' lang='lat' dir='ltr'><strong>(H.</strong></span> <span class='ocrx_word' id='word_1_527' title='bbox 2390 2940 2494 3009; x_wconf 86' lang='lat' dir='ltr'><strong>m.)</strong></span> <span class='ocrx_word' id='word_1_528' title='bbox 2541 2941 2704 2994; x_wconf 92' lang='lat' dir='ltr'><strong>Anno</strong></span> <span class='ocrx_word' id='word_1_529' title='bbox 2751 2935 3051 2994; x_wconf 60' lang='lat' dir='ltr'><strong>dominicas</strong></span> <span class='ocrx_word' id='word_1_530' title='bbox 3102 2932 3525 2991; x_wconf 90' lang='lat' dir='ltr'><strong>incarnationis</strong></span> <span class='ocrx_word' id='word_1_531' title='bbox 3577 2935 3695 2996; x_wconf 80' lang='lat'><strong>162,</strong></span> <span class='ocrx_word' id='word_1_532' title='bbox 3745 2930 3810 2986; x_wconf 91' lang='lat' dir='ltr'><strong>ab</strong></span> 
     </span>
    </p>
   </div>
   <div class='ocr_carea' id='block_1_84' title="bbox 2168 3020 3811 3085">
    <p class='ocr_par' dir='ltr' id='par_1_84' title="bbox 2168 3020 3811 3085">
     <span class='ocr_line' id='line_1_84' title="bbox 2168 3020 3811 3085; baseline -0.008 0"><span class='ocrx_word' id='word_1_533' title='bbox 2168 3029 2321 3085; x_wconf 88' lang='lat' dir='ltr'><strong>Urbe</strong></span> <span class='ocrx_word' id='word_1_534' title='bbox 2342 3027 2580 3084; x_wconf 88' lang='lat' dir='ltr'><strong>condita</strong></span> <span class='ocrx_word' id='word_1_535' title='bbox 2593 3029 2718 3081; x_wconf 89' lang='lat'><strong>913.</strong></span> <span class='ocrx_word' id='word_1_536' title='bbox 2733 3025 2961 3082; x_wconf 85' lang='lat' dir='ltr'><strong>Marcus</strong></span> <span class='ocrx_word' id='word_1_537' title='bbox 2985 3021 3256 3080; x_wconf 89' lang='lat' dir='ltr'><strong>Aurelius</strong></span> <span class='ocrx_word' id='word_1_538' title='bbox 3270 3020 3811 3085; x_wconf 88' lang='lat' dir='ltr'><strong>AntoninusVerus,</strong></span> 
     </span>
    </p>
   </div>
   <div class='ocr_carea' id='block_1_85' title="bbox 2092 3108 3814 3186">
    <p class='ocr_par' dir='ltr' id='par_1_85' title="bbox 2092 3108 3814 3186">
     <span class='ocr_line' id='line_1_85' title="bbox 2092 3108 3814 3186; baseline -0.008 -13"><span class='ocrx_word' id='word_1_539' title='bbox 2092 3117 2139 3180; x_wconf 87' lang='lat' dir='ltr'><strong>C</strong></span> <span class='ocrx_word' id='word_1_540' title='bbox 2171 3121 2294 3172; x_wconf 68' lang='grc' dir='ltr'><strong>14ι11⁵</strong></span> <span class='ocrx_word' id='word_1_541' title='bbox 2326 3117 2398 3172; x_wconf 93' lang='lat' dir='ltr'><strong>ab</strong></span> <span class='ocrx_word' id='word_1_542' title='bbox 2430 3119 2697 3186; x_wconf 88' lang='lat' dir='ltr'><strong>Augusto</strong></span> <span class='ocrx_word' id='word_1_543' title='bbox 2723 3111 2811 3183; x_wconf 77' lang='grc'>⁸⁸³,</span> <span class='ocrx_word' id='word_1_544' title='bbox 2845 3111 3150 3184; x_wconf 82' lang='lat' dir='ltr'><strong>imperium</strong></span> <span class='ocrx_word' id='word_1_545' title='bbox 3189 3111 3442 3182; x_wconf 90' lang='lat' dir='ltr'><strong>adeptus</strong></span> <span class='ocrx_word' id='word_1_546' title='bbox 3471 3114 3588 3179; x_wconf 91' lang='lat' dir='ltr'><strong>est,</strong></span> <span class='ocrx_word' id='word_1_547' title='bbox 3620 3108 3677 3164; x_wconf 90' lang='lat' dir='ltr'><strong>in</strong></span> <span class='ocrx_word' id='word_1_548' title='bbox 3707 3121 3814 3178; x_wconf 92' lang='lat' dir='ltr'><strong>quo</strong></span> 
     </span>
    </p>
   </div>
   <div class='ocr_carea' id='block_1_86' title="bbox 2171 3196 3812 3276">
    <p class='ocr_par' dir='ltr' id='par_1_86' title="bbox 2171 3196 3812 3276">
     <span class='ocr_line' id='line_1_86' title="bbox 2171 3196 3812 3276; baseline -0.009 -13"><span class='ocrx_word' id='word_1_549' title='bbox 2171 3206 2436 3276; x_wconf 88' lang='lat' dir='ltr'><strong>regnavit</strong></span> <span class='ocrx_word' id='word_1_550' title='bbox 2458 3205 2626 3262; x_wconf 91' lang='lat' dir='ltr'><strong>annis</strong></span> <span class='ocrx_word' id='word_1_551' title='bbox 2648 3208 2734 3261; x_wconf 91' lang='lat'><strong>19.</strong></span> <span class='ocrx_word' id='word_1_552' title='bbox 2759 3204 2876 3259; x_wconf 89' lang='lat' dir='ltr'><strong>Iste</strong></span> <span class='ocrx_word' id='word_1_553' title='bbox 2900 3202 3040 3259; x_wconf 87' lang='lat' dir='ltr'><strong>haut</strong></span> <span class='ocrx_word' id='word_1_554' title='bbox 3065 3201 3242 3258; x_wconf 89' lang='lat' dir='ltr'><strong>dubie</strong></span> <span class='ocrx_word' id='word_1_555' title='bbox 3265 3199 3668 3257; x_wconf 89' lang='lat' dir='ltr'><strong>nobilissimus</strong></span> <span class='ocrx_word' id='word_1_556' title='bbox 3691 3196 3812 3264; x_wconf 89' lang='lat' dir='ltr'><strong>fuit,</strong></span> 
     </span>
    </p>
   </div>
   <div class='ocr_carea' id='block_1_87' title="bbox 2172 3287 3814 3367">
    <p class='ocr_par' dir='ltr' id='par_1_87' title="bbox 2172 3287 3814 3367">
     <span class='ocr_line' id='line_1_87' title="bbox 2172 3287 3814 3367; baseline -0.007 -16"><span class='ocrx_word' id='word_1_557' title='bbox 2172 3295 2384 3367; x_wconf 90' lang='lat' dir='ltr'><strong>quippe</strong></span> <span class='ocrx_word' id='word_1_558' title='bbox 2415 3293 2583 3363; x_wconf 87' lang='lat' dir='ltr'><strong>cujus</strong></span> <span class='ocrx_word' id='word_1_559' title='bbox 2614 3292 2778 3362; x_wconf 90' lang='lat' dir='ltr'><strong>origo</strong></span> <span class='ocrx_word' id='word_1_560' title='bbox 2811 3295 3051 3364; x_wconf 90' lang='lat' dir='ltr'><strong>paterna</strong></span> <span class='ocrx_word' id='word_1_561' title='bbox 3087 3305 3116 3346; x_wconf 91' lang='lat' dir='ltr'><strong>a</strong></span> <span class='ocrx_word' id='word_1_562' title='bbox 3147 3291 3327 3346; x_wconf 85' lang='lat' dir='ltr'><strong>Numa</strong></span> <span class='ocrx_word' id='word_1_563' title='bbox 3365 3287 3676 3360; x_wconf 87' lang='lat' dir='ltr'><strong>Pompilio,</strong></span> <span class='ocrx_word' id='word_1_564' title='bbox 3707 3299 3814 3340; x_wconf 90' lang='lat' dir='ltr'><strong>ma-</strong></span> 
     </span>
    </p>
   </div>
   <div class='ocr_carea' id='block_1_88' title="bbox 2171 3374 3814 3450">
    <p class='ocr_par' dir='ltr' id='par_1_88' title="bbox 2171 3374 3814 3450">
     <span class='ocr_line' id='line_1_88' title="bbox 2171 3374 3814 3450; baseline -0.006 -12"><span class='ocrx_word' id='word_1_565' title='bbox 2171 3389 2336 3439; x_wconf 90' lang='lat' dir='ltr'><strong>terna</strong></span> <span class='ocrx_word' id='word_1_566' title='bbox 2357 3397 2498 3438; x_wconf 88' lang='lat' dir='ltr'><strong>vero</strong></span> <span class='ocrx_word' id='word_1_567' title='bbox 2518 3396 2548 3438; x_wconf 90' lang='lat' dir='ltr'><strong>a</strong></span> <span class='ocrx_word' id='word_1_568' title='bbox 2570 3379 2869 3436; x_wconf 92' lang='lat' dir='ltr'><strong>Solentino</strong></span> <span class='ocrx_word' id='word_1_569' title='bbox 2889 3394 3026 3450; x_wconf 84' lang='lat' dir='ltr'><strong>rege</strong></span> <span class='ocrx_word' id='word_1_570' title='bbox 3051 3377 3362 3450; x_wconf 88' lang='lat' dir='ltr'><strong>pendebat.</strong></span> <span class='ocrx_word' id='word_1_571' title='bbox 3381 3378 3616 3450; x_wconf 71' lang='lat' dir='ltr'><strong>(Auni-11..</strong></span> <span class='ocrx_word' id='word_1_572' title='bbox 3635 3374 3814 3442; x_wconf 71' lang='lat' dir='ltr'><strong>Vror.)</strong></span> 
     </span>
    </p>
   </div>
   <div class='ocr_carea' id='block_1_89' title="bbox 2171 3463 3814 3536">
    <p class='ocr_par' dir='ltr' id='par_1_89' title="bbox 2171 3463 3814 3536">
     <span class='ocr_line' id='line_1_89' title="bbox 2171 3463 3814 3536; baseline -0.007 -10"><span class='ocrx_word' id='word_1_573' title='bbox 2171 3471 2276 3528; x_wconf 81' lang='lat' dir='ltr'><strong>llic</strong></span> <span class='ocrx_word' id='word_1_574' title='bbox 2303 3484 2503 3526; x_wconf 89' lang='lat' dir='ltr'><strong>omnes</strong></span> <span class='ocrx_word' id='word_1_575' title='bbox 2527 3469 2780 3525; x_wconf 91' lang='lat' dir='ltr'><strong>virtutes</strong></span> <span class='ocrx_word' id='word_1_576' title='bbox 2803 3471 2863 3524; x_wconf 92' lang='lat' dir='ltr'><strong>et</strong></span> <span class='ocrx_word' id='word_1_577' title='bbox 2883 3467 3122 3524; x_wconf 76' lang='lat' dir='ltr'><strong>caeleste</strong></span> <span class='ocrx_word' id='word_1_578' title='bbox 3145 3466 3397 3523; x_wconf 88' lang='lat' dir='ltr'><strong>habebat</strong></span> <span class='ocrx_word' id='word_1_579' title='bbox 3422 3463 3740 3536; x_wconf 88' lang='lat' dir='ltr'><strong>ingenium,</strong></span> <span class='ocrx_word' id='word_1_580' title='bbox 3759 3466 3814 3516; x_wconf 86' lang='lat' dir='ltr'><strong>et</strong></span> 
     </span>
    </p>
   </div>
   <div class='ocr_carea' id='block_1_90' title="bbox 2174 3552 3813 3629">
    <p class='ocr_par' dir='ltr' id='par_1_90' title="bbox 2174 3552 3813 3629">
     <span class='ocr_line' id='line_1_90' title="bbox 2174 3552 3813 3629; baseline -0.007 -13"><span class='ocrx_word' id='word_1_581' title='bbox 2174 3561 2230 3616; x_wconf 91' lang='lat' dir='ltr'><strong>in</strong></span> <span class='ocrx_word' id='word_1_582' title='bbox 2264 3558 2702 3616; x_wconf 85' lang='lat' dir='ltr'><strong>calamitatibus</strong></span> <span class='ocrx_word' id='word_1_583' title='bbox 2729 3555 2982 3629; x_wconf 90' lang='lat' dir='ltr'><strong>publicis</strong></span> <span class='ocrx_word' id='word_1_584' title='bbox 3005 3556 3196 3612; x_wconf 88' lang='lat' dir='ltr'><strong>factus</strong></span> <span class='ocrx_word' id='word_1_585' title='bbox 3215 3558 3304 3612; x_wconf 87' lang='lat' dir='ltr'><strong>est</strong></span> <span class='ocrx_word' id='word_1_586' title='bbox 3329 3553 3499 3625; x_wconf 88' lang='lat' dir='ltr'><strong>quasi</strong></span> <span class='ocrx_word' id='word_1_587' title='bbox 3527 3552 3813 3620; x_wconf 87' lang='lat' dir='ltr'><strong>defensor,</strong></span> 
     </span>
    </p>
   </div>
   <div class='ocr_carea' id='block_1_91' title="bbox 2171 3639 3813 3718">
    <p class='ocr_par' dir='ltr' id='par_1_91' title="bbox 2171 3639 3813 3718">
     <span class='ocr_line' id='line_1_91' title="bbox 2171 3639 3813 3718; baseline -0.008 -12"><span class='ocrx_word' id='word_1_588' title='bbox 2171 3653 2228 3706; x_wconf 91' lang='lat' dir='ltr'><strong>et</strong></span> <span class='ocrx_word' id='word_1_589' title='bbox 2263 3648 2310 3705; x_wconf 92' lang='lat' dir='ltr'><strong>si</strong></span> <span class='ocrx_word' id='word_1_590' title='bbox 2335 3649 2392 3703; x_wconf 91' lang='lat' dir='ltr'><strong>in</strong></span> <span class='ocrx_word' id='word_1_591' title='bbox 2416 3646 2534 3702; x_wconf 91' lang='lat' dir='ltr'><strong>illis</strong></span> <span class='ocrx_word' id='word_1_592' title='bbox 2557 3645 2924 3718; x_wconf 89' lang='lat' dir='ltr'><strong>temporibus</strong></span> <span class='ocrx_word' id='word_1_593' title='bbox 2950 3644 3078 3716; x_wconf 90' lang='lat' dir='ltr'><strong>ipse</strong></span> <span class='ocrx_word' id='word_1_594' title='bbox 3102 3658 3215 3700; x_wconf 92' lang='lat' dir='ltr'><strong>non</strong></span> <span class='ocrx_word' id='word_1_595' title='bbox 3241 3643 3475 3714; x_wconf 86' lang='lat' dir='ltr'><strong>fuisset,</strong></span> <span class='ocrx_word' id='word_1_596' title='bbox 3495 3641 3625 3700; x_wconf 89' lang='lat' dir='ltr'><strong>sine</strong></span> <span class='ocrx_word' id='word_1_597' title='bbox 3643 3639 3813 3697; x_wconf 88' lang='lat' dir='ltr'><strong>dubio</strong></span> 
     </span>
    </p>
   </div>
   <div class='ocr_carea' id='block_1_92' title="bbox 2171 3727 3814 3809">
    <p class='ocr_par' dir='ltr' id='par_1_92' title="bbox 2171 3727 3814 3809">
     <span class='ocr_line' id='line_1_92' title="bbox 2171 3727 3814 3809; baseline -0.005 -18"><span class='ocrx_word' id='word_1_598' title='bbox 2171 3737 2356 3809; x_wconf 87' lang='lat' dir='ltr'><strong>gloria</strong></span> <span class='ocrx_word' id='word_1_599' title='bbox 2387 3734 2638 3792; x_wconf 83' lang='lat' dir='ltr'><strong>Romana</strong></span> <span class='ocrx_word' id='word_1_600' title='bbox 2674 3733 2944 3806; x_wconf 91' lang='lat' dir='ltr'><strong>perisset.</strong></span> <span class='ocrx_word' id='word_1_601' title='bbox 2971 3733 3164 3804; x_wconf 70' lang='lat' dir='ltr'><strong>(Em.</strong></span> <span class='ocrx_word' id='word_1_602' title='bbox 3189 3733 3268 3789; x_wconf 85' lang='grc' dir='ltr'><strong>Η.</strong></span> <span class='ocrx_word' id='word_1_603' title='bbox 3304 3733 3404 3803; x_wconf 81' lang='lat' dir='ltr'><strong>R.)</strong></span> <span class='ocrx_word' id='word_1_604' title='bbox 3436 3733 3560 3788; x_wconf 88' lang='lat' dir='ltr'><strong>Iste</strong></span> <span class='ocrx_word' id='word_1_605' title='bbox 3592 3727 3814 3802; x_wconf 83' lang='lat' dir='ltr'><strong>propin-</strong></span> 
     </span>
    </p>
   </div>
   <div class='ocr_carea' id='block_1_93' title="bbox 2173 3822 3809 3896">
    <p class='ocr_par' dir='ltr' id='par_1_93' title="bbox 2173 3822 3809 3896">
     <span class='ocr_line' id='line_1_93' title="bbox 2173 3822 3809 3896; baseline -0.007 -13"><span class='ocrx_word' id='word_1_606' title='bbox 2173 3841 2345 3896; x_wconf 88' lang='lat' dir='ltr'><strong>quum</strong></span> <span class='ocrx_word' id='word_1_607' title='bbox 2379 3839 2546 3882; x_wconf 90' lang='lat' dir='ltr'><strong>suum</strong></span> <span class='ocrx_word' id='word_1_608' title='bbox 2583 3823 2814 3879; x_wconf 88' lang='lat' dir='ltr'><strong>Lucium</strong></span> <span class='ocrx_word' id='word_1_609' title='bbox 2849 3822 3093 3878; x_wconf 90' lang='lat' dir='ltr'><strong>Annium</strong></span> <span class='ocrx_word' id='word_1_610' title='bbox 3124 3822 3480 3878; x_wconf 86' lang='lat' dir='ltr'><strong>Antoninum</strong></span> <span class='ocrx_word' id='word_1_611' title='bbox 3524 3822 3809 3884; x_wconf 87' lang='lat' dir='ltr'><strong>Severum,</strong></span> 
     </span>
    </p>
   </div>
   <div class='ocr_carea' id='block_1_94' title="bbox 2174 3907 3816 3985">
    <p class='ocr_par' dir='ltr' id='par_1_94' title="bbox 2174 3907 3816 3985">
     <span class='ocr_line' id='line_1_94' title="bbox 2174 3907 3816 3985; baseline -0.005 -15"><span class='ocrx_word' id='word_1_612' title='bbox 2174 3915 2270 3985; x_wconf 92' lang='lat' dir='ltr'><strong>qui</strong></span> <span class='ocrx_word' id='word_1_613' title='bbox 2300 3917 2426 3970; x_wconf 85' lang='lat' dir='ltr'><strong>erat</strong></span> <span class='ocrx_word' id='word_1_614' title='bbox 2457 3926 2638 3982; x_wconf 89' lang='lat' dir='ltr'><strong>gener</strong></span> <span class='ocrx_word' id='word_1_615' title='bbox 2672 3910 2940 3966; x_wconf 86' lang='lat' dir='ltr'><strong>Antonini</strong></span> <span class='ocrx_word' id='word_1_616' title='bbox 2973 3909 3081 3982; x_wconf 90' lang='lat' dir='ltr'><strong>Pii,</strong></span> <span class='ocrx_word' id='word_1_617' title='bbox 3109 3924 3254 3966; x_wconf 88' lang='lat' dir='ltr'><strong>nova</strong></span> <span class='ocrx_word' id='word_1_618' title='bbox 3279 3907 3677 3966; x_wconf 85' lang='lat' dir='ltr'><strong>benivolentia</strong></span> <span class='ocrx_word' id='word_1_619' title='bbox 3695 3920 3816 3963; x_wconf 89' lang='lat' dir='ltr'><strong>con-</strong></span> 
     </span>
    </p>
   </div>
   <div class='ocr_carea' id='block_1_95' title="bbox 2173 3997 3814 4071">
    <p class='ocr_par' dir='ltr' id='par_1_95' title="bbox 2173 3997 3814 4071">
     <span class='ocr_line' id='line_1_95' title="bbox 2173 3997 3814 4071; baseline -0.007 -11"><span class='ocrx_word' id='word_1_620' title='bbox 2173 4008 2392 4060; x_wconf 89' lang='lat' dir='ltr'><strong>sortem</strong></span> <span class='ocrx_word' id='word_1_621' title='bbox 2423 3999 2650 4071; x_wconf 88' lang='lat' dir='ltr'><strong>imperii</strong></span> <span class='ocrx_word' id='word_1_622' title='bbox 2685 4000 2843 4070; x_wconf 91' lang='lat' dir='ltr'><strong>fecit,</strong></span> <span class='ocrx_word' id='word_1_623' title='bbox 2878 4003 3118 4068; x_wconf 90' lang='lat' dir='ltr'><strong>tumque</strong></span> <span class='ocrx_word' id='word_1_624' title='bbox 3149 3997 3400 4070; x_wconf 90' lang='lat' dir='ltr'><strong>primum</strong></span> <span class='ocrx_word' id='word_1_625' title='bbox 3444 3998 3702 4054; x_wconf 82' lang='lat' dir='ltr'><strong>Romana</strong></span> <span class='ocrx_word' id='word_1_626' title='bbox 3728 4008 3814 4050; x_wconf 89' lang='lat' dir='ltr'><strong>res</strong></span> 
     </span>
    </p>
   </div>
   <div class='ocr_carea' id='block_1_96' title="bbox 2176 4083 3816 4176">
    <p class='ocr_par' dir='ltr' id='par_1_96' title="bbox 2176 4083 3816 4176">
     <span class='ocr_line' id='line_1_96' title="bbox 2176 4083 3816 4176; baseline -0.007 -28"><span class='ocrx_word' id='word_1_627' title='bbox 2176 4090 2410 4176; x_wconf 88' lang='lat' dir='ltr'><strong>publica</strong></span> <span class='ocrx_word' id='word_1_628' title='bbox 2435 4089 2668 4146; x_wconf 88' lang='lat' dir='ltr'><strong>duobus</strong></span> <span class='ocrx_word' id='word_1_629' title='bbox 2691 4102 2859 4158; x_wconf 66' lang='lat' dir='ltr'><strong>aequo</strong></span> <span class='ocrx_word' id='word_1_630' title='bbox 2876 4086 3331 4158; x_wconf 90' lang='lat' dir='ltr'><strong>jureimperium</strong></span> <span class='ocrx_word' id='word_1_631' title='bbox 3345 4083 3816 4143; x_wconf 87' lang='lat' dir='ltr'><strong>amministranti-</strong></span> 
     </span>
    </p>
   </div>
   <div class='ocr_carea' id='block_1_97' title="bbox 2176 4173 3814 4252">
    <p class='ocr_par' dir='ltr' id='par_1_97' title="bbox 2176 4173 3814 4252">
     <span class='ocr_line' id='line_1_97' title="bbox 2176 4173 3814 4252; baseline -0.006 -16"><span class='ocrx_word' id='word_1_632' title='bbox 2176 4174 2286 4237; x_wconf 81' lang='lat' dir='ltr'><strong>bus</strong></span> <span class='ocrx_word' id='word_1_633' title='bbox 2312 4177 2528 4252; x_wconf 89' lang='lat' dir='ltr'><strong>paruit,</strong></span> <span class='ocrx_word' id='word_1_634' title='bbox 2554 4191 2685 4234; x_wconf 87' lang='lat' dir='ltr'><strong>cum</strong></span> <span class='ocrx_word' id='word_1_635' title='bbox 2709 4191 2893 4247; x_wconf 91' lang='lat' dir='ltr'><strong>usque</strong></span> <span class='ocrx_word' id='word_1_636' title='bbox 2922 4176 2995 4233; x_wconf 87' lang='lat' dir='ltr'><strong>ad</strong></span> <span class='ocrx_word' id='word_1_637' title='bbox 3025 4175 3163 4233; x_wconf 89' lang='lat' dir='ltr'><strong>illos</strong></span> <span class='ocrx_word' id='word_1_638' title='bbox 3188 4189 3423 4247; x_wconf 89' lang='lat' dir='ltr'><strong>semper</strong></span> <span class='ocrx_word' id='word_1_639' title='bbox 3444 4173 3713 4245; x_wconf 78' lang='lat' dir='ltr'><strong>singulos</strong></span> <span class='ocrx_word' id='word_1_640' title='bbox 3730 4173 3814 4229; x_wconf 52' lang='lat' dir='ltr'><strong>ha.</strong></span> 
     </span>
    </p>
   </div>
   <div class='ocr_carea' id='block_1_98' title="bbox 2177 4263 3814 4337">
    <p class='ocr_par' dir='ltr' id='par_1_98' title="bbox 2177 4263 3814 4337">
     <span class='ocr_line' id='line_1_98' title="bbox 2177 4263 3814 4337; baseline -0.004 -11"><span class='ocrx_word' id='word_1_641' title='bbox 2177 4267 2403 4326; x_wconf 78' lang='lat' dir='ltr'><strong>b&#39;uisset</strong></span> <span class='ocrx_word' id='word_1_642' title='bbox 2435 4271 2739 4337; x_wconf 89' lang='lat' dir='ltr'><strong>augustos.</strong></span> <span class='ocrx_word' id='word_1_643' title='bbox 2766 4266 2834 4320; x_wconf 86' lang='lat' dir='ltr'><strong>Hi</strong></span> <span class='ocrx_word' id='word_1_644' title='bbox 2867 4263 3082 4322; x_wconf 87' lang='lat' dir='ltr'><strong>bellum</strong></span> <span class='ocrx_word' id='word_1_645' title='bbox 3113 4267 3320 4321; x_wconf 90' lang='lat' dir='ltr'><strong>contra</strong></span> <span class='ocrx_word' id='word_1_646' title='bbox 3353 4265 3616 4322; x_wconf 87' lang='lat' dir='ltr'><strong>Parthos</strong></span> <span class='ocrx_word' id='word_1_647' title='bbox 3637 4275 3814 4333; x_wconf 82' lang='lat' dir='ltr'><strong>gesse-</strong></span> 
     </span>
    </p>
   </div>
   <div class='ocr_carea' id='block_1_99' title="bbox 2177 4353 3814 4430">
    <p class='ocr_par' dir='ltr' id='par_1_99' title="bbox 2177 4353 3814 4430">
     <span class='ocr_line' id='line_1_99' title="bbox 2177 4353 3814 4430; baseline -0.007 -15"><span class='ocrx_word' id='word_1_648' title='bbox 2177 4361 2334 4430; x_wconf 90' lang='lat' dir='ltr'><strong>runt,</strong></span> <span class='ocrx_word' id='word_1_649' title='bbox 2368 4356 2442 4414; x_wconf 91' lang='lat' dir='ltr'><strong>ad</strong></span> <span class='ocrx_word' id='word_1_650' title='bbox 2473 4355 2626 4428; x_wconf 90' lang='lat' dir='ltr'><strong>quod</strong></span> <span class='ocrx_word' id='word_1_651' title='bbox 2658 4361 2852 4412; x_wconf 91' lang='lat' dir='ltr'><strong>tamen</strong></span> <span class='ocrx_word' id='word_1_652' title='bbox 2884 4354 3099 4412; x_wconf 89' lang='lat' dir='ltr'><strong>Lucius</strong></span> <span class='ocrx_word' id='word_1_653' title='bbox 3129 4353 3353 4412; x_wconf 88' lang='lat' dir='ltr'><strong>Annius</strong></span> <span class='ocrx_word' id='word_1_654' title='bbox 3383 4353 3644 4412; x_wconf 86' lang='lat' dir='ltr'><strong>Severus</strong></span> <span class='ocrx_word' id='word_1_655' title='bbox 3671 4364 3814 4424; x_wconf 85' lang='lat' dir='ltr'><strong>perr-</strong></span> 
     </span>
    </p>
   </div>
   <div class='ocr_carea' id='block_1_100' title="bbox 2095 4441 3812 4536">
    <p class='ocr_par' dir='ltr' id='par_1_100' title="bbox 2095 4441 3812 4536">
     <span class='ocr_line' id='line_1_100' title="bbox 2095 4441 3812 4536; baseline -0.007 -32"><span class='ocrx_word' id='word_1_656' title='bbox 2095 4476 2148 4536; x_wconf 83' lang='lat' dir='ltr'><strong>D</strong></span> <span class='ocrx_word' id='word_1_657' title='bbox 2177 4447 2319 4518; x_wconf 88' lang='lat' dir='ltr'><strong>exit,</strong></span> <span class='ocrx_word' id='word_1_658' title='bbox 2353 4445 2652 4536; x_wconf 78' lang='lat' dir='ltr'><strong>multaque</strong></span> <span class='ocrx_word' id='word_1_659' title='bbox 2683 4447 2744 4501; x_wconf 89' lang='lat' dir='ltr'><strong>et</strong></span> <span class='ocrx_word' id='word_1_660' title='bbox 2773 4443 3034 4514; x_wconf 88' lang='lat' dir='ltr'><strong>ingentio</strong></span> <span class='ocrx_word' id='word_1_661' title='bbox 3075 4457 3180 4516; x_wconf 91' lang='lat' dir='ltr'><strong>per</strong></span> <span class='ocrx_word' id='word_1_662' title='bbox 3225 4457 3290 4500; x_wconf 91' lang='lat' dir='ltr'><strong>se</strong></span> <span class='ocrx_word' id='word_1_663' title='bbox 3339 4441 3646 4514; x_wconf 87' lang='lat' dir='ltr'><strong>ducesque</strong></span> <span class='ocrx_word' id='word_1_664' title='bbox 3687 4451 3812 4498; x_wconf 90' lang='lat' dir='ltr'><strong>suos</strong></span> 
     </span>
    </p>
   </div>
   <div class='ocr_carea' id='block_1_101' title="bbox 2178 4527 3811 4609">
    <p class='ocr_par' dir='ltr' id='par_1_101' title="bbox 2178 4527 3811 4609">
     <span class='ocr_line' id='line_1_101' title="bbox 2178 4527 3811 4609; baseline -0.007 -17"><span class='ocrx_word' id='word_1_665' title='bbox 2178 4535 2425 4609; x_wconf 89' lang='lat' dir='ltr'><strong>peregit,</strong></span> <span class='ocrx_word' id='word_1_666' title='bbox 2461 4533 2810 4604; x_wconf 88' lang='lat' dir='ltr'><strong>rediensque</strong></span> <span class='ocrx_word' id='word_1_667' title='bbox 2837 4547 2970 4590; x_wconf 89' lang='lat' dir='ltr'><strong>cum</strong></span> <span class='ocrx_word' id='word_1_668' title='bbox 2997 4531 3266 4604; x_wconf 88' lang='lat' dir='ltr'><strong>victoria,</strong></span> <span class='ocrx_word' id='word_1_669' title='bbox 3290 4531 3348 4588; x_wconf 90' lang='lat' dir='ltr'><strong>in</strong></span> <span class='ocrx_word' id='word_1_670' title='bbox 3380 4531 3626 4588; x_wconf 84' lang='lat' dir='ltr'><strong>Venetia</strong></span> <span class='ocrx_word' id='word_1_671' title='bbox 3653 4527 3811 4596; x_wconf 87' lang='lat' dir='ltr'><strong>obiit,</strong></span> 
     </span>
    </p>
   </div>
   <div class='ocr_carea' id='block_1_102' title="bbox 2175 4619 3814 4694">
    <p class='ocr_par' dir='ltr' id='par_1_102' title="bbox 2175 4619 3814 4694">
     <span class='ocr_line' id='line_1_102' title="bbox 2175 4619 3814 4694; baseline -0.005 -14"><span class='ocrx_word' id='word_1_672' title='bbox 2175 4639 2326 4680; x_wconf 92' lang='lat' dir='ltr'><strong>anno</strong></span> <span class='ocrx_word' id='word_1_673' title='bbox 2356 4622 2582 4694; x_wconf 89' lang='lat' dir='ltr'><strong>imperii</strong></span> <span class='ocrx_word' id='word_1_674' title='bbox 2619 4627 2730 4693; x_wconf 88' lang='lat'><strong>11°,</strong></span> <span class='ocrx_word' id='word_1_675' title='bbox 2767 4620 2967 4692; x_wconf 90' lang='lat' dir='ltr'><strong>sicque</strong></span> <span class='ocrx_word' id='word_1_676' title='bbox 2997 4622 3224 4679; x_wconf 81' lang='lat' dir='ltr'><strong>Marcus</strong></span> <span class='ocrx_word' id='word_1_677' title='bbox 3250 4620 3586 4678; x_wconf 87' lang='lat' dir='ltr'><strong>Antoninus</strong></span> <span class='ocrx_word' id='word_1_678' title='bbox 3616 4619 3814 4676; x_wconf 86' lang='lat' dir='ltr'><strong>iterum</strong></span> 
     </span>
    </p>
   </div>
   <div class='ocr_carea' id='block_1_103' title="bbox 2176 4709 2986 4784">
    <p class='ocr_par' dir='ltr' id='par_1_103' title="bbox 2176 4709 2986 4784">
     <span class='ocr_line' id='line_1_103' title="bbox 2176 4709 2986 4784; baseline -0.005 -14"><span class='ocrx_word' id='word_1_679' title='bbox 2176 4713 2342 4770; x_wconf 91' lang='lat' dir='ltr'><strong>solus</strong></span> <span class='ocrx_word' id='word_1_680' title='bbox 2373 4709 2679 4784; x_wconf 92' lang='lat' dir='ltr'><strong>imperium</strong></span> <span class='ocrx_word' id='word_1_681' title='bbox 2711 4709 2986 4766; x_wconf 89' lang='lat' dir='ltr'><strong>obtinuit.</strong></span> 
     </span>
    </p>
   </div>
   <div class='ocr_carea' id='block_1_104' title="bbox 2253 4813 3818 4890">
    <p class='ocr_par' dir='ltr' id='par_1_104' title="bbox 2253 4813 3818 4890">
     <span class='ocr_line' id='line_1_104' title="bbox 2253 4813 3818 4890; baseline -0.006 -14"><span class='ocrx_word' id='word_1_682' title='bbox 2253 4826 2299 4876; x_wconf 88' lang='lat'><strong>1.</strong></span> <span class='ocrx_word' id='word_1_683' title='bbox 2335 4819 2522 4890; x_wconf 75' lang='lat' dir='ltr'><strong>(HIER.</strong></span> <span class='ocrx_word' id='word_1_684' title='bbox 2556 4821 2619 4874; x_wconf 90' lang='lat' dir='ltr'><strong>et</strong></span> <span class='ocrx_word' id='word_1_685' title='bbox 2645 4817 2727 4874; x_wconf 86' lang='grc' dir='ltr'><strong>Η.</strong></span> <span class='ocrx_word' id='word_1_686' title='bbox 2751 4817 2858 4887; x_wconf 84' lang='lat' dir='ltr'><strong>m.)</strong></span> <span class='ocrx_word' id='word_1_687' title='bbox 2887 4815 3084 4872; x_wconf 91' lang='lat' dir='ltr'><strong>Primo</strong></span> <span class='ocrx_word' id='word_1_688' title='bbox 3111 4815 3288 4886; x_wconf 88' lang='lat' dir='ltr'><strong>hujus</strong></span> <span class='ocrx_word' id='word_1_689' title='bbox 3317 4830 3474 4874; x_wconf 90' lang='lat' dir='ltr'><strong>anno</strong></span> <span class='ocrx_word' id='word_1_690' title='bbox 3505 4813 3818 4886; x_wconf 81' lang='lat' dir='ltr'><strong>Vologesus</strong></span> 
     </span>
    </p>
   </div>
   <div class='ocr_carea' id='block_1_105' title="bbox 2179 4903 3820 4978">
    <p class='ocr_par' dir='ltr' id='par_1_105' title="bbox 2179 4903 3820 4978">
     <span class='ocr_line' id='line_1_105' title="bbox 2179 4903 3820 4978; baseline -0.007 -12"><span class='ocrx_word' id='word_1_691' title='bbox 2179 4923 2283 4967; x_wconf 89' lang='lat' dir='ltr'><strong>rex</strong></span> <span class='ocrx_word' id='word_1_692' title='bbox 2302 4907 2648 4964; x_wconf 89' lang='lat' dir='ltr'><strong>Parthorum</strong></span> <span class='ocrx_word' id='word_1_693' title='bbox 2674 4908 2806 4978; x_wconf 89' lang='lat' dir='ltr'><strong>post</strong></span> <span class='ocrx_word' id='word_1_694' title='bbox 2829 4903 3137 4962; x_wconf 87' lang='lat' dir='ltr'><strong>victoriam</strong></span> <span class='ocrx_word' id='word_1_695' title='bbox 3158 4904 3388 4976; x_wconf 89' lang='lat' dir='ltr'><strong>Trajani</strong></span> <span class='ocrx_word' id='word_1_696' title='bbox 3411 4909 3558 4962; x_wconf 86' lang='lat' dir='ltr'><strong>tunc</strong></span> <span class='ocrx_word' id='word_1_697' title='bbox 3583 4903 3820 4977; x_wconf 87' lang='lat' dir='ltr'><strong>primum</strong></span> 
     </span>
    </p>
   </div>
   <div class='ocr_carea' id='block_1_106' title="bbox 2178 4991 3822 5066">
    <p class='ocr_par' dir='ltr' id='par_1_106' title="bbox 2178 4991 3822 5066">
     <span class='ocr_line' id='line_1_106' title="bbox 2178 4991 3822 5066; baseline -0.005 -12"><span class='ocrx_word' id='word_1_698' title='bbox 2178 4995 2498 5066; x_wconf 86' lang='lat' dir='ltr'><strong>rebellans,</strong></span> <span class='ocrx_word' id='word_1_699' title='bbox 2518 4993 2742 5051; x_wconf 89' lang='lat' dir='ltr'><strong>vicinas</strong></span> <span class='ocrx_word' id='word_1_700' title='bbox 2765 4991 2875 5050; x_wconf 92' lang='lat' dir='ltr'><strong>sibi</strong></span> <span class='ocrx_word' id='word_1_701' title='bbox 2898 4993 3186 5052; x_wconf 83' lang='lat' dir='ltr'><strong>Romanas</strong></span> <span class='ocrx_word' id='word_1_702' title='bbox 3214 4993 3551 5064; x_wconf 89' lang='lat' dir='ltr'><strong>provincias</strong></span> <span class='ocrx_word' id='word_1_703' title='bbox 3579 4994 3822 5066; x_wconf 86' lang='lat' dir='ltr'><strong>depopu-</strong></span> 
     </span>
    </p>
   </div>
   <div class='ocr_carea' id='block_1_107' title="bbox 2180 5079 3816 5156">
    <p class='ocr_par' dir='ltr' id='par_1_107' title="bbox 2180 5079 3816 5156">
     <span class='ocr_line' id='line_1_107' title="bbox 2180 5079 3816 5156; baseline -0.009 -13"><span class='ocrx_word' id='word_1_704' title='bbox 2180 5087 2336 5143; x_wconf 91' lang='lat' dir='ltr'><strong>latus</strong></span> <span class='ocrx_word' id='word_1_705' title='bbox 2360 5088 2474 5154; x_wconf 91' lang='lat' dir='ltr'><strong>est,</strong></span> <span class='ocrx_word' id='word_1_706' title='bbox 2490 5087 2694 5141; x_wconf 91' lang='lat' dir='ltr'><strong>contra</strong></span> <span class='ocrx_word' id='word_1_707' title='bbox 2719 5095 2891 5154; x_wconf 90' lang='lat' dir='ltr'><strong>quem</strong></span> <span class='ocrx_word' id='word_1_708' title='bbox 2917 5079 3130 5140; x_wconf 86' lang='lat' dir='ltr'><strong>Lucius</strong></span> <span class='ocrx_word' id='word_1_709' title='bbox 3151 5081 3374 5141; x_wconf 86' lang='lat' dir='ltr'><strong>Annius</strong></span> <span class='ocrx_word' id='word_1_710' title='bbox 3393 5083 3703 5156; x_wconf 85' lang='lat' dir='ltr'><strong>profectus</strong></span> <span class='ocrx_word' id='word_1_711' title='bbox 3717 5083 3816 5136; x_wconf 88' lang='lat' dir='ltr'><strong>est.</strong></span> 
     </span>
    </p>
   </div>
   <div class='ocr_carea' id='block_1_108' title="bbox 2249 5181 3823 5262">
    <p class='ocr_par' dir='ltr' id='par_1_108' title="bbox 2249 5181 3823 5262">
     <span class='ocr_line' id='line_1_108' title="bbox 2249 5181 3823 5262; baseline -0.007 -13"><span class='ocrx_word' id='word_1_712' title='bbox 2249 5199 2304 5250; x_wconf 85' lang='lat'><strong>2.</strong></span> <span class='ocrx_word' id='word_1_713' title='bbox 2335 5191 2548 5262; x_wconf 78' lang='lat' dir='ltr'><strong>(HIER.)</strong></span> <span class='ocrx_word' id='word_1_714' title='bbox 2582 5191 2646 5245; x_wconf 94' lang='lat' dir='ltr'><strong>A.</strong></span> <span class='ocrx_word' id='word_1_715' title='bbox 2681 5190 2742 5244; x_wconf 85' lang='grc' dir='ltr'><strong>Ι).</strong></span> <span class='ocrx_word' id='word_1_716' title='bbox 2782 5191 2900 5246; x_wconf 88' lang='lat'><strong>163.</strong></span> <span class='ocrx_word' id='word_1_717' title='bbox 2932 5187 3109 5248; x_wconf 89' lang='lat' dir='ltr'><strong>Lucio</strong></span> <span class='ocrx_word' id='word_1_718' title='bbox 3139 5187 3348 5247; x_wconf 74' lang='lat' dir='ltr'><strong>czesari</strong></span> <span class='ocrx_word' id='word_1_719' title='bbox 3380 5188 3628 5248; x_wconf 89' lang='lat' dir='ltr'><strong>Athenis</strong></span> <span class='ocrx_word' id='word_1_720' title='bbox 3659 5181 3823 5246; x_wconf 68' lang='lat' dir='ltr'><strong>sacri-</strong></span> 
     </span>
    </p>
   </div>
   <div class='ocr_carea' id='block_1_109' title="bbox 1769 5363 2472 5436">
    <p class='ocr_par' dir='ltr' id='par_1_109' title="bbox 1769 5363 2472 5436">
     <span class='ocr_line' id='line_1_109' title="bbox 1769 5363 2472 5436; baseline -0.027 0"><span class='ocrx_word' id='word_1_721' title='bbox 1769 5374 2006 5436; x_wconf 71' lang='lat' dir='ltr'><strong>VARUE</strong></span> <span class='ocrx_word' id='word_1_722' title='bbox 2073 5363 2472 5426; x_wconf 86' lang='lat' dir='ltr'><strong>LECTIONES.</strong></span> 
     </span>
    </p>
   </div>
   <div class='ocr_carea' id='block_1_110' title="bbox 491 5475 3822 5575">
    <p class='ocr_par' dir='ltr' id='par_1_110' title="bbox 491 5475 3822 5575">
     <span class='ocr_line' id='line_1_110' title="bbox 491 5475 3822 5575; baseline -0.012 1"><span class='ocrx_word' id='word_1_723' title='bbox 491 5519 562 5556; x_wconf 75' lang='grc'><strong>⁸⁵⁸</strong></span> <span class='ocrx_word' id='word_1_724' title='bbox 592 5517 898 5575; x_wconf 90' lang='lat' dir='ltr'><strong>ordinatur</strong></span> <span class='ocrx_word' id='word_1_725' title='bbox 927 5517 1152 5570; x_wconf 86' lang='lat' dir='ltr'><strong>sextus.</strong></span> <span class='ocrx_word' id='word_1_726' title='bbox 1185 5506 1360 5565; x_wconf 88' lang='lat' dir='ltr'><strong>sedit.</strong></span> <span class='ocrx_word' id='word_1_727' title='bbox 1395 5512 1444 5562; x_wconf 78' lang='lat'><strong>5.</strong></span> <span class='ocrx_word' id='word_1_728' title='bbox 1481 5507 1684 5575; x_wconf 89' lang='lat' dir='ltr'><strong>sextus</strong></span> <span class='ocrx_word' id='word_1_729' title='bbox 1729 5499 2039 5575; x_wconf 50' lang='lat' dir='ltr'><strong>ordinatur</strong></span> <span class='ocrx_word' id='word_1_730' title='bbox 2084 5491 2354 5575; x_wconf 73' lang='lat' dir='ltr'><strong>seditque</strong></span> <span class='ocrx_word' id='word_1_731' title='bbox 2387 5491 2488 5575; x_wconf 42' lang='lat'><strong>‘10-.</strong></span> <span class='ocrx_word' id='word_1_732' title='bbox 2538 5482 3060 5575; x_wconf 32' lang='lat' dir='ltr'><strong>oﬂrdisedg‘lgl.‘:”</strong></span> <span class='ocrx_word' id='word_1_733' title='bbox 3088 5499 3154 5575; x_wconf 40' lang='lat' dir='ltr'><strong>gn.-</strong></span> <span class='ocrx_word' id='word_1_734' title='bbox 3177 5499 3229 5569; x_wconf 64' lang='grc' dir='ltr'><strong>(ξ.</strong></span> <span class='ocrx_word' id='word_1_735' title='bbox 3262 5500 3312 5575; x_wconf 68' lang='lat' dir='ltr'><strong>s.</strong></span> <span class='ocrx_word' id='word_1_736' title='bbox 3345 5499 3402 5542; x_wconf 93' lang='lat' dir='ltr'><strong>n.</strong></span> <span class='ocrx_word' id='word_1_737' title='bbox 3425 5500 3492 5575; x_wconf 56' lang='grc' dir='ltr'><strong>ἐι.</strong></span> <span class='ocrx_word' id='word_1_738' title='bbox 3525 5499 3584 5575; x_wconf 45' lang='grc' dir='ltr'>χ.</span> <span class='ocrx_word' id='word_1_739' title='bbox 3613 5475 3822 5575; x_wconf 45' lang='lat' dir='ltr'><strong>detft!</strong></span> 
     </span>
    </p>
   </div>
   <div class='ocr_carea' id='block_1_111' title="bbox 425 5550 3813 5652">
    <p class='ocr_par' dir='ltr' id='par_1_111' title="bbox 425 5550 3813 5652">
     <span class='ocr_line' id='line_1_111' title="bbox 425 5550 3813 5652; baseline -0.013 0"><span class='ocrx_word' id='word_1_740' title='bbox 425 5550 560 5652; x_wconf 91' lang='grc' dir='ltr'><strong>Ε</strong></span> <span class='ocrx_word' id='word_1_741' title='bbox 583 5550 1372 5652; x_wconf 47' lang='lat' dir='ltr'><strong>5332235}.°§2£§t°i§iz?§33</strong></span> <span class='ocrx_word' id='word_1_742' title='bbox 1395 5550 1788 5652; x_wconf 55' lang='lat' dir='ltr'><strong>inigiiiiig&#39;qlié</strong></span> <span class='ocrx_word' id='word_1_743' title='bbox 1805 5550 1952 5626; x_wconf 27' lang='lat' dir='ltr'><strong>“EI-1?</strong></span> <span class='ocrx_word' id='word_1_744' title='bbox 1972 5550 2041 5600; x_wconf 57' lang='grc' dir='ltr'><strong>δίο</strong></span> <span class='ocrx_word' id='word_1_745' title='bbox 2067 5550 2221 5623; x_wconf 85' lang='lat' dir='ltr'><strong>sedit</strong></span> <span class='ocrx_word' id='word_1_746' title='bbox 2250 5550 2356 5634; x_wconf 81' lang='lat' dir='ltr'><strong>per</strong></span> <span class='ocrx_word' id='word_1_747' title='bbox 2387 5559 2432 5615; x_wconf 91' lang='grc' dir='ltr'>Ε</span> <span class='ocrx_word' id='word_1_748' title='bbox 2457 5563 2511 5614; x_wconf 88' lang='grc'>1.</span> <span class='ocrx_word' id='word_1_749' title='bbox 2543 5555 2611 5590; x_wconf 66' lang='grc'><strong>⁵⁸1</strong></span> <span class='ocrx_word' id='word_1_750' title='bbox 2643 5555 2910 5630; x_wconf 89' lang='lat' dir='ltr'><strong>peladion</strong></span> <span class='ocrx_word' id='word_1_751' title='bbox 2958 5556 3036 5612; x_wconf 75' lang='lat' dir='ltr'><strong>1b.</strong></span> <span class='ocrx_word' id='word_1_752' title='bbox 3086 5550 3155 5592; x_wconf 50' lang='lat'><strong>5&#39;”</strong></span> <span class='ocrx_word' id='word_1_753' title='bbox 3192 5557 3378 5630; x_wconf 86' lang='lat' dir='ltr'><strong>julius</strong></span> <span class='ocrx_word' id='word_1_754' title='bbox 3425 5560 3476 5614; x_wconf 77' lang='lat'><strong>5.</strong></span> <span class='ocrx_word' id='word_1_755' title='bbox 3525 5559 3598 5612; x_wconf 80' lang='lat'><strong>9°.</strong></span> <span class='ocrx_word' id='word_1_756' title='bbox 3641 5550 3813 5625; x_wconf 83' lang='lat' dir='ltr'><strong>julius</strong></span> 
     </span>
    </p>
   </div>
   <div class='ocr_carea' id='block_1_112' title="bbox 425 5643 1767 5725">
    <p class='ocr_par' dir='ltr' id='par_1_112' title="bbox 425 5643 1767 5725">
     <span class='ocr_line' id='line_1_112' title="bbox 425 5643 1767 5725; baseline -0.02 0"><span class='ocrx_word' id='word_1_757' title='bbox 425 5643 624 5725; x_wconf 51' lang='lat' dir='ltr'><strong>illi”.</strong></span> <span class='ocrx_word' id='word_1_758' title='bbox 667 5643 1018 5718; x_wconf 69' lang='lat' dir='ltr'><strong>Simmachus</strong></span> <span class='ocrx_word' id='word_1_759' title='bbox 1049 5655 1136 5709; x_wconf 88' lang='lat'><strong>10.</strong></span> <span class='ocrx_word' id='word_1_760' title='bbox 1168 5646 1237 5684; x_wconf 74' lang='grc'>⁸⁸³</span> <span class='ocrx_word' id='word_1_761' title='bbox 1267 5646 1339 5706; x_wconf 84' lang='lat' dir='ltr'><strong>ab</strong></span> <span class='ocrx_word' id='word_1_762' title='bbox 1369 5661 1420 5706; x_wconf 89' lang='lat' dir='ltr'><strong>a.</strong></span> <span class='ocrx_word' id='word_1_763' title='bbox 1451 5643 1668 5709; x_wconf 62' lang='lat' dir='ltr'><strong>desunt</strong></span> <span class='ocrx_word' id='word_1_764' title='bbox 1690 5647 1767 5701; x_wconf 87' lang='lat'><strong>9°.</strong></span> 
     </span>
    </p>
   </div>
  </div>
