3898 6342
113 294 228 362 693

999 292 1447 362 CHRONICA.
1478 329 1559 346 -
1589 293 2065 365 CHRONICON
2108 298 2658 367 UNIVERSALE.

3411 302 3531 369 694

118 434 284 505 rium,
312 429 650 492 interfectis
668 429 794 506 ejus
815 430 1339 506 fraudePhilippis,
1361 431 1471 492 hoc
1491 438 1579 492 est
1604 438 1770 507 patre
1798 428 1855 494 A
1887 433 2316 507 persecutione,
2370 434 2656 494 Fabianus
2704 451 2853 509 papa
2900 440 3022 493 19m
3071 452 3281 510 passus
3319 442 3431 511 est,
3463 442 3530 497 13

114 528 170 581 ct
203 522 347 594 lilio,
384 527 447 579 et
482 527 552 580 30
578 522 875 580 mensibus
914 522 1180 593 regnavit
1205 520 1292 593 διο,
1336 523 1392 582 id
1421 528 1511 581 est
1541 524 1770 582 duobus

120 610 280 668 annis
313 614 373 666 et
411 610 677 668 dimidio.
727 612 940 683 (Hum)
983 610 1224 677 Quidam
1262 616 1453 667 autem
1482 606 1769 683 scribunt,

117 716 241 757 cum
275 715 392 757 uno
427 703 658 757 tantum
691 714 841 756 anno
872 713 1183 769 regnasse;
1236 700 1339 757 sed
1388 701 1496 757 hoc
1527 700 1771 758 multum

122 787 418 847 discordat
459 787 531 821 ⁸η
571 788 947 860 passionibus
987 792 1320 846 sanctorum
1364 789 1459 860 qui
1498 789 1772 859 leguntur

121 878 222 933 sub
250 891 320 934 eo
350 876 514 949 passi
546 876 746 934 fuisse.
784 876 971 946 (Jonn.
1007 878 1084 933 De
1111 891 1163 934 ν.
1188 880 1263 949 s.)
1293 880 1430 934 Nam
1462 892 1591 934 cum
1622 877 1773 947 lega-

124 970 216 1023 tur
244 965 542 1023 Fabianus
568 980 717 1038 papa
745 963 859 1021 14ιο
881 966 970 1021 sui
993 965 1367 1039 epiSCOpatus
1399 981 1545 1023 anno
1579 967 1772 1022 marti-

126 1054 264 1111 rium
296 1054 411 1111 sub
435 1053 542 1110 illo
574 1054 895 1127 accepisse,
920 1057 976 1110 et
1003 1054 1136 1111 huic
1161 1054 1486 1112 Cornelium
1520 1055 1771 1111 triennio

126 1142 179 1198 in
222 1141 361 1199 sede
413 1143 779 1201 successisse
828 1143 1084 1214 itemque
1132 1146 1240 1200 sub
1287 1144 1488 1199 eodem
1537 1158 1770 1215 passum

130 1231 318 1301 fuisse,
362 1230 593 1288 Sixtum
635 1247 867 1303 quoque
900 1236 960 1288 et
990 1231 1361 1288 Laurentium
1393 1236 1450 1287 et
1481 1232 1769 1304 Ypolitum

134 1318 390 1390 aliosque
422 1318 826 1392 quamplures,
862 1324 1022 1376 stare
1055 1335 1164 1376 non
1195 1324 1407 1391 potest,
1445 1326 1503 1373 ut
1538 1325 1627 1378 tot
1658 1320 1770 1377 sibi

133 1408 181 1462 in
203 1408 454 1463 Romana
479 1408 621 1463 sede
644 1407 1031 1464 succedentes
1051 1425 1163 1464 uno
1187 1424 1336 1464 anno
1364 1409 1766 1480 trucidaverit,

130 1496 364 1551 maxime
394 1511 529 1552 cum
569 1495 890 1567 Cornelius,
931 1501 992 1552 ut
1024 1497 1444 1554 mcelesmstica
1474 1498 1642 1554 docet
1674 1498 1771 1568 hy-

131 1584 299 1639 stcria
335 1585 491 1655 (Eus.
530 1586 613 1639 H.
645 1598 691 1640 e.
731 1600 826 1652 vn,
862 1586 940 1656 3,)
973 1585 1224 1641 triennio
1256 1587 1455 1642 sedem
1490 1586 1765 1642 tenuerit.

131 1672 285 1727 [Inde
305 1671 455 1727 etde
480 1671 741 1743 ipsorum
767 1687 995 1743 quoque
1024 1673 1364 1744 pontiﬁcum
1397 1675 1768 1731 successione

1883 523 2004 580 Kal.
2033 524 2199 581 Febr.
2230 523 2331 582 Cui
2358 525 2660 582 Cornelius
2679 524 2988 583 vicesimus
3009 527 3351 597 succedens,
3378 528 3531 585 sedit

1882 627 2093 669 annum
2114 612 2181 646 ⁶¹²
2201 618 2260 670 et
2284 629 2514 671 menses
2546 618 2773 686 septem
2797 618 2855 670 et
2880 614 3005 671 dies
3037 614 3280 685 aliquot,
3312 616 3451 672 licet
3473 617 3531 674 in

1881 701 2301 759 accelesiastica
2331 703 2590 774 hystoria
2621 703 2740 772 (vn,
2773 707 2825 759 3.
2859 704 2939 760 Cf.
2975 718 3051 773 v1,
3084 706 3176 775 29)
3208 704 3438 774 legatur
3462 737 3533 749 —

1882 789 1929 845 si
1952 793 2145 847 tamen
2174 790 2317 847 vitio
2350 791 2703 863 scriptorum
2738 790 2887 847 liber
2918 790 3277 863 depravatus
3300 807 3412 848 non
3437 798 3531 850 est

1880 909 1949 918 —
1980 878 2169 935 tribus
2197 878 2364 935 annis
2393 879 2590 935 sedem
2634 879 2913 949 tenuisse,
2959 879 3113 951 quod
3145 880 3355 937 rationi
3390 884 3531 938 tem-

1884 982 2085 1037 porum
2128 967 2283 1022 Decii
2328 981 2439 1023 non
2479 967 2712 1024 videtur
2752 968 3063 1025 convenire
3106 967 3200 1038 (cl‘.
3238 970 3431 1040 HIER.,
3461 1000 3531 1011 —

1882 1056 2011 1109 Eus.
2046 1056 2122 1110 Η.
2159 1069 2204 1110 e.
2244 1071 2314 1110 v1.
2347 1054 2422 1125 9).
2460 1055 2791 1112 Alexander
2832 1056 3380 1116 Hierosolimitanus
3409 1059 3530 1131 epi-

1883 1157 2114 1213 scopus,
2138 1143 2395 1201 Narcissi
2420 1157 2745 1213 successor,
2772 1159 3009 1201 cursum
3034 1145 3245 1203 bonum
3262 1162 3530 1204 consum-

1881 1230 2080 1301 mavit,
2113 1231 2207 1288 cui
2242 1231 2583 1288 Azabbanes
2612 1232 2923 1289 successit.
2959 1234 3356 1291 Antiochenus
3390 1250 3532 1306 quo-

1882 1333 1992 1389 que
2014 1320 2209 1389 prcsul
2231 1319 2539 1392 aequaliter
2558 1319 2888 1377 Alexandro
2908 1320 3238 1393 decertans,
3259 1322 3315 1377 in
3332 1323 3531 1381 vincu-

1882 1406 1951 1462 lis
1979 1407 2240 1475 inoritur,
2278 1412 2409 1479 post
2444 1423 2611 1479 quem
2642 1409 2930 1466 Fabianus
2968 1414 3089 1466 13°!
3119 1409 3525 1467 constituitur.

1948 1499 1998 1550 2.
2045 1497 2109 1552 A.
2153 1498 2213 1550 D.
2258 1500 2380 1551 255.
2425 1496 2727 1553 Cornelius
2769 1511 2916 1569 papa
2942 1501 3070 1555 20“!
3102 1512 3310 1570 passus
3341 1502 3431 1556 est
3468 1502 3532 1555 18

1880 1582 2001 1638 Kal.
2036 1585 2339 1651 Octobris;
2375 1586 2466 1641 cui
2491 1585 2815 1643 succedens
2847 1588 3062 1658 Syxtus
3094 1601 3241 1660 papa
3264 1590 3412 1659 2t“,
3443 1601 3533 1644 se-

1880 1670 1965 1728 dit
2005 1686 2233 1729 menscs
2270 1677 2352 1728 10.

132 1759 358 1828 questio
385 1759 634 1815 animum
660 1759 855 1830 pulsat
880 1760 1191 1831 quomodo,
1217 1762 1388 1817 Decio
1411 1776 1651 1832 regnum
1676 1762 1767 1819 vel
1796 1786 1850 1846 B
1947 1758 2000 1814 3.
2038 1762 2100 1815 Α.
2138 1763 2199 1817 D.
2230 1765 2353 1817 256.
2392 1762 2603 1833 Syxtus
2635 1777 2782 1834 papa
2814 1777 3019 1834 passus
3048 1766 3137 1819 est
3160 1766 3194 1820 8
3214 1763 3351 1821 Idus
3382 1766 3525 1836 Aug.

130 1861 239 1902 uno
269 1846 357 1902 vel
389 1846 619 1904 duobus
642 1852 702 1904 et
723 1847 963 1904 dimidio
997 1864 1145 1905 anno
1177 1853 1430 1906 tenente.
1468 1850 1768 1909 Cornelius

130 1934 520 2007 episcOpatum
546 1936 864 1993 Romanum
892 1936 1082 1993 tribus
1101 1939 1264 2009 juxta
1290 1937 1766 1996 azcclesiasticam

131 2023 434 2093 hystoriam
480 2025 655 2081 annis
702 2025 978 2095 tenuerit,
1032 2026 1198 2096 eique
1247 2026 1458 2083 Lucius
1501 2042 1604 2099 per
1633 2033 1766 2084 octo

134 2125 363 2183 menses,
393 2112 731 2184 Stephanus
762 2127 902 2169 vero
928 2127 1029 2185 per
1054 2114 1367 2185 biennium,
1404 2115 1615 2172 dehinc
1646 2115 1769 2171 Six-

136 2202 218 2255 tus
247 2214 346 2270 per
377 2200 649 2257 undecim
690 2215 893 2272 annos,
926 2203 1059 2257 exin
1092 2203 1386 2259 Dionisius
1429 2218 1531 2275 per
1562 2217 1765 2260 novem

135 2302 296 2344 annos
326 2289 710 2360 successerit,
741 2304 869 2346 cum
896 2306 997 2362 per
1019 2305 1244 2347 omnem
1277 2291 1602 2348 aecclesiam
1632 2293 1767 2348 Cor-

136 2375 303 2432 nelius
320 2379 374 2433 et
396 2377 519 2432 Sixt
538 2392 626 2448 us,
642 2378 809 2449 cujus
827 2378 1106 2435 diaconus
1126 2383 1251 2435 erat
1272 2380 1639 2451 Laurentius,
1657 2382 1766 2437 sub

135 2463 283 2521 Decio
315 2465 463 2536 passi
496 2466 905 2538 predicentur,
941 2468 1150 2525 Lucius
1177 2483 1315 2525 vero
1345 2473 1407 2524 et
1437 2470 1765 2541 Stephanus

140 2553 233 2607 sub
256 2552 563 2610 Valeriano
583 2559 641 2611 et
665 2553 924 2610 Gallieno
948 2556 1293 2612 martirizati
1316 2556 1606 2626 legantur.
1643 2557 1766 2623 Qua

136 2640 196 2696 de
222 2655 279 2696 re
308 2640 510 2711 conjici
557 2646 774 2713 potest,
809 2643 1247 2700 successionum
1280 2644 1436 2701 vices
1462 2645 1601 2701 vitio
1625 2645 1766 2701 scri-

138 2732 339 2799 ptorum
371 2744 473 2801 pro
504 2728 899 2787 similitudine
938 2732 1229 2788 nominum
1271 2736 1523 2789 mutatas
1552 2733 1762 2799 fuisse;

140 2818 529 2873 auctoritatem
554 2833 697 2875 vero
718 2819 1023 2877 catholica:
1051 2820 1336 2877 aecclesize
1360 2821 1430 2877 ad
1455 2836 1562 2877 nos
1582 2836 1765 2892 usque

142 2904 418 2977 perlatam,
450 2905 761 2978 probabile
782 2912 894 2977 est,
922 2908 1273 2979 sequendam
1298 2923 1443 2965 esse.
1471 2910 1580 2965 Sed
1607 2913 1667 2966 ut
1693 2910 1764 2966 ad

143 2994 416 3065 superiora
468 2995 804 3065 redeamus,
839 2995 938 3065 (H.
973 2999 1075 3067 φη.)
1109 2997 1320 3055 Decius
1371 2997 1548 3053 ﬁlium
1597 3013 1762 3055 suum

144 3081 349 3137 Decium
378 3097 662 3140 czesarem
692 3083 846 3154 fecit,
873 3088 934 3140 et
959 3086 1424 3156 persecutionem
1460 3086 1762 3158 septimam

145 3173 258 3239 post
284 3171 561 3227 Neronem
586 3170 644 3226 in
665 3171 1017 3229 christianos
1049 3173 1245 3244 movit,
1278 3174 1640 3231 occasionem
1672 3190 1765 3232 su-

146 3269 284 3313 mens
323 3257 515 3314 odium
566 3258 970 3331 Philipporum
1021 3276 1167 3331 quos
1210 3261 1527 3332 interfecit,
1563 3262 1620 3317 in
1652 3277 1761 3333 qua

151 3346 527 3413 persecutione
564 3345 734 3404 multi
766 3352 1100 3404 sanctorum
1126 3349 1281 3420 passi
1305 3353 1457 3405 sunt.
1489 3350 1669 3412 tHIER.
1695 3379 1766 3391 ——-

146 3430 506 3505 H.m.)Hujus
523 3435 894 3506 temporibus
910 3452 1039 3492 cum
1065 3435 1296 3508 plurimi
1320 3437 1487 3493 Gothi
1507 3438 1762 3494 Histrum

148 3518 352 3577 ﬂuvium
383 3527 842 3593 transmeantes,
876 3525 1263 3581 Romanorum
1294 3525 1563 3581 civitates
1595 3527 1767 3582 deva-

145 3609 356 3681 starcnt,
389 3610 606 3667 Decius
632 3626 761 3667 cum
795 3611 913 3668 tilio
946 3627 1051 3668 suo
1081 3611 1213 3668 illos
1243 3613 1397 3669 bello
1429 3628 1760 3685 aggressus,

148 3695 367 3763 30,milia
389 3713 460 3754 ex
480 3699 569 3756 eis
595 3699 833 3770 occidit,
868 3700 938 3755 de
967 3700 1091 3757 suis
1112 3715 1345 3772 quoque
1380 3701 1596 3758 multos
1628 3702 1764 3758 ami-

149 3780 229 3838 sit.
248 3783 413 3842 I-‘ilius
431 3787 611 3843 etiam
630 3786 755 3856 ejus
774 3787 1121 3845 interfectus
1143 3794 1255 3860 est,
1284 3789 1527 3861 ipseque
1549 3790 1604 3846 in
1628 3805 1765 3846 con-

1879 1863 2008 1905 cum
2053 1848 2202 1905 aliis.
2248 1850 2405 1907 Passi
2452 1854 2587 1906 sunt
2628 1852 2737 1907 hoc
2781 1866 2930 1907 anno
2961 1851 3384 1909 Polochronius
3411 1853 3531 1925 epi-

1879 1952 2093 2009 SCOpUS
2122 1952 2253 1993 cum
2286 1938 2508 2008 multis,
2543 1938 2796 1995 Αιπιοοίδ
2818 1943 2877 2009 et
2902 1941 3143 2010 Sennes,
3179 1939 3532 2011 Olimpiades

1876 2029 1934 2081 et
1958 2025 2255 2096 Maximus,
2293 2026 2639 2083 Laurentius
2662 2032 2795 2098 post
2817 2028 3078 2098 Syxtum,
3109 2027 3374 2099 Ypolitus
3396 2044 3527 2084 cum

1878 2112 2051 2169 sociis
2091 2113 2232 2177 suis,
2279 2113 2497 2185 aliique
2542 2114 2915 2187 quamplures
2955 2114 3052 2186 (cf.
3084 2114 3296 2187 Mart.)
3337 2115 3527 2170 Dioni-

1876 2201 1998 2258 sius
2022 2215 2165 2273 papa
2188 2205 2315 2257 22W
2338 2206 2471 2273 post
2496 2204 2734 2273 Syxtum
2754 2203 3079 2275 ordinatus,
3104 2204 3257 2261 sedit
3277 2202 3527 2261 annis“

1876 2289 2124 2360 duobus,
2158 2305 2388 2347 menses
2419 2296 2470 2347 5.

1877 2379 2022 2435 Anni
2057 2379 2200 2435 Galli
2245 2384 2302 2437 et
2334 2378 2651 2437 Volusiani.

1949 2467 2049 2537 (H.
2082 2470 2186 2541 φη.)
2236 2470 2399 2525 Anno
2447 2469 2750 2526 dominicae
2803 2467 3226 2525 incarnationis
3274 2472 3397 2539 257,
3453 2471 3526 2526 ab

1876 2558 2030 2614 Urbe
2060 2557 2296 2613 condita
2328 2557 2635 2615 millesimo
2665 2562 2715 2615 8.
2752 2557 2946 2614 Virius
2983 2557 3182 2614 Gallus
3213 2558 3519 2629 Hostilius,

1873 2649 2000 2701 26118
2028 2646 2100 2701 ab
2133 2648 2416 2717 Augusto,
2452 2647 2769 2717 imperator
2786 2647 2859 2702 ab
2881 2647 3146 2703 exercitu
3175 2651 3413 2704 creatur
3435 2647 3524 2715 ⁸³⁸,

1876 2738 1934 2790 et
1965 2750 2095 2790 cum
2128 2733 2445 2789 Volusiano
2489 2733 2607 2789 ﬁlio
2647 2749 2753 2791 suo
2785 2735 3053 2805 regnavit
3080 2734 3245 2791 annis
3275 2734 3524 2805 duobus,

1875 2836 2105 2877 menses
2138 2826 2186 2877 4.
2224 2822 2447 2892 (ΒευΑ.)
2482 2821 2663 2890 Hujus
2698 2822 2926 2893 imperii
2958 2821 3252 2879 Dionisius
3283 2822 3529 2878 Alexan-

1876 2910 2078 2967 drinus
2097 2910 2408 2981 episcopus
2428 2910 2783 2966 meminitita
2808 2928 2820 2963 :
2845 2911 2960 2966 «At
2979 2924 3051 2965 ne
3071 2909 3267 2966 Gallus
3290 2910 3523 2980 quidem

1876 2999 2086 3055 malum
2128 2998 2282 3054 Decii
2326 3004 2426 3055 aut
2463 2998 2661 3054 videre
2705 2998 2898 3069 potuit
2929 3000 3030 3053 aut
3064 3010 3293 3065 cavere,
3329 2996 3433 3052 scd
3466 2996 3523 3053 in

1873 3087 2119 3144 eundem
2150 3086 2401 3159 lapidem
2430 3085 2767 3142 offensionis
2797 3085 3146 3156 impingens,
3184 3088 3421 3140 sanctos
3442 3083 3524 3140 vi-

1875 3190 1972 3233 ros
2008 3181 2357 3247 persecutus
2389 3179 2497 3232 est.
2532 3194 2560 3227 ››
2598 3175 2762 3243 (Aun.
2798 3174 2978 3244 VICT.)
3019 3172 3119 3228 His
3161 3171 3555 3244 temporibus-

1874 3264 2214 3320 IEmilianus
2235 3263 2467 3335 quidam
2489 3263 2543 3318 in
2564 3258 2760 3317 Moesia
2786 3261 3106 3332 imperator
3125 3259 3389 3317 elevatus
3409 3263 3519 3329 est,

1872 3358 2078 3409 contra
2113 3367 2282 3423 quem
2313 3351 2497 3421 ambo,
2534 3354 2701 3422 pater
2730 3349 2958 3406 scilicet
2988 3347 3056 3382 °“
3088 3363 3153 3405 ac
3186 3347 3360 3418 filius,
3394 3361 3525 3419 per-

1873 3444 2099 3511 gentes,
2118 3442 2190 3497 ab
2208 3439 2474 3496 exercitu
2494 3454 2601 3495 suo
2622 3438 2914 3494 interfecti
2936 3441 3091 3507 sunt,
3117 3442 3283 3509 pater
3300 3436 3523 3492 habens

1875 3543 2057 3585 annos
2075 3528 2210 3585 vitae
2233 3530 2321 3597 47,
2349 3526 2687 3584 Emilianus
2711 3530 2904 3582 autem
2922 3524 3009 3595 “7,
3036 3526 3268 3582 Maurus
3286 3538 3519 3594 genere,

1876 3620 2006 3688 post
2041 3631 2268 3672 menses
2302 3621 2552 3686 quatuor
2582 3615 2811 3672 occisus
2840 3618 2948 3671 est.

1947 3709 1995 3759 1.
2032 3704 2257 3774 (ΒευΑ.)
2292 3704 2486 3758 Primo
2508 3701 2576 3736 ‘1'
2599 3717 2748 3758 anno
2782 3701 2943 3771 regni
2977 3699 3121 3755 Galli
3144 3704 3204 3756 et
3226 3698 3523 3756 Volusiani

1876 3791 2157 3861 Origenes
2206 3789 2521 3861 presbiter,
2575 3804 2725 3845 anno
2776 3787 2970 3845 aetatis
3018 3802 3140 3845 sua}
3170 3792 3239 3843 70
3270 3787 3524 3843 nondum

151 3867 283 3927 fusas
326 3875 525 3931 turbas
576 3875 792 3946 gurgiti
833 3877 1132 3947 cujusdam
1166 3877 1392 3948 paludis
1424 3879 1763 3934 submersus
1864 3878 2135 3949 impleto,
2164 3878 2413 3933 moritur
2436 3880 2494 3933 et
2520 3876 2574 3932 in
2597 3877 2741 3946 Tyro
2766 3874 3073 3946 sepelitur,
3100 3873 3196 3946 qui
3221 3874 3277 3930 in
3297 3877 3524 3931 tantum

149 3961 240 4028 est,
270 3958 342 4016 ita
364 3968 555 4020 utnec
589 3962 838 4021 cadaver
867 3964 996 4034 ejus
1028 3964 1275 4020 inveniri
1308 3965 1587 4036 potuerit,
1616 3980 1764 4021 anno

154 4042 346 4117 imperii
376 4050 461 4107 sui
493 4052 703 4123 tercio,
736 4052 869 4110 vitae
903 4053 1404 4124 quinquagesimo.
1441 4055 1573 4110 Haec
1596 4051 1763 4122 juxta

152 4130 455 4209 hystoriam,
482 4141 540 4197 in
567 4140 898 4213 passionum
930 4156 1071 4197 vero
1105 4140 1255 4197 libro
1288 4140 1569 4212 scriptum
1604 4156 1767 4212 repe-

154 4219 297 4294 ritur,
321 4229 467 4297 quod
490 4229 805 4285 interfecto
837 4230 1016 4300 Syxto
1046 4243 1192 4301 papa
1213 4235 1272 4284 et
1294 4229 1422 4301 ejus
1446 4228 1767 4286 archiadia-

152 4323 273 4366 cono
311 4314 615 4373 Laurentio
652 4316 920 4388 aliisque,
966 4332 1031 4373 ac
1070 4317 1278 4372 deinde
1321 4316 1551 4388 Ypolito
1595 4317 1767 4373 socii-

156 4409 275 4466 sque
300 4401 440 4475 ejus,
462 4409 531 4462 27
556 4405 649 4462 die
672 4410 807 4477 post
830 4406 1154 4477 passionem
1188 4410 1526 4461 sanctorum
1557 4405 1766 4461 Decius

1872 3965 2112 4022 sedulus
2146 3965 2253 4021 fuit
2286 3964 2602 4034 scribendi,
2631 3969 2695 4020 ut
2719 3962 3092 4020 Hieronimus
3124 3961 3373 4033 quodam
3396 3960 3526 4020 loco

1876 4052 2050 4119 dicat,
2075 4051 2330 4121 quinque
2350 4050 2505 4106 milia
2524 4049 2812 4107 librorum
2831 4047 2957 4118 ejus
2974 4062 3036 4105 se
3056 4046 3288 4118 legisse.
3311 4047 3524 4118 (Ηιειι.)

1876 4138 2194 4196 Antiochiae
2216 4138 2601 4194 constituitur
2619 4136 3021 4194 Demetriacus
3043 4135 3355 4209 episcopus
3382 4139 3523 4192 14ιιδ.

1943 4233 1994 4283 2.
2033 4231 2095 4282 A.
2134 4229 2192 4282 Ι).
2228 4230 2351 4282 258.
2405 4226 2603 4283 Gallus
2646 4231 2706 4283 et
2750 4225 3105 4283 Volusianus
3153 4223 3522 4282 occiduntur.

1877 4314 2166 4371 Dionisius
2218 4329 2364 4387 papa
2415 4319 2542 4370 22‘18
2589 4314 2858 4384 migravit
2907 4312 2977 4347 ‘1'
3015 4318 3047 4369 6
3077 4312 3197 4369 Kal.
3247 4314 3373 4368 Jan.
3424 4311 3529 4368 Hic

1880 4403 2224 4475 presbiteris
2242 4403 2539 4460 zeeclesias
2558 4402 2857 4459 distribuit
2873 4407 2930 4459 et
2948 4401 3286 4475 parrochias
3306 4399 3525 4457 divisit.

156 4489 203 4539 et
229 4486 550 4550 Valerianus
590 4494 887 4565 prefectus
928 4494 1203 4550 sedentes
1239 4493 1293 4548 in
1327 4508 1590 4564 carruca,
1635 4508 1765 4550 cum
1797 4496 1849 4558 D
1879 4493 2070 4561 (Bene:
2107 4490 2320 4562 Mart.)

161 4573 451 4634 tractarent
483 4580 670 4638 adhuc
701 4581 771 4638 de
803 4596 946 4637 nece
979 4584 1335 4649 sanctorum,
1368 4580 1649 4636 demoniis
1679 4596 1768 4636 ar-

158 4662 285 4730 repti
316 4671 465 4737 sunt,
500 4673 558 4725 et
589 4669 647 4725 in
677 4670 976 4741 presentia
1019 4669 1176 4724 Decii
1206 4667 1549 4724 Valerianus
1580 4669 1771 4740 exspi-

158 4751 365 4823 raverit,
418 4756 627 4813 Decius
675 4772 816 4814 vero
866 4757 1099 4814 rediens
1132 4757 1187 4812 in
1221 4755 1522 4828 palatium,
1574 4756 1769 4813 triduo

159 4842 371 4897 vexatus
400 4841 495 4913 sit,
525 4848 581 4900 et
616 4845 670 4900 in
699 4850 1022 4917 conspectu
1052 4844 1381 4916 Triphonize
1417 4844 1616 4901 uxoris
1648 4860 1768 4902 suae

158 4922 461 4985 exalaverit.
495 4931 753 4997 Qualiter
783 4938 973 4990 autem
1004 4948 1180 5004 super
1215 4932 1305 4987 his
1336 4932 1556 4989 veritas
1585 4946 1647 4988 se
1675 4932 1770 4988 ha-

161 5005 292 5081 δεδι,
326 5014 377 5070 in
407 5019 758 5091 scriptorum
792 5022 1014 5078 ratione
1041 5020 1342 5078 consistat.

222 5102 264 5152 1.
290 5101 446 5170 (0hr.
482 5108 586 5180 W.)
605 5109 795 5166 Primo
818 5109 971 5165 Decii
994 5123 1142 5166 anno
1165 5109 1314 5165 facta
1339 5109 1393 5164 in
1415 5108 1771 5165 christianos

1878 4579 2027 4636 Anni
2058 4578 2346 4637 Valeriani
2379 4584 2435 4636 et
2479 4578 2742 4635 Gallieni.

1950 4669 2051 4741 (H.
2079 4669 2185 4739 φη.)
2219 4670 2381 4723 Anno
2412 4667 2716 4724 dominica
2751 4663 3172 4722 incarnationis
3199 4666 3324 4732 259,
3353 4661 3529 4719 Urbis

1878 4769 2018 4811 vero
2058 4753 2308 4811 condita:
2356 4752 2663 4807 millesimo
2708 4755 2791 4806 10.
2839 4748 3113 4806 Lucinius
3160 4746 3526 4816 Valerianus,

1877 4848 2263 4913 cognomento
2292 4841 2587 4907 Colobius,
2626 4840 2678 4893 in
2714 4838 2877 4893 Retia
2902 4841 2960 4893 et
2984 4833 3192 4892 Norico
3221 4849 3420 4904 agens,
3456 4835 3529 4890 ab

1878 4931 2144 4988 exercitu
2185 4930 2501 5001 imperator
2531 4932 2789 4996 creatus,
2827 4940 2958 4981 mox
2987 4926 3275 4993 angustus
3309 4926 3396 4977 est
3432 4936 3531 4993 ap-

1882 5018 2150 5091 pellatus,
2176 5024 2302 5074 27‘"
2325 5017 2396 5073 ab
2421 5019 2717 5085 Augusto;
2740 5015 2934 5075 Romae
2956 5025 3097 5067 vero
3121 5009 3417 5066 Gallienus
3437 5008 3528 5079 °’°,

1882 5107 2035 5164 ﬁlius
2055 5106 2185 5178 ejus
2205 5104 2294 5176 6“,
2324 5119 2353 5159 a
2376 5107 2581 5161 senatu
2613 5116 2799 5159 caesar
2830 5096 3163 5172 appellatus
3189 5100 3303 5168 est,
3329 5110 3532 5166 regna-

1484 5274 1720 5330 νΑΗιΑε
1761 5272 2160 5329 LECTIONES.

223 5423 283 5458 ⁶¹⁰
310 5430 462 5490 deest
487 5440 565 5493 10.
597 5444 680 5496 ll.
765 5439 831 5473 “1
862 5440 1026 5499 deest
1050 5442 1146 5498 El.
1233 5441 1302 5474 ‘1’
1332 5455 1385 5496 a.
1443 5454 1617 5496 unum
1650 5444 1698 5494 5.
1787 5436 1855 5471 ⁸³³
1886 5437 2073 5492 abdon
2129 5441 2205 5492 9ο.
2244 5440 2326 5490 11.
2406 5433 2473 5467 ‘1‘
2508 5447 2690 5489 annos
2723 5434 2825 5488 Ποε
2881 5432 2978 5487 Et.

223 5497 450 5565 religatis
474 5510 709 5565 recedit.
787 5509 855 5544 ⁵³³
885 5515 1121 5565 creatus
1153 5527 1284 5565 cum
1315 5517 1364 5565 5.
1443 5509 1512 5544 “1°
1543 5525 1589 5565 s.
1627 5525 1679 5565 ο.
1716 5514 1765 5564 5.
1858 5507 1925 5540 “7
1949 5508 2110 5565 deest
2142 5509 2235 5563 El.
2322 5503 2391 5538 ‘1'
2423 5506 2483 5559 P.
2522 5508 2716 5558 autem
2749 5516 2799 5557 a.
2836 5502 2931 5558 El.

165 5497 709 5581 ίξῖβίίρειὶξχεσεᾴἰι.
787 5509 855 5544 ⁵³³
885 5497 1121 5570 creatus
1153 5527 1284 5570 cum
1315 5517 1364 5567 5.
1443 5509 1512 5544 “1°
1543 5525 1589 5566 s.
1626 5525 1679 5581 p.
1716 5514 1765 5564 5.

174 5575 288 5625 num
316 5575 361 5626 5.
434 5574 500 5608 ⁶²⁰
524 5579 785 5648 galienus
815 5587 864 5637 5.
898 5596 1141 5659 smper.
1226 5582 1464 5639 “‘(leest
1490 5582 1585 5643 Et.

3075 5430 3145 5487 ui
3182 5429 3277 5487 ita
3309 5427 3532 5498 sapies

2322 5503 2391 5538 ‘1'
2423 5506 2483 5559 P.
2522 5508 2716 5558 autem
2749 5516 2799 5557 a.
2836 5502 2931 5558 El.
3010 5495 3082 5533 '1’
3116 5514 3196 5554 m.
3240 5498 3308 5554 ad
3346 5495 3532 5552 domi-
