3898 6328
363 288 480 354 695

1523 299 2006 366 EKKEHARDI
2055 297 2608 364 URAUGIENSIS

3659 299 3764 364 696

365 433 693 500 veruntque
715 429 886 490 simul
909 432 1076 492 annis
1098 448 1222 508 sex,
1249 434 1546 496 Gallienus
1567 452 1706 496 vero
1731 436 1892 495 solus
1918 451 2012 510 po-
2041 437 2098 498 A
2131 436 2442 493 Ysmeneus
2475 435 2799 494 ordinatur.
2848 432 3212 492 Alexandria
3246 433 3638 495 constituitur
3662 439 3770 510 epi-

367 523 491 574 stea
525 518 592 554 ⁶³¹
620 535 847 593 novem,
901 523 996 594 qui
1045 524 1260 582 faciunt
1313 541 1494 582 annos
1542 532 1623 584 15.
1672 527 2016 583 Valerianus

369 605 565 679 itaque
585 610 798 668 nobilis
821 613 1050 683 quidem
1069 618 1193 670 erat
1210 629 1424 684 genere
1441 615 1534 684 ⁶²³,
1551 616 1804 690 stolidus
1823 621 2013 672 tamen

368 702 424 751 et
458 695 525 756 ⁶²ἓ
557 697 712 756 iners
752 701 1016 772 multum,
1061 718 1166 760 nec
1207 703 1276 759 ad
1315 703 1568 774 aliquem
1600 719 1766 762 usum
1802 704 2014 776 publici

372 785 542 841 cilicii
576 787 820 844 consilio
851 805 950 845 seu
981 791 1165 860 gestis
1195 792 1682 850 accommodatus.
1719 791 2016 848 Gallienus

371 877 566 931 autrm
598 877 845 947 primum
871 878 1122 936 feliciter
1145 882 1430 952 regnavit,
1459 887 1660 954 postea
1683 895 1822 940 vero
1843 879 1912 915 ⁸³1
1934 881 2017 937 lu-

371 962 606 1020 xuriose
628 965 846 1036 vivens,
872 967 1176 1038 imperium
1203 970 1320 1026 fere
1344 969 1740 1028 adnicbilavit.
1765 969 2018 1027 Valeria-

372 1063 482 1106 nus
504 1051 682 1122 igitur
706 1053 884 1112 lilium
908 1071 1073 1112 suum
1099 1056 1420 1115 Gallienum
1443 1059 1576 1115 fecit
1600 1064 1932 1129 augustum,
1957 1061 2014 1113 et

376 1139 706 1198 Cornelium
757 1143 1148 1216 Valerianum,
1203 1146 1444 1203 Gallieni
1491 1147 1692 1217 filium,
1738 1159 2016 1204 casarem

373 1231 701 1287 constituit.
758 1234 882 1288 Mox
934 1239 1130 1290 autem
1165 1241 1224 1290 ut
1255 1250 1498 1306 regnare
1543 1235 1718 1307 coepit
1768 1234 2018 1291 Licinius

376 1316 740 1390 Valerianus,
798 1331 1260 1393 persecutionem
1303 1339 1332 1379 a
1375 1327 1601 1380 Nerone
1649 1327 1911 1380 octavam
1963 1321 2019 1378 in

375 1407 728 1465 christianos
750 1412 1044 1477 exercuit;
1073 1418 1274 1483 postea
1294 1413 1348 1468 in
1370 1411 1779 1484 Mesopotamia
1805 1410 2020 1468 bellum

375 1508 607 1567 gerens,
646 1512 675 1552 a
712 1498 926 1570 Sapore
956 1501 1264 1556 Persarum
1297 1515 1434 1569 rege
1463 1499 1531 1533 ⁶²⁴
1557 1504 1766 1572 captus
1798 1499 2024 1555 lumini-

379 1585 601 1656 busque
629 1587 908 1660 privatus,
935 1589 1251 1646 miserabili
1276 1591 1563 1647 servitute
1586 1589 1664 1646 ibi
1689 1588 2018 1646 consenuit.

378 1671 545 1741 (0hr.
597 1676 702 1746 W.)
746 1678 884 1732 Nam
915 1677 1187 1748 quamdiu
1229 1678 1484 1748 vivebat,
1519 1693 1752 1749 semper
1781 1677 2022 1734 acclinis

2126 538 2341 595 scopus
2363 527 2488 580 14ιιι
2514 524 2810 582 Maximus.

2197 617 2280 668 13.
2318 615 2382 668 Α.
2414 615 2476 668 D.
2513 617 2636 670 271.
2673 613 2994 670 Antiochia
3036 611 3352 672 ordinatur
3383 613 3638 672 Domnus
3665 617 3765 688 epi-

2125 715 2341 772 scopus
2381 700 2448 734 “1
2494 705 2633 758 16‘".

2199 793 2281 846 15.
2319 789 2485 859 (Ckr.
2536 789 2644 862 W.)
2677 792 2738 846 A.
2773 791 2834 845 D.
2871 793 2995 846 273.
3027 788 3326 846 Dionisius
3357 803 3510 860 papa
3539 792 3662 846 26“
3689 807 3764 848 or-

2125 876 2380 949 dinatus,
2425 877 2576 935 sedit
2607 877 2773 935 annis
2803 882 2854 935 9.
2891 877 3185 935 Gallienus
3217 876 3537 934 Mediolani
3569 878 3764 936 interli-

2126 965 2298 1022 citur.

2127 1055 2272 1111 Anni
2307 1055 2550 1114 Claudii.

2199 1144 2218 1214 (
2235 1144 2314 1201 W.
2337 1147 2530 1218 mise.)
2563 1146 2723 1202 Anno
2754 1144 3058 1202 dominica
3091 1143 3522 1202 incarnationis
3543 1147 3764 1206 274.01»

2131 1233 2218 1290 bis
2267 1234 2516 1290 condita
2565 1232 2872 1290 millesimo
2921 1237 3008 1290 25.
3061 1233 3230 1303 (Aen.
3285 1233 3448 1289 VICT.
3486 1265 3539 1273 ——
3575 1235 3763 1306 Em.)

2129 1322 2426 1392 Claudius,
2467 1337 2636 1394 quem
2681 1321 2849 1380 multi
2878 1321 3077 1379 dicunt
3111 1337 3142 1379 a
3174 1321 3478 1379 Gordiano
3507 1328 3760 1395 creatum,

2129 1414 2257 1466 28‘"
2297 1412 2368 1466 ab
2409 1412 2688 1481 Augusto,
2723 1425 2752 1468 a
2787 1409 3070 1468 militibus
3102 1409 3358 1482 electus,
3395 1426 3426 1466 a
3459 1415 3658 1468 senatu
3685 1426 3762 1470 au-

2129 1502 2341 1568 gustus
2359 1498 2710 1570 appellatus,
2735 1498 3000 1568 regnavit
3018 1513 3233 1555 annum
3255 1513 3458 1569 unum,
3487 1513 3698 1556 menses
3717 1503 3758 1570 9,

2133 1586 2222 1642 vir
2245 1600 2458 1658 parcus
2477 1591 2536 1642 et
2559 1587 2861 1643 modestus
2881 1589 2941 1642 et
2964 1586 3108 1656 justi
3131 1589 3317 1644 tenax
3339 1600 3409 1642 ac
3437 1587 3519 1642 rei
3541 1587 3761 1658 publica

2137 1675 2399 1732 idoneus.
2426 1676 2530 1730 Hic
2554 1673 2798 1731 Gallieni
2824 1673 3127 1732 morientis
3149 1675 3453 1732 sententia
3477 1675 3766 1747 imperator

377 1761 552 1833 humi,
599 1777 790 1832 regem
825 1766 877 1820 in
911 1781 1119 1836 equum
1163 1781 1542 1824 ascensurum
1577 1767 1752 1823 dorso
1794 1766 2025 1822 attolle-
2054 1791 2106 1850 B
2138 1763 2480 1832 designatus
2505 1768 2614 1834 est,
2643 1762 2714 1820 ad
2738 1777 2910 1834 quem
2939 1762 3118 1820 Ticini
3149 1763 3421 1836 positum
3452 1763 3760 1820 vestimenta

381 1851 496 1906 bat.
531 1852 752 1925 (Βεω.)
778 1855 938 1910 Unde
961 1854 1028 1887 ⁶²³
1051 1855 1346 1911 Gallienus
1372 1861 1484 1912 tam
1511 1856 1669 1911 claro
1694 1855 2025 1926 Deijudicio

379 1940 646 2010 territus,
689 1956 888 2011 pacem
932 1943 1154 1999 nostris
1187 1943 1378 2010 dedit;
1421 1945 1496 2000 ob
1530 1943 1800 1999 meritum
1832 1949 2022 1999 tamen

379 2027 468 2082 vel
502 2030 752 2099 propria
780 2029 1040 2087 libidinis
1064 2032 1154 2087 vel
1176 2037 1433 2103 paterna
1463 2032 1842 2088 theomachia
1865 2031 2028 2088 innu-

383 2130 560 2186 mera,
596 2116 862 2174 barbaris
891 2121 1358 2190 assurgentibus,
1385 2121 1623 2175 Romani
1658 2120 1818 2190 regni
1853 2119 2029 2176 detri-

381 2208 572 2260 menta
625 2207 928 2262 sustinuit.
985 2208 1085 2275 (11.
1127 2211 1233 2279 m.)
1286 2207 1369 2262 Ad
1420 2209 1678 2264 ultimum
1733 2209 2028 2280 profectus

385 2291 666 2348 adversus
696 2294 1010 2350 Aureolum
1034 2293 1238 2352 ducem
1261 2311 1453 2367 suum,
1477 2295 1572 2368 qui
1599 2295 1919 2352 Mediolano
1944 2312 2030 2352 rc-

379 2395 561 2450 gnare
589 2381 658 2422 ο²⁰
687 2384 1014 2453 temptavit,
1046 2383 1486 2454 comprehcndit
1519 2384 1676 2440 illum
1709 2385 1859 2456 apud
1893 2401 2030 2456 pon-

382 2471 499 2523 tem
553 2469 648 2539 qui
698 2483 767 2525 ex
817 2472 1046 2526 nomine
1094 2471 1217 2540 ejus
1269 2471 1556 2528 Aureolus
1585 2472 1936 2544 appellatur,
1971 2478 2030 2529 et

385 2556 768 2613 Mediolanum
793 2559 1059 2626 obsedit;
1084 2560 1184 2616 sed
1209 2575 1339 2616 cum
1362 2561 1438 2615 ibi
1459 2560 1757 2617 luxuriose
1782 2561 2027 2631 viveret,

385 2645 635 2700 artificio
659 2646 917 2715 ejusdem
943 2648 1174 2704 Aureoli
1197 2664 1226 2703 a
1246 2649 1366 2704 suis
1386 2649 1731 2706 interfectus
1747 2655 1860 2720 est,
1881 2664 2029 2706 anno

384 2733 580 2789 atatis
601 2733 668 2766 ⁶²⁷
693 2739 759 2790 50
791 2735 884 2804 (cf.
919 2737 1090 2792 Osos.
1119 2752 1214 2807 vn,
1240 2741 1350 2809 22).
1387 2739 1502 2793 IIac
1533 2743 1724 2794 autem
1761 2751 2030 2809 persecu-

387 2821 564 2892 tione,
594 2837 720 2893 quzc
744 2825 851 2880 sub
875 2829 1040 2896 patre
1065 2841 1170 2882 suo
1191 2827 1339 2882 facta
1365 2831 1479 2896 est,
1505 2825 1683 2896 aliqui
1708 2825 1874 2897 (0hr.
1925 2826 2028 2898 W.)

391 2924 594 2980 passos
619 2925 747 2968 esse
771 2915 1117 2969 confirmant
1141 2914 1490 2979 Cornelium,
1517 2913 1772 2983 Lucium,
1793 2913 2033 2985 Stepha-

386 3011 521 3054 num
553 2999 622 3032 ⁶²⁸
653 3007 711 3056 et
744 3001 966 3058 Sixtum
1003 3003 1286 3059 Romanos
1320 3003 1646 3074 pontifices,
1680 3018 1809 3058 cum
1840 3009 2033 3060 tamen

389 3085 692 3144 Cornelius
714 3094 770 3144 et
797 3089 1011 3160 Sixtus,
1050 3095 1110 3146 ut
1141 3105 1315 3161 supra
1351 3091 1570 3146 dictum
1601 3093 1710 3161 est,
1739 3091 1794 3146 in
1821 3091 2035 3163 passio-

388 3187 522 3230 num
557 3175 723 3232 libris
747 3178 856 3233 sub
881 3178 1054 3233 Decio
1087 3179 1246 3248 passi
1281 3177 1569 3247 legantur.

465 3267 510 3318 1.
547 3263 714 3332 (0hr.
761 3265 864 3336 W.)
896 3265 1086 3321 Primo
1136 3265 1298 3336 regni
1331 3265 1421 3322 sui
1452 3280 1602 3322 anno
1649 3267 1902 3324 Licinius
1933 3269 2040 3325 Va-

392 3349 650 3409 lerianus
667 3353 1137 3424 persecutionem
1157 3355 1210 3409 in
1231 3354 1582 3412 christianos
1599 3357 1797 3412 movit.
1827 3356 2037 3413 Lucius

391 3454 539 3511 papa
557 3445 686 3496 23“!
705 3441 1031 3511 ordinatur,
1049 3443 1378 3513 sedensque
1399 3458 1624 3500 menses
1644 3449 1797 3513 octo,
1817 3445 2040 3516 patitur

393 3533 426 3584 4
457 3531 598 3584 Non.
633 3531 795 3585 Mart.
852 3531 952 3587 Cui
1001 3530 1322 3587 succedens
1351 3533 1678 3602 Stephanus
1704 3537 1849 3603 24‘“,
1886 3533 2037 3590 sedit

393 3617 562 3672 annis
592 3617 840 3689 duobus,
867 3620 1204 3690 patiturque
1234 3623 1267 3674 4
1295 3621 1484 3677 Nonas
1517 3621 1785 3692 Augusti.

467 3707 516 3761 4.
553 3707 616 3761 A.
652 3707 714 3762 lt.
747 3711 869 3762 262.
924 3707 1122 3765 Sixtus
1166 3723 1315 3780 papa
1353 3713 1480 3765 25ιιε
1520 3709 1844 3780 ordinatus,
1887 3710 2038 3767 sedit

395 3795 563 3850 annis
598 3800 680 3866 11,
714 3796 1106 3868 patiturque8
1128 3797 1264 3854 ldus
1290 3798 1532 3868 Augusti
1562 3797 1650 3852 ⁸³⁸.
1687 3797 1906 3871 (ΒεοΑ.)
1940 3798 2041 3870 Cy-

398 3881 637 3953 prianus
659 3884 1097 3954 Kartaginensis
1118 3885 1450 3957 episcopus,
1472 3885 1680 3944 doctor
1702 3886 2037 3959 precipuu‘s,

397 3971 566 4040 cujus
595 3972 935 4029 doctissima
976 3977 1212 4030 exstant
1241 3975 1544 4047 opuscula,
1581 3975 1844 4033 martirio
1877 3991 2043 4033 coro-

397 4063 590 4130 natur,
626 4065 693 4116 18
725 4061 961 4118 Kalend.
1004 4063 1294 4120 Octobris.

471 4153 521 4204 5.
558 4151 621 4203 A.
656 4151 718 4204 D.
751 4153 872 4206 263.
916 4150 1252 4209 'lbeodorus
1288 4155 1670 4222 cognomento
1709 4153 2040 4224 Gregorius,

401 4235 572 4306 cujus
602 4251 780 4310 supra
812 4237 888 4308 (a.
911 4242 1037 4313 242)
1070 4241 1422 4296 mentionem
1455 4239 1716 4311 fecimus,
1748 4243 2045 4300 Neocasa-

403 4325 504 4382 ria
526 4323 596 4358 ⁶³⁰
616 4326 783 4382 Ponti
815 4327 1142 4400 episcopus,
1173 4342 1376 4398 magna
1404 4327 1688 4386 virtutum
1717 4329 1904 4400 gloria
1933 4331 2047 4388 cla-

405 4413 543 4483 ruit,
580 4414 675 4484 qui
700 4420 758 4471 et
779 4419 1046 4486 stagnum
1081 4416 1370 4488 quoddam
1402 4417 1673 4486 precibus
1703 4418 2041 4491 exsiccavit,

403 4504 460 4556 et
483 4505 755 4573 montem,
783 4507 843 4560 ut
867 4505 1151 4562 acclesia
1174 4504 1340 4560 locus
1363 4504 1676 4576 sufﬁceret,
1701 4507 1900 4563 movit.

476 4593 531 4647 6.
562 4589 774 4665 (Πιεη.)
809 4593 872 4648 Α.
901 4593 960 4648 1).
985 4595 1108 4649 264.
1145 4591 1466 4650 Antiochia
1494 4593 1801 4652 ordinatur
1829 4597 2049 4668 episco-

406 4692 516 4749 pus
548 4683 672 4734 15ιιει
703 4680 917 4737 Paulus
938 4680 1410 4737 Samosathenus.
1583 4701 1588 4706 ’

475 4771 530 4824 7.
567 4766 734 4838 (ΟΙιν.
774 4769 880 4841 W.)
915 4770 978 4824 A.
1010 4770 1072 4825 D.
1104 4772 1226 4826 265.
1257 4769 1599 4828 Valerianus
1621 4785 1652 4827 a
1675 4770 1889 4844 Sapore
1915 4775 2052 4832 Per-

407 4869 602 4913 sarum
633 4871 769 4928 rege
807 4857 1058 4930 capitur.

479 4951 530 5004 8.
565 4947 630 5002 A.
663 4949 726 5003 D.
760 4949 882 5003 266.
915 4945 1208 5005 Gallienus
1257 4961 1394 5005 casu
1445 4947 1630 5020 patris
1678 4949 2051 5024 perterritus,

411 5049 610 5106 pacem
640 5034 980 5093 christianis
1008 5035 1128 5092 dat.

486 5123 568 5176 12.
604 5121 818 5196 (Ηιειι.)
847 5125 912 5180 A.
944 5124 1008 5180 D.
1039 5128 1161 5182 270.
1191 5122 1712 5185 Hierosolimorum
1739 5126 2054 5200 episcopus

2067 3142 2115 3204 C

2137 1850 2356 1922 regalia
2388 1850 2486 1908 ille
2513 1851 2748 1909 direxit.
2783 1851 2906 1921 Hic,
2944 1851 3260 1909 interfecto
3297 1867 3330 1908 a
3361 1852 3490 1910 suis
3517 1853 3763 1920 Aureolo,

2138 1939 2430 2011 recipiens
2462 1940 2746 2010 legiones,
2783 1941 3002 1998 Gothos
3028 1941 3142 2012 jam
3180 1955 3289 2012 per
3323 1944 3390 1997 15
3421 1955 3596 1998 annos
3622 1941 3762 1998 llliri-

2138 2043 2268 2084 cum
2297 2027 2805 2100 Macedoniamque
2830 2032 3126 2086 vastantes
3149 2029 3380 2100 ingenti
3405 2028 3602 2101 pralio
3622 2029 3759 2100 vicit,

2139 2116 2348 2172 deinde
2391 2117 2673 2175 adversus
2701 2121 2772 2174 30
2802 2116 2955 2173 milia
2990 2116 3450 2176 Alemannorum
3490 2116 3621 2174 haut
3656 2132 3760 2189 pro-

2137 2204 2230 2260 cul
2257 2218 2286 2259 a
2309 2204 2437 2262 lacu
2464 2207 2688 2262 Benaco
2719 2205 3017 2276 dimicans,
3044 2210 3275 2263 tantam
3298 2221 3504 2263 eorum
3535 2203 3762 2261 multitu-

2139 2307 2267 2348 nem
2295 2293 2462 2363 fudit,
2491 2298 2554 2350 ut
2578 2294 2671 2350 vix
2695 2292 2930 2352 dimidia
2964 2308 3100 2366 pars
3133 2297 3490 2352 remaneret.
3526 2293 3756 2362 Quicum

2139 2381 2294 2436 intra
2324 2381 2618 2438 biennium
2647 2383 2848 2439 morbo
2881 2381 3168 2451 interiret,
3207 2386 3377 2440 tanto
3399 2397 3530 2441 eum
3554 2385 3756 2438 senatus

2141 2468 2438 2526 decoravit
2470 2470 2710 2540 honore,
2739 2476 2798 2528 ut
2823 2469 2993 2528 divus
3019 2469 3446 2543 appellaretur,
3474 2471 3604 2527 etin
3625 2468 3757 2526 curia

2140 2555 2364 2628 clipeus
2413 2573 2643 2628 aureus,
2677 2559 2731 2614 in
2768 2557 3052 2630 Capitolio
3101 2573 3246 2615 vero
3300 2573 3476 2616 aurea
3509 2561 3686 2614 statua
3711 2555 3754 2612 ei

2141 2647 2476 2713 poneretur.
2534 2645 2709 2715 Cujus
2761 2645 2943 2701 frater
3001 2643 3424 2715 Quintilianus,
3475 2645 3562 2701 vir
3606 2641 3756 2700 unica

2139 2729 2557 2789 moderationis
2580 2737 2639 2788 et
2661 2732 2965 2790 civilitatis
2989 2733 3267 2804 solusque
3302 2732 3468 2789 fratri
3499 2731 3754 2804 preferen-

2141 2819 2270 2889 dus,
2297 2835 2325 2876 a
2351 2820 2634 2878 militibus
2663 2819 2910 2892 electus,
2935 2823 2991 2878 et
3015 2836 3309 2879 consensu
3345 2825 3580 2877 senatus
3605 2831 3752 2889 augu-

2141 2913 2270 2966 stus
2302 2908 2629 2980 appellatus
2649 2907 2736 2980 ‘3’,
2774 2914 2837 2965 17
2863 2909 3087 2982 imperii
3121 2909 3219 2968 die
3251 2908 3529 2982 Aquileia
3555 2906 3750 2966 occisus

2142 3001 2252 3053 est.

2215 3090 2268 3142 2.
2303 3087 2526 3157 (BEDA.)
2558 3088 2622 3142 Α.
2659 3087 2721 3143 D.
2755 3091 2878 3145 275.
2930 3085 3146 3145 Paulus
3196 3085 3638 3146 Samosathenus
3664 3087 3751 3140 An-

2147 3174 2378 3232 tiochia
2403 3175 2713 3248 episcopus
2734 3189 2764 3230 a
2790 3173 2988 3233 multis
3009 3175 3311 3249 episcopis
3340 3175 3625 3232 hereticus
3643 3184 3752 3228 esse

2145 3263 2534 3333 convincitur,
2579 3263 2980 3334 dogmatizans
3017 3263 3317 3321 Christum
3349 3261 3654 3322 communis
3677 3272 3752 3316 na-

2149 3359 2294 3411 tura
2316 3352 2603 3408 hominem
2635 3356 2862 3410 tantum
2893 3353 3104 3419 fuisse;
3141 3352 3432 3410 adversus
3461 3364 3617 3423 quem
3645 3345 3752 3404 Mal-

2146 3441 2338 3512 chion,
2373 3440 2802 3498 disertissimus
2843 3441 3222 3499 Antiochena
3263 3441 3550 3514 presbiter
3583 3434 3752 3494 accle-

2148 3529 2270 3600 sia,
2296 3534 2498 3602 utpote
2523 3529 2576 3584 in
2599 3529 2800 3585 eadem
2821 3529 3086 3587 acclesia
3113 3531 3464 3589 rethoricam
3489 3528 3749 3591 docuerat,

2148 3617 2570 3689 accipientibus
2635 3618 2884 3675 notariis
2951 3617 3313 3692 disputabat,
3375 3617 3470 3690 qui
3525 3611 3750 3682 dialogus

2149 3721 2336 3778 usque
2378 3706 2546 3763 hodie
2585 3711 2800 3763 exstat.
2837 3707 3047 3780 ([Imn.)
3082 3708 3322 3780 Dejeeto
3365 3717 3550 3764 autem
3580 3698 3746 3767 Paulo,

2153 3799 2275 3852 16m
2314 3795 2636 3852 Antiochia
2673 3793 2741 3828 ⁸³³
2775 3797 3132 3868 subrogatur
3165 3799 3420 3856 Domnus
3453 3793 3746 3868 episcopus.

2151 3885 2297 3942 Anni
2328 3883 2642 3942 Aureliani.

2223 3973 2324 4043 (Η.
2347 3975 2452 4046 m.)
2485 3975 2648 4032 Anno
2681 3971 2987 4032 dominica
3018 3973 3440 4034 incarnationis
3459 3974 3575 4040 276,
3597 3977 3749 4059 a‘eon:

2151 4060 2272 4118 dita
2299 4062 2452 4120 Urbe
2476 4061 2788 4119 millesimo
2809 4066 2897 4120 27.
2932 4063 3302 4134 Aurelianus,
3329 4066 3492 4136 patre
3513 4055 3746 4116 mediocri

2151 4156 2230 4222 et,
2267 4155 2328 4208 ut
2363 4151 2580 4222 dicunt,
2617 4151 2836 4209 Aurelii
2875 4153 3168 4211 senatoris
3195 4152 3402 4212 colono
3432 4143 3746 4236 progenitus

2152 4245 2280 4298 29m:
2303 4241 2374 4298 ab
2400 4242 2684 4311 Augusto,
2721 4240 3039 4314 imperator
3067 4241 3314 4314 electus,
3351 4235 3596 4311 regnavit
3617 4235 3748 4324 auulsi

2156 4332 2210 4400 5,
2232 4343 2463 4386 menses
2480 4333 2531 4400 6,
2556 4328 2648 4386 vir
2669 4329 2724 4386 in
2749 4329 2904 4386 bello
2930 4334 3159 4402 potens,
3186 4330 3290 4388 sed
3313 4326 3482 4386 animi
3504 4317 3747 4380 immodici

2157 4422 2216 4475 et
2249 4417 2320 4475 ad
2349 4417 2761 4475 crudelitatem
2803 4418 3233 4491 propensioris,
3269 4419 3347 4474 ita
3383 4420 3440 4474 ut
3471 4427 3573 4472 non
3597 4406 3746 4491 solum

2075 4493 2129 4557 D
2159 4506 2386 4566 nobiles
2421 4505 2620 4578 plures
2649 4489 2970 4578 damnaret,
3001 4509 3104 4566 sed
3136 4489 3309 4566 etiam
3342 4501 3552 4563 sororis
3577 4508 3678 4555 sua
3702 4489 3747 4544 ﬁ-

2159 4597 2298 4656 lium
2328 4599 2584 4652 necaret.
2607 4595 2954 4668 Disciplina
2985 4601 3176 4654 tamen
3205 4593 3472 4652 militaris
3491 4593 3546 4645 et
3567 4591 3745 4672 morum

2160 4683 2578 4744 dissolutorum
2603 4698 2808 4756 magna
2827 4688 2954 4742 erat
2970 4699 3042 4742 ex
3059 4683 3126 4718 ⁶³⁴
3145 4689 3312 4758 parte
3334 4679 3628 4740 corrector,
3648 4678 3744 4758 qi}!-

2161 4789 2272 4848 que
2305 4773 2525 4832 Gothos
2557 4754 2962 4830 strenuissime
2993 4754 3162 4845 vicit,
3196 4773 3336 4830 haut
3367 4759 3639 4826 dissimilis
3662 4754 3746 4810 lla-

2159 4879 2273 4934 gno
2295 4861 2626 4920 Alexandro
2645 4875 2746 4920 seu
2765 4863 2980 4920 Caesari
3002 4861 3301 4920 dictatori.
3326 4860 3460 4916 Nam
3481 4852 3743 4910 Romanum

2163 4951 2468 5024 imperium
2505 4950 2758 5008 triennio
2789 4951 2862 5008 ab
2894 4951 3259 5009 invasoribus
3291 4939 3612 5018 receptavit.
3642 4939 3742 5024 ςιξω

2165 5016 2493 5097 Alexander
2523 5039 2688 5096 annis
2709 5037 2777 5073 ⁸³⁸
2807 5043 2872 5096 12
2894 5053 2997 5111 per
3027 5039 3292 5111 ingentes
3324 5016 3743 5112 victoriasalﬂn'

2166 5127 2318 5185 diam
2359 5127 2718 5200 pervenerit,
2751 5131 2810 5185 et
2842 5103 3012 5188 Caius
3051 5103 3242 5186 Casar
3281 5117 3546 5181 decennio
3575 5103 3744 5166 Gallias

1781 5302 2017 5359 VARUE
2058 5302 2456 5360 LECTIONES.

485 5435 555 5471 ⁸¹²
586 5453 640 5510 p.
678 5431 839 5510 solus
866 5442 918 5492 5.
966 5437 1059 5510 *9³

1109 5444 1327 5513 g._erat
1493 5441 1561 5475 ⁶²⁸
1593 5441 1759 5500 deest
1808 5446 1884 5498 9°.
1971 5443 2039 5476 ⁸³⁸
2072 5459 2126 5500 u.
2159 5449 2219 5500 et
2246 5457 2301 5513 g.
2339 5449 2410 5513 5.
2467 5441 2537 5476 ⁸³⁸
2580 5442 2742 5501 deest
2784 5445 2860 5498 9°.
2943 5441 3013 5476 ⁸³⁷
3043 5457 3092 5499 a.
3153 5441 3376 5513 ευωρο.
3407 5427 3524 5513 _“'__
3549 5423 3579 5479 ¹·
3607 5418 3736 5513 (ἰξιθξ

419 5485 846 5588 θιςιᾳθνξςζξῖὗ
962 5508 1039 5564 id.
1074 5485 1504 5588 af’izéiiihf'si.
1535 5485 1786 5588 giae???»
1805 5485 1996 5588 ξηέιγθ.
2018 5485 2301 5588 gestata;
2339 5485 2444 5547 "33°
2469 5485 2865 5583 gneocesaria
2894 5519 2944 5572 5.
3029 5485 3096 5548 δεῖ
3127 5485 3382 5570 θῖυῖνῖιιῖι
3407 5504 3464 5560 D.
3497 5504 3541 5556 5.
3619 5485 3676 5522 ⁸³⁸
3699 5495 3738 5536 ³ο

418 5575 604 5636 est'90.
697 5575 768 5612 ⁸³³
797 5579 1104 5636 antiocene
1129 5581 1392 5640 ecclesia
1427 5586 1477 5638 5.
1535 5575 1629 5618 ’⁸³⁸
1659 5583 1824 5642 deest
1845 5575 1959 5640 E1:
2013 5584 2083 5619 ⁸⁸⁸
2113 5599 2217 5658 per
2248 5597 2429 5642 annos
2459 5575 2519 5641 5.
2547 5587 2622 5640 9ο.
