3898 6318
79 320 195 385 697

961 328 1399 395 CHRONICA.
1436 367 1507 378 —
1542 329 2019 397 CHRONICON
2063 334 2424 400 UNIVERS
2449 335 2609 398 \LE.

3359 336 3478 400 698

80 459 928 531 superaverit,adversuscives
951 466 1332 538 quadriennio
1350 469 1717 541 pugnaverit.
1750 466 1806 529 A
1837 472 1935 526 tur
1966 469 2210 543 impleri,
2245 487 2314 529 ex
2356 486 2468 543 quo
2514 471 2714 529 insana
2772 471 3195 532 Manicheorum
3248 472 3476 531 heresis

80 547 173 605 Hic
193 549 425 621 primus
470 552 618 622 apud
654 554 939 611 Romanos
982 556 1244 614 diadema
1275 559 1450 630 capiti
1482 573 1588 615 suo
1621 560 1722 615 im-

81 636 267 707 posuit
300 640 361 692 et
396 642 590 695 vestes
623 656 766 698 auro
796 644 1155 715 gemmisque
1183 650 1493 702 eontextas
1524 648 1578 702 in
1613 662 1718 703 usu

80 724 294 795 habuit,
324 727 482 796 quod
501 732 668 785 antea
710 730 984 788 Romanis
1007 733 1321 803 majoribus
1362 734 1718 804 incognitum

81 814 200 883 fuit,
228 814 488 884 porcinze
517 831 745 888 quoque
775 821 968 878 carnis
994 836 1159 878 usum
1193 823 1410 895 populo
1443 824 1714 882 instituit.

82 902 175 956 llic
204 916 336 958 cum
381 907 852 975 persecutionem
902 926 1108 967 nonam
1164 917 1296 984 post
1344 914 1628 969 Neronem
1663 914 1718 969 in

84 990 443 1049 Christianos
474 996 753 1052 movisset
788 995 874 1068 ⁸³⁸,
908 999 1121 1056 fulmen
1153 1006 1287 1057 ante
1320 1001 1479 1058 illum
1512 1017 1717 1074 magno

79 1078 582 1138 circumstantium
616 1099 829 1155 pavore
863 1087 999 1158 ruit,
1033 1102 1100 1145 ac
1132 1104 1243 1145 non
1277 1090 1460 1146 multo
1484 1097 1615 1163 post
1640 1092 1721 1147 in-

81 1173 164 1265 ter
194 1168 763 1245 Constantinopolim
797 1180 855 1232 et
886 1178 1211 1235 Heracliam
1244 1194 1273 1235 a
1307 1180 1592 1238 militibus
1623 1196 1718 1239 oc-

80 1264 222 1313 cisus
242 1264 354 1314 est.
898 1312 901 1317 .

142 1351 193 1401 2.
228 1346 439 1418 (illam)
477 1352 543 1405 A.
578 1350 641 1405 D.
674 1354 795 1408 277.
846 1354 1142 1412 Antiochze
1197 1358 1439 1428 Tymeus
1490 1357 1717 1414 ordina-

89 1439 172 1489 tur
201 1435 523 1509 episcopus
546 1442 687 1494 17ιιε.

141 1525 187 1579 4.
222 1526 282 1580 Α.
314 1527 377 1580 D.
416 1530 543 1583 279.
579 1529 867 1587 Eusebius
904 1532 1264 1590 Laodicenus
1309 1534 1379 1567 ⁸³⁷
1408 1535 1715 1608 episcopus

82 1610 307 1683 insignis
335 1614 611 1671 habetur.

143 1703 191 1754 5.
226 1702 286 1755 Α.
318 1702 379 1756 D.
415 1706 543 1759 280.
579 1702 930 1763 Aurelianus
962 1708 1266 1764 occiditur.

80 1788 268 1846 Annus
298 1791 493 1847 Taciti.

140 1878 297 1934 Anno
319 1878 626 1937 dominica)
646 1881 1196 1955 incarnationis281,
1218 1887 1288 1942 ab
1303 1889 1453 1943 Urbe
1477 1889 1710 1945 condita

85 1965 372 2023 millesimo
403 1972 493 2024 32.
557 1971 808 2038 Tacitus,
843 1974 913 2028 ab
947 1976 1210 2044 Augusto
1243 1980 1388 2046 30“,
1450 1980 1710 2051 suscepit

81 2054 383 2126 imperium,
419 2057 518 2113 vir
543 2060 777 2130 egregie
807 2066 1068 2118 moratus
1090 2063 1158 2096 ⁸³⁸
1188 2068 1245 2120 et
1294 2065 1365 2120 ad
1401 2067 1710 2137 regendam

83 2158 182 2199 rem
204 2143 493 2216 publicam
517 2147 794 2217 idoneus;
820 2151 921 2206 sed
954 2151 1131 2208 nichil
1156 2154 1345 2224 potuit
1376 2155 1706 2227 ostendere,

84 2232 197 2302 quia
216 2239 346 2304 post
369 2248 474 2290 sex
497 2250 727 2292 menses
747 2237 900 2309 apud
918 2240 1162 2296 Pontum
1181 2242 1414 2299 occisus
1437 2249 1547 2298 est.
1567 2244 1709 2301 Huic

52 2320 356 2379 ,Florianus
380 2326 696 2396 successit,
722 2327 823 2383 sed
848 2343 952 2383 nec
974 2329 1067 2385 hic
1092 2330 1310 2401 aliquid
1337 2332 1572 2401 dignum
1597 2348 1709 2389 me-

83 2411 237 2466 moria
259 2412 398 2482 egit,
425 2413 567 2484 quia
600 2414 829 2472 duobus
881 2421 1102 2473 tantum
1124 2417 1192 2451 ‘3’
1214 2420 1510 2477 mensibus
1539 2424 1600 2476 et
1630 2422 1711 2477 vi-

82 2498 204 2567 ginti
226 2500 430 2558 diebus
455 2502 519 2557 in
554 2502 796 2574 imperio
827 2505 987 2561 vixit.
1018 2508 1152 2563 Nam
1177 2507 1309 2573 dum
1338 2524 1536 2578 magna
1573 2526 1708 2581 pars

85 2588 351 2646 exercitus
372 2590 627 2660 eligeret
658 2594 947 2664 Equitium
998 2597 1270 2665 Probum,
1307 2598 1528 2654 militia:
1560 2600 1710 2671 peri-

83 2680 205 2746 tum,
250 2677 449 2735 Florus
496 2678 571 2712 ⁶⁴⁰
618 2681 783 2751 quasi
818 2697 920 2753 per
951 2683 1149 2740 ludum
1184 2685 1370 2741 tenuit
1404 2687 1706 2758 imperium

84 2763 265 2822 diebus
295 2770 361 2823 50
390 2766 478 2838 “1,
545 2767 754 2826 deinde
787 2771 1019 2828 sibimet
1054 2787 1229 2829 venas
1263 2774 1544 2845 incidens,
1578 2791 1708 2832 san-

80 2853 228 2920 guine
258 2854 477 2912 interiit
520 2857 707 2915 eﬂ‘uso
739 2859 832 2929 (cf.
861 2862 939 2917 H.
963 2877 1065 2932 722.,
1092 2864 1275 2933 Ilium,
1300 2865 1461 2920 Joao.
1483 2866 1633 2923 Der.
1655 2879 1703 2923 ε.

82 2947 129 2996 et
152 2944 223 2998 H.
254 2945 371 3017 13.).

82 3030 204 3085 Anni
233 3032 417 3090 Probi.

141 3117 229 3186 (Η.
258 3122 358 3194 m.)
385 3127 560 3179 Anno
603 3124 907 3183 dominicm
940 3128 1354 3187 incarnationis
1378 3134 1500 3187 282.
1536 3134 1706 3190 Urbis

82 3209 301 3267 conditae
324 3211 642 3269 millesimo
665 3217 751 3270 33.
778 3217 1026 3287 Probus,
1058 3219 1129 3273 ab
1154 3221 1416 3288 Augusto
1439 3225 1584 3292 31³⁸,
1607 3222 1708 3278 im-

87 3298 275 3365 perium
298 3300 578 3372 adeptus,
609 3304 869 3372 regnavit
908 3306 1073 3362 annis
1105 3310 1156 3375 6,
1192 3323 1421 3366 menses
1451 3313 1500 3366 4.
1538 3312 1700 3382 (Aen.

84 3384 237 3458 Vter.)
262 3389 372 3444 lste
406 3404 473 3461 pa
489 3395 584 3446 tre
607 3392 842 3460 genitus
867 3395 1106 3466 rustico,
1146 3397 1447 3454 hortorum
1479 3400 1706 3457 cultore

84 3474 504 3549 studiosissimo,
552 3479 783 3536 nomine
813 3482 1114 3554 Dalmatio,
1147 3484 1332 3554 gloria
1365 3487 1599 3543 militari
1636 3491 1704 3545 ad

86 3564 641 3650 ammiuistrationem
675 3569 963 3639 publicam
997 3573 1285 3639 accessit;
1313 3573 1412 3643 (Η.
1446 3582 1550 3650 m.)
1582 3578 1707 3633 Gal-

90 3646 179 3707 lias
204 3668 231 3709 a
260 3655 522 3713 barbaris
560 3664 879 3729 occupatas
912 3660 1129 3731 ingenti
1162 3664 1495 3734 praeliorum
1531 3646 1707 3724 fclici-

90 3742 192 3795 tate
210 3743 476 3816 restituit,
504 3744 600 3800 vir
621 3761 775 3814 acer,
801 3754 1078 3806 strenuus
1098 3756 1156 3807 et
1172 3751 1386 3825 justus,
1416 3756 1591 3813 multa
1612 3775 1707 3827 ge-

89 3838 203 3884 rcns
233 3830 395 3903 bella,
429 3840 490 3889 et
523 3835 623 3904 qui
677 3836 1046 3894 Aurelianum
1096 3841 1283 3910 gloria
1344 3845 1579 3901 militari
1615 3863 1707 3903 ee-

89 3926 318 3986 azquaret
343 3927 402 3977 et
425 3938 652 3979 morum
684 3923 967 3982 civilitate
991 3936 1317 4000 superaret.
1355 3934 1707 3994 Interfectus

194 4012 375 4066 autem
408 4012 565 4083 apud
608 4012 875 4071 Sirmium
909 4016 1148 4074 militari
1178 4021 1455 4078 tumultu.
1493 4022 1705 4099 (litem)

92 4091 174 4185 llis
199 4100 566 4185 temporibus
603 4102 965 4173 Anatholius,
999 4107 1228 4163 natione
1263 4091 1704 4185 Alexandrinus,

91 4178 340 4276 Lfmdicj‘”
359 4187 539 4259 Syria?
571 4191 899 4263 θρῖευορυε,
935 4194 1427 4268 phylosophorum
1452 4178 1710 4274 discipli;

90 4275 165 4367 nis
186 4275 464 4371 eruditus,
497 4277 750 4349 plurimo
797 4294 1064 4340 sermone
1095 4284 1470 4356 celebratur;
1504 4290 1704 4364 (Bson)

90 4371 233 4427 emus
254 4367 464 4434 ingenii
491 4368 830 4438 magnitudo
854 4370 925 4428 de
947 4372 1098 4431 libro
1115 4389 1283 4445 quem
1299 4392 1474 4449 super
1490 4382 1703 4450 pascha

90 4453 389 4543 composuit
409 4458 470 4510 et
493 4456 694 4512 decem
715 4457 781 4491 “’
800 4459 966 4517 libris
979 4463 1367 4522 arithmetica)
1383 4467 1705 4528 institutio-

91 4541 166 4589 nis
193 4541 550 4608 apertissime
581 4544 649 4577 ⁸⁵³
679 4549 870 4617 potest
903 4552 1203 4620 cognosci.

150 4627 408 4720 lJPrimo
428 4633 600 4688 Probi
622 4633 689 4666 ⁸⁸⁸
711 4649 860 4692 anno
884 4638 1042 4693 Felix
1067 4645 1352 4711 papa27‘“
1374 4644 1697 4718 ordinatus,

93 4710 411 4805 seditannis
433 4724 485 4791 5,
510 4721 881 4794 decessitque
905 4730 935 4781 3
960 4710 1196 4785 Kalend.
1227 4731 1398 4787 Junii.
1434 4735 1536 4789 Hic
1570 4710 1705 4791 con;

94 4800 266 4886 stituit
296 4806 505 4865 missas
534 4810 820 4867 celebrari
854 4830 1029 4886 super
1058 4818 1367 4877 memorias
1399 4824 1704 4881 martirum

90 4882 170 4951 (cr.
203 4890 335 4949 0hr.
382 4896 465 4967 W,
492 4898 656 4955 Βεοιε
683 4901 888 4974 Mart}.

148 4979 373 5079 2.J(llos.
409 4985 469 5040 Ιι.
505 5002 677 5079 eavu,
710 4994 823 5065 27.)
854 4995 918 5049 Α.
951 4996 1016 5050 Ι).
1049 4999 1173 5053 283.
1235 5000 1426 5057 Manes
1473 5002 1705 5073 quidam

91 5072 267 5162 extitit
294 5087 509 5141 genere
537 5076 604 5110 ⁸⁸⁵
624 5079 850 5151 Perses,
878 5082 995 5139 vita
1026 5089 1083 5141 et
1109 5086 1369 5144 moribus
1397 5072 1702 5162 barbarus,

92 5154 192 5211 tam
224 5173 355 5216 acer
385 5162 638 5236 ingenio,
683 5170 745 5223 ut
795 5168 1050 5227 insanire
1084 5173 1172 5230 vel
1205 5174 1448 5233 demone
1480 5154 1703 5237 videre;

1834 564 1960 616 orta
1993 564 2099 617 est.

1905 652 1953 705 4.
1990 650 2201 720 (HIER.)
2232 652 2293 705 Α.
2329 653 2390 707 D.
2423 655 2543 706 285.
2602 649 2851 721 Cyrillus
2884 655 3007 708 18‘m
3036 652 3355 710 Antiochia)
3387 667 3475 709 or-

1832 738 2069 795 dinatur
2097 740 2423 811 episcopus.

1902 832 1952 884 6.
1988 831 2052 885 A.
2090 831 2149 884 D.
2186 833 2308 885 287.
2357 830 2734 887 Euthicianus
2764 844 2905 902 papa
2964 834 3090 885 28um
3148 830 3471 902 ordinatur,

1830 921 2155 992 sedensque
2169 936 2398 977 menses
2420 920 2636 991 decem,
2656 920 2907 977 decessit
2924 918 3103 975 GIdus
3116 920 3469 977 Decembris.

1832 1010 1933 1067 Cui
1981 1011 2305 1067 succedens
2334 1010 2507 1067 Gaius
2538 1014 2683 1079 29W,
2716 1008 2866 1065 sedit
2903 1008 3069 1064 annis
3103 1013 3190 1077 15,
3232 1008 3475 1078 patitur-

1830 1114 1940 1170 que
1989 1100 2097 1156 sub
2128 1099 2486 1155 Diocletiano
2518 1105 2584 1155 tO
2614 1097 2850 1153 Kalend.
2885 1097 2987 1152 Mai
3020 1096 3115 1166 (cf.
3154 1095 3295 1153 01w.
3342 1096 3470 1168 W.).

1829 1188 2194 1245 Alexandria:
2211 1190 2413 1245 ordina
2426 1189 2789 1244 turTheenas
2804 1186 3116 1259 episcopus
3132 1186 3467 1255 15ιιε.(ΙΙιεη.

1827 1279 2108 1350 --BEDA.)
2143 1277 2459 1334 Archelaus
2481 1276 2908 1349 Mesopotamia?
2931 1275 3237 1346 episcopus
3260 1273 3470 1330 librum

1827 1366 2242 1439 disputationis
2259 1382 2397 1436 suae,
2433 1381 2601 1437 quam
2626 1365 2827 1420 habuit
2851 1363 3132 1420 adversus
3155 1364 3351 1418 Manen
3378 1364 3473 1418 lie-

1828 1455 2204 1524 resiareham,
2240 1456 2380 1525 Syro
2409 1469 2675 1511 sermone
2708 1453 3056 1525 composuit,
3095 1451 3189 1523 qui
3224 1450 3473 1507 transla-

1827 1549 1924 1600 tus
1959 1558 1990 1599 a
2014 1546 2214 1599 Grecis
2246 1543 2493 1599 habetur
2522 1558 2551 1598 a
2585 1542 2803 1598 multis.

1828 1632 1973 1689 Anni
2009 1634 2156 1688 Cari.

1898 1726 1947 1776 1.
1983 1721 2082 1790 (H.
2118 1737 2192 1776 m.
2231 1723 2390 1776 Anne
2425 1720 2728 1775 dominicze
2762 1718 3180 1775 incarnationis
3211 1720 3332 1775 288.
3371 1719 3473 1773 Ur-

1743 1823 1797 1883 Β
1828 1810 1917 1867 bis
1949 1811 2203 1866 conditae
2264 1809 2571 1865 millesimo
2603 1813 2688 1864 39.
2726 1810 2904 1863 Carus
2960 1808 3226 1863 Narbone
3258 1807 3312 1861 in
3348 1805 3473 1860 Gal-

1826 1898 1901 1954 lia
1936 1907 2130 1969 natus,
2165 1904 2291 1954 32us
2346 1900 2416 1955 ab
2452 1901 2713 1969 Augusto
2746 1895 2833 1965 ⁸⁸⁸,
2870 1910 3117 1977 moxque
3151 1895 3301 1951 filios
3334 1910 3473 1951 suos

1828 1987 2094 2045 Carinum
2120 1993 2179 2044 et
2202 1988 2607 2043 Numer-ianum
2635 2000 2883 2042 emsares
2910 1986 3144 2053 faciens,
3169 1983 3317 2040 duos
3338 1998 3467 2039 cum

1824 2077 1913 2133 his
1943 2091 2124 2132 annos
2172 2076 2455 2145 regnavit.
2494 2076 2565 2143 ls,
2603 2074 2874 2129 nunciato
2907 2072 3015 2128 sibi
3048 2074 3350 2128 Persarum
3384 2077 3470 2127 tu-

1824 2165 2031 2234 multu,
2054 2166 2351 2235 profectus
2375 2165 2427 2218 in
2450 2164 2753 2231 orientem,
2780 2177 2906 2217 cum
2929 2160 3079 2231 apud
3105 2159 3466 2216 Antiochiam

1822 2259 2103 2324 maneret,
2136 2254 2537 2323 Numerianus,
2574 2250 2726 2307 filius
2756 2251 2901 2321 ejus,
2927 2248 3249 2306 {ecclesiam
3281 2247 3469 2303 voluit

1822 2343 2042 2398 intrare
2057 2342 2583 2398 eteliristianorum
2602 2339 2923 2394 ministeria
2939 2336 3269 2408 explorare.
3288 2335 3467 2402 Quem

1821 2447 1950 2488 cum
1977 2436 2216 2487 sanctus
2243 2429 2493 2502 Cyrillus
2516 2429 2833 2500 episcopus
2857 2426 3214 2498 prohiberet,
3241 2425 3464 2493 dicens,

1822 2520 1905 2576 illi
1931 2535 2039 2576 non
2081 2520 2259 2574 licere
2294 2519 2485 2574 divina
2536 2516 2793 2572 misteria
2828 2515 3045 2583 videre,
3080 2513 3173 2584 qui
3210 2513 3468 2584 pollutus

1820 2614 1974 2666 esset
2008 2608 2312 2663 sacrificiis
2358 2606 2684 2675 ydolorum,
2737 2604 3072 2672 indignatus
3103 2602 3221 2672 ille,
3254 2600 3467 2656 occidit

1818 2712 1969 2754 eum.
2007 2698 2187 2752 Carus
2243 2699 2435 2750 autem
2466 2708 2593 2748 cum
2623 2692 2690 2724 ⁸⁵⁷
2722 2694 2930 2747 Persas
2962 2690 3191 2745 fortiter
3221 2689 3275 2743 in
3311 2686 3466 2744 bello

1819 2790 2112 2846 sterneret
2136 2790 2190 2841 et
2218 2784 2555 2841 notissimas
2581 2783 2757 2838 urbes
2779 2795 2979 2837 eorum
3006 2782 3262 2849 caperet,
3288 2791 3465 2848 super

1818 2876 2120 2946 Tygridcm
2145 2873 2379 2930 ﬂuvium
2407 2876 2601 2927 castra
2627 2884 2865 2941 ponens,
2892 2868 3013 2923 ictu
3047 2865 3302 2923 fulminis
3323 2866 3466 2920 inte-

1821 2966 1938 3021 riit.
1968 2962 2352 3020 Numerianus
2400 2974 2560 3029 vero,
2589 2958 2744 3014 filius
2760 2957 2909 3026 ejus,
2934 2970 3063 3011 cum
3097 2954 3297 3010 dolere
3331 2968 3468 3009 ocu-

1820 3056 2005 3111 lorum
2033 3057 2239 3124 captus
2271 3052 2327 3107 in
2357 3049 2564 3105 lectica
2599 3046 2931 3114 veheretur,
2959 3043 3183 3099 insidiis
3207 3042 3343 3114 Apri
3375 3056 3466 3098 so-

1819 3144 1937 3201 ceri
1961 3142 2047 3199 sui
2072 3142 2422 3199 occisusest.
2453 3140 2705 3206 Cumque
2729 3133 3025 3203 morsejus
3038 3131 3463 3200 occultaretur,

1819 3234 2000 3289 donec
2017 3234 2169 3303 Aper
2192 3244 2425 3299 regnum
2445 3230 2638 3299 posset
2666 3224 2959 3292 invadere,
2979 3222 3183 3278 fcetorc
3198 3220 3466 3291 corporis

1819 3321 2010 3377 scelus
2046 3318 2336 3391 proditum
2365 3320 2474 3372 est.
2513 3317 2739 3370 Interea
2775 3311 3018 3368 Carinus
3050 3309 3104 3364 in
3138 3308 3300 3363 italia
3336 3306 3467 3362 reli-

1816 3416 1970 3480 ctus,
1996 3409 2267 3465 Sabinum
2290 3405 2576 3463 Iulianum
2606 3402 2972 3458 invadentem
2995 3398 3214 3455 Italiam
3237 3396 3290 3450 in
3315 3410 3467 3451 eam-

1818 3500 1906 3571 pis
1935 3495 2371 3553 Veronensibus
2403 3493 2639 3561 occidit,
2672 3506 2732 3546 se
2766 3491 2950 3561 ipsum
2985 3502 3122 3543 vero
3146 3484 3469 3542 sceleribus

1818 3586 2163 3657 inquinavit,
2192 3583 2404 3640 multos
2433 3581 2595 3637 falsis
2621 3578 2967 3635 criminibus
2992 3574 3282 3641 occidens,
3310 3572 3469 3628 nobi-

1819 3676 1953 3731 lium
1981 3679 2276 3731 matronas
2298 3673 2349 3727 vi
2375 3683 2781 3740 corrumpens,
2810 3665 3199 3733 omnibusque
3223 3661 3466 3731 invisus,

1818 3780 1929 3820 non
1955 3764 2137 3818 multo
2172 3766 2303 3833 post
2336 3759 2666 3815 trucidatur
2696 3754 2999 3826 cujusdcm
3036 3751 3255 3807 tribuni
3292 3750 3470 3804 mani-

1818 3855 1947 3923 bus,
1982 3852 2149 3920 cujus
2180 3864 2418 3905 uxorem
2454 3847 2671 3903 dicitur
2705 3842 3006 3915 polluisse.

1885 3946 1935 3997 2.
1975 3944 2038 3995 Α.
2073 3941 2135 3994 D.
2169 3941 2291 3995 289.
2330 3940 2510 3992 Carus
2560 3932 2795 3989 fulmine
2830 3928 3023 4002 periit,
3063 3926 3162 3982 lilii
3211 3925 3339 3996 ejus
3371 3940 3467 3980 ee-

1817 4031 1926 4086 cisi
1958 4032 2094 4085 sunt
2127 4027 2222 4097 (cf.
2262 4026 2402 4083 ϐῆν.
2452 4022 2576 4094 W.).

1818 4119 1963 4175 Anni
1996 4115 2338 4173 Diocletiani
2373 4119 2431 4170 et
2459 4108 2805 4169 Maximiani.

1890 4209 1991 4277 (H.
2023 4206 2122 4277 φη.)
2173 4209 2334 4261 Anne
2394 4201 2698 4260 dominicae
2759 4193 3178 4254 incarnationis
3234 4193 3361 4262 290,
3394 4192 3469 4247 ab

1816 4298 1971 4355 Urbe
2022 4295 2255 4352 condita
2306 4292 2615 4349 millesimo
2648 4293 2732 4345 41.
2786 4283 3203 4352 Diocletianus,
3238 4284 3364 4335 33us
3396 4280 3470 4336 ab

1818 4389 2103 4456 Augusto,
2141 4384 2458 4454 imperator
2491 4381 2560 4436 ab
2593 4376 2856 4435 exercitu
2879 4377 3113 4431 creatus
3136 4374 3242 4441 est,
3269 4384 3469 4439 regna-

1817 4474 2013 4545 vitquc
2038 4472 2203 4528 annis
2221 4475 2309 4539 20,
2336 4470 2423 4526 vir
2447 4465 2861 4525 obscurissime
2881 4466 3054 4519 natus
3070 4461 3140 4516 de
3160 4456 3459 4514 Dalmatia.

1731 4561 1784 4622 D
1818 4563 2059 4631 Quidam
2110 4562 2261 4617 enim
2293 4560 2515 4627 dicunt,
2568 4571 2697 4613 eum
2732 4554 2912 4610 fuisse
2948 4551 3127 4605 filium
3158 4546 3462 4616 cujusdam

1813 4651 2090 4708 Dalmatae
2122 4648 2351 4717 scriba),
2373 4647 2471 4703 alii
2493 4661 2630 4702 vero
2659 4641 2993 4698 libertinum
3019 4634 3209 4692 Anulii
3235 4636 3465 4689 senato-

1817 4741 1916 4796 ris.
1955 4739 2118 4809 (Aen.
2148 4737 2237 4807 V.)
2265 4737 2395 4791 Fuit
2423 4740 2615 4792 autem
2640 4735 2810 4788 natus
2834 4729 2903 4784 de
2930 4726 3170 4782 civitate
3192 4726 3251 4776 ct
3274 4725 3462 4776 matre

1814 4827 2066 4896 Dioclen,
2093 4826 2244 4882 unde
2267 4828 2323 4880 et
2349 4825 2494 4896 ipse,
2522 4832 2822 4893 quousque
2848 4814 3151 4887 imperium
3176 4813 3458 4879 sumeret,

1813 4915 2040 4973 Diocles
2070 4912 2398 4985 appellatus
2427 4916 2519 4967 est
2568 4910 2667 4980 (II.
2700 4908 2841 4980 m.);
2873 4910 2931 4962 at
2964 4903 3059 4961 ubi
3083 4897 3327 4970 sumpsit
3362 4897 3464 4952 im-

1816 5005 2060 5076 perium,
2089 5016 2294 5058 nomen
2335 5000 2566 5056 Graium
2595 4996 2884 5055 convertit
2930 4994 2985 5050 in
3021 4991 3300 5059 Latinum,
3336 4991 3401 5043 ut
3431 5002 3461 5043 a

1814 5091 2076 5149 Dioclete
2095 5090 2391 5146 diceretur
2417 5085 2825 5143 Diocletianus.
2847 5087 3191 5140 Eratautem
3213 5076 3463 5135 callidus

1815 5186 1872 5237 et
1906 5196 2083 5250 sagax
2114 5183 2172 5235 et
2219 5178 2527 5233 admodum
2562 5174 2793 5233 suit-ms
2825 5172 3058 5243 ingenii.
3114 5169 3289 5241 Cujus
3318 5171 3464 5223 tem-

1426 5339 1659 5397 νΑΒΙᾹΞ
1700 5342 2100 5399 LECTIONES.

148 5455 1110 5562 Ῐῖῗ..ἱ¹³9.ἕθ¹“⁴ὶὶ.δ;..ἒῖἔὲρξὲίρεὶηεὶἱε
1142 5481 1245 5562 δ...
1266 5477 1336 5562 ⁶³ῗ
1358 5480 2277 5562 navigamus!”-.m9risemws
2301 5476 2393 5562 vel
2421 5482 2681 5562 ιιξονειέρε
2710 5477 2843 5562 Et...
2868 5470 2937 5505 ⁶³⁹
2964 5487 3042 5527 ηι-
3080 5475 3111 5562 E.
3167 5469 3468 5562 δ...⁶⁸⁰.¹ῖ9

94 5523 270 5612 riauus
296 5534 374 5612 9b.
427 5535 522 5612 _°“
552 5523 1109 5612 quadra-gi—nwtaVXI't-i.“
1143 5523 1245 5581 vi“
1276 5554 1333 5605 et

95 5608 391 5669 Imperator
420 5608 608 5667 factus
636 5612 710 5666 1b.
744 5608 810 5673 ἰᾶ
836 5618 997 5686 φαοά
1023 5621 1217 5677 deesse
1246 5624 1512 5693 apparet.

1734 5553 1803 5585 ⁸⁸³
1828 5553 2159 5625 plenissime
2193 5554 2241 5605 5.

1598 5622 1665 5655 ⁸⁸⁷
1694 5622 1898 5680 cum'5.

3218 5538 3469 5601 “‘add-

2326 5548 2393 5581 ⁶⁸⁴
2426 5548 2590 5605 deest
2613 5551 2691 5602 9ο.
2775 5544 2844 5577 ⁸⁸⁵
2872 5558 3052 5613 gener
3082 5546 3130 5596 δ.
