3898 6344
409 335 528 401 699

1578 330 2062 398 EKKEHARDI
2091 330 2647 401 URAUGIENSIS

3646 337 3743 404 700

412 486 555 546 pore
574 485 704 530 cum
738 471 970 544 quidam
1002 473 1305 545 rusticani,
1340 473 1437 546 qui
1469 473 1753 546 Bagaudae
1787 472 2050 531 diceban-
2081 467 2136 530 Α
2167 473 2335 529 antea
2361 486 2592 545 semper
2608 471 2962 531 christianos
2994 477 3489 546 persequerentur.
3513 474 3610 534 Sed
3634 481 3744 538 tunc

413 565 531 631 tur,
569 561 878 619 tumultum
927 562 981 618 in
1018 563 1197 618 Callia
1231 564 1507 633 facerent,
1545 579 1612 620 ac
1644 563 1963 620 Amandum
1995 568 2055 619 et

412 650 778 707 JEmilianum
811 652 992 708 duces
1013 653 1314 723 haberent,
1349 653 1742 710 Diocletianus
1769 653 2056 710 Maximia-

417 754 552 796 num
581 738 670 808 θη,
723 744 1106 810 cognomento
1155 742 1508 814 Herculium,
1566 757 1839 799 caasarcm
1898 743 2052 814 fecit,

417 829 992 900 cumqueinGalliam
1017 837 1220 886 contra
1245 829 1670 888 tumultuantes
1701 833 1876 903 misit,
1913 847 2057 903 quos

418 915 515 972 ille
549 917 712 974 facile
743 917 980 974 devicit.
1017 921 1154 974 Erat
1185 923 1379 976 autem
1412 919 1562 975 idem
1595 921 1969 977 Maximianus
1988 929 2057 977 de

418 1006 714 1063 Pannonia
745 1011 936 1078 natus,
961 1021 1173 1078 genere
1203 1009 1524 1080 rusticano,
1551 1009 1802 1067 incivilis
1822 1010 2054 1080 ingenii,

418 1092 594 1165 ferus,
619 1095 898 1166 crudelis,
925 1098 1304 1169 asperitatem
1327 1113 1488 1156 suam
1512 1099 1711 1156 vultus
1731 1100 1906 1156 etiam
1928 1100 2061 1156 hor-

415 1196 548 1238 rore
579 1183 931 1255 significans,
987 1185 1347 1256 luxuriosus,
1383 1187 1440 1242 in
1497 1187 1757 1244 consiliis
1817 1187 2057 1245 stultus.

415 1271 788 1330 Genuitvcro
821 1273 890 1331 de
917 1276 1218 1347 Eutropia,
1255 1278 1392 1347 Syra
1418 1276 1681 1346 muliere,
1716 1277 2060 1334 Maxentium

415 1364 473 1416 et
508 1361 798 1433 Faustam,
821 1363 1121 1434 conjugem
1147 1365 1509 1420 Constantini
1529 1365 1722 1436 ;cujus
1746 1366 1896 1438 patri
1921 1366 2064 1422 Con-

416 1448 634 1505 stantio
667 1449 828 1506 dedit
882 1451 1202 1522 privignam
1233 1467 1396 1509 suam
1427 1453 1808 1524 Theodoram,
1841 1470 1910 1511 ex
1951 1469 2062 1525 qua

419 1537 517 1593 ille
558 1539 784 1610 accepit
819 1553 921 1596 sex
951 1539 1190 1610 liberos,
1229 1542 1440 1598 fratres
1472 1543 1856 1612 Constantini,
1893 1558 2061 1614 quem

415 1641 489 1682 ex
519 1629 838 1684 concubina
875 1629 1085 1685 Helena
1119 1631 1422 1699 generavit
1453 1631 1507 1687 in
1539 1631 1741 1687 Gallia.
1779 1632 1965 1701 (illan.
1994 1664 2064 1672 —

416 1717 494 1772 Η.
528 1719 632 1789 m.)
666 1720 823 1773 Inter
855 1719 978 1776 haec
1037 1735 1138 1790 per
1177 1735 1378 1776 omnes
1432 1721 1722 1776 Romanos
1781 1723 2062 1777 terminos

2169 567 2282 619 tam
2315 561 2573 619 crudelis
2603 565 2661 618 et
2695 567 2813 618 tam
2837 576 2973 618 seva
2997 564 3228 633 tamque
3253 563 3452 620 crebra
3471 568 3742 635 persecutio

2168 652 2472 721 flagrabat,
2497 654 2559 708 ut
2583 651 2732 706 intra
2759 666 2932 708 unum
2957 665 3213 708 mensum
3242 651 3471 709 17milia
3495 655 3740 714 martirum

2168 755 2271 812 pro
2295 739 2528 796 Christo
2574 739 2944 796 inveniantur
2964 738 3051 793 ⁸⁵³.
3089 741 3224 796 Nam
3255 741 3313 796 et
3334 741 3524 796 occani
3555 741 3740 800 limbum

2167 832 2554 898 transgressa,
2585 828 2854 885 Albinum
2885 833 2945 884 et
2975 830 3168 884 Aaron
3197 843 3262 886 ac
3281 827 3487 886 Iulium
3507 845 3620 887 cum
3644 833 3742 890 aliis

2170 917 2438 988 pluribus
2467 917 2608 988 viris
2657 919 2724 972 ad
2765 917 2992 972 feminis
3052 917 3362 974 Britannia:
3417 917 3556 975 felici
3581 935 3742 979 cruore

2169 1005 2482 1062 damnavit.
2535 1007 2750 1064 Passus
2779 1010 2874 1062 est
2902 1010 2962 1063 et
2993 1004 3326 1077 Pamphilus
3349 1007 3636 1079 presbiter,
3664 1011 3744 1068 Eu-

2168 1093 2314 1150 sebii
2347 1095 2724 1153 Caesariensis
2752 1094 3012 1168 episcopi
3064 1095 3450 1164 necessarius,
3480 1095 3624 1166 cujus
3648 1098 3744 1169 ipse

2169 1182 2346 1240 vitam
2395 1184 2585 1240 tribus
2633 1183 2798 1240 libris
2825 1183 3271 1256 comprehendit
3321 1183 3416 1255 (cf.
3475 1183 3742 1256 Onos.nn,

2169 1276 2258 1328 25.
2282 1273 2450 1328 -Η.
2485 1273 2605 1344 13.).
2661 1271 2926 1329 Secundo
2955 1275 3148 1328 autem
3209 1273 3610 1344 persecutionis
3632 1288 3746 1330 anno

2170 1360 2566 1417 Diocletianus
2611 1349 2818 1417 videns
2848 1375 2911 1418 se
2943 1365 3185 1434 propter
3233 1365 3580 1418 senectutem
3603 1361 3747 1420 minus

2173 1448 2443 1505 idoneum
2469 1449 2538 1504 ad
2565 1448 2880 1519 regendum
2905 1447 3234 1520 imperium,
3259 1447 3405 1505 dixit
3426 1447 3493 1504 ad
3513 1449 3747 1505 Maximia-

2174 1552 2306 1593 num
2330 1537 2684 1608 Herculium,
2711 1536 2899 1594 videri
2923 1535 3032 1594 sibi
3069 1537 3301 1606 bonum,
3327 1541 3388 1593 ut
3405 1535 3690 1607 junioribus
3705 1543 3744 1594 et

2176 1625 2518 1684 fortioribus
2563 1626 2850 1698 publicam
2883 1640 3117 1683 causam
3151 1625 3456 1696 regendam
3485 1627 3746 1683 committe-

2176 1718 2303 1770 rent
2327 1714 2555 1786 ipsique
2583 1714 2636 1770 in
2663 1714 2791 1771 ocio
2819 1714 3016 1785 quiete
3039 1714 3326 1771 viverent.
3359 1714 3514 1781 Quod
3534 1713 3651 1771 licet
3677 1714 3744 1770 ille

421 1807 680 1863 turbatio
714 1807 861 1863 facta
895 1811 988 1864 est
1013 1827 1025 1863 :
1063 1809 1374 1865 Carausius
1399 1809 1654 1880 quidam,
1673 1814 1903 1881 sumpta
1931 1825 2064 1881 pur-
2091 1827 2145 1888 Β
2177 1818 2285 1858 non
2303 1817 2375 1858 ex
2402 1807 2519 1859 tota
2539 1803 2836 1859 voluntate
2862 1804 3098 1874 faceret,
3123 1806 3318 1860 tamen
3334 1802 3626 1873 consensit,
3645 1803 3744 1859 etin

420 1909 584 1965 pura,
605 1895 1846 1966 occupavitBritanniam,Julianusltaliam,
1877 1897 2066 1954 Achil-

418 1981 546 2040 leus
576 1982 904 2055 Egyptum,
939 1985 1464 2056 Quinquegentiani
1500 1987 1770 2056 Africam,
1810 1988 2063 2042 Narseus

419 2087 522 2127 rex
543 2073 855 2128 Persarum
877 2074 1179 2130 orientem.
1217 2076 1302 2130 Ob
1331 2076 1452 2130 haec
1477 2075 1869 2133 Diocletianus
1893 2076 2064 2132 Maxi-

419 2159 670 2216 mianum
694 2162 1028 2218 Herculium
1051 2163 1188 2218 fecit
1208 2163 1639 2234 imperatorem,
1663 2166 2062 2222 Constantium

412 2264 444 2304 ν
458 2263 560 2305 ero
583 2253 641 2304 et
665 2249 955 2306 Galerium
970 2250 1038 2285 “9
1052 2251 1452 2307 Maximianum
1468 2267 1718 2308 cessares
1735 2253 2058 2309 constituit.

417 2335 674 2402 Quorum
725 2338 1108 2396 Constantius
1169 2339 1393 2394 Claudii
1427 2353 1609 2410 nepos
1670 2341 1776 2396 fuit
1805 2356 1877 2396 ex
1906 2341 2062 2410 lilia;

417 2423 683 2482 Galerius
700 2440 839 2482 vero
888 2427 943 2482 in
970 2427 1139 2482 Dacia
1173 2427 1410 2498 Ripensi
1437 2433 1608 2484 natus
1639 2433 1729 2484 est
1759 2445 1829 2485 ex
1862 2443 2066 2500 paren-

417 2511 578 2568 tibus
637 2513 1100 2582 agricultoribus
1130 2515 1218 2586 “0,
1254 2515 1478 2586 fuitque
1539 2521 1736 2588 pastor
1793 2519 2061 2588 armenti,

421 2597 576 2654 unde
591 2603 650 2654 et
667 2600 1070 2657 Armentarius
1091 2600 1420 2672 appellatus
1439 2606 1558 2669 est;
1583 2602 1683 2659 sed
1707 2604 1853 2659 satis
1873 2603 2068 2661 lauda-

430 2685 564 2742 bilis
581 2687 710 2758 fuit,
739 2687 979 2758 pulcher
993 2705 1261 2760 corpore,
1280 2705 1518 2760 magnus
1536 2697 1595 2747 et
1611 2693 1778 2748 fortis
1792 2693 2062 2749 bellator.

422 2774 526 2831 llic
549 2777 774 2848 accepit
823 2777 1550 2836 ﬁliam°51DeciiValeriam
1576 2795 1834 2837 uxorem.
1859 2783 2068 2838 Carau-

422 2861 546 2918 sius
567 2867 697 2934 post
721 2864 1086 2936 septennium
1110 2880 1141 2921 a
1171 2867 1334 2923 socio
1356 2882 1462 2924 suo
1494 2867 1720 2924 Allecto
1753 2869 1954 2924 fraude
1975 2885 2068 2924 oc-

420 2950 580 3008 cisus
598 2955 690 3008 est
713 2951 769 3008 in
818 2953 1540 3022 Britannia;Maximianus
1571 2955 1874 3013 Herculius
1897 2957 2069 3024 Quin-

423 3039 844 3108 quegentianos
873 3040 1014 3096 vicit
1047 3042 1100 3096 in
1136 3043 1361 3110 Africa;
1395 3043 1769 3100 Constantius
1800 3045 1854 3100 in
1887 3045 2066 3101 Gallia

419 3125 584 3195 juxta
619 3128 903 3200 Lingonas
949 3146 1056 3187 una
1093 3131 1185 3187 die
1215 3136 1276 3187 et
1307 3131 1604 3188 adversam
1634 3139 1690 3188 et
1728 3149 2066 3204 prosperam

427 3215 633 3273 habuit
649 3218 961 3275 fortunam.
981 3221 1120 3275 Nam
1136 3235 1287 3288 cum,
1312 3222 1551 3291 repente
1567 3221 1832 3278 barbaris
1850 3223 2071 3280 irruen-

430 3303 606 3372 tibus,
633 3303 784 3360 intra
807 3305 1104 3362 civitatem
1125 3305 1316 3362 claudi
1341 3311 1673 3377 cogeretur,
1701 3309 1796 3364 vix
1815 3311 2072 3380 quinque

426 3388 588 3446 horis
615 3392 838 3463 mediis,
896 3393 1248 3452 adventante
1279 3397 1564 3466 exercitu,
1635 3397 1754 3454 fere
1814 3402 1884 3454 00
1915 3399 2069 3455 milia

425 3478 876 3538 Alamannorum
899 3481 968 3514 ⁶⁶²
991 3483 1304 3540 interfecit.
1326 3484 1722 3543 Diocletianus
1758 3492 1948 3544 autem
1977 3487 2076 3544 ob-

434 3581 662 3624 sessum
717 3569 1080 3629 Alexandriae
1119 3573 1440 3630 Achilleum
1468 3579 1674 3631 octavo
1731 3575 1849 3631 fere
1880 3590 2076 3633 mense

425 3656 728 3728 superavit
757 3663 818 3715 et
849 3660 1083 3717 occidit.
1122 3663 1254 3718 Erat
1286 3666 1479 3718 autem
1515 3678 1645 3720 cum
1680 3663 1808 3734 ipso
1839 3668 1897 3719 et
1935 3666 2078 3722 Con-

425 3745 736 3818 stantinus,
763 3747 916 3805 filius
948 3751 1292 3807 Constantii.
1328 3751 1436 3818 Qui
1469 3766 1599 3808 cum
1627 3752 1816 3809 adhuc
1842 3753 2076 3823 juvenis

425 3840 602 3905 esset,
637 3837 873 3894 fortiter
899 3839 1106 3908 agebat
1133 3838 1184 3894 in
1207 3839 1447 3911 praeliis,
1483 3844 1543 3897 et
1566 3841 2074 3898 condescendebat

426 3937 657 3996 semper
675 3925 1031 3984 ehristianis.
1059 3928 1238 3994 Quem
1265 3929 1470 3985 videns
1492 3929 1888 3986 Diocletianus
1908 3929 2076 3987 intel-

423 4009 584 4069 lectu
615 4014 788 4070 animi
819 4031 884 4072 ac
914 4019 1126 4073 robore
1157 4018 1422 4090 corporis
1447 4018 1757 4088 proficere,
1792 4022 1846 4073 et
1873 4019 2078 4090 depre-

425 4099 852 4160 hendenshunc
867 4105 1466 4176 futurumtyrannidis
1481 4121 1600 4162 suae
1616 4107 2070 4178 destructorem,

427 4187 644 4244 invidia
690 4195 904 4262 motus,
939 4191 1076 4249 dolo
1106 4208 1234 4249 cum
1269 4194 1555 4266 perimere
1591 4195 1888 4263 cogitavit.
1921 4196 2074 4252 Deus

429 4279 624 4333 autem
646 4277 1108 4352 huncinOpinate
1150 4281 1463 4340 salvavitet
1492 4283 1938 4354 patrirestituit.
1971 4284 2074 4340 Ga-

427 4363 611 4423 lerius
641 4371 834 4426 autem
893 4371 1272 4430 Maximianus
1305 4377 1511 4429 contra
1566 4373 1844 4430 Norseum
1876 4388 2071 4444 regem

429 4454 738 4514 Persarum
766 4457 1064 4530 dimicans,
1090 4461 1336 4531 primum
1367 4461 1560 4517 vietus
1587 4465 1700 4530 est,
1727 4461 2070 4532 fugiensque

430 4543 589 4599 venit
639 4546 710 4602 ad
768 4547 1187 4606 Diocletianum
1245 4549 1300 4603 in
1355 4549 1862 4619 Mesopotamiam;
1895 4564 1925 4605 a
1957 4539 2151 4621 quoD

429 4631 907 4706 maletractatus,
931 4635 1008 4692 ita
1034 4643 1097 4692 ut
1148 4638 1361 4693 faceret
1387 4650 1518 4693 eum
1550 4634 1905 4706 aliquamdiu
1937 4641 2070 4694 ante

431 4734 668 4779 currum
687 4737 854 4780 suum
875 4739 1136 4794 currere,
1163 4723 1432 4780 collectis
1455 4725 1665 4782 iterum
1689 4725 1971 4784 militibus
1992 4741 2073 4782 re-

430 4809 558 4880 diit,
595 4813 1314 4884 magnamque‘victoriam
1345 4812 1676 4883 acquisivit.

501 4899 602 4970 (H.
629 4915 704 4956 m.
729 4905 789 4957 et
807 4901 1002 4972 BEDA,)
1027 4901 1418 4958 Nonodecimo
1437 4901 1616 4972 igitur
1637 4901 1795 4972 regni
1813 4902 1902 4959 sui
1921 4916 2071 4959 anno

435 4987 830 5046 Diocletianus
857 4989 912 5045 in
977 4991 1232 5062 Oriente,
1269 4991 1646 5048 Maximianus
1678 4990 1984 5048 Herculius
2015 4990 2070 5048 in

430 5077 747 5135 Occidente
795 5079 1262 5150 persecutionem
1315 5079 1596 5136 decimam
1629 5083 1760 5150 post
1793 5080 2072 5136 Neronem

430 5172 824 5226 exercuerunt
856 5168 912 5223 in
941 5168 1311 5240 christianos,
1345 5183 1473 5239 quae
1503 5168 1721 5224 ceteris
1753 5167 1948 5224 sevior
1971 5181 2072 5239 per

431 5256 497 5309 10
525 5268 708 5312 annos
729 5255 1053 5314 aecclesiam
1077 5257 1281 5314 afﬂixit
1315 5257 1698 5327 incessanter,
1727 5255 1990 5328 quamvis
2014 5260 2070 5312 et

2101 3180 2149 3242 G

2177 1905 2287 1947 uno
2311 1891 2404 1946 die
2425 1906 2740 1963 purpuram
2762 1891 3043 1962 regnique
3059 1891 3378 1964 potentiam
3394 1891 3743 1962 deposuerunt,

2175 1979 2568 2036 Diocletianus
2610 1980 2763 2053 apud
2815 1980 3226 2048 Nicomediam,
3263 1979 3612 2036 Maximianus
3635 1979 3745 2050 apud

2174 2067 2597 2135 Mediolanum;
2631 2073 2689 2124 et
2744 2068 3036 2126 concessit
3081 2068 3472 2125 Diocletianus
3520 2067 3743 2136 Salonam,

2174 2156 2550 2214 Maximianus
2598 2157 2652 2212 in
2705 2157 3045 2223 Lucaniam;
3077 2156 3406 2228 persecutio
3457 2160 3624 2212 tamen
3650 2170 3743 2227 per-

2176 2244 2387 2300 mansit
2416 2259 2599 2316 usque
2632 2245 2686 2301 in
2720 2245 3030 2317 septimum
3054 2259 3266 2302 annum
3289 2243 3638 2313 Constantini,
3665 2244 3740 2298 Hc-

2175 2331 2320 2390 lena:
2352 2332 2474 2388 ﬁlii.

2249 2425 2294 2478 1.
2331 2421 2526 2479 Primo
2553 2436 2702 2478 anno
2730 2421 3074 2479 Diocletiani
3107 2420 3393 2493 Bagaudae
3421 2419 3474 2476 in
3504 2418 3658 2475 Gallia
3679 2421 3742 2474 tu-

2177 2509 2418 2566 multum
2452 2511 2713 2568 fcccrunt
2748 2511 2844 2580 (cf.
2878 2513 3108 2583 supra).

2246 2604 2296 2655 2.
2335 2599 2550 2671 (ΙΙιειι.)
2607 2602 2671 2654 Α.
2735 2601 2797 2655 D.
2859 2603 2981 2656 291.
3041 2597 3435 2656 Diocletianus
3487 2593 3745 2652 Herculium

2175 2688 2578 2746 Maximianum
2612 2704 2886 2746 eaesarcm
2919 2688 3076 2745 fecit.

2256 2784 2306 2837 3.
2347 2782 2406 2836 Α.
2441 2783 2502 2836 D.
2537 2782 2660 2834 292.
2714 2775 3048 2848 Carausius,
3112 2779 3344 2848 sumpta
3377 2787 3626 2846 purpura,
3668 2770 3747 2826 Bri-

2176 2871 2430 2928 tanniam
2463 2871 2732 2938 occupat.

2249 2962 2298 3014 4.
2336 2960 2398 3012 Α.
2437 2959 2496 3012 D.
2533 2959 2656 3010 293.
2695 2951 3224 3025 Quinquegentiani
3247 2951 3486 3008 Africam
3511 2949 3747 3004 infestave-

2181 3052 2336 3104 runt.
2556 3095 2561 3100 .

2248 3141 2298 3191 5.
2332 3136 2394 3190 A.
2433 3135 2491 3188 D.
2525 3134 2648 3188 294.
2685 3129 2980 3188 Achilleus
3009 3129 3322 3202 occupavit
3348 3126 3639 3198 Egyptum.

2249 3229 2300 3280 6.
2341 3225 2403 3278 A.
2439 3223 2502 3278 D.
2538 3224 2664 3276 205.
2716 3218 3111 3275 Diocletianus
3160 3216 3545 3274 Maximiannm
3594 3213 3750 3268 l-lcrcu-

2182 3312 2324 3369 lium
2361 3309 2498 3366 fecit
2531 3311 2838 3378 augustum
2871 3309 2932 3362 et
2977 3311 3311 3363 consortem
3343 3303 3513 3374 regni,
3543 3301 3751 3356 Constan-

2184 3402 2327 3456 tium
2358 3412 2517 3468 vero,
2571 3400 2794 3468 patrem
2835 3393 3222 3465 Constantini,
3255 3398 3314 3450 et
3345 3389 3605 3448 Galerium
3630 3381 3751 3441 δίων

2185 3489 2435 3544 mianum
2469 3499 2720 3543 caesares
2745 3481 3075 3540 constituit.

2254 3579 2305 3632 9.
2339 3577 2403 3630 A.
2441 3576 2502 3630 D.
2537 3576 2661 3629 298.
2707 3571 2936 3628 Primus
2981 3568 3383 3627 Diocletianus
3409 3562 3612 3624 adorari
3639 3560 3752 3618 seut

2186 3664 2356 3722 deum
2388 3663 2455 3696 ⁸⁸⁸
2480 3662 2668 3732 jubet.

2257 3757 2342 3808 12.
2399 3754 2462 3807 Α.
2528 3751 2592 3806 D.
2653 3752 2775 3804 301.
2833 3747 3025 3804 Zabda
3083 3744 3476 3805 Hierosolimis
3515 3737 3752 3799 ordinatur

2184 3841 2512 3914 episcopus.
3674 3911 3684 3917 _
3727 3907 3734 3917 _

2257 3933 2341 3985 13.
2375 3911 2436 3984 Α.
2473 3930 2534 3983 D.
2567 3931 2690 3983 302.
2737 3925 3056 3996 Victurius,
3107 3923 3384 3995 magister
3411 3917 3623 3986 militiae,
3647 3911 3751 3969 chri-

2185 4019 2410 4075 stianos
2439 4013 2835 4088 persequitur,
2869 4012 3149 4086 paulatim
3183 4027 3258 4070 ex
3287 4011 3385 4068 illo
3411 4014 3640 4078 tempore
3662 4011 3749 4072 pcr-

2184 4105 2483 4163 secutione
2515 4103 2572 4160 in
2603 4107 2839 4161 nostros
2870 4107 3192 4160 crescente.

2257 4213 2339 4268 14.
2369 4213 2430 4267 Α.
2465 4211 2528 4266 D.
2572 4213 2700 4266 303.
2730 4207 3100 4266 Marcellinus
3155 4221 3302 4281 papa
3357 4209 3476 4262 3ου
3498 4199 3560 4236 ⁸⁸³
3582 4193 3748 4253 ordina-

2179 4304 2296 4370 tus,
2331 4298 2487 4356 sedit
2516 4298 2682 4354 annis
2710 4299 2763 4368 4,
2799 4296 3139 4368 patiturque
3167 4300 3220 4352 6.
3253 4291 3480 4350 Kalend.
3511 4285 3618 4344 Mai.

2257 4409 2338 4462 16.
2376 4407 2439 4461 A.
2470 4405 2536 4462 D.
2589 4408 2710 4460 305.
2745 4401 3143 4460 Hierosolimis
3198 4399 3490 4474 preflcitur
3537 4393 3744 4448 Thermon

2180 4494 2517 4568 episcopus.
2553 4491 2873 4550 Antiochiae
2889 4493 3187 4562 Tyrannus
3207 4489 3502 4548 ordinatur
3528 4483 3644 4537 19".

2257 4607 2338 4657 17.
2374 4603 2436 4656 Α.
2472 4601 2532 4654 D.
2574 4603 2694 4654 306.
2729 4599 2942 4654 Petrus
2975 4595 3338 4654 Alexandriae
3377 4589 3642 4650 ordinatur
3662 4572 3743 4646 epi-

2181 4702 2398 4761 scopus
2428 4691 2572 4744 10‘“.

2255 4796 2336 4850 18.
2373 4795 2436 4849 A.
2471 4794 2532 4848 D.
2593 4796 2717 4848 307.
2780 4789 3085 4848 Marcellus
3143 4803 3290 4862 papa
3346 4772 3741 4862 31usordinalu§3

2182 4883 2337 4939 sedit
2383 4895 2532 4938 anno
2581 4879 2650 4914 ⁸⁵⁸
2677 4883 2736 4937 et
2798 4893 3032 4936 menses
3059 4884 3110 4936 8.
3143 4855 3482 4950 passusque
3529 4868 3606 4922 est
3628 4856 3680 4892 ‘"
3703 4855 3744 4908 l7

2182 4970 2419 5027 Kalend.
2452 4971 2620 5026 Febr.

2257 5079 2338 5132 19.
2372 5075 2539 5146 (0hr.
2587 5075 2694 5147 W.)
2729 5077 2794 5132 A.
2829 5075 2892 5131 ι).
2929 5077 3050 5131 308.
3089 5071 3389 5130 Publicata
3417 5061 3635 5131 undique
3657 5059 3744 5147 Peri

2184 5145 2506 5236 secutiOne,
2550 5145 2950 5220 Diocletianus
2981 5162 3038 5218 in
3071 5161 3332 5230 Oriente,
3365 5148 3685 5213 Maximianus
3705 5145 3742 5236 tu

2184 5235 2498 5312 Occidente
2523 5251 2824 5310 tecclesias
2841 5252 3216 5320 subvertunt,
3243 5247 3421 5303 libros
3440 5237 3632 5299 divinos
3644 5235 3734 5284 suc-

1777 5378 2014 5434 VARIAZ
2077 5375 2480 5436 LECTIONES.

499 5487 570 5523 ⁸⁸⁸
601 5489 888 5561 aurelium
921 5492 1122 5561 m.E1.
1199 5491 1270 5526 ⁶⁴⁹
1317 5491 1623 5561 gallerium
1654 5494 1712 5546 9°
1795 5489 1865 5524 ⁸⁸⁰
1891 5491 2057 5549 deest
2085 5495 2165 5548 10.
2202 5495 2286 5547 11.
2371 5488 2440 5524 ⁸⁸1
2469 5498 2809 5561 εηψςοιιθῐη
2833 5486 2904 5561 Ad.
2945 5486 3104 5561 ΐεην.
3141 5489 3198 5539 5.

3295 5479 3363 5514 ⁸⁸³
3389 5475 3552 5533 alema
3563 5465 3744 5533 anulum.

451 5563 461 5578 .
601 5521 888 5548 aurcuuul
921 5521 1122 5570 ψχωι·
1204 5521 1623 5573 ⁷⁷’.ὅᾶξιῠι-ιυιιι
1656 5521 1712 5546 v“
1891 5521 2053 5572 ωσρᾱν
2089 5521 2165 5548 ιυ.
2208 5521 2286 5547 ιι.
2376 5521 2439 5524 “-
2469 5521 2528 5546 u.
2571 5521 2809 5546 υλυιυιιι
2839 5521 2904 5544 u.
2945 5521 3104 5590 1.6"“
3141 5521 3198 5539 υ·
3389 5521 3607 5571 "mw—“1
3632 5521 3747 5589 de“:

432 5565 488 5632 5.
518 5561 616 5616 E1.
703 5560 775 5632 Ψ
807 5573 1034 5632 passu.
1073 5565 1134 5632 4.
1170 5576 1364 5618 occisa
1400 5580 1436 5618 ι.
1490 5567 1568 5619 9ο.
1638 5561 1706 5594 ⁸⁵⁸
1737 5577 1800 5618 se
1825 5565 2004 5630 JUSSIt
2063 5565 2128 5619 ut
2157 5561 2328 5619 deum
2383 5567 2434 5622 5.
2510 5559 2578 5595 “‘
2610 5559 2772 5622 deest
2821 5559 2898 5615 9°.
3073 5570 3102 5612 a
3132 5569 3245 5612 uno
3275 5555 3348 5608 9°.
3408 5550 3480 5602 ll-

432 5631 531 5688 E1.
567 5633 656 5687 est
689 5628 1200 5689 sub'diocletiano
1228 5636 1280 5688 5.
