3898 6310
115 329 220 396 ’701

967 334 1406 401 CHRONICA.
1444 372 1513 384 —
1549 334 2023 401 CHRONICON
2067 336 2607 403 UNI'VERSALE.

3406 341 3525 405 702

111 465 375 539 cendunt,
399 474 460 527 et
488 467 846 528 christianos
877 468 1099 527 decima
1133 476 1271 543 post
1296 472 1581 529 Neronem
1618 486 1751 543 per-
1794 472 1848 532 A
1881 470 2128 528 militum
2160 476 2219 528 et
2272 470 2711 544 provmcialium
2757 470 2977 543 ingenti
3023 473 3140 545 jam
3190 474 3387 532 favore
3437 491 3527 534 re-

111 557 400 617 secutione
429 558 705 629 afﬂigunt.

178 650 261 703 20.
294 644 506 720 alma.)
540 649 605 703 A.
642 649 706 703 Ι).
750 651 873 704 309.
919 646 1317 706 Diocletianus
1360 651 1421 705 et
1469 647 1769 704 Maximia'

127 750 229 793 nus
252 749 571 808 purpuram
587 735 907 808 deponunt.
923 735 1194 793 Marcello
1209 751 1358 808 papa
1382 736 1765 805 martirizato,

121 824 391 883 successit
425 823 714 881 Eusebius
755 838 899 896 papa
945 827 1112 892 32‘“;
1144 825 1237 881 cui
1289 828 1420 895 post
1470 839 1698 882 menses
1727 829 1760 880 8

136 926 300 985 passo
329 911 652 970 succedens
679 912 990 972 Melciades
1037 917 1184 984 33“,
1218 914 1371 971 sedit
1421 915 1586 971 annis
1612 917 1645 971 4
1674 914 1771 971 dc-

139 1001 425 1073 cessitque
457 1005 490 1057 4
516 1001 653 1060 Idus
678 1003 1014 1061 Decembris
1046 1002 1143 1074 (cf.
1182 1001 1323 1061 σὴν.
1371 1003 1500 1075 W.).

134 1092 318 1147 Annus
346 1090 678 1148 Constantii
708 1094 770 1147 et
809 1090 1044 1148 Galerii.

188 1179 285 1249 (Η.
331 1181 436 1251 m.)
488 1180 655 1236 Anno
705 1178 1010 1236 dominicze
1060 1179 1480 1238 incarnationis
1523 1183 1647 1249 310,
1696 1180 1768 1235 ab

123 1268 265 1324 Urbe
292 1266 529 1324 condita
580 1265 892 1325 millesimo
938 1273 1025 1326 61.
1080 1270 1218 1326 Cum
1266 1268 1663 1327 Diocletianus
1709 1259 1770 1323 et

128 1353 494 1413 Maximianus
518 1354 636 1426 jam
686 1370 717 1413 a
768 1370 946 1427 regno
994 1357 1414 1429 decessissent,
1446 1358 1517 1414 ad
1574 1355 1770 1413 ammi-

128 1444 527 1500 nistrationem
571 1443 655 1500 rei
700 1445 951 1518 publieaa
1003 1447 1383 1503 Constantius
1414 1450 1472 1502 et
1505 1444 1769 1501 Galerius

128 1533 350 1604 augusti
380 1533 568 1591 creati
612 1539 770 1605 sunt,
802 1534 1138 1606 divisusque
1187 1540 1281 1591 est
1332 1535 1483 1591 inter
1533 1550 1636 1590 eos
1687 1534 1767 1589 ita

127 1623 403 1680 Romanus
428 1622 616 1693 orbis,
648 1625 712 1680 ut
745 1624 1121 1681 Constantius
1154 1623 1399 1693 Italiam,
1437 1622 1675 1679 Galliam
1708 1624 1764 1677 ct

129 1709 393 1780 Africam,
445 1710 710 1767 Galerius
768 1710 1069 1783 Illiricum,
1124 1712 1313 1769 Asiam
1360 1717 1421 1767 ot
1470 1711 1765 1768 Orientem

1877 562 2113 630 gnabat.
2143 562 2243 629 (Η.
2267 564 2372 631 m.)
2405 563 2661 618 Detectis
2692 566 2886 618 autem
2921 561 3149 619 insidiis
3176 562 3303 632 ejus
3334 579 3435 636 per
3465 564 3528 619 fi-

1880 648 2013 706 liam
2039 652 2328 721 Faustam,
2357 666 2484 722 quae
2516 650 2708 709 dolum
2741 650 2867 720 ejus
2899 651 3024 706 viro
3048 651 3364 721 nunciavit,
3394 652 3527 709 inde

1878 739 2186 810 profugit;
2236 739 2337 796 sed
2400 755 2429 796 a
2493 739 2871 795 Constantino
2931 739 3278 811 insequente
3337 740 3529 796 Massi-

1878 825 1969 885 lia:
2000 833 2228 900 captus,
2253 829 2458 885 fractis
2488 828 2696 900 laqueo
2729 829 3078 900 cervicibus,
3113 829 3370 900 perfidiae
3402 844 3524 888 suae

1878 931 2081 988 poenas
2114 918 2294 989 dedit,
2331 933 2480 975 anno
2511 919 2649 976 vita)
2680 933 2802 977 suae
2835 918 3219 988 sexagesimo.

1876 1006 2023 1061 Anni
2055 1006 2423 1063 Constantini
2454 1006 2541 1063 ⁸⁸³.

1946 1096 2111 1151 Anno
2141 1095 2443 1153 dominica:
2476 1094 2897 1153 incarnationis
2928 1099 3047 1151 311.
3071 1095 3243 1152 Urbis
3270 1094 3524 1153 condita)

1876 1183 2181 1240 millesimo
2212 1189 2297 1241 62.
2335 1184 2772 1254 Constantinus,
2817 1198 2890 1239 ex
2940 1184 3273 1241 obscuriori
3325 1183 3526 1239 matri-

1875 1273 2091 1343 monio,
2143 1273 2374 1330 scilicet
2422 1288 2491 1331 ex
2541 1274 2755 1330 Helena
2802 1273 3146 1343 concubina,
3199 1271 3525 1329 Constantii

1876 1359 2055 1428 filius,
2094 1366 2323 1418 mortuo
2357 1367 2544 1434 patre,
2578 1362 2980 1418 annitentibus
3025 1361 3253 1417 cunctis
3297 1361 3393 1432 qui
3427 1360 3524 1416 ad-

1876 1454 2040 1504 erant
2075 1452 2472 1521 precipueque
2505 1454 2688 1507 Croco
2737 1450 2805 1483 ⁶⁶³
2864 1450 3311 1507 Alamannorum
3363 1463 3520 1519 rege,

1876 1534 2078 1595 auxilii
2111 1539 2296 1609 gratia
2330 1556 2458 1596 cum
2487 1554 2556 1595 eo
2589 1541 2926 1609 comitante,
2961 1543 3087 1594 34“!
3127 1540 3198 1595 ab
3240 1543 3521 1609 Augusto,

1878 1625 1934 1680 in
1970 1626 2265 1683 Britannia
2296 1633 2529 1684 creatus
2563 1632 2653 1683 est
2688 1629 3008 1700 imperator
3036 1632 3068 1681 (5
3101 1626 3221 1682 Kal.
3249 1626 3521 1696 Augusti,

1877 1718 1934 1770 et
1969 1714 2024 1770 in
2071 1715 2255 1773 locum
2303 1717 2486 1787 patris
2542 1718 3028 1789 excptatissimus
3075 1716 3407 1772 moderator
3436 1730 3528 1771 ac-

128 1797 433 1856 obtineret.
470 1798 579 1856 Sed
612 1799 991 1857 Constantius
1030 1800 1266 1869 augusti
1318 1800 1604 1870 dignitate
1634 1813 1768 1855 con-
1794 1826 1849 1886 Β
1878 1805 2078 1873 cessit,
2116 1806 2496 1875 regnavitque
2545 1806 2711 1860 annis
2754 1810 2840 1876 30,
2894 1820 3124 1861 menses
3171 1804 3239 1838 ⁶⁶⁶
3290 1809 3369 1860 10.
3426 1803 3530 1860 Hic

128 1890 339 1957 tentus,
355 1887 937 1944 amministrationem
955 1887 1135 1944 Italia:
1150 1893 1211 1944 et
1227 1889 1433 1945 Africa}
1450 1888 1765 1956 recusavit,

130 1972 354 2031 Galliam
380 1977 611 2032 tantum
643 1975 920 2045 obtinuit,
946 1976 1035 2032 vir
1060 1976 1331 2046 egregius
1348 1981 1405 2033 et
1425 1981 1766 2033 mansuetus

129 2065 179 2119 et
202 2063 685 2135 prcstantissimae
703 2062 1029 2135 civilitatis,
1047 2080 1156 2122 non
1173 2065 1344 2122 modo
1369 2064 1638 2122 amabilis
1663 2063 1766 2120 sed

131 2156 184 2207 et
220 2150 575 2209 venerabilis
630 2151 831 2223 Gallis,
886 2154 1164 2225 precipue
1219 2154 1373 2224 quod
1423 2152 1765 2210 Diocletiani

132 2244 441 2311 suspectam
471 2239 854 2312 prudentiam
884 2244 944 2298 et
973 2242 1299 2298 Maximiani
1333 2241 1766 2312 sanguinariam

132 2329 513 2386 temeritatem
530 2329 773 2400 imperio
786 2329 915 2400 ejus
928 2330 1537 2387 evaserunt.Galerius
1552 2333 1764 2399 autem,

131 2417 210 2473 vir
234 2418 408 2489 probe
440 2422 715 2475 moratus
742 2417 812 2452 ⁸⁵⁸
857 2425 914 2475 et
967 2419 1240 2490 egregius
1289 2419 1344 2474 in
1394 2434 1458 2475 re
1506 2418 1765 2490 militari,

133 2506 319 2564 videns
346 2506 583 2564 Italiam
618 2522 849 2579 quoque
882 2523 1003 2565 suae
1041 2508 1548 2565 amministrationi
1580 2523 1772 2565 acces-

134 2595 279 2667 sisse,
313 2596 549 2653 sinente
581 2595 738 2653 socio
788 2611 895 2653 suo
941 2597 1304 2667 Constantio,
1338 2611 1591 2654 caesares
1622 2598 1773 2656 duos

132 2684 350 2756 creavit,
382 2683 784 2754 Maximinum,
821 2698 989 2755 quem
1021 2684 1244 2741 Orienti
1289 2685 1551 2758 prefecit,
1585 2685 1679 2756 qui
1713 2689 1770 2743 et

134 2774 244 2845 ipse
276 2787 476 2846 persec
494 2776 634 2829 utor
657 2772 1111 2830 christianorum
1139 2774 1265 2843 fuit,
1288 2776 1348 2829 et
1366 2774 1660 2845 Severum,
1676 2774 1767 2831 cui

136 2861 339 2919 Italiam
390 2861 584 2931 dedit,
619 2861 745 2932 ipse
792 2876 932 2918 vero
981 2861 1038 2916 in
1090 2861 1304 2918 Illirico
1349 2865 1608 2919 moratus
1656 2867 1768 2919 est.

139 2950 495 3007 Constantius
556 2963 700 3005 vero
759 2947 938 3005 ﬁlium
997 2963 1164 3006 suum
1210 2949 1279 2984 “9
1327 2949 1770 3006 Constantinum

139 3052 387 3096 caesarem
423 3038 590 3107 fecit,
611 3037 779 3108 eique
811 3036 1053 3093 Galliam
1076 3038 1399 3106 commisit;
1425 3039 1549 3109 ipse
1578 3043 1771 3095 autem

138 3127 301 3184 tercio
330 3141 476 3183 anno
515 3124 974 3198 persecutionis,
1001 3141 1096 3196 qui
1120 3129 1210 3183 est
1239 3127 1469 3198 imperii
1501 3127 1590 3183 sui
1624 3129 1769 3197 16W,

138 3214 360 3273 Eburaci
401 3215 457 3270 in
492 3213 798 3269 Britannia
842 3214 1009 3269 obiit.
1047 3214 1170 3280 Quo
1221 3219 1476 3281 mortuo,
1511 3213 1774 3271 Galerius

138 3303 390 3362 Licinium
413 3317 704 3361 cacsarem
729 3302 886 3374 fecit,
913 3308 1110 3360 natum
1135 3305 1207 3361 de
1230 3305 1420 3375 Datia,
1438 3308 1638 3360 notum
1662 3299 1773 3360 sibi

139 3393 348 3464 antiqua
366 3391 804 3450 consuetudine
834 3407 908 3447 ex
941 3391 1094 3449 bello
1128 3392 1283 3463 quod
1317 3393 1608 3449 adversus
1640 3394 1776 3448 Nar-

140 3493 279 3539 seum
302 3496 490 3553 regem
514 3484 794 3551 gesserat
819 3480 912 3549 (cf.
943 3482 1157 3537 Bsnxu.
1188 3481 1287 3551 (Η.
1312 3482 1429 3553 m.)
1452 3482 1588 3537 Erat
1620 3481 1772 3537 enim

139 3573 388 3627 strenuus
418 3568 734 3626 laboribus
763 3573 820 3625 et
855 3569 1059 3626 oﬂiciis
1104 3573 1405 3641 acceptus.
1442 3600 1509 3611 ——
1544 3573 1773 3627 Interea

139 3656 311 3715 Romae
368 3657 721 3731 pretoriani,
765 3657 1022 3715 excitato
1071 3657 1351 3727 tumultu,
1401 3658 1772 3731 Maxentium,

140 3745 369 3803 Herculii
410 3745 748 3803 Maximiani
811 3745 1014 3817 ﬁlium,
1066 3751 1555 3816 nuncupaverunt
1599 3760 1775 3815 augu-

141 3837 292 3912 stum.
320 3835 443 3903 Quo
463 3833 694 3905 audito,
715 3838 882 3907 pater
905 3835 1032 3906 ejus
1054 3834 1431 3892 Maximianus
1450 3835 1771 3905 Herculius,

142 3928 387 3982 arrectus
447 3924 504 3981 in
572 3937 733 3995 spem
789 3922 1123 3981 resumendi
1170 3923 1551 3995 principatus,
1605 3938 1774 3994 quem

142 4025 297 4069 suasu
319 4011 670 4071 Diocletiani
697 4012 916 4070 invitus
948 4012 1242 4083 amiserat,
1277 4013 1514 4068 Romam
1548 4011 1777 4069 advola-

141 4099 271 4158 vite
301 4102 577 4172 Lucania,
628 4100 1336 4172 Diocletianum-quoque
1387 4116 1494 4173 per
1544 4100 1775 4157 litteras

143 4187 470 4248 adhortatus
484 4194 601 4260 est,
621 4194 684 4247 ut
700 4188 1025 4261 depositam
1053 4194 1377 4246 resumeret
1403 4193 1773 4261 potestatem,

143 4292 271 4347 quas
302 4279 400 4336 ille
431 4280 640 4336 irritas
671 4279 875 4336 habuit
904 4284 965 4336 et
996 4280 1236 4351 sprevit.
1273 4279 1538 4336 Galerius
1584 4283 1776 4336 autem

145 4367 397 4425 Severum
427 4383 563 4426 cum
616 4367 881 4425 exercitu
929 4371 1133 4424 contra
1181 4368 1530 4424 Maxentium
1587 4368 1776 4435 misit;

145 4454 228 4523 qui
274 4456 515 4514 veniens
562 4457 821 4525 Romam,
870 4456 1100 4513 obsedit
1160 4470 1323 4523 eam;
1373 4457 1473 4513 sed
1533 4456 1777 4514 militum

1803 3179 1852 3240 Ο

1879 1906 2139 1949 sororem
2195 1906 2356 1948 suam
2418 1894 2813 1949 Constantiam
2878 1893 3093 1947 Licinio
3140 1892 3524 1949 Mediolanum

1878 1981 2069 2039 accito
2093 1980 2416 2051 conjunxit,
2440 1981 2736 2052 ﬁliumque
2760 1996 2953 2052 suum,
2976 1981 3206 2037 nomine
3230 1980 3523 2052 Crispum,

1876 2084 1950 2127 ex
1978 2069 2249 2126 Minervia
2293 2070 2617 2127 concubina
2668 2070 2886 2127 eisdem
2937 2070 3146 2126 diebus
3196 2068 3524 2125 Arelatensi

1876 2159 2051 2230 opido
2102 2163 2322 2229 natum,
2366 2163 2425 2215 et
2472 2159 2852 2229 Licinianum,
2886 2158 3082 2215 Licinii
3134 2158 3338 2228 filium,
3373 2172 3527 2213 men-

1877 2247 2022 2304 sium
2058 2248 2176 2304 fere
2207 2251 2294 2317 20,
2331 2261 2580 2304 caesares
2613 2248 2766 2303 fecit.
2799 2250 3024 2303 Interea
3060 2246 3326 2302 Galerius
3357 2245 3529 2302 Maxi-

1878 2336 2104 2393 mianus
2140 2351 2269 2393 cum
2311 2336 2782 2407 persecutionem
2816 2350 2846 2391 a
2877 2335 3236 2392 Diocletiano
3265 2340 3326 2391 et
3357 2333 3529 2389 Maxi-

1880 2424 2070 2481 miano
2097 2425 2411 2481 immissam
2446 2425 2572 2496 ipse
2604 2425 2996 2480 atrocioribus
3026 2424 3239 2480 edictis
3270 2420 3530 2480 cumula-

1880 2516 1993 2584 ret,
2027 2513 2222 2569 divina
2258 2519 2449 2571 tactus
2485 2511 2763 2583 vindicta,
2800 2513 3130 2584 putrefacto
3168 2511 3527 2568 intrinsecus

1882 2605 2139 2673 pectore,
2166 2606 2223 2656 et
2256 2600 2537 2665 vitalibus
2568 2600 3043 2671 dissolutis,cum
3077 2600 3229 2656 ultra
3262 2600 3525 2656 humana:

1881 2690 2179 2747 horrorem
2204 2688 2451 2745 miseria}
2475 2702 2702 2745 vermes
2716 2689 2890 2744 etiam
2906 2692 3226 2757 eructaret,
3242 2692 3302 2743 et
3318 2686 3525 2743 medici

1876 2781 1992 2852 jam
2019 2781 2282 2836 factorem
2306 2793 2418 2834 non
2442 2780 2721 2848 ferentes,
2742 2778 2953 2835 crebro
2971 2779 3136 2849 jussu
3160 2777 3287 2846 ejus
3305 2775 3531 2832 occide-

1883 2874 2106 2938 rentur,
2124 2882 2152 2923 a
2179 2866 2427 2939 quodam
2450 2865 2700 2938 medico,
2727 2880 2798 2922 ex
2823 2865 3235 2937 desperatione
3258 2866 3531 2921 constan-

1884 2958 2020 3014 tiam
2045 2955 2686 3026 sumente,increpatus
2700 2958 2810 3024 est,
2829 2954 3080 3023 dicente,
3100 2967 3228 3023 paen
3241 2966 3327 3007 am
3351 2952 3479 3022 ejus
3499 2964 3528 3007 a

1880 3048 1997 3102 Deo
2029 3059 2156 3101 esse
2188 3049 2248 3100 et
2281 3044 2412 3100 ideo
2457 3044 2651 3099 sanari
2700 3058 2810 3099 non
2864 3056 3077 3114 posse;
3110 3055 3360 3111 moxque
3415 3038 3531 3094 late

1883 3134 2077 3191 missis
2108 3133 2342 3203 edictis,
2377 3131 2731 3188 christianos
2760 3130 2831 3187 de
2862 3129 3037 3187 exilio
3067 3127 3381 3198 revocavit,
3405 3126 3532 3198 ipse

1884 3229 2075 3279 tamen
2108 3220 2408 3279 cruciatus
2441 3235 2551 3275 non
2586 3220 2905 3288 sustinens,
2928 3219 3065 3275 vitae
3098 3218 3266 3273 finem
3301 3215 3457 3273 fecit.

1953 3313 2112 3368 Inter
2139 3311 2260 3367 haec
2292 3324 2390 3365 res
2425 3308 2655 3380 publica
2681 3323 2709 3363 a
2734 3307 2900 3364 novis
2934 3310 3187 3377 quatuor
3222 3306 3533 3376 imperato-

1884 3400 2048 3457 ribus
2103 3399 2438 3464 tenebatur,
2498 3396 2882 3452 Constantinu
2937 3402 2997 3452 et
3046 3392 3357 3463 Maxentio,
3396 3391 3533 3448 filiis

1884 3494 2285 3559 augustorum,
2315 3486 2529 3542 Licinio
2552 3490 2609 3541 et
2642 3484 2968 3553 Maximino,
2996 3483 3328 3539 hominibus
3346 3480 3529 3536 novis.

1884 3578 2096 3644 Quinto
2128 3580 2319 3632 tamen
2350 3574 2580 3646 imperii
2625 3573 2717 3629 sui
2765 3587 2915 3628 anno
2966 3571 3380 3628 Constantinus
3419 3568 3539 3625 bel-

1884 3664 1998 3723 lum
2033 3663 2203 3721 civile
2236 3662 2524 3719 Maxentio
2556 3660 2775 3731 intulit,
2810 3660 3054 3729 ejusque
3086 3659 3287 3730 c0pias
3335 3656 3537 3714 multis

1884 3753 2105 3827 praeliis
2136 3751 2314 3818 fudit;
2342 3755 2584 3821 propter
2608 3748 2863 3817 magicas
2884 3751 3076 3802 tamen
3101 3746 3171 3779 ⁸⁸⁵
3190 3750 3367 3811 artes,
3393 3760 3538 3815 quas

1885 3840 1985 3897 ille
2017 3839 2261 3896 multum
2296 3839 2608 3907 dilexerat,
2632 3836 2930 3892 metuebat
2953 3849 3102 3890 eum.
3131 3835 3389 3902 Cumque
3413 3848 3542 3887 con-

1884 3929 2049 4001 gredi
2103 3941 2234 3985 cum
2283 3942 2352 3982 eo
2402 3925 2648 3981 multum
2694 3924 2980 3980 hesitaret
3010 3928 3070 3979 et
3099 3923 3169 3979 de
3195 3920 3363 3991 coelo,
3400 3920 3540 3976 licet
3640 3958 3653 3967 κ

1889 4018 2076 4075 adhuc
2109 4029 2387 4088 paganus,
2418 4013 2696 4071 auxilium
2732 4015 3028 4083 quereret,
3054 4011 3202 4068 vidit
3238 4024 3342 4081 per
3372 4023 3540 4080 sopo-

1888 4122 2006 4164 rem
2030 4106 2101 4162 ad
2124 4104 2370 4161 orientis
2394 4106 2616 4175 partem
2642 4102 2700 4157 in
2721 4101 2870 4158 coelo
2896 4100 3126 4171 signum
3150 4097 3344 4156 crucis
3369 4097 3542 4168 igneo

1889 4195 2113 4265 fulgore
2146 4193 2391 4251 rutilare
2420 4196 2479 4248 et
2508 4194 2673 4247 tanto
2704 4189 2835 4248 visu
2866 4189 3154 4246 exterrito
3200 4186 3310 4244 sibi
3344 4192 3541 4243 astare

1888 4283 2123 4353 angelos
2146 4283 2435 4340 dicentes:
2458 4280 2867 4350 Constantine,
2882 4279 2951 4337 in
2967 4278 3074 4336 Ιιοο
3090 4279 3315 4337 vinces.
3332 4276 3542 4333 Fertur

1890 4377 2081 4431 autem
2113 4375 2169 4428 et
2204 4370 2330 4442 ipse
2364 4369 2632 4426 Christus
2679 4367 2793 4425 sibi
2842 4367 3186 4440 apparuisse
3224 4373 3281 4423 et
3310 4365 3541 4434 signum

1892 4460 2087 4519 crucis
2106 4460 2157 4516 ei
2183 4464 2542 4516 monstrasse
2558 4460 2616 4514 et
2636 4462 2702 4514 ut
2725 4456 2916 4513 simile
2940 4457 3156 4512 faceret
3179 4452 3539 4526 precepisse.

145 4557 365 4601 suorum
417 4544 648 4603 scelere
698 4543 993 4615 desertus,
1040 4545 1370 4602 Ravennam
1414 4545 1580 4616 fugit,
1615 4549 1675 4602 et
1722 4546 1777 4602 in
1808 4537 1862 4596 D
1893 4548 2057 4616 Quod
2103 4552 2160 4604 et
2212 4548 2370 4618 fecit,
2404 4547 2624 4602 habens
2669 4559 2794 4602 eam
2846 4545 2899 4600 in
2952 4543 3184 4599 vexillis
3227 4541 3538 4613 depictam.

147 4629 337 4690 itinere
368 4635 440 4690 ab
462 4631 739 4689 Herculio
761 4638 851 4689 est
874 4633 1105 4690 occisus
1129 4632 1224 4703 (cf.
1250 4635 1328 4690 H.
1353 4635 1472 4705 R.).
1499 4635 1638 4690 Post
1662 4634 1782 4692 haec

148 4719 396 4779 Herculis
450 4720 836 4779 Max1mianus
891 4722 948 4778 in
995 4722 1374 4780 contentione
1417 4722 1780 4779 exercituum

148 4805 314 4865 filium
344 4824 516 4867 suum
549 4809 895 4867 Maxentium
951 4810 1196 4882 imperio
1243 4810 1465 4868 nudare
1511 4815 1778 4882 conatus,

148 4896 242 4951 sed
273 4912 300 4953 a
334 4898 624 4955 militibus
664 4897 944 4956 conviciis
986 4897 1322 4970 injuriatus,
1351 4899 1423 4956 ad
1453 4898 1671 4956 Gallias
1699 4903 1784 4957 te-

150 4984 345 5056 tendit,
383 4985 522 5044 dolo
569 4987 910 5060 composito,
941 4988 1094 5060 quod
1144 5003 1174 5045 a
1224 4988 1344 5045 filio
1384 4987 1455 5022 ⁶⁶⁰
1498 4989 1783 5060 expulsus

148 5077 311 5144 esset,
344 5080 407 5132 ut
456 5089 675 5145 genero
722 5074 791 5110 “1
843 5077 1223 5134 Constantino
1263 5077 1631 5147 jungeretur,
1667 5092 1783 5135 mo-

148 5156 282 5218 liens
311 5167 370 5218 et
401 5162 614 5235 ipsum,
647 5163 693 5222 si
726 5169 947 5237 posset,
984 5169 1217 5238 reperta
1260 5165 1564 5223 occasione
1603 5166 1781 5222 inter-

149 5244 329 5320 ficere,
365 5265 724 5323 regnumque
749 5254 875 5326 ejus
919 5253 1215 5326 invadere,
1251 5253 1348 5325 qui
1394 5253 1450 5310 in
1485 5252 1686 5311 Galliis
1720 5258 1780 5310 et

1893 4639 2076 4710 Igitur
2109 4636 2527 4693 Constantinus
2556 4636 2792 4690 Romam
2820 4632 3060 4690 veniens
3085 4635 3289 4689 contra
3315 4632 3545 4685 Maxen‘

1894 4728 2036 4784 tium
2068 4730 2260 4783 castra
2295 4725 2490 4797 posuit
2513 4724 2678 4794 juxta
2712 4726 2946 4793 pontem
2980 4718 3253 4776 Molbium
3282 4734 3296 4783 ;
3322 4720 3378 4772 et
3404 4731 3544 4773 ecce

1891 4814 2216 4872 Maxentius
2260 4814 2450 4885 portis
2503 4823 2836 4881 erumpens,
2873 4807 3258 4879 sequentibus
3302 4805 3541 4875 ceteris,

1893 4901 2266 4975 precucurrit
2309 4904 2608 4966 armatus;
2658 4896 3076 4954 Constantinus
3124 4906 3264 4951 vero
3309 4906 3544 4950 crucem

1892 5005 2064 5063 quam
2097 4992 2453 5048 formaverat
2484 4992 2618 5046 ante
2655 5002 2718 5043 se
2750 4985 2928 5057 jussit
2977 4983 3200 5057 portari
3227 5001 3242 5051 ;
3275 4982 3546 5052 factaque

1891 5079 2323 5149 congressione,
2359 5076 2617 5149 superati
2648 5080 2785 5133 sunt
2833 5073 2931 5144 qui
2982 5073 3140 5129 circa
3189 5069 3542 5127 Maxentium

1892 5168 2160 5231 fuerunt;
2185 5166 2306 5237 ipse
2331 5172 2523 5223 autem
2549 5165 2796 5235 fugiens,
2824 5160 2996 5235 paulo
3021 5160 3292 5233 superius
3315 5174 3342 5215 a
3368 5161 3547 5230 ponte

1891 5254 2123 5325 Molbio,
2161 5254 2258 5311 ubi
2293 5255 2458 5326 prius
2488 5252 2559 5310 ad
2589 5252 2916 5326 decipulam
2950 5250 3087 5309 fecit
3111 5248 3280 5322 quasi
3309 5250 3545 5319 pontem

1502 5423 1740 5480 VARLE
1778 5423 2075 5483 LECTION
2079 5424 2178 5480 ES.

215 5553 838 5635 P'morigeratustb.
876 5561 944 5635 ‘5?
983 5578 1041 5620 c.
1098 5564 1141 5620 f.
1199 5579 1255 5621 s.
1316 5566 1520 5623 Const.
1577 5570 1634 5622 5.
1686 5565 1756 5600 ⁶⁶⁰
1799 5566 1843 5623 f.
1901 5581 2007 5625 suo
2057 5568 2161 5623 E1.
2215 5564 2282 5599 σοι
2336 5579 2399 5635 g.
2463 5577 2568 5619 suo
2622 5563 2718 5620 Et.
2777 5561 2845 5596 ⁸⁸³
2901 5563 3044 5621 Haec
3099 5559 3315 5620 desunt
3365 5557 3541 5617 codd.

155 5623 225 5661 ⁸⁸³
251 5641 425 5688 croco
454 5623 610 5690 corr.
648 5632 771 5691 eric
802 5638 884 5691 9°.
925 5633 992 5669 ⁶⁶⁴
1020 5638 1079 5691 et
1112 5650 1193 5693 m.
1233 5637 1274 5691 Ε
1304 5641 1362 5696 1.
1396 5635 1467 5673 ⁸⁸⁵
1503 5637 1668 5696 deest
1693 5642 1776 5693 9°.
