3898 6356
299 365 416 431 708

1459 361 1941 430 EKKEHARDI
1985 357 2546 426 URAUGIENSIS

3591 339 3716 407 ’704

300 505 358 560 et
389 499 640 572 navigiis
683 497 752 534 °°°
799 498 946 571 fieri,
992 498 1212 558 talibus
1261 500 1516 574 desuper
1559 499 1784 570 stratis,
1818 512 1946 556 cum
1981 497 2032 557 A
2065 495 2260 554 sedem
2284 492 2523 552 Romani
2552 487 2779 564 imperii
2803 490 2862 546 et
2882 488 3059 560 caput
3081 476 3721 542 totiusOrientisesset

301 591 480 648 vellet
513 589 761 649 eundem
796 595 1029 662 pontem
1053 605 1124 648 ex
1143 593 1328 648 latere
1360 593 1599 663 intrare,
1625 591 1794 662 lapsu
1817 589 1950 660 equi

305 683 362 738 in
411 681 758 752 profundum
807 680 1110 737 demersus
1161 686 1272 752 est,
1308 682 1521 752 vixque
1569 695 1784 751 corpus
1830 679 1956 748 ejus

308 770 604 824 inventum
619 775 726 824 est.
747 770 881 824 Erat
903 774 1038 825 tunc
1052 784 1236 826 annus
1261 769 1621 826 Constantini
1647 769 1950 840 septimus.

308 859 534 913 Interea
565 856 723 912 cives
767 857 1004 912 Romani
1053 858 1349 914 civitatem
1401 861 1702 928 coronant,
1735 862 1793 913 et
1825 870 1955 912 cum

307 945 520 1015 gaudio
538 944 817 1001 victorem
835 947 1279 1004 Constantinum
1301 948 1701 1018 vivifieamque
1725 959 1956 1002 erucem

311 1033 660 1106 suscipiunt.
688 1065 750 1073 -—
779 1035 914 1101 (Eus
945 1036 1022 1092 Η.
1057 1051 1103 1093 e.
1139 1051 1215 1108 ιι,
1251 1037 1360 1108 10.)
1415 1038 1575 1092 Inter
1619 1036 1741 1092 haec
1789 1033 1959 1090 Maxi-

307 1122 515 1192 minus,
533 1122 984 1180 ebristianorum
1000 1130 1056 1180 et
1075 1125 1198 1196 ipse
1221 1129 1570 1197 persecutor
1593 1122 1954 1190 sevissimus,

309 1209 366 1266 in
402 1210 642 1267 Oriente
675 1211 958 1270 adversus
999 1213 1277 1272 Licinium
1327 1229 1422 1270 res
1470 1228 1650 1270 novas
1699 1211 1955 1280 molitus,

311 1314 443 1357 cum
499 1299 779 1356 adversus
833 1315 962 1357 eum
1023 1301 1262 1358 duceret
1322 1302 1664 1372 exercitum,
1717 1305 1957 1371 repente

313 1387 510 1444 divino
535 1387 759 1459 judicio
793 1389 1099 1446 doloribus
1127 1391 1414 1448 viscerum
1447 1391 1810 1446 internorum
1832 1402 1959 1444 cor-

313 1481 540 1548 reptus,
573 1478 951 1534 vehementer
979 1479 1264 1550 exagitari
1291 1480 1472 1550 coepit
1499 1497 1514 1545 ;
1544 1477 1754 1534 deinde
1787 1477 1958 1534 homo

314 1569 485 1620 antea
536 1580 717 1622 vorax
769 1581 1114 1638 semperque
1173 1567 1307 1624 vino
1358 1566 1641 1638 repletus,
1675 1582 1828 1623 nunc
1889 1580 1958 1622 ne

316 1653 558 1710 summis
592 1653 822 1724 quidem
854 1655 1034 1712 labris
1064 1656 1256 1712 cibum
1288 1656 1598 1726 degustare
1631 1659 1732 1714 aut
1764 1655 1955 1710 vinum

315 1742 506 1814 potuit
537 1743 812 1808 odorari;
844 1743 1044 1814 sicque
1077 1743 1354 1800 carnibus
1387 1745 1508 1800 suis
1540 1745 1728 1800 inedia
1761 1749 1818 1799 et
1849 1741 1959 1799 ari-

2064 586 2270 644 voluit.
2289 583 2449 640 Fecit
2469 587 2530 638 et
2553 585 2786 654 pontem
2811 578 2864 633 in
2887 575 3520 641 Danubio;emnesque
3534 569 3722 626 bonas

2067 682 2226 732 artes
2257 688 2396 731 suos
2430 672 2656 728 discere
2690 667 2962 736 faciebat,
2986 663 3230 720 maxime
3262 660 3462 718 studia
3491 657 3722 714 littera-

2069 779 2225 831 rum;
2251 763 2446 836 ipsein
2471 758 2739 830 legendo,
2761 753 3093 823 scribendo,
3111 747 3448 808 meditando
3470 745 3723 804 multum

2069 869 2132 910 se
2175 851 2510 909 exercebat.
2563 849 2716 917 (Eos.
2751 847 2830 902 Η.
2867 858 2912 901 e.
2950 858 3024 913 IX,
3055 843 3135 914 7.)
3169 839 3346 909 Cujus
3393 838 3583 892 mater
3615 836 3726 890 [Ie-

2070 942 2200 998 lena
2233 939 2520 1009 religiosa,
2555 935 2770 992 divinis
2811 931 3104 989 admonita
3152 927 3498 995 visionibus,
3523 924 3730 980 Hiero-

2070 1030 2331 1088 solimam
2367 1028 2553 1100 petiit,
2587 1030 2643 1083 et
2695 1025 2885 1080 locum
2935 1019 3033 1078 ubi
3087 1016 3354 1074 Christus
3398 1013 3731 1072 cruciﬁxus

2071 1123 2158 1176 est
2187 1117 2276 1190 πί,
2311 1119 2382 1174 ab
2414 1114 2622 1173 incolis
2673 1109 3004 1185 requisivit,
3038 1107 3135 1180 qui
3169 1104 3391 1162 ideirco
3441 1102 3512 1159 ad
3567 1101 3733 1158 inve-

2071 1208 2342 1266 niendum
2375 1205 2624 1264 diﬂlcilis
2643 1206 2788 1273 erat,
2817 1199 2951 1273 quia
2980 1198 3053 1254 ab
3085 1194 3344 1266 antiquis
3375 1195 3733 1266 perseeuto-

2071 1298 2232 1356 ribus
2262 1295 2634 1356 simulacrum
2664 1289 2908 1348 Veneris
2935 1288 2990 1344 in
3024 1301 3094 1344 eo
3128 1285 3316 1342 fuerat
3352 1281 3550 1350 fixum,
3577 1281 3646 1335 ut
3679 1276 3732 1336 si

2071 1387 2202 1460 quis
2233 1387 2524 1444 Christum
2551 1382 2620 1417 ⁸⁷³
2651 1381 2898 1437 adorare
2927 1375 3128 1445 vellet,
3155 1373 3212 1430 in
3243 1372 3374 1429 loco
3405 1369 3509 1426 illo
3539 1369 3735 1424 Vene—

2071 1457 2191 1533 rem
2237 1475 2538 1532 videretur
2586 1471 2831 1528 adorare
2875 1465 2986 1532 ‘7’;
3019 1467 3079 1521 et
3135 1463 3211 1519 ob
3259 1462 3373 1517 hoc
3411 1457 3580 1515 locus
3611 1471 3732 1512 non

2071 1565 2554 1635 frequentabatur
2603 1572 2864 1632 peneque
2911 1555 2968 1611 in
3019 1549 3315 1610 oblivione
3367 1548 3578 1605 fuerat.
3615 1545 3731 1602 Sed

2069 1632 2308 1711 veniens
2358 1651 2596 1720 Helena,
2637 1647 2875 1706 caelitus
2923 1641 3034 1700 sibi
3082 1639 3453 1709 designatum
3505 1632 3737 1691 invenit

2071 1743 2282 1812 locum,
2339 1739 2720 1814 purgatisque
2780 1736 2835 1791 in
2895 1732 3077 1790 altum
3127 1727 3460 1796 ruderibus,
3491 1737 3731 1782 erucem

315 1829 450 1886 date
481 1831 864 1902 consumptis,
901 1811 968 1887 ad
1004 1832 1110 1888 hoc
1143 1832 1332 1889 solum
1367 1833 1614 1905 profecit
1647 1833 1867 1903 infelix,
1895 1837 1957 1888 ut
1987 1853 2045 1916 Β
2075 1811 2608 1902 εθηοιίῑιηίὈρριτίι,
2641 1827 2751 1884 sub
2781 1822 3059 1895 episcopo
3098 1814 3356 1889 ejusdem
3408 1812 3576 1872 urbis
3621 1811 3736 1867 Ma-

311 1919 529 1989 justam
561 1933 689 1974 esse
723 1919 819 1974 Dei
854 1920 1163 1977 vindictam
1215 1921 1269 1978 in
1321 1937 1384 1978 se
1435 1923 1838 1994 profiteretur.
1874 1920 1959 1976 Ad

318 2007 583 2064 ultimum
616 2013 827 2078 tamen,
864 2012 1067 2066 morbo
1097 2011 1256 2081 prius
1295 2011 1528 2068 amissis
1569 2011 1846 2068 carnibus
1873 2008 1962 2076 “1.

315 2095 545 2152 vivendi
581 2096 750 2152 finem
783 2099 1030 2169 accepit.
1077 2101 1176 2168 (H.
1226 2103 1327 2170 m.)
1374 2099 1586 2155 Valens
1631 2113 1862 2170 quoque
1911 2098 1967 2154 in

319 2184 556 2241 Oriente
587 2186 659 2241 ab
690 2186 957 2244 exercitu
981 2187 1298 2258 imperator
1319 2187 1670 2259 appellatus,
1698 2202 1727 2243 a
1754 2187 1970 2244 Licinio

319 2273 553 2330 occisus
585 2280 693 2329 est.
731 2275 1059 2331 Alexander
1107 2277 1281 2332 etiam
1331 2276 1562 2348 quidam
1593 2277 1741 2349 apud
1776 2278 1974 2332 Karta-

318 2363 508 2431 ginem
541 2363 859 2434 imperator
889 2365 1162 2436 effectus,
1199 2367 1271 2421 ab
1299 2367 1564 2422 exercitu
1611 2365 1973 2422 Constantini

317 2450 622 2521 jugulatur
698 2452 789 2508 Sic
842 2453 1040 2522 itaque
1092 2454 1278 2510 omnis
1323 2459 1584 2525 potestas
1631 2455 1852 2526 imperii
1904 2454 1974 2511 ad

325 2538 769 2596 Constantinum
799 2545 858 2596 et
903 2541 1176 2598 Licinium
1232 2543 1514 2614 pervenit.
1569 2542 1677 2608 Qui
1723 2543 1977 2599 Licinius

319 2641 450 2682 cum
487 2627 670 2698 primo
705 2643 768 2684 se
798 2631 1054 2700 probum
1107 2635 1166 2686 et
1216 2632 1381 2701 quasi
1435 2646 1571 2701 erga
1619 2631 1976 2687 christianos

323 2715 662 2771 ostenderet
684 2715 980 2787 devotum,
1000 2725 1205 2790 postea
1227 2719 1432 2776 videns
1457 2721 1783 2791 profectum
1809 2719 1978 2790 impe-

326 2803 540 2860 ratoris
571 2807 955 2878 Constantini,
974 2808 1188 2864 ductus
1211 2809 1449 2878 invidia,
1472 2807 1723 2864 occultis
1747 2807 1976 2864 insidiis

326 2892 570 2948 maxime
589 2907 692 2963 per
718 2894 1032 2951 familiares
1057 2911 1124 2952 ac
1148 2896 1452 2952 ministros
1479 2896 1798 2968 principem
1825 2895 1978 2952 deci-

325 2995 464 3052 pere
496 2981 734 3038 molitus
763 2987 886 3048 cst;
917 2984 1019 3040 sed
1050 3000 1179 3040 cum
1233 2983 1288 3039 id
1317 3000 1544 3056 parum
1601 2983 1973 3054 procederet,

325 3073 592 3139 apertum
617 3069 700 3126 illi
726 3071 939 3128 bellum
965 3072 1560 3140 indieit,ehristianos
1584 3085 1721 3127 vero
1746 3072 1975 3142 privato

325 3162 382 3212 et
417 3159 657 3228 speciali
701 3159 834 3216 odio
879 3161 1151 3231 persequi
1203 3164 1389 3232 parat,
1422 3161 1526 3216 hoc
1571 3159 1625 3214 in
1679 3158 1975 3229 querelam

328 3245 638 3318 devocans,
675 3247 830 3318 quod
863 3263 974 3303 non
1008 3249 1086 3302 ita
1120 3264 1224 3320 pro
1255 3263 1320 3305 se
1351 3248 1506 3305 sic‘ut
1547 3264 1652 3319 pro
1701 3249 1979 3304 Constan-

331 3334 452 3390 tino
483 3335 845 3392 excubarent
893 3336 1281 3394 orationibus.
1319 3337 1494 3407 Cujus
1545 3337 1784 3407 ﬂagitiis
1834 3338 1979 3394 Con-

329 3423 624 3480 stantinus
663 3424 890 3480 obviam
947 3425 1032 3482 ire
1091 3433 1277 3498 parat,
1330 3425 1682 3496 devictoque
1733 3425 1974 3494 Licinio,

330 3509 492 3566 solus
522 3525 652 3566 cum
689 3511 824 3568 filiis
855 3513 975 3569 suis
1006 3513 1230 3585 imperii
1275 3514 1664 3570 monarehiam
1699 3512 1974 3583 obtinuit,

329 3611 478 3694 anno
511 3599 672 3694 regni
705 3601 794 3656 sui
832 3604 896 3656 14
925 3601 1026 3668 (Η.
1051 3604 1154 3674 m.)
1190 3602 1348 3657 Unde
1381 3617 1483 3672 per
1517 3601 1888 3658 insolentiam
1921 3606 1980 3656 et

330 3687 476 3756 ipse,
513 3691 571 3743 ut
604 3687 784 3758 aiunt,
819 3693 1078 3746 mutatus
1117 3696 1176 3746 et
1221 3689 1520 3748 crudelior
1566 3690 1828 3758 effectus,
1864 3704 1981 3760 pri-

331 3787 485 3830 mum
523 3776 748 3832 sororis
777 3791 899 3834 suae
931 3777 1130 3850 filium,
1165 3778 1414 3849 egregiae
1448 3777 1660 3834 indolis
1685 3778 1977 3848 juvenem,

341 3861 659 3934 interfecit,
695 3880 828 3922 mox
857 3867 1144 3938 Crispum,
1173 3867 1352 3924 filium
1385 3881 1552 3924 suum
1581 3881 1654 3921 ex
1685 3865 1978 3935 Mincrvia,

338 3957 712 4022 suggerente,
749 3958 808 4010 ut
841 3954 1064 4025 dicunt,
1100 3957 1304 4012 Fausta
1350 3955 1596 4025 conjuge
1627 3969 1752 4024 sua,
1786 3953 1981 4009 necari

326 4038 552 4108 jussit;
585 4040 795 4098 deinde
827 4042 1008 4114 ipsam
1044 4046 1309 4101 Faustam
1327 4043 1396 4076 ⁸⁸⁸
1419 4044 1472 4098 in
1508 4041 1745 4099 balneas
1779 4041 1985 4097 arden-

338 4132 430 4184 tes
461 4129 786 4199 conjectam’
816 4131 1134 4202 interemit,
1159 4148 1290 4189 cum
1323 4148 1454 4190 eum
1489 4131 1692 4187 dolore
1723 4129 1984 4186 nimio‘m

339 4220 527 4314 mater
556 4217 770 4314 Helena
802 4235 906 4290 pro
937 4236 1077 4277 nece
1119 4221 1348 4293 nepotis
1395 4221 1744 4291 increparet,
1783 4224 1984 4291 postea

341 4307 678 4362 innumeros
710 4307 1006 4365 interfecit
1038 4310 1272 4367 amicos.
1309 4312 1378 4366 Et
1410 4310 1558 4380 (221)
1591 4324 1722 4365 cum
1756 4308 1811 4363 in
1844 4307 1987 4364 mul-

341 4393 420 4490 tis
457 4393 695 4463 ﬂagitiis
722 4403 1110 4468 grassaretur,
1141 4415 1270 4456 cum
1320 4401 1516 4453 tamen
1565 4397 1620 4452 in
1671 4411 1740 4452 eo
1789 4395 1985 4453 multa;

341 4484 595 4539 virtutes
621 4484 797 4541 animi
829 4486 1207 4556 haberentur,
1243 4487 1524 4543 divinitus
1553 4487 1714 4557 lepra
1755 4499 1986 4558 percus-

2075 1921 2294 1977 chario.

2151 2009 2349 2078 (Onos.
2384 2022 2482 2076 vn,
2514 2005 2630 2075 28.)
2664 2001 2932 2074 Ejusdem
2985 1995 3268 2071 principis
3313 1999 3582 2063 tempore
3612 1991 3736 2078 7A}:

2081 2075 2223 2167 rius,
2254 2075 2618 2150 Alexandriae
2645 2087 2936 2162 presbiter
2952 2083 3250 2152 aacclesiaa,
3269 2096 3299 2137 a
3319 2079 3573 2136 veritate
3599 2075 3731 2132 fidei

2081 2183 2388 2241 catholicae
2421 2180 2678 2248 devians,
2711 2174 3013 2233 exitiabile
3061 2169 3328 2244 plurimis
3361 2168 3570 2237 dogma
3599 2179 3736 2221 con-

2085 2273 2302 2342 stituit,
2360 2269 2461 2326 sed
2517 2283 2650 2324 mox
2704 2267 2776 2322 ab
2835 2261 3184 2331 Alexandro,
3241 2256 3504 2330 ejusdem
3570 2252 3737 2310 urbis

2084 2363 2284 2436 episco
2295 2376 2385 2433 po,
2403 2374 2472 2416 ex
2498 2357 2642 2414 urbe
2667 2353 2874 2428 pulsus
2889 2355 2998 2408 est.
3016 2350 3272 2420 Cumque
3285 2344 3573 2413 homines,
3589 2355 3738 2412 quos

2087 2431 2143 2508 in
2157 2431 2417 2507 errorem
2435 2446 2767 2514 induxerat,
2781 2441 2957 2498 etiam
2981 2439 3037 2494 in
3062 2435 3406 2495 seditionem
3421 2431 3733 2500 excitaret,

2086 2539 2238 2611 apud
2271 2537 2501 2593 Niceam
2531 2535 2733 2590 urbem
2763 2527 3024 2584 Bithiniaa
3045 2529 3368 2582 conventus
3387 2523 3491 2576 318
3513 2518 3738 2590 episeo-

2088 2643 2289 2701 porum
2355 2626 2544 2682 factus
2585 2625 2677 2677 est
2722 2619 2832 2676 sub
2883 2616 3163 2672 Silvestre
3213 2625 3382 2684 papa,
3433 2624 3538 2682 per
3591 2621 3738 2678 quos

2088 2696 2394 2772 Arrianum
2445 2712 2651 2780 dogma
2715 2703 3016 2764 exitiabile
3068 2701 3364 2775 proditum
3411 2696 3604 2770 palam
3645 2696 3738 2750 est

2087 2805 2441 2861 damnatum.
2475 2800 2630 2868 (Eos.
2663 2797 2740 2852 Η.
2775 2808 2820 2851 θ.
2859 2809 2932 2863 Ix,
2961 2793 3072 2862 11.)
3101 2791 3416 2859 Postquam
3446 2799 3590 2841 vero
3623 2795 3736 2838 ma-

2086 2898 2178 2949 ter
2205 2885 2575 2962 imperatoris
2606 2883 2817 2940 llelena
2849 2895 2919 2938 ex
2951 2879 3056 2935 hac
3088 2877 3217 2934 luce
3256 2873 3557 2940 discessit,
3593 2873 3735 2927 Con-

2087 2958 2530 3048 stantia,l.ieinii
2552 2979 2692 3030 tunc
2713 2969 3014 3038 derelicta,
3034 2965 3231 3022 fratris
3250 2961 3486 3033 augusti
3507 2958 3737 3017 solatiis

2088 3047 2383 3126 utebatur.
2417 3063 2563 3120 Huic
2593 3061 2648 3116 in
2681 3058 2950 3116 noticiam
2975 3053 3132 3112 venit
3157 3052 3456 3126 presbiter
3478 3047 3733 3120 quidam,

2089 3157 2344 3213 latenter
2383 3151 2650 3225 partibus
2703 3147 2852 3204 Arrii
2898 3146 3138 3202 favens:
3174 3141 3270 3213 qui
3324 3139 3512 3212 primo
3563 3134 3738 3192 nichil

2089 3247 2292 3302 horum
2326 3241 2478 3314 apud
2509 3254 2635 3296 eam
2667 3237 2808 3308 egit,
2840 3234 2942 3293 sed
2991 3233 3088 3290 ubi
3138 3230 3318 3287 multa
3372 3225 3740 3284 familiaritas

2088 3333 2311 3404 copiam
2346 3329 2528 3398 dedit,
2560 3325 2843 3399 paulatim
2872 3322 3052 3394 coepit
3101 3319 3333 3376 Arrium
3366 3317 3419 3372 ei
3452 3327 3739 3372 commen-

2089 3401 2249 3492 dare,
2281 3421 2468 3477 donec
2508 3415 2757 3473 animum
2807 3409 3164 3469 Constantiae
3195 3421 3363 3465 suum
3411 3404 3566 3461 fecit.
3603 3401 3738 3467 Qua;

2089 3527 2218 3569 cum
2251 3509 2529 3565 moritura
2561 3504 2904 3562 visitaretur
2956 3514 2986 3555 a
3036 3499 3239 3568 fratre,
3271 3497 3594 3551 extremam
3647 3503 3741 3562 po-

2092 3599 2282 3672 poscit
2313 3598 2385 3654 ab
2417 3610 2486 3652 eo
2515 3593 2783 3663 gratiam,
2833 3594 2894 3646 ut
2946 3587 3195 3644 eundem
3242 3579 3638 3656 presbiterum
3686 3577 3736 3632 in

2092 3665 2545 3746 familiaritatem
2570 3680 2856 3752 reciperet
2882 3681 2938 3733 et
2955 3689 3083 3748 qua;
3096 3672 3207 3732 sibi
3224 3687 3330 3745 pro
3343 3671 3538 3728 salute
3552 3665 3736 3724 suaab

2091 3793 2160 3834 eo
2193 3776 2582 3845 suggerentur
2610 3769 2679 3803 ‘7‘
2721 3767 2992 3832 audiret;
3045 3778 3110 3820 se
3158 3761 3310 3818 enim
3355 3759 3594 3816 dicebat
3640 3770 3738 3827 pro

2093 3865 2283 3923 salute
2306 3861 2468 3918 illius
2489 3873 2622 3915 esse
2644 3855 2977 3914 sollicitam.
3000 3852 3176 3923 Cujus
3195 3847 3396 3906 verbis
3417 3847 3601 3902 frater
3623 3857 3740 3900 ere-

2095 3953 2501 4022 dulus,aurem
2528 3945 2859 4019 presbitero
2884 3935 3557 4007 aceommodat,ejusque
3570 3947 3738 3990 suasu

2095 4020 2324 4099 mium
2357 4039 2429 4094 de
2459 4035 2636 4093 exilio
2673 4033 2842 4104 jubet
2889 4027 3176 4098 revocari,
3213 4031 3276 4083 ut
3322 4024 3461 4096 quid
3512 4024 3586 4080 de
3633 4020 3738 4076 fide

2096 4129 2343 4188 sentiret
2367 4128 2706 4198 exponeret.
2723 4121 2832 4189 Qui
2850 4135 2981 4178 cum
3003 4117 3076 4174 de
3100 4115 3211 4172 fide
3234 4114 3551 4182 scriberet,
3580 4111 3738 4166 mira-

2094 4225 2192 4278 tus
2253 4218 2590 4288 imperator,
2649 4225 2852 4268 rursus
2907 4223 3037 4266 enm
3093 4205 3162 4262 ad
3217 4201 3453 4261 concilii
3504 4211 3736 4257 examen

2097 4287 2348 4376 remisit,
2377 4317 2592 4374 rogans
2642 4303 2726 4370 ut,
2759 4299 2806 4356 si
2859 4299 3002 4355 fides
3049 4297 3177 4368 ejus
3221 4293 3602 4366 probaretur,
3635 4287 3738 4344 ele-

2097 4395 2274 4454 menti
2306 4407 2443 4462 erga
2475 4405 2606 4447 eum
2633 4387 2852 4460 judicio
2903 4388 3228 4452 uterentur,
3263 4381 3310 4438 si
3360 4385 3556 4436 tamen
3603 4377 3740 4448 epis-

2097 4485 2226 4557 copi
2243 4483 2370 4554 ejus
2385 4478 2696 4538 Alexandri
2719 4490 2994 4534 assensus
3007 4469 3740 4530 accommodaretur.Cum-

343 4584 464 4641 sus,
496 4586 597 4642 per
619 4579 880 4631 sanetum
908 4575 1249 4633 Silvestrum
1273 4590 1498 4647 papam,
1518 4589 1626 4632 una
1645 4557 1776 4630 cum
1802 4578 1985 4628 matre
2016 4565 2068 4626 D
2099 4587 2210 4645 que
2265 4567 2674 4625 Alexandriam
2731 4563 2976 4633 veniret,
3015 4573 3184 4618 omne
3237 4557 3398 4616 illius
3453 4557 3738 4627 inceptum

341 4658 591 4731 aliisque
615 4663 816 4720 multis
839 4665 908 4720 ad
937 4665 1104 4722 fidem
1119 4669 1539 4722 eonversusest
1555 4668 1612 4721 et
1627 4661 1986 4734 baptizatus;

345 4763 595 4820 moxque
630 4767 798 4809 omne
829 4753 1086 4811 studium
1121 4754 1190 4809 ad
1223 4753 1503 4810 aeeclesiaa
1538 4749 1838 4808 transtulit
1860 4763 1990 4822 pro-

349 4836 583 4934 fectum,
605 4838 880 4934 legesque
901 4841 972 4876 “7°
993 4847 1262 4900 statuens
1285 4841 1656 4911 christianas,
1679 4839 1814 4896 fecit
1841 4837 1990 4894 basi-

347 4924 491 4984 licas
520 4927 756 4988 multas.
783 4931 940 4989 Fecit
971 4937 1032 4988 et
1055 4933 1255 4988 urbem
1281 4930 1528 4987 nominis
1549 4929 1640 4986 sui
1665 4927 1993 4985 Constanti-

345 5016 620 5088 n0polim,
674 5035 802 5092 quae
854 5020 1018 5094 prius
1067 5019 1389 5078 Bizantium
1444 5019 1772 5088 dicebatur,
1820 5030 1991 5088 quam

2100 4663 2443 4719 frustratum
2474 4659 2583 4712 est.

2171 4751 2395 4805 Interea
2415 4746 2550 4802 dum
2575 4744 2698 4799 hzee
2723 4738 3088 4798 Alexandriae
3113 4735 3482 4807 agitarentur
3503 4732 3741 4802 ‘",Con-

2101 4837 2411 4905 stantinus,
2439 4848 2500 4888 re
2535 4829 2766 4904 publica
2799 4829 2944 4884 bene
2967 4825 3256 4894 ordinata,
3283 4837 3419 4880 cum
3443 4827 3573 4878 tres
3600 4819 3745 4876 filios

2099 4940 2260 4995 suos,
2295 4919 2734 4979 Constantinum
2766 4919 2827 4972 et
2861 4916 3236 4970 Constantem
3273 4924 3342 4966 ac
3371 4909 3442 4944 ⁸⁷⁸
3476 4911 3745 4966 Constan-

2101 5015 2269 5083 tium,
2289 5016 2348 5068 et
2366 5009 2546 5066 filium
2577 5005 2776 5063 fratris
2808 5003 2894 5062 sui
2925 5000 3270 5059 Dalmatium
3303 5011 3566 5057 caesares
3590 4995 3749 5054 fecis.

1697 5159 1934 5216 VARI/E
1974 5151 2378 5214 LECTIONES.

414 5288 484 5323 σου
508 5289 692 5358 virgis
717 5289 823 5345 E1.
887 5286 956 5322 ουτ
999 5287 1094 5345 ita,
1143 5287 1246 5342 Et.
1301 5285 1620 5358 luminibus
1669 5283 1780 5358 μεΔ
1809 5280 2138 5358 ἀμείφθη,
2175 5276 2246 5358 6:8
2276 5271 2650 5358 egestam"
2676 5269 3124 5358 energy,
3161 5265 3460 5358 (191935,-
3499 5263 3746 5358 "ﬂeam

345 5364 428 5416 9°.
468 5358 535 5392 ⁸⁷1
565 5353 662 5416 cb.
703 5372 914 5432 passus
944 5362 1036 5414 est
1064 5362 1124 5414 et
1151 5356 1489 5432 crucifixus
1497 5359 1589 5432 est
1604 5353 1910 5432 §._°"_’__eh_.
1951 5353 1996 5409 si
2033 5367 2066 5423 q

2075 5332 2162 5408 uis
2192 5353 2250 5404 5.
2282 5332 2360 5380 7°",
2391 5345 2486 5403 ita
2531 5344 2637 5400 Et.
2674 5343 3056 5396 veneraretur
3102 5339 3161 5393 4.
3219 5335 3455 5408 videret
3478 5332 3740 5408 fellifjf

349 5402 920 5500 Euggeré’iiiu‘é"£5&j
945 5402 1710 5499 “s‘iig‘ééi’éiédi'ﬁf‘sifsed
1738 5402 1914 5495 ίιιῐιῖιζ
1943 5402 2364 5496 ᾇὶιόἷὲθήιὶᾳαὶ
2390 5402 2556 5476 codd.
2598 5411 2859 5481 tuantur,
2899 5409 3056 5468 Eu.
3095 5406 3350 5480 scripsit
3383 5405 3641 5464 videtur.
3681 5402 3740 5485 "’_'

1934 5561 2156 5619 ΝΟΤᾸΞ.

350 5498 662 5569 agerentur
691 5501 761 5557 Et
781 5541 795 5556 .
837 5498 906 5532 ⁸⁷⁸
936 5498 1099 5556 decet
1133 5500 1228 5553 Et.

423 5659 567 5733 (22f)
599 5659 808 5718 Nescio
841 5656 938 5725 qui
967 5655 1089 5712 haec
1118 5653 1460 5713 Ekkebardo
1493 5652 1831 5727 prmhuerit.
