3898 6306
127 322 240 385 ⁸705

130 460 238 526 set,
272 452 608 525 egritudine
638 456 849 527 captus
877 458 969 514 est
1001 473 1016 526 ;
1048 458 1107 515 et
1121 469 1250 514 eum
1278 455 1433 516 ﬁlius
1470 456 1599 530 ejus
1621 459 1763 515 Con-
1793 460 1845 518 A
1951 462 2040 518 28.
2075 464 2138 518 A.
2167 463 2235 519 Ι).

130 544 398 615 stantius,
427 543 797 601 cuiOrientis
826 559 1066 616 regnum
1099 546 1437 604 decreverat
1476 547 1564 618 ⁸⁷⁷,
1598 549 1763 604 abes-

131 638 216 690 set
244 631 331 704 ‘7',
351 634 489 689 fecit
512 632 564 688 ei
592 637 1024 706 testamentum,
1044 638 1194 706 quod
1212 642 1421 694 vocato
1437 637 1505 694 ad
1521 652 1582 693 se
1615 636 1762 692 clam

132 721 454 793 presbitero
472 736 500 777 a
514 736 718 778 sorore
733 724 1137 780 commendato
1152 724 1332 797 dedit,
1343 726 1673 798 precipiens
1687 725 1759 794 ei,

132 814 190 866 ut
217 808 356 866 nulli
427 810 537 865 hoc
587 810 698 867 nisi
742 811 1081 868 Constantio
1117 813 1283 870 daret
1320 815 1416 886 (cf.
1464 815 1647 871 H.m.
1696 845 1765 853 —

131 899 249 953 Eos.
284 899 320 954 ι.
359 897 603 969 l.)Quod
629 914 759 956 cum
783 899 882 956 ille
926 906 1058 972 post
1097 907 1342 959 mortem
1392 902 1764 975 imperatoris

134 987 355 1057 faceret,
382 986 559 1043 etiam
592 988 744 1059 apud
771 991 1170 1048 Constantiam
1184 995 1489 1048 maximam
1525 991 1764 1052 familia-

132 1075 351 1130 ritatem
385 1075 662 1133 obtinuit.
689 1078 966 1135 Scribunt
986 1085 1179 1136 autem
1205 1082 1457 1152 quidam,
1487 1082 1763 1137 Constan-

130 1163 300 1220 tinum
326 1164 740 1235 imperatorem
764 1166 818 1221 in
854 1169 1154 1225 Arrianam
1194 1170 1439 1227 heresim
1481 1170 1761 1226 incidisse

130 1259 183 1308 et
210 1253 278 1307 ab
296 1253 550 1309 Eusebio
582 1255 1007 1313 Nicomediensi
1040 1259 1319 1329 episcopo
1335 1259 1760 1330 rebaptizatum

132 1339 926 1412 fuisse,quod:ecclesiastica
961 1345 1208 1402 historia
1231 1363 1340 1403 non
1387 1348 1580 1417 docet,
1634 1362 1761 1418 qua

130 1428 228 1485 sub
258 1443 456 1499 magna
475 1430 762 1500 religione
784 1431 947 1489 illum
973 1434 1296 1491 decessisse
1318 1436 1586 1507 perhibet
1602 1438 1757 1505 (Eus.

130 1517 199 1573 Η.
223 1532 267 1574 θ.
297 1519 333 1575 ι.
359 1518 424 1589 Ζ.)
448 1519 607 1574 Obiit
667 1526 859 1577 autem
905 1521 960 1576 in
1012 1522 1345 1581 suburbana
1404 1525 1538 1581 villa
1598 1524 1762 1581 Nico-

130 1605 341 1675 media,
376 1611 459 1662 11.
488 1606 610 1663 Kal.
642 1608 816 1676 Junii,
850 1624 1000 1666 anno
1033 1611 1168 1668 vita
1208 1616 1322 1682 66°,
1383 1613 1609 1685 imperii
1642 1619 1758 1685 31°,

132 1692 503 1765 sepultusque
535 1702 621 1752 est
656 1696 711 1752 in
767 1697 1102 1755 Bizantioin
1161 1701 1397 1758 basilica
1455 1701 1761 1773 Apostolo-

138 1795 279 1837 rum.

194 1874 238 1924 1.
271 1869 430 1940 (ϐῆν.
481 1871 589 1942 W.)
614 1873 795 1943 Hujus
825 1889 975 1931 anno
1032 1877 1214 1947 primo
1247 1878 1592 1950 Maxentius,
1628 1880 1762 1934 Her-

131 1955 257 2013 culii
292 1956 463 2029 filius,
504 1967 791 2030 augustus
819 1963 1175 2035 appellatur.

188 2048 241 2100 2.
280 2049 348 2101 A.
386 2048 455 2102 D.
486 2051 620 2104 312.
661 2050 1039 2110 Maximianus
1060 2056 1221 2127 apud
1278 2056 1583 2114 Massiliam
1639 2062 1763 2115 tur-

130 2132 269 2204 piter
294 2135 619 2194 occiditur.

187 2227 232 2278 3.
267 2224 491 2297 (Πιειι.)
529 2231 601 2283 A.
658 2230 728 2284 D.
787 2234 916 2286 313.
976 2231 1254 2299 Quirinus
1292 2234 1611 2292 Suscianus
1644 2235 1763 2308 epi-

129 2325 325 2384 scopus
352 2313 618 2383 gloriose
646 2332 857 2388 passus
888 2325 1006 2393 est.

188 2402 241 2455 4.
276 2403 344 2455 A.
376 2404 445 2457 D.
492 2406 626 2458 314.
667 2405 948 2463 Silvester
979 2424 1125 2480 papa
1157 2413 1284 2465 34ιιε
1314 2410 1640 2479 ordinatur,
1674 2426 1762 2468 se-

142 2490 382 2561 densque
408 2506 478 2548 an
500 2492 589 2549 nis
639 2497 727 2564 22,
772 2510 998 2555 menses
1057 2504 1141 2570 10,
1203 2501 1471 2571 migravit
1538 2505 1572 2557 2
1623 2503 1752 2559 Kal.

132 2579 352 2636 Januar.

182 2670 234 2722 ὅ.
270 2667 437 2737 (Chr.
509 2668 657 2740 W.).
694 2675 765 2726 A.
807 2674 874 2729 D.
911 2678 1042 2731 315.
1080 2676 1496 2735 Constantinus
1534 2680 1761 2736 Maxen-

131 2756 204 2810 tio
231 2756 438 2813 hellum
469 2758 686 2814 infert.

190 2847 242 2898 6.
281 2848 348 2901 A.
403 2847 475 2901 D.
516 2850 653 2903 316.
716 2849 926 2907 Petrus
966 2850 1392 2913 Alexandrinus
1446 2855 1760 2929 episcopus

137 2934 544 2992 martirizatur.

187 3024 240 3076 7.
278 3023 497 3096 (illam)
532 3026 608 3081 Α.
648 3027 716 3080 Ι).
748 3032 877 3084 317.
916 3029 1173 3086 Achillas
1206 3032 1575 3090 Alexandria
1604 3034 1753 3090 ordi-

136 3113 289 3167 natur
315 3112 639 3185 episcopus
670 3119 819 3172 17118.
846 3118 1253 3177 Hierosolimis
1293 3121 1601 3179 ordinatur
1648 3124 1758 3179 Ma-

128 3194 341 3254 charius
368 3203 522 3256 39W.
568 3201 892 3259 Maxentius
927 3203 1178 3261 interiit.

184 3288 237 3339 9.
270 3284 439 3355 (Chr.
474 3287 1006 3359 W.)Diocletianus
1036 3293 1310 3351 moritur.

190 3377 271 3429 10.
291 3373 511 3449 (Πιειι.)
530 3377 598 3431 Α.
618 3377 680 3431 D.
710 3381 838 3434 320.
862 3379 1114 3439 Licinius
1141 3383 1607 3454 persecutionem
1639 3400 1756 3442 mo-

126 3464 209 3515 vet
234 3460 284 3517 in
312 3463 699 3522 christianos.

186 3553 267 3607 13.
303 3554 473 3610 A.D.
542 3558 675 3611 323.
735 3555 991 3614 Licinius
1045 3559 1362 3617 occiditur.
1426 3562 1754 3620 Alexander

125 3636 403 3697 ordinatur
429 3641 807 3701 Alexandria
838 3646 1153 3719 episcopus
1186 3653 1336 3706 189°.

188 3729 266 3782 17.
300 3727 409 3795 (Cf.
453 3730 602 3788 0hr.
634 3731 753 3804 W.)
785 3735 857 3789 A.
889 3735 960 3791 D.
998 3739 1129 3792 327.
1169 3738 1488 3796 Concilium
1505 3743 1610 3797 300
1633 3742 1754 3814 epi-

131 3825 409 3885 scoporum
444 3818 499 3874 in
535 3818 709 3875 Nicea
731 3829 1154 3892 congregatur.

183 3906 266 3959 19.
301 3907 369 3960 A.
402 3908 475 3963 D.
512 3910 647 3964 329.
680 3909 833 3965 Crux
864 3911 1085 3967 Domini
1144 3914 1220 3970 ab
1272 3914 1485 3973 Helena
1535 3917 1751 3975 inveni-

130 3992 214 4045 tur
237 3991 326 4048 ‘7’.

180 4082 265 4136 20.
299 4083 524 4157 (Hii-2n.)
559 4087 630 4140 A.
670 4087 740 4142 D.
779 4090 908 4144 330.
951 4089 1262 4161 Hucusque
1291 4092 1585 4164 hystorias
1613 4096 1752 4152 scri-

125 4162 195 4219 bit
227 4168 525 4243 Eusebius,
563 4173 697 4229 exin
723 4175 1109 4236 Hieronimus.

176 4259 261 4313 21.
296 4262 365 4315 A.
404 4261 474 4317 D.
537 4265 669 4318 331.
701 4266 1021 4323 Antiochia
1053 4268 1359 4327 ordinatur
1403 4271 1611 4331 Vitalis
1639 4275 1754 4347 epi.

124 4353 315 4432 fcopus
339 4347 410 4382 ⁶⁸⁰
434 4353 587 4423 20118,
610 4356 741 4423 post
757 4367 929 4424 quem
958 4355 1331 4428 Phylogonus
1359 4363 1508 4432 21“,
1541 4362 1751 4423 dehinc

118 4427 375 4522 Paulinus
405 4440 557 4510 2299,
582 4444 717 4510 post
748 4440 901 4499 hunc
955 4427 1263 4504 Eustanus
1313 4445 1380 4480 ⁶⁸¹
1419 4466 1435 4516 ;
1493 4427 1613 4522 quo
1675 4454 1749 4509 ob

989 321 1427 387 CHRONICA.
1473 359 1540 369 ——
1574 320 2053 388 CHRONICON
2096 326 2646 401 UNIVERSALE.

3413 346 3530 415 706

2328 469 2451 524 338.
2510 470 2737 530 Marcus
2795 490 2938 547 papa
2992 482 3119 535 3508
3166 482 3317 539 sedit
3376 499 3529 543 men-

1881 563 1978 605 ses
2009 552 2060 619 8,
2089 553 2495 627 requievitque
2526 561 2718 617 Nonas
2747 564 2981 621 Octohr.

1948 644 2035 696 29.
2071 644 2132 697 A.
2172 644 2229 698 Ι).
2266 648 2387 701 339.
2441 647 2631 706 Julius
2686 667 2834 723 papa
2885 659 3011 710 36‘"
3061 657 3209 713 sedit
3269 662 3528 718 annis16

1876 729 2019 785 obiit
2050 734 2084 786 2
2113 731 2247 787 Idus
2273 735 2459 805 April.
2585 741 2727 795 Anni
2762 742 2833 797 ab
2856 742 3032 800 inicio
3055 748 3220 801 4300.

1947 822 2032 873 30.
2070 821 2132 875 Α.
2184 823 2252 877 D.
2328 826 2449 880 340.
2507 827 2864 901 Constantia,
2908 848 3075 889 soror
3135 836 3521 909 Constantini,

1878 922 2025 963 uxor
2050 909 2271 981 Licinii,
2301 914 2575 985 moriens,
2605 918 2909 976 Arrianum
2926 924 3213 991 quendam
3239 927 3526 996 presbite-

1875 1011 2003 1052 rum
2030 998 2194 1053 fratri
2217 1003 2602 1059 commendat.
2641 1006 2852 1079 (Ηιειι.)
2897 1011 3314 1071 Constantinus
3339 1016 3518 1089 impe-

1876 1089 2037 1141 rator
2091 1086 2223 1143 dum
2250 1089 2463 1147 bellum
2488 1094 2727 1150 molitur
2774 1097 3080 1156 adversum
3126 1104 3357 1174 Persas,
3415 1086 3513 1176 qui

1874 1174 2343 1246 Mesopotamiam
2376 1181 2750 1254 infestabant,
2786 1188 3093 1255 egrediens
3122 1204 3153 1245 a
3188 1174 3522 1249 Constanti-

1874 1262 2091 1334 nopoli,
2112 1264 2277 1334 juxta
2304 1268 2690 1338 Nicomediam
2725 1275 2992 1331 moritur.

1874 1351 2020 1406 Anni
2082 1354 2425 1411 Constantii.

1947 1444 2107 1497 Anno
2136 1443 2437 1502 dominica
2468 1448 3026 1510 incarnationis341.
3059 1456 3232 1511 Urbis
3264 1459 3518 1517 condita

1876 1529 2184 1586 millesimo
2211 1536 2296 1588 92.
2335 1534 2729 1608 Constantius,
2766 1540 2920 1596 filius
2974 1544 3357 1618 Constantini,
3392 1552 3521 1603 35“

1877 1618 1949 1671 ab
1982 1620 2262 1689 Augusto,
2296 1620 2599 1694 imperium
2633 1628 2899 1701 adeptus,
2934 1636 3000 1685 23
3039 1634 3202 1690 annis
3234 1650 3363 1691 cum
3414 1638 3525 1693 fra-

1879 1705 2070 1762 tribus
2099 1708 2220 1764 suis
2245 1711 2624 1769 Constantino
2646 1720 2704 1770 et
2731 1718 3044 1776 Constante
3066 1725 3362 1791 regnavit.
3386 1726 3512 1781 Fuit

1788 1812 1845 1873 Β
1876 1794 2052 1850 etiam
2078 1796 2231 1851 inter
2260 1813 2635 1859 successores
2654 1805 3015 1862 Constantini
3061 1810 3398 1883 Dalmatius,
3458 1815 3521 1869 fl-

1878 1882 1992 1939 lius
2014 1885 2213 1942 fratris
2242 1889 2331 1943 sui
2362 1889 2837 1963 Dalmatii,quem
2869 1898 2994 1967 ipse
3025 1882 3517 1959 Constantinusin

1875 1975 2234 2031 consortium
2260 1978 2764 2051 regniadoptavit.
2788 1984 2852 2039 Ili
2885 1985 3095 2055 singuli
3113 1988 3371 2057 singulas
3392 2007 3521 2061 par-

1875 2066 1965 2118 tes
1993 2061 2062 2094 ⁶⁸²
2094 2066 2378 2134 regendas
2419 2069 2491 2124 ab
2525 2069 2648 2140 ipso
2707 2072 3086 2130 Constantino
3128 2085 3504 2151 acceperunt,

1877 2152 2291 2211 Constantinus
2322 2162 2531 2213 cuncta
2554 2161 2720 2214 trans
2754 2160 2943 2232 Alpes,
2963 2166 3246 2221 Constans
3291 2167 3515 2224 Italiam

1873 2243 1929 2295 et
1946 2240 2240 2298 Ylliricum
2265 2249 2324 2299 et
2350 2244 2618 2315 Africam,
2638 2248 3016 2307 Constantius
3035 2252 3224 2308 Asiam
3243 2258 3300 2309 et
3318 2256 3521 2311 Orien-

1877 2325 2356 2395 tem,-Dalmatius
2385 2330 2660 2399 Traeiam,
2689 2333 3073 2390 Macedoniam
3108 2343 3165 2390 ot
3200 2338 3499 2396 Achaiam.

1874 2413 2083 2470 Verum
2106 2415 2448 2489 Dalmatius,
2509 2421 2901 2497 prosperrima
2956 2423 3147 2479 indole
3194 2430 3253 2481 et
3297 2433 3508 2498 patruo

1873 2501 2015 2558 haut
2046 2502 2372 2575 dissimilis,
2414 2521 2524 2562 non
2552 2508 2931 2580 multOposta
2963 2512 3248 2571 militibus
3282 2517 3515 2574 occisus

1871 2594 1983 2659 est,
2018 2592 2354 2648 Constantio
2387 2596 2637 2664 patrueli
2663 2612 2769 2653 suo
2827 2600 3055 2655 sinente
3097 2603 3294 2672 potius
3341 2620 3510 2675 quam

1866 2679 2135 2749 jubente.
2175 2682 2311 2737 Post
2343 2683 2466 2740 hac
2499 2684 2652 2739 inter
2686 2688 3122 2745 Constantinum
3160 2694 3513 2749 etConstan-

1872 2769 1986 2822 tem
2019 2767 2311 2824 discordia
2343 2776 2542 2825 exorta
2574 2771 2642 2804 ⁰⁸³
2670 2778 2763 2828 est
2788 2777 3267 2845 propterltaliam
3284 2784 3345 2834 ct
3363 2782 3510 2835 Afri-

1869 2868 2016 2910 cam.
2041 2858 2668 2929 Constantinusitaque
2687 2861 2820 2917 dum
2840 2863 3048 2919 nititur
3081 2871 3280 2936 partes
3306 2868 3509 2925 fratris

1864 2944 2113 3014 junioris
2144 2945 2436 3015 invadere,
2471 2948 2684 3004 bellum
2720 2951 2893 3006 movit
2934 2956 3139 3007 contra
3197 2968 3348 3025 eum,
3408 2956 3510 3012 sed

1871 3032 2003 3089 dum
2031 3032 2418 3091 inconsultius
2448 3035 2599 3107 apud
2634 3038 2954 3107 Aquileiam
2984 3041 3245 3110 pralium
3279 3058 3511 3113 aggres-

1788 3166 1837 3227 Ο
1869 3137 1972 3178 sus
1999 3126 2112 3193 est,
2144 3138 2174 3178 a
2207 3124 2537 3181 Constantis
2568 3126 3333 3201 militibusintcrfcctusest,
3371 3135 3500 3189 etin

1869 3210 2104 3267 fluvium
2136 3211 2228 3268 cui
2262 3227 2463 3269 nomen
2496 3218 2582 3269 est
2617 3214 2747 3271 Alsa
2770 3231 2879 3271 non
2909 3216 3076 3286 longe
3116 3220 3187 3274 al)
3249 3221 3512 3290 Aquileia

1867 3303 1957 3355 est
1992 3299 2290 3370 projectus
2319 3319 2334 3367 ;
2361 3302 2562 3373 sicque
2586 3304 2821 3359 Romani
2872 3306 3501 3382 imperiiprincipatus,

1867 3388 2317 3445 occidentalium
2371 3391 2603 3461 quidem
2662 3394 2912 3463 partium
2970 3396 3040 3451 ad
3103 3398 3502 3470 Constantem,

1866 3476 2234 3534 orientalium
2258 3493 2398 3535 vero
2430 3481 2694 3550 pervenit
2735 3482 2805 3537 ad
2864 3484 3287 3542 Constantium.
3326 3488 3511 3557 igitur

1866 3565 2204 3622 Constantis
2228 3567 2531 3638 imperium
2556 3568 2891 3641 aliquandiu
2932 3577 3236 3630 strenuum
3282 3576 3391 3631 fuit
3445 3580 3503 3633 et

1858 3653 2100 3725 justum,
2137 3655 2346 3713 deinde
2380 3672 2510 3714 cum
2553 3658 2922 3729 pravioribus
2966 3665 3235 3719 uteretur
3278 3664 3499 3736 amicis,

1864 3742 2252 3801 intolerabilis
2285 3745 2739 3816 provincialibus
2769 3753 2829 3802 et
2861 3747 3145 3806 militibus
3189 3751 3376 3807 factus
3406 3757 3502 3809 est

1862 3831 2237 3902 injocundus.
2268 3835 2429 3891 Unde
2451 3835 2585 3892 dum
2618 3835 2772 3891 circa
2794 3835 3008 3893 Gallias
3062 3839 3310 3895 venandi
3343 3842 3505 3913 cupi-

1862 3920 2045 3977 ditate
2074 3936 2179 3993 per
2210 3922 2389 3979 silvas
2430 3927 2490 3980 et
2512 3923 2701 3981 saltus
2715 3929 2963 3995 erraret,
2988 3930 3230 3983 auctore
3244 3928 3511 3998 Magnen-

1860 4011 1945 4067 tio
1985 4011 2232 4081 quodam
2258 4011 2420 4081 regni
2451 4013 2643 4081 avido,
2677 4028 2708 4068 a
2766 4012 3058 4070 militibus
3102 4015 3334 4072 occisus
3391 4022 3502 4090 est,

1862 4110 2011 4153 anno
2041 4096 2233 4152 atatis
2261 4094 2329 4128 ⁸⁸⁸
2360 4099 2476 4166 30°,
2510 4096 2845 4168 imperii17°
2871 4098 3099 4169 ,~tribus
3113 4104 3306 4157 autem
3320 4115 3508 4159 casar

1862 4184 1997 4242 fuit.
2038 4183 2210 4253 (Ann.
2245 4186 2829 4259 Vrcrorc.42.)Cujus
2863 4201 3101 4257 regnum
3143 4190 3509 4260 Magnentius

1863 4273 2095 4345 invasit,
2122 4279 2183 4330 et
2212 4275 3061 4347 Decentiumconsanguineum
3113 4293 3299 4350 suum,
3358 4280 3503 4351 sive,

1862 4367 1927 4420 ut
1951 4362 2305 4434 quidam(H.
2334 4366 2440 4437 φη.)
2472 4364 2697 4435 volunt,
2726 4367 2963 4423 fratrem
3018 4383 3184 4425 suum
3230 4384 3507 4427 casarem

1865 4444 2028 4509 fecit.
2070 4452 2445 4511 Constantius
2492 4468 2632 4511 vero
2675 4454 2920 4526 Gallum,
2963 4455 3286 4527 patruelem
3315 4472 3504 4530 suum,

122 4515 273 4578 fidem
298 4524 558 4599 exiliato,
595 4536 1009 4589 successerunt
1041 4532 1287 4593 heretici
1327 4515 1589 4613 episcopi
1647 4556 1749 4599 nu-
1777 4521 1832 4582 D
1863 4555 2138 4599 casarem
2168 4542 2324 4613 fecit,
2351 4556 2675 4613 nomenque
2706 4557 2874 4599 suum
2898 4542 2949 4599 ei
3003 4543 3324 4615 imponens,
3373 4559 3506 4602 eum

120 4618 263 4666 mero
295 4616 385 4670 11.

176 4699 261 4754 23.
408 4704 481 4760 D.
545 4709 678 4762 333.
739 4709 1030 4768 Iuvencus
1082 4714 1376 4784 presbiter
1438 4718 1747 4792 Hyspanus

118 4790 395 4859 evangelia
428 4794 703 4851 versibus
731 4799 1091 4870 composuit.

171 4877 451 4946 24.(01ιν.
502 4883 607 4954 W.)
646 4886 717 4940 A.
782 4887 855 4943 D.
887 4891 1018 4943 334.
1075 4891 1490 4951 Constantinus
1547 4897 1745 4954 Bizan-

118 4959 242 5020 tium
258 4969 461 5024 urbem
497 4973 788 5043 reparavit
821 4980 881 5031 et
903 4990 978 5032 ex
1008 4979 1238 5036 nomine
1281 4997 1389 5040 suo
1417 4984 1744 5043 Constanti-

1861 4630 1917 4687 in
1933 4629 2295 4687 Antiochiam
2327 4631 2507 4702 Syria
2539 4630 2721 4700 misit,
2748 4635 2812 4687 ut
2858 4630 2937 4685 ibi
2986 4630 3275 4698 habitans,
3308 4636 3509 4701 partes

1860 4718 1993 4775 illas
2025 4719 2372 4777 custodiret.
2411 4720 2590 4785 Quem
2623 4723 2814 4774 tamen
2840 4721 3039 4789 postea
3064 4718 3241 4788 jussit
3292 4720 3501 4777 occidi.

1858 4810 1997 4866 Post
2035 4809 2159 4865 hac
2220 4807 2592 4865 Constantius
2622 4806 2947 4876 Magnentio
3003 4805 3219 4864 bellum
3274 4807 3499 4881 intulit,

1858 4898 2125 4968 factaque
2183 4895 2611 4967 congressione,
2674 4894 3037 4965 Magnentius
3122 4894 3285 4951 solus
3344 4896 3496 4967 fugit

1855 4986 2218 5058 Lugdunum,
2243 4985 2443 5057 ibique
2498 4986 2820 5057 coartatus,
2880 4982 3137 5054 gladium
3178 4982 3411 5041 occulte
3473 5002 3505 5044 a

111 5052 347 5147 nopolim
382 5059 637 5117 vocavit.
671 5062 1027 5125 Athanasius
1055 5068 1744 5135 Alexandriaordinatur
1855 5052 2021 5150 parte
2048 5052 2293 5149 parietis
2312 5052 2562 5149 accepit,
2621 5052 2822 5146 sicque
2880 5052 3185 5147 perfossus
3244 5072 3491 5148 interiit,

106 5137 403 5216 episcopus
438 5150 505 5205 19
533 5157 616 5206 ιιε.

1854 5154 2003 5225 anno
2024 5166 2221 5225 atatis
2278 5180 2461 5239 prope
2511 5163 3014 5238 quinquagesimo,
3072 5162 3300 5236 imperii
3335 5179 3507 5236 quar-

1457 5388 1692 5446 VARIAE
1733 5387 2134 5447 LECTIONES.

170 5525 233 5563 ⁸⁷⁷
262 5534 628 5597 commiserat
659 5546 716 5599 5.

110 5594 172 5631 ⁸³⁰
197 5601 353 5663 deest
384 5611 476 5667 10.
518 5594 624 5667 11.
664 5594 761 5648 ’ἀει
788 5629 847 5672 e.
883 5594 1141 5677 ἓξ)ὶῖιῦιῆ
1163 5594 1424 5689 ῥίἷδνὲΐ.

818 5544 888 5579 ⁸⁷⁸
912 5545 1007 5604 ita
1036 5548 1141 5605 E1.
1180 5550 1415 5609 adesset
1444 5556 1501 5610 4.
1561 5555 1621 5613 id
1652 5559 1945 5616 ontineret
1982 5562 2071 5616 19.
2139 5561 2228 5614 11.
2266 5555 2431 5615 deost
2483 5552 2626 5613 rell.

1561 5572 1621 5613 ια
1652 5572 1945 5630 optineret
1982 5572 2071 5616 10.
2139 5572 2228 5614 11.
2266 5572 2431 5615 αθσπ
2483 5572 2615 5613 rm.

1519 5623 1588 5661 ⁶⁸¹
1617 5644 1678 5700 p.
1726 5629 1921 5699 regni.
1960 5645 2014 5685 r.
2053 5632 2111 5685 δ.
2198 5625 2267 5662 ⁸⁸³
2298 5642 2355 5684 a.
2395 5640 2500 5686 sue
2529 5630 2615 5685 9°.

2739 5554 2809 5590 "'9
2834 5556 3240 5617 Jherosolimis
3272 5556 3395 5614 inv.
3434 5564 3494 5616 δ.
