3898 6352
407 365 520 435 7οἻ

1574 354 2058 426 EKKEHARDI
2101 353 2659 428 URAUGIENSIS

3659 375 3751 444 708

405 509 468 562 to
497 503 592 562 ⁸⁸³.
635 505 809 576 Cujus
836 509 1045 572 morte,
1071 501 1293 575 audita,
1354 499 1666 556 Deccntins
1723 497 1930 570 laqueo
1972 497 2050 554 fa-
2080 498 2134 558 A
2167 512 2383 570 scopus
2405 504 2462 556 et
2481 499 2774 557 Dionisius
2795 498 3327 561 Mcdiolanensiset
3349 503 3562 565 Lucifer
3581 510 3752 585 curali-

407 595 526 652 scia
541 595 866 666 composito
883 594 1057 650 vitam
1075 591 1286 648 finivit.
1313 593 1456 646 Acta
1481 589 1755 646 sunthaec
1770 603 1917 644 anno
1950 587 2051 642 im-

413 685 559 756 perii
576 683 898 740 Constantii
941 687 1124 738 sexto.
1158 683 1236 736 Eo
1260 684 1522 751 tempore
1537 680 1794 734 Romano
1810 676 2052 747 imperio

411 772 828 828 Constantinus
853 771 1016 827 solus
1029 771 1305 842 princeps
1319 773 1376 823 et
1394 771 1682 838 angustus
1701 765 1937 838 prefuit,
1964 764 2054 819 vir

412 861 663 930 egregia}
679 857 1390 930 tranquillitatis,nimium
1408 855 1792 912 familiaribus
1807 853 2054 910 credens

412 956 470 1006 et
504 949 706 1006 amicis
737 965 750 1013 ;
785 963 1029 1005 uxorum
1054 945 1487 1004 amorideditus
1515 948 1665 1010 erat,
1699 945 2055 1014 quibuscon-

411 1043 631 1108 tentus,
666 1035 1186 1093 nullatransversa
1218 1035 1460 1091 libidine
1483 1037 1580 1090 aut
1607 1033 1820 1104 injusta
1860 1046 1920 1088 se
1936 1029 2058 1102 pol-

413 1127 640 1183 luebat.
683 1128 764 1182 Ex
787 1125 1056 1182 omnibus
1083 1129 1277 1181 tamen
1303 1123 1602 1193 uxoribus,
1665 1135 1810 1192 quas
1859 1120 2058 1192 plures

415 1215 689 1286 habebat,
721 1215 1029 1272 Eusebiam
1065 1215 1343 1286 precipue
1363 1211 1674 1282 diligebat;
1699 1208 2054 1278 cujusetiam

412 1319 590 1361 suasu
611 1303 926 1374 Julianum,
962 1304 1199 1358 fratrem
1235 1301 1400 1372 Galli,
1447 1313 1722 1357 caesarcm
1755 1295 2056 1366 faciens,in

413 1393 770 1450 consortium
806 1391 1341 1461 regniassumebat.
1366 1390 1609 1458 (Cf.Rur
1629 1387 1796 1445 Hist.
1831 1387 1966 1444 eccl.
2000 1401 2054 1456 χ,

419 1484 542 1553 15.)
571 1484 709 1537 Post
729 1481 872 1551 haac,
901 1479 1142 1550 antiquo
1176 1479 1342 1536 hoste
1376 1477 1502 1549 paci
1526 1475 1808 1534 aecclesiae
1824 1489 2060 1546 semper

415 1571 732 1640 invidente,
794 1568 998 1626 Arrius
1055 1567 1262 1638 suique
1319 1581 1600 1637 sequaces
1649 1563 2062 1621 familiaritatis

417 1660 605 1716 locum
637 1657 790 1730 apud
823 1658 1230 1714 Constantium
1261 1659 1632 1727 acceperunt,
1681 1654 1778 1725 qui
1819 1668 1950 1710 eum
2004 1653 2059 1708 in

417 1747 639 1804 erroris
696 1746 786 1803 sui
843 1745 1203 1803 consortium
1287 1744 1749 1801 declinaverunt.
1823 1743 2059 1812 (Βευλ.)

419 1836 580 1892 Unde
610 1834 878 1906 impietas
905 1833 1168 1903 Arriana,
1205 1832 1524 1890 Constantii
1581 1831 1722 1888 fulta
1781 1831 2058 1902 presidio,
2088 1855 2147 1918 B

432 1923 627 1980 exiliis
659 1923 998 1980 carceribus
1010 1927 1066 1978 et
1081 1921 1644 1978 variisafllictionum
1677 1919 1862 1975 modis
1877 1919 2062 1991 primo

417 2010 1264 2082 Athanasium,deindeomncs
1295 2025 1408 2066 non
1453 2025 1574 2066 sua:
1609 2009 1796 2081 partis
1839 2008 2066 2078 episco-

418 2115 528 2172 pos
558 2105 867 2172 pcrsecuta
900 2103 1018 2156 est.
1060 2099 1166 2168 (Η.
1201 2101 1306 2171 m.)
1323 2099 1700 2155 Constantius
1758 2112 1894 2154 vero
1917 2097 2068 2152 inter

423 2189 547 2246 haec
581 2187 794 2245 bellum
819 2187 1553 2258 Parthispreparans,cum
1612 2186 1875 2243 audisset
1894 2183 2070 2242 Julia-

423 2291 558 2333 num
589 2277 662 2332 ad
720 2275 1028 2347 imperium
1079 2275 1322 2344 inhiare,
1373 2275 1642 2332 Parthica
1693 2273 2068 2345 expeditione

427 2365 654 2434 relicta,
683 2363 887 2434 rediit,
912 2367 972 2419 et
1003 2363 1156 2418 inter
1187 2363 1444 2419 Ciliciam
1476 2369 1532 2419 et
1592 2363 1969 2434 Capadociam
1996 2364 2072 2418 fc-

431 2452 520 2509 bri
550 2452 854 2522 acerrima,
887 2451 1398 2522 quamindignatio
1428 2453 1702 2522 augebat,
1737 2451 2070 2520 obiit,anno

431 2541 630 2598 aetatis
662 2543 777 2612 65°,
812 2539 1038 2612 imperii
1059 2543 1182 2595 23°.

497 2634 546 2685 1.
579 2630 792 2700 (Ηιειι.)
825 2629 1018 2684 Primo
1051 2628 1375 2686 Constantii
1408 2644 1558 2685 anno
1579 2630 1832 2686 Jacobus
1864 2629 2071 2685 Nisibi-

430 2733 538 2775 nus
568 2717 880 2789 episcopus
901 2717 1262 2787 agnoscitur,
1287 2718 1456 2789 cujus
1480 2719 1754 2790 precibus
1771 2733 1906 2788 sepe
1932 2721 2070 2774 urbs

431 2805 773 2864 discrimine
802 2805 1049 2861 liberata
1079 2809 1186 2862 est.

494 2899 544 2950 3.
574 2895 741 2964 (0hr.
777 2894 882 2964 W.)
906 2896 968 2950 A.
995 2895 1055 2949 Ι).
1079 2894 1655 2964 343.,Constantinus
1669 2895 1836 2950 fratri
1858 2893 2070 2952 bellum

431 2983 709 3053 inferens,
741 2982 1030 3038 occiditur
1055 2981 1217 3051 juxta
1253 2982 1602 3053 Aquileiam.
2060 2971 2065 2976 ’

497 3076 556 3128 5.
602 3073 676 3128 A.
715 3073 786 3126 Ι).
825 3073 948 3126 345.
980 3069 1320 3126 Maximinus
1349 3072 1730 3126 Treverorum
1765 3071 2075 3142 episcopus

422 3159 621 3216 clarus
654 3161 939 3221 habetur;
970 3173 1000 3213 a
1033 3173 1147 3228 quo
1179 3156 1534 3214 Athanasius
1562 3157 1925 3215 Alexandria)
1957 3159 2076 3230 epi-

429 3262 667 3320 scopus,
700 3261 731 3303 a
756 3247 1072 3303 Constante
1093 3245 1392 3316 profugus,
1418 3245 1737 3304 honoriﬁce
1761 3215 2075 3320 suscept‘us
2108 3215 2156 3274 Ο

493 3340 537 3391 ι.

493 3350 537 3391 ι.

425 3350 556 3480 Θε9.
589 3425 660 3479 A.
681 3423 753 3478 D.
783 3425 914 3477 349.
937 3421 1292 3479 Athanasius
1315 3422 1714 3494 episcopusad
1741 3424 2076 3482 Constantis

429 3512 665 3568 litteras
695 3525 1008 3581 regressus
1035 3514 1126 3566 est
1159 3509 1593 3568 Alexandriam.

501 3621 596 3676 13.
628 3619 700 3674 Α.
730 3619 802 3672 D.
832 3619 962 3672 353.
993 3619 1274 3674 Constans
1305 3617 1441 3675 haut
1477 3618 1648 3690 longe
1681 3621 1751 3676 ab
1784 3621 2073 3692 Hyspauia

433 3707 808 3777 interficitur,
839 3721 988 3764 anno
1017 3707 1214 3764 aetatis
1243 3711 1367 3764 30°.

509 3818 598 3872 14.
625 3813 928 3887 (Ηιειι.)Α.
948 3816 1018 3872 D.
1037 3817 1168 3873 354.
1191 3814 1407 3888 Gallus,
1425 3817 1745 3874 Constantii
1763 3817 2072 3890 patruelis,

428 3917 612 3962 caesar
649 3904 838 3961 factus
869 3908 983 3962 est.

505 4015 595 4066 15.
618 4012 692 4066 A.
713 4011 784 4066 D.
808 4014 937 4066 355.
968 4009 1232 4067 Liberius
1255 4025 1402 4082 papa
1424 4014 1552 4066 37°15
1577 4011 1908 4069 ordinatur.
1949 4012 2073 4079 Quo

431 4100 504 4157 ab
535 4099 814 4156 hereticis
843 4098 918 4155 ob
968 4099 1137 4156 fidem
1169 4099 1227 4156 in
1283 4098 1522 4158 exilium
1571 4106 1758 4173 truso,
1794 4101 2074 4159 diaconus

427 4188 555 4260 ejus
570 4187 730 4243 Felix
742 4190 868 4242 38“
887 4186 945 4242 in
960 4187 1356 4245 sacerdotium
1371 4189 1776 4247 substituitur.
1793 4189 1901 4256 Qui
1923 4190 2072 4264 (222)

426 4290 559 4333 cum
586 4275 995 4332 Constantium
1021 4275 1358 4333 devinceret
1380 4291 1510 4334 esse
1529 4277 1874 4350 hcreticum,
1899 4279 1972 4335 ab
2003 4293 2071 4336 eo

425 4369 559 4438 post
580 4377 791 4420 annum
809 4362 1074 4434 dejectus
1092 4369 1205 4437 est,
1219 4368 1276 4422 et
1297 4369 1358 4422 ut
1384 4365 1614 4438 quidam
1641 4365 1831 4438 (Βεοιιε
1849 4367 2072 4441 Mart.)

430 4453 652 4524 dicunt,
685 4451 880 4525 capite
908 4456 1222 4512 truncatus
1253 4457 1368 4525 est,
1398 4457 1432 4510 4
1460 4453 1591 4511 Kal.
1630 4458 1780 4526 Aug.
1811 4456 2076 4516 Liberius

2167 592 2342 644 tanus
2371 587 2713 646 exiliantur.

2240 681 2330 732 19.
2374 679 2444 732 Α.
2485 679 2554 734 D.
2595 682 2724 734 359.
2779 679 3068 737 Antonius
3100 681 3278 740 abbas
3337 684 3591 754 migravit
3636 705 3748 751 anno

2165 765 2358 820 aetatis
2392 769 2544 822 105°.
3389 830 3411 842 ,

2239 857 2334 908 20.
2373 853 2547 923 (0hr.
2597 855 2716 928 W.)
2757 858 2830 912 A.
2859 858 2928 913 D.
2959 860 3088 914 360.
3121 859 3270 916 Ossa
3293 861 3528 920 Andreae
3553 869 3751 937 apostoli

2165 949 2222 998 ct
2247 943 2412 1000 Luca}
2431 943 2810 1014 evangelista
2833 949 2891 1001 et
2912 946 3233 1004 Thimothei
3252 950 3751 1027 Constantinopolim

2166 1031 2342 1087 allata
2372 1036 2537 1090 sunt.

2237 1125 2331 1177 21.
2355 1120 2580 1194 (Ηιεκ.)
2605 1124 2676 1178 Α.
2706 1123 2777 1177 Ι).
2817 1127 2946 1179 361.
2981 1125 3258 1184 Paulinus
3285 1128 3641 1186 Treverorum
3663 1134 3754 1204 epi-

2167 1223 2382 1280 scopus
2414 1209 2468 1264 in
2491 1209 2667 1266 exilio
2699 1211 2866 1268 obiit.
2901 1211 3173 1282 Hylarius
3195 1214 3757 1290 Pictaviensisepisco—

2171 1313 2278 1369 pus
2306 1298 2684 1356 Arrianorum
2735 1299 3020 1358 instinctu
3051 1316 3080 1358 a
3112 1304 3448 1361 Constantio
3477 1306 3528 1360 in
3558 1307 3756 1377 Frigiam

2173 1385 2454 1444 cxiliatus
2469 1401 2600 1444 cum
2622 1387 2880 1445 Dionisio
2892 1390 3311 1450 Mcdiolanensi
3332 1395 3390 1450 et
3413 1394 3639 1453 Eusebio
3655 1395 3758 1453 Ver-

2169 1474 2434 1544 cellensi,
2475 1480 2685 1546 quarto
2741 1477 2902 1534 exilii
2935 1493 3106 1552 anno,
3140 1495 3273 1538 cum
3331 1480 3535 1539 librum
3563 1484 3626 1540 de
3672 1485 3756 1541 ﬁde

2173 1564 2512 1622 Constantio
2541 1567 2928 1639 porrexisset,
2952 1567 3146 1626 redire
3177 1570 3496 1642 permissus
3522 1576 3621 1630 est.

2241 1658 2336 1709 23.
2374 1656 2446 1710 A.
2503 1657 2630 1711 363.
2700 1656 3078 1716 Constantius
3133 1659 3403 1733 moritur,
3450 1675 3587 1720 anno
3610 1662 3756 1722 aetatis

2173 1757 2294 1799 suae
2325 1745 2439 1798 450.

2181 1831 2322 1886 Anni
2350 1831 2562 1888 Jnliani
2595 1837 2908 1904 apostatze.

2252 1920 2360 1989 (H.
2389 1922 2685 1991 m.)Anno
2708 1921 3010 1979 dominicae
3048 1922 3468 1982 incarnationis
3495 1927 3607 1982 364.
3633 1925 3758 1981 Urbis

2181 2008 2432 2065 conditae
2455 2008 2899 2066 millesimo115.
2917 2009 3194 2069 Claudius
3215 2011 3591 2083 Julianusjam
3603 2028 3756 2081 caesar,

2181 2099 2308 2152 36us
2329 2099 2400 2153 ab
2424 2099 2710 2169 Augusto,
2759 2099 3064 2170 imperium
3103 2101 3362 2172 accepit,
3385 2106 3444 2158 et
3464 2116 3626 2158 annos
3652 2100 3760 2158 duos

2181 2189 2239 2240 et
2271 2191 2404 2241 octo
2436 2199 2663 2242 menses
2694 2187 2981 2256 regnavit.
3015 2189 3094 2243 De
3123 2189 3296 2260 cujus
3323 2203 3530 2260 genere
3551 2205 3609 2247 ac
3633 2189 3762 2246 disci-

2186 2273 2338 2346 plina
2364 2279 2420 2330 et
2447 2273 2738 2344 quomodo
2770 2277 3198 2346 apostataverit
3217 2277 3314 2335 vel
3365 2278 3601 2348 qualiter
3617 2277 3675 2334 ad
3699 2291 3761 2332 re-

2181 2377 2356 2434 gnum
2383 2363 2733 2434 pervenerit,
2763 2378 2944 2435 pauca
2969 2363 3215 2421 dicenda
3237 2370 3393 2424 sunt.
3412 2364 3760 2423 Constantinus

2183 2453 2443 2522 Magnus,
2470 2451 2566 2522 qui
2593 2451 3151 2526 Constantinopolim
3175 2455 3338 2525 fecit,
3364 2453 3508 2514 duos
3527 2469 3592 2511 ex
3607 2452 3760 2510 eodem

2185 2545 2351 2612 patre
2382 2539 2484 2596 sed
2519 2555 2631 2596 non
2684 2555 2756 2596 ex
2786 2541 2988 2598 eadem
3022 2545 3207 2598 matre
3241 2542 3442 2600 habuit
3494 2553 3758 2613 germanos,

2184 2629 2588 2686 Constantium
2605 2627 2674 2661 ⁸⁸⁸
2694 2634 2749 2685 et
2773 2629 3156 2697 Dalmatium;
3185 2646 3435 2702 quorum
3463 2630 3638 2688 senior
3661 2630 3761 2685 Con-

2182 2719 2438 2774 stantius
2469 2717 2618 2774 duos
2645 2718 2848 2775 habuit
2899 2723 3090 2788 natos,
3124 2719 3354 2777 Gallum
3408 2723 3466 2776 et
3491 2717 3758 2780 Julianum;

2181 2807 2504 2864 Dalmatius
2533 2821 2674 2864 vero
2705 2807 3073 2878 Dalmatium,
3106 2821 3280 2879 quem
3310 2807 3762 2875 Constantinus,ut

2185 2896 2512 2968 predictum
2531 2900 2644 2966 est,
2667 2895 2938 2953 heredem
2956 2895 3118 2966 regni
3132 2911 3266 2954 cum
3281 2895 3417 2954 filiis
3431 2896 3546 2954 suis
3561 2891 3759 2964 reliquit.

2185 2985 2362 3050 Quem
2393 2999 2521 3041 cum
2557 2988 2685 3055 post
2717 2989 2961 3041 mortem
3011 2985 3381 3041 Constantini
3412 2985 3610 3041 milites
3646 2993 3762 3054 pere-

2187 3073 2453 3140 missent,
2495 3071 2693 3129 Gallus
2723 3087 2956 3144 quoque
3004 3078 3064 3129 et
3110 3072 3178 3106 ⁸⁸⁷
3207 3073 3470 3132 Julianus
3498 3086 3626 3145 pene
3669 3082 3760 3125 cum

2187 3160 2471 3218 Dalmatio
2515 3161 2839 3232 periculum
2867 3161 3074 3218 mortis
3103 3163 3526 3231 sustinuerant,
3555 3159 3649 3216 nisi
3675 3155 3763 3212 Gal-

2189 3249 2304 3306 lum
2331 3249 2562 3320 quidem
2593 3249 2902 3321 aegritudo,
2935 3265 3062 3320 quae
3107 3249 3466 3308 inevitabilis
3493 3248 3762 3320 putabatur,

2189 3338 2522 3408 liberasset,
2543 3337 2834 3396 Iulianum
2856 3352 2998 3396 vero
3019 3342 3164 3396 aetas
3184 3337 3495 3406 infantilis;
3525 3341 3634 3394 erat
3655 3332 3765 3390 enim

2189 3440 2472 3483 annorum
2503 3429 2665 3483 octo.
2713 3427 2970 3498 Cumque
3000 3427 3072 3483 ab
3103 3427 3189 3484 eis
3225 3427 3389 3484 furor
3417 3422 3762 3498 imperatorum

2189 3514 2560 3585 quicvisset,‘
2589 3513 2788 3572 Gallus
2817 3515 2971 3571 circa
3005 3515 3298 3586 Ephesum
3357 3513 3504 3586 apud
3554 3512 3767 3569 doctores

2189 3607 2338 3675 erat,
2366 3603 2463 3660 ubi
2487 3603 2664 3660 etiam
2687 3618 2716 3659 a
2744 3603 3220 3675 progenitoribus
3241 3603 3629 3676 possessiones
3642 3597 3768 3654 habe-

2188 3692 2308 3748 bat.
2331 3693 2517 3749 Porro
2536 3690 2802 3750 Julianus
2821 3706 3099 3750 crescens
3129 3691 3187 3748 in
3220 3691 3523 3750 auditoriis
3551 3689 3768 3747 Constan-

2185 3781 2591 3853 tinopolitanae
2641 3781 2824 3852 urbis,
2891 3781 3286 3840 exercebatur
3329 3781 3386 3838 in
3444 3777 3675 3846 basilica,
3698 3771 3766 3830 ubi

2187 3869 2461 3927 doctores
2491 3874 2680 3941 erant,
2710 3869 2918 3928 habitu
2939 3870 3169 3942 privato
3191 3870 3534 3942 procedens,
3551 3861 3767 3922 habebat-

2188 3974 2300 4031 que
2331 3957 2712 4031 paadagogum
2773 3959 3126 4030 eunuchum,
3169 3960 3403 4018 nomine
3456 3950 3762 4016 Mardonium,

2187 4053 2595 4122 preceptorem
2645 4051 3088 4118 grammaticum
3115 4047 3484 4106 Nicomedem
3541 4044 3766 4100 Laconen-

2185 4152 2327 4208 sem,
2362 4137 2712 4194 rethoricam
2763 4151 2904 4195 vero
2936 4136 3164 4207 legebat
3198 4137 3355 4210 apud
3403 4131 3660 4192 Euboium
3701 4140 3764 4182 so-

2185 4225 2458 4300 pbistam,
2510 4225 2852 4294 magistrum
2880 4223 3078 4282 Basilii
3111 4230 3316 4298 postea
3346 4220 3617 4296 episcopi.
3666 4213 3760 4270 Erat

2185 4318 2380 4373 autem
2427 4312 2692 4372 Julianus
2723 4314 2794 4371 ab
2841 4313 3016 4372 inicio
3062 4313 3447 4372 christianus.
3487 4313 3701 4378 Cumque
3722 4300 3760 4354 in

2185 4403 2436 4461 lectione
2468 4402 2802 4475 proficeret,
2835 4405 2894 4460 et
2925 4402 3072 4460 fama
3100 4416 3207 4476 per
3230 4401 3503 4476 populum
3529 4391 3757 4454 volitaret,

2187 4492 2343 4565 quod
2365 4492 2542 4550 etiam
2561 4490 2853 4564 publicam
2871 4505 2996 4550 rem
3015 4491 3348 4563 gubernare
3379 4491 3582 4564 posset,
3609 4482 3762 4540 aestua-

669 4539 682 4551 .
715 4540 748 4552 ..
997 4542 1008 4553 .
1374 4541 1386 4553 .
1629 4543 1640 4554 .
1721 4544 1732 4554 .
2232 4539 2343 4550 ---
2366 4539 2542 4550 --._...
2561 4539 2853 4564 μνη---
2871 4539 2996 4550 --_
3015 4539 3301 4563 νη---
3318 4539 3348 4548 -
3616 4539 3625 4540 κ

428 4539 1782 4654 3350331.?{$33931}???.sulfff'psf.’
1816 4545 2077 4654 Β⁰¹ἷ¹ἒῗ¹⁶
2101 4570 2158 4632 D
2190 4539 2383 4639 z101m
2413 4579 2995 4654 induxitimperatori
3025 4539 3412 4638 Constantior
3445 4571 3760 4646 Quamobrem

426 4645 541 4702 que
573 4629 737 4702 quasi
786 4630 977 4690 victor
1035 4629 1278 4688 intravit
1335 4629 1440 4701 (cf.
1500 4631 1648 4690 C’lar.
1698 4632 1785 4691 W.
1822 4665 1893 4677 —
1923 4637 2066 4693 Rur.

430 4733 486 4792 χ,
518 4721 674 4791 23.).

2189 4670 2552 4728 amoviteum
2584 4670 2730 4728 urbe
2769 4669 2930 4740 regia
2971 4669 3246 4741 misitque
3267 4665 3648 4730 Nicomediam,
3669 4665 3762 4728 μιθ-

2187 4760 2416 4832 cipiens
2443 4759 2518 4831 ei,
2551 4773 2624 4816 ne
2679 4758 3016 4817 conveniret
3048 4758 3346 4816 Libanium
3387 4753 3670 4828 suphistam
3693 4743 3762 4810 Si"

501 4830 561 4884 6.
601 4825 779 4921 (0hr.
855 4825 945 4884 W.
1096 4826 1194 4921 D._
1209 4829 1338 4884 356.
1381 4827 1751 4921 _Victorin_us
1791 4831 1995 4888 rethor
2019 4836 2079 4890 et
2190 4825 2340 4920 ι-ιίω,
2394 4825 2560 4921 quasi
2610 4863 2714 4920 ριοο
2734 4863 2803 4905 eo
2826 4846 2980 4918 quod
3003 4861 3264 4920 paganus
3291 4825 3477 4911 esset}
3507 4839 3594 4898 ille
3621 4841 3759 4921 tamen

428 4914 692 4974 Donatus
721 4915 1139 4986 grammaticus
1160 4916 1354 4974 Romae
1377 4915 1641 4988 insignes
1661 4918 1968 4978 habentur.

502 5025 593 5079 17.
635 5024 710 5080 A.
747 5022 822 5080 D.
862 5025 992 5080 357.
1027 5021 1296 5080 Julianus
1325 5037 1357 5080 a
1387 5024 1729 5084 Constantio
1757 5041 1944 5086 caesar
1966 5030 2082 5088 elli-

426 5108 608 5169 citur.

497 5203 590 5256 18.
623 5200 849 5272 (HIER.)
871 5201 946 5260 A.
973 5201 1047 5260 D.
1076 5203 1209 5262 358.
1229 5201 1523 5300 Eusebius
1541 5203 1930 5267 Vercellensis
1959 5210 2083 5284 epi-

2191 4918 2476 4997 libroru‘m
2507 4918 2634 5008 ejus
2666 4918 3017 4995 lectionibus
3047 4937 3353 4994 utebatur.
3383 4935 3616 5001 Cumque
3639 4918 3760 5015 ρξοίξ·

2191 5035 2353 5088 ceret
2382 5028 2440 5084 in
2481 5025 2796 5098 rethorica,
2827 5024 3172 5098 supervenit
3207 5020 3593 5082 Nicomediam
3638 5012 3762 5106 iisti-

2185 5135 2316 5181 mus
2330 5115 2748 5191 phylosophus,
2766 5096 2880 5172 non
2900 5096 2999 5170 ille
3013 5113 3336 5184 Bizantius,
3362 5115 3522 5186 pater
3541 5096 3758 5198 Euclide,

2191 5209 2296 5269 sed
2345 5205 2649 5280 Ephesius,
2711 5217 2882 5279 quem
2913 5207 3115 5279 postea
3146 5201 3312 5276 quasi
3366 5203 3521 5258 artes
3567 5195 3760 5264 magicas

1782 5333 2022 5393 VARLE
2079 5333 2483 5397 LECTIONES.

492 5434 562 5472 ⁸⁸⁸
591 5438 693 5496 ΙΙῙο
722 5437 830 5496 E1.

513 5657 664 5731 (222)
691 5657 834 5716 Haec
861 5619 1058 5716 nescio
1083 5659 1262 5718 unde.

917 5437 988 5473 °°°
1020 5441 1421 5502 Constantium
1452 5477 1522 5489 —
1555 5451 1728 5506 natos
1755 5447 1974 5510 desunt
1999 5452 2104 5511 E1.

2193 5451 2264 5486 ⁸⁸⁷
2293 5450 2456 5512 deest
2482 5451 2588 5510 E1.

2009 5575 2232 5634 NOTIE.
