3898 6330
44 407 153 467 718

916 401 1353 464 CHRONICA.
1394 436 1468 446 —-—
1501 399 1973 464 CHRONICUN
2020 401 2573 465 UNlVERSALE.

3327 414 3443 477 714

46 552 163 597 nem
181 536 335 610 apud
358 535 578 593 milites
599 534 1000 593 Valentiniano
1023 535 1319 592 resistenti
1339 534 1409 569 τίο
1426 534 1684 592 oblatum
1721 539 1769 595 Α
1801 535 1904 592 Val
1930 534 2240 594 ~ntinia'1us
2286 536 2572 595 Justinam
2612 537 2825 597 ducere
2864 545 3128 602 tractans
3175 559 3439 630 uxorem,

46 636 133 686 est
164 628 495 697 imperium.
530 626 786 692 Quicum
813 625 1169 681 sanuliano
1199 630 1466 695 apostata
1499 630 1693 681 scuta-

50 718 258 773 riorum
302 716 579 771 tribunus
618 720 776 769 (εδει
811 720 868 769 et
904 714 1184 784 integram
1223 715 1387 769 Iidem
1424 715 1688 782 haberet,

52 814 102 861 et
131 804 396 860 Julianus
429 804 675 874 quadam
701 803 792 858 die
819 803 1093 873 templum
1131 804 1394 859 Fortuna)
1430 802 1693 871 ingrede-

55 899 226 963 retur,
261 892 518 947 ministri
555 891 771 961 templi,
806 905 877 945 ex
911 897 1155 961 utraque
1194 899 1355 961 parte
1382 890 1689 959 januarum

55 986 280 1050 stantes,
307 980 652 1051 aspersione
672 995 858 1049 aquae,
879 980 1026 1036 sicu‘.
1053 980 1160 1051 ipsi
1185 979 1475 1049 dicebant,
1507 981 1691 1048 ingre-

54 1071 269 1126 dientes
314 1071 668 1141 purgabant.
707 1071 859 1124 Tunc
896 1067 1334 1124 Valentinianus
1371 1068 1690 1139 preeedens

55 1160 476 1231 imperatorem,
529 1163 587 1214 ut
630 1156 987 1229 aspersionis
1031 1162 1255 1226 guttam
1300 1172 1401 1213 sua
1447 1156 1591 1212 vidit
1633 1156 1687 1211 in

54 1248 305 1317 clamide,
344 1248 706 1316 indignatus,
743 1260 931 1317 pugno
973 1246 1267 1316 percussit
1301 1246 1497 1316 templi
1531 1244 1691 1301 mini-

57 1341 246 1405 strum,
291 1335 499 1391 dicens
543 1349 605 1391 se
649 1333 925 1389 maculari
971 1334 1165 1405 potius
1213 1349 1381 1404 quam
1432 1332 1685 1405 purgari.

58 1424 204 1490 Quod
252 1424 583 1494 respiciens
634 1422 970 1493 imperator,
1018 1422 1195 1493 jussit
1242 1438 1371 1479 eum
1424 1422 1580 1478 trudi
1634 1421 1686 1476 in

54 1513 384 1582 custodiam,
407 1512 613 1568 dicens
640 1512 795 1567 :Aut
814 1512 1134 1581 sacriﬁcet,
1152 1511 1261 1567 aut
1280 1512 1507 1568 militia
1530 1524 1689 1566 exce-

56 1601 164 1657 dat.
189 1600 293 1669 Qui
320 1615 451 1657 mox
474 1606 685 1671 sponte
704 1600 999 1656 discessit.
1022 1600 1137 1656 Nec
1159 1615 1340 1669 mora,
1360 1600 1587 1655 Iuliano
1609 1598 1688 1653 in-

57 1689 312 1757 terfecto,
351 1689 714 1758 Jovianoque
757 1698 1007 1758 mortue,
1044 1689 1099 1744 in
1134 1688 1259 1745 loco
1294 1687 1686 1760 persecutoris

55 1776 140 1833 sui
176 1778 429 1848 suscepit
468 1777 792 1849 imperium.
831 1780 1085 1848 Cumque
1122 1776 1685 1847 ConstantinOpolim

57 1868 425 1936 pervenisset,
454 1873 584 1937 post
605 1870 675 1921 30
696 1866 823 1921 dies
848 1865 1071 1936 imperii
1097 1866 1187 1921 sui
1215 1866 1451 1920 fratrem
1480 1864 1680 1919 Valen-

58 1957 160 2010 tem
190 1955 242 2010 in
274 1956 731 2012 communionem
776 1955 934 2024 regni
968 1954 1305 2025 assumpsit,
1342 1953 1595 2022 largiens
1624 1952 1677 2008 ei

59 2047 236 2113 partes
254 2044 591 2114 orientales,
616 2044 724 2100 sibi
753 2047 1050 2099 retentans
1076 2042 1491 2099 occidentales.
1519 2043 1682 2097 Cum-

62 2145 155 2201 que
179 2132 288 2203 jam
321 2146 532 2188 annum
568 2134 809 2188 tercium
838 2148 966 2188 eu.n
994 2133 1173 2187 fratre
1206 2137 1424 2200 ageret,
1462 2131 1682 2185 Gratia-

64 2234 195 2287 num,
231 2220 402 2277 filium
434 2237 606 2279 suum
643 2224 884 2278 necdum
913 2221 1076 2292 plene
1110 2222 1407 2291 puberem,
1443 2220 1680 2276 hortatu

65 2322 243 2366 socrus
270 2316 327 2367 et
361 2313 566 2368 nxaris
596 2326 716 2368 sua?
750 2313 977 2367 Serenze
999 2309 1066 2341 7“
1088 2316 1399 2378 augustum
1434 2311 1677 2365 creavit.

68 2399 250 2455 llabuit
276 2408 466 2456 autem
492 2406 555 2455 et
580 2400 653 2456 ali
682 2416 752 2455 im
787 2399 961 2456 lilium
999 2400 1297 2470 parvulum
1333 2398 1681 2453 Valentinia-

66 2500 176 2542 num
200 2486 264 2544 de
286 2491 392 2545 alia
421 2504 604 2545 uxore
626 2490 875 2559 Iustina,
903 2504 1093 2559 quam,
1125 2488 1351 2543 vivente
1382 2490 1590 2542 Severa
1614 2485 1681 2518 7“

69 2588 156 2629 nec
179 2582 351 2634 tamen
377 2578 632 2647 ahjecta,
669 2578 772 2633 hoc
800 2577 967 2632 modo
990 2578 1225 2633 dUXi83e
1257 2578 1557 2646 probatur.
1587 2578 1682 2632 .lu-

70 2668 193 2731 stus,
224 2666 461 2723 Justime
486 2673 678 2737 pater,
711 2682 840 2722 cum
866 2672 1025 2721 esset
1053 2666 1241 2732 Piceni
1261 2665 1439 2733 judex
1463 2672 1682 2735 tempo-

72 2751 208 2807 ribus
251 2754 596 2823 Constantii,
650 2755 793 2809 vidit
832 2758 881 2808 in
916 2755 1133 2810 somnis
1173 2754 1325 2823 quod
1364 2768 1432 2809 ex
1474 2754 1682 2808 dextro

70 2839 253 2897 femore
282 2844 639 2913 imperialem
676 2858 987 2914 purpuram
1019 2844 1340 2912 genuisset.
1376 2843 1512 2909 Quae
1538 2841 1681 2897 visio

72 2942 176 2983 cum
205 2930 269 2986 ad
300 2932 628 2988 Constantii
670 2948 840 2988 aures
882 2932 1265 3003 pervenisset,
1313 2937 1578 2986 metuens
1612 2946 1681 2986 ne

72 3016 347 3086 imperator
363 3036 434 3077 ex
454 3036 528 3077 eo
554 3026 914 3089 nasceretur,
941 3021 1176 3076 mittens
1195 3020 1676 3075 occiditJustum.

74 3103 220 3176 Cujus
235 3106 337 3164 lilia
357 3110 588 3166 Iustina
615 3109 776 3179 virgo
800 3124 1168 3179 permanens,
1194 3125 1321 3165 cum
1349 3108 1677 3179 perveniret

75 3195 129 3247 ad
156 3194 360 3253 Severie
390 3198 692 3267 noticiam,
740 3201 1043 3255 amabatur
1073 3202 1145 3254 ab
1176 3214 1262 3268 ea,
1297 3198 1374 3252 ita
1411 3204 1471 3253 ut
1503 3198 1678 3253 etiam

1712 1923 1761 1983 Β

1803 640 1914 681 non
1942 631 2130 681 tamen
2156 627 2363 682 Severa
2389 628 2635 697 abjecta,
2671 629 2854 700 legem
2881 635 3189 704 proposuit
3213 627 3447 707 publice

1806 729 1907 785 per
1939 716 2227 783 civitates,
2256 721 2315 771 ut
2341 732 2539 772 omnes
2564 719 2658 787 qui
2692 720 3017 777 Voluissent
3051 723 3281 794 impune
3316 727 3446 785 bina

1806 804 2168 858 matrimonia
2204 806 2603 875 susciperent;
2644 820 2769 862 nam
2812 808 2941 864 ideo
2976 811 3288 882 populosas
3327 814 3445 871 fore

1802 897 2008 960 gentes
2034 892 2285 959 diccbat,
2322 894 2454 963 quia
2482 894 2589 950 hoc
2612 896 2763 965 apud
2786 910 2885 953 eas
2908 897 3228 971 sollempne
3259 907 3439 960 esset.

1803 979 1921 1045 Qua
1950 980 2071 1049 lege
2095 982 2416 1051 proposita,
2447 982 2564 1052 ipse
2588 984 2867 1040 Justinam
2895 987 3090 1054 duxit;
3119 1003 3189 1044 ex
3214 1005 3321 1062 qua
3350 1006 3445 1047 na-

1804 1074 1898 1124 tus
1920 1076 2012 1123 est
2035 1069 2086 1123 ei
2114 1070 2547 1126 Valentinianus
2565 1075 2621 1126 et
2644 1077 2764 1127 tres
2790 1073 2939 1143 lilia),
2964 1078 3144 1143 Justa,
3168 1079 3361 1149 Grata,
3385 1086 3444 1135 et

1804 1155 1980 1210 Galla.
2036 1157 2287 1222 Quarum
2336 1159 2461 1215 dute
2496 1159 2549 1213 in
2583 1160 2919 1230 virginitate
2972 1174 3439 1239 permanserunt,

1801 1242 2018 1299 Gallam
2040 1260 2177 1300 vero
2195 1246 2550 1303 Theodosius
2573 1248 2757 1318 major
2774 1249 2937 1305 duxit
2961 1267 3217 1323 uxorem,
3240 1270 3308 1311 ex
3330 1271 3441 1327 qua

1800 1330 2075 1402 Placidia,
2115 1332 2225 1387 lilia
2270 1333 2416 1404 ejus,
2463 1336 2719 1392 noscitur
2751 1352 2882 1394 esse
2916 1343 3218 1411 progenita
3252 1343 3436 1413 (Jonn.

1798 1420 1885 1476 De
1910 1434 1962 1477 γ.
1996 1435 2042 1479 s.
2082 1423 2158 1477 Η.
2193 1430 2316 1493 772.).
2362 1426 2499 1479 Nam
2545 1426 2895 1485 Archadium
2928 1435 2983 1484 ct
3029 1432 3341 1489 llonorium
3370 1449 3441 1491 ex

1797 1509 2037 1564 Placilla
2064 1510 2242 1581 priori
2267 1512 2511 1581 conjuge
2542 1514 2763 1571 habuit.
2798 1518 3081 1575 Auxentio
3113 1519 3307 1592 itaque
3343 1527 3443 1579 Ar-

1801 1598 1959 1653 riano
2001 1598 2412 1656 Mediolanensi
2453 1602 2725 1674 episcopo
2759 1605 3057 1677 defuncto,
3102 1610 3441 1669 Ambrosius

1800 1687 2157 1757 presidatum
2192 1689 2354 1745 urbis
2386 1705 2584 1759 agens,
2623 1692 2865 1748 necdum
2902 1695 3254 1765 baptizatus,
3291 1715 3443 1756 com-

1798 1776 1951 1831 muni
1983 1776 2194 1833 civium
2229 1792 2520 1836 consensu
2552 1780 2865 1852 episcopus
2895 1783 3441 1855 eligitur,jubente-

1798 1879 1908 1934 que
1941 1864 2342 1922 Valentiniano
2377 1868 2730 1938 baptizatur,
2757 1876 2811 1925 et
2842 1876 3109 1941 tanquam
3142 1875 3352 1944 dignus
3383 1877 3439 1934 in

1791 1954 2132 2025 episcOpatu
2158 1971 2187 2010 ιι
2207 1956 2531 2013 ordinatur.
2556 1959 2727 2014 Multa
2750 1959 2945 2029 itaque
2969 1962 3164 2030 praelia
3188 1964 3439 2021 Valenti-

1793 2042 1999 2099 nianus
2026 2058 2154 2099 cum
2182 2045 2431 2100 diversis
2461 2047 2735 2116 gentibus
2766 2049 3074 2115 commisit,
3110 2050 3260 2108 inter
3292 2068 3439 2123 quas

1790 2137 1847 2187 et
1870 2132 2031 2187 Alani
2057 2132 2486 2189 rebellaverant
2508 2134 2877 2205 Ro.nanis(G’.
2908 2137 3119 2195 Franc.
3146 2156 3194 2196 c.
3223 2143 3277 2209 2)
3296 2143 3442 2198 Con-

1791 2225 1878 2274 tra
1924 2234 2071 2290 quas
2112 2237 2240 2277 cum
2287 2221 2727 2279 Valentinianus
2769 2227 3081 2282 Romanum
3126 2228 3435 2288 direxisset

1791 2309 2136 2378 exercitum,
2174 2310 2405 2380 plurimi
2431 2327 2502 2366 ex
2530 2311 2615 2368 eis
2648 2313 2827 2368 occisi
2863 2319 3019 2382 sunt,
3058 2316 3265 2386 reliqui
3300 2333 3437 2376 vero

1795 2396 2071 2451 Meotidas
2118 2398 2358 2468 paludes
2392 2400 2776 2457 intravemut.
2810 2403 2963 2459 Tunc
2997 2403 3437 2465 Valentinianus

1792 2484 1937 2540 dixit
1972 2488 2331 2543 exercitibus
2366 2488 2508 2557 suis,
2542 2490 2716 2558 quod,
2754 2490 2802 2545 si
2828 2492 2921 2561 qui
2947 2506 3018 2547 ex
3042 2493 3127 2550 eis
3161 2496 3439 2552 Meotidas

1792 2575 2035 2644 paludes
2066 2576 2351 2631 intrarent
2378 2585 2437 2632 et
2461 2577 2674 2633 Alanos
2706 2579 2836 2634 inde
2866 2581 3301 2652 propulsarent,
3337 2600 3438 2655 per

1792 2663 1989 2716 decem
2024 2677 2204 2718 annos
2236 2664 2457 2732 absque
2490 2664 2714 2721 tributo
2737 2681 2838 2721 eos
2862 2667 3250 2737 permitteret.
3284 2671 3438 2727 Tunc

1794 2751 2023 2819 quidam
2058 2749 2128 2805 de
2162 2754 2477 2807 Sicambria
2513 2755 2762 2821 ingressi
2799 2764 3200 2824 pugnaverunt
3234 2771 3437 2817 contra

1791 2840 2025 2908 Alanos,
2056 2841 2324 2910 factaque
2351 2840 2611 2909 victoria,
2639 2841 2939 2911 ejecerunt
2961 2858 3078 2899 eos.
3113 2844 3235 2911 Quo
3262 2847 3432 2911 facto,

1791 2928 2232 2985 Valentinianus
2265 2928 2579 3000 appellavit
2604 2944 2706 2986 eos
2732 2931 2920 2986 Attica
2946 2931 3139 3002 lingua
3166 2936 3433 3007 Francos,

1791 3016 1897 3073 hoc
1925 3023 2034 3087 est,
2073 3019 2293 3073 feroces
2322 3024 2378 3072 et
2413 3019 2593 3074 duros
2628 3035 2691 3073 ac
2725 3020 2923 3075 fortes.
2962 3020 3224 3090 Cujus'm
3243 3023 3437 3093 gentis

1792 3106 1923 3176 quia
1959 3121 2020 3161 se
2053 3107 2266 3162 obtulit
2299 3108 2514 3163 mentio
2549 3122 2864 3177 regumque
2887 3107 3011 3178 ejus
3034 3109 3086 3165 in
3114 3109 3277 3167 libris
3306 3126 3434 3170 san-

1789 3203 2016 3251 ctorum
2051 3209 2187 3266 sepe
2223 3197 2284 3249 lit
2314 3196 2813 3266 commemoratio,
2846 3196 2982 3252 licet
3018 3199 3203 3255 facere
3235 3200 3433 3258 videar

76 3280 259 3342 balneis
304 3303 429 3344 cum
476 3303 551 3345 ea
603 3293 890 3355 uteretur,
950 3288 1190 3357 ejusque
1241 3286 1677 3357 pulchritudine
1712 3278 1759 3339 C
1790 3282 2229 3353 digressionem,
2282 3300 2387 3354 pro
2434 3300 2624 3341 rerum
2678 3292 2866 3341 tamen
2912 3287 3144 3358 noticia,
3184 3287 3433 3361 repetita

76 3370 283 3443 obligata
314 3380 368 3433 et
400 3393 604 3434 amore
645 3386 835 3447 capta.
872 3376 1094 3431 diceret
1128 3375 1484 3445 imperatori,
1522 3375 1672 3444 quod

76 3458 260 3519 Iustina
289 3468 364 3523 sic
396 3465 668 3538 speciosa
702 3470 884 3535 esset,
918 3473 976 3521 ut
1009 3465 1186 3520 etiam
1243 3479 1402 3534 psam
1439 3464 1677 3519 deceret

79 3561 275 3609 uxorem
310 3555 684 3628 imperatoris
720 3569 869 3613 esse.
914 3554 1037 3620 Quo
1070 3569 1336 3610 sermone
1368 3558 1671 3624 concepto,

1786 3374 2045 3444 ejusdem
2077 3374 2310 3443 generis
2342 3375 2584 3442 origine,
2619 3388 2786 3444 quam
2821 3375 3055 3432 brevius
3086 3382 3313 3449 potero,
3348 3391 3435 3435 re-

1784 3477 1919 3533 gum
1953 3462 2081 3534 ejus
2112 3463 2146 3518 d
2188 3464 2441 3520 scribam
2483 3463 2934 3521 successionem.

1203 3680 1309 3739 DE
1355 3678 1690 3741 ORIGINE
1738 3676 2249 3739 FRANCORUM

136 3807 212 3876 (θ.
232 3810 429 3871 Franc.
452 3812 589 3870 cod.
616 3813 836 3885 Bamb.)
859 3812 1206 3868 Francorum
1227 3812 1418 3880 gent's
1435 3810 1676 3866 exordia

85 3894 138 3950 de
162 3900 367 3971 antiqua
398 3904 778 3973 Trojanorum
813 3902 979 3973 prodi
1006 3916 1083 3955 -rc
1118 3901 1405 3971 prosapia.
1444 3900 1577 3955 Nam
1608 3913 1677 3955 eo

86 3988 299 4058 tempore
327 4007 434 4062 qui
476 4001 616 4064 post
654 3992 943 4048 excidium
984 3992 1164 4060 Trojie
1202 3988 1409 4044 Encas
1451 3988 1674 4043 Italiam

86 4076 228 4145 venit,
257 4081 473 4149 quidam
500 4097 577 4137 ex
598 4080 817 4136 eisdem
847 4080 1108 4148 Trojanis
1138 4079 1308 4133 simili
1345 4078 1514 4132 modo
1548 4092 1679 4146 pro-

88 4160 178 4231 fugi
207 4167 342 4224 circa
382 4168 665 4226 Meotidas
716 4168 956 4240 paludes
1004 4167 1434 4238 applicuerunt,
1479 4166 1675 4236 ibique

86 4255 421 4329 considentes,
454 4259 742 4316 terminos
771 4273 911 4314 suos
944 4271 1122 4327 usque
1142 4256 1195 4311 in
1218 4255 1568 4310 Pannoniam
1594 4254 1677 4310 di-

88 4334 380 4404 lataverunt.
415 4350 886 4406 Construxerunt
916 4353 1107 4402 autem
1137 4344 1435 4401 civitatem
1465 4344 1676 4400 Sicam-

88 4424 250 4502 briam,
284 4435 464 4507 ibique
495 4452 604 4509 per
643 4436 857 4493 multos
887 4436 1217 4491 habitantes
1248 4448 1452 4504 annos,
1488 4434 1543 4488 in
1579 4447 1676 4503 po-

91 4515 246 4581 Pulum
299 4524 533 4582 multum
596 4529 929 4593 creverunt,
979 4528 1034 4579 et
1087 4521 1366 4577 Sicambri
1428 4520 1673 4591 primum

1790 3810 2108 3881 imperator
2155 3823 2357 3865 eorum
2407 3809 2735 3880 factionem,
2787 3810 2959 3867 nimis
3000 3812 3207 3882 iratus,
3252 3814 3432 3885 jussit

1787 3913 2011 3953 onmem
2082 3898 2398 3953 Romanum
2466 3898 2789 3953 exercitum
2849 3914 2981 3955 cum
3042 3901 3307 3971 pluribus
3363 3902 3430 3937 7“

1786 3988 2008 4042 exteris
2049 3987 2323 4055 gentibus
2365 4000 2619 4056 pugnare
2661 3994 2863 4043 contra
2896 4002 3017 4045 eos.
3056 3990 3247 4060 Pugna
3277 4006 3433 4048 com-

1789 4076 1981 4145 missa,
2000 4092 2066 4131 cu
2080 4090 2128 4128 ιιι
2149 4092 2217 4129 ex
2241 4082 2485 4144 utraque
2510 4080 2672 4145 parte
2694 4075 2856 4131 multi
2877 4077 3173 4149 caderent,
3194 4080 3430 4138 tandem

1788 4164 1987 4219 Franci
2011 4162 2438 4219 multitudinem
2460 4168 2678 4218 tantam
2698 4164 2991 4221 sustinere
3012 4182 3121 4223 non
3144 4168 3427 4241 valentes,

1788 4250 2100 4319 fugiet-unt,
2137 4250 2332 4321 ibique
2369 4257 2633 4307 mortuus
2668 4258 2757 4309 est
2788 4253 3054 4312 Priamus
3075 4271 3178 4311 rex
3206 4271 3428 4314 eorum.

1786 4339 2021 4408 Egressi
2064 4344 2255 4395 autem
2300 4337 2369 4395 de
2410 4340 2748 4412 Sicambria,
2791 4348 3074 4400 venerunt
3117 4345 3173 4400 in
3212 4350 3430 4403 terram

1787 4428 2125 4496 Germaniae,
2162 4428 2232 4482 ad
2264 4434 2493 4497 gentem
2536 4428 2762 4485 scilicet
2803 4431 3079 4489 Romanis
3124 4433 3433 4491 infestissi-

1786 4532 1953 4585 mam,
1973 4518 2040 4572 ha
2053 4516 2499 4587 bitaveruntque
2518 4517 2817 4588 aliquanto
2836 4523 3097 4591 tempore
3118 4520 3171 4575 in
3191 4521 3432 4578 Thurin-

90 4600 196 4661 dieti
224 4618 361 4667 sunt.
394 4614 454 4670 lli
481 4628 588 4686 pro
610 4629 679 4670 eo
703 4613 854 4684 quod
883 4588 1113 4681 Alanos,
1138 4616 1201 4668 ut
1226 4588 1441 4666 dictum
1468 4614 1575 4678 est,
1603 4606 1673 4663 de
1707 4588 1754 4647 D
1784 4605 1877 4675 gia
1911 4621 2039 4661 cum
2075 4605 2453 4673 Marcomede,
2490 4604 2608 4661 filio
2640 4606 2871 4675 Priami,
2904 4588 3274 4677 etVSunnone,
3311 4608 3431 4667 {ilio

92 4687 285 4754 Meotida
317 4702 520 4773 palude
560 4703 931 4773 expulerunt,
975 4700 1172 4757 Franci
1210 4715 1241 4754 a
1273 4698 1674 4755 Valentiniano

93 4785 240 4839 vocati
285 4796 430 4861 sunt,
472 4795 531 4848 et
574 4806 681 4862 pro
730 4790 833 4846 hac
885 4789 1125 4846 victoria
1180 4804 1279 4860 per
1331 4785 1671 4843 decennium

94 4870 377 4934 remissione
401 4880 757 4937 tributorum
789 4878 985 4935 donati
1018 4882 1178 4934 sunt.
1220 4876 1506 4933 Decennio
1540 4888 1675 4930 vero

93 4967 304 5030 Peracto,
352 4968 501 5025 misit
547 4968 987 5026 Valentinianus
1023 4965 1092 4999 ⁷ι⁸
1122 4966 1190 5022 ad
1238 4980 1341 5021 eos
1386 4964 1672 5035 quendam

92 5041 253 5107 ducem
272 5069 365 5123 pro
382 5058 679 5130 exigendis
705 5058 973 5117 tributis;
1001 5056 1103 5113 sed
1127 5055 1230 5119 illi,
1256 5060 1320 5113 ut
1338 5059 1506 5111 erant
1526 5054 1672 5109 fero-

94 5143 183 5202 ces,
205 5142 419 5202 tributis
444 5148 688 5205 ulterius
709 5144 1011 5218 subjacere
1035 5144 1328 5219 dedigniti
1354 5150 1510 5206 sunt,
1541 5143 1672 5200 mis-

95 5231 262 5294 εοεαιιε
304 5234 370 5289 ad
422 5250 478 5291 se
528 5237 964 5295 interfecerunt.
1017 5237 1267 5294 Fuerunt
1308 5240 1500 5290 autem
1534 5241 1670 5291 tunc

96 5318 336 5390 Principes
361 5324 504 5381 inter
522 5342 625 5384 eos
648 5327 1017 5397 antiquorum
1045 5329 1457 5382 vocabu'oi'uai
1486 5325 1670 5396 prefe-

95 5408 253 5464 rentes
268 5409 518 5488 insignia,
540 5417 803 5475 Priamus
817 5421 877 5473 et
898 5418 1171 5472 Antenor.
1196 5415 1450 5471 Audiens
1470 5414 1666 5482 itaque

1785 4693 2113 4749 Antenoris.
2147 4692 2358 4748 Omnes
2390 4698 2579 4748 autem
2614 4692 2810 4763 populi
2833 4708 2904 4749 ex
2928 4692 3024 4749 illa
3053 4698 3216 4762 parte
3242 4695 3428 4752 Rheni

1784 4781 2119 4838 habitantes
2148 4781 2411 4839 Germani
2436 4781 2575 4837 dicti
2600 4786 2755 4849 sunt,
2789 4781 2920 4851 quia
2944 4795 3188 4852 corpora
3221 4796 3425 4854 magna

1785 4871 2076 4929 habebant
2116 4877 2175 4929 et
2218 4870 2518 4928 fortissimi
2567 4883 2796 4939 semper
2826 4874 2884 4925 et
2921 4869 3183 4925 indomiti
3232 4878 3420 4931 erant.

1783 4961 1942 5018 Inter
1994 4963 2127 5019 haec
2162 4962 2437 5019 defuncto
2496 4960 2783 5028 Sunnone,
2843 4958 3044 5014 Franci
3098 4958 3427 5019 habuerunt

1782 5051 2087 5110 consilium
2122 5052 2273 5108 inter
2304 5066 2386 5121 se,
2414 5054 2478 5107 ut
2502 5063 2674 5105 unum
2710 5061 2900 5117 regem
2938 5046 3236 5120 haberent,
3272 5050 3423 5109 sicut

1780 5148 1836 5198 et
1863 5150 2067 5212 gentes
2087 5146 2322 5201 ceterae.
2344 5142 2702 5210 acceptoque
2726 5135 2972 5192 consilio
2990 5149 3019 5191 a
3042 5136 3422 5212 Marcomede,

1781 5230 2222 5295 Faramundnm,
2270 5229 2450 5299 ipsius
2490 5227 2690 5295 lilium,
2727 5240 2919 5296 regem
2950 5225 3331 5298 constituere,
3366 5233 3428 5285 et

1778 5338 1848 5379 ex
1882 5336 1951 5377 eo
1986 5328 2242 5389 tempore
2284 5318 2442 5387 leges
2482 5317 2695 5372 habere
2734 5319 3064 5387 coeperunt,
3109 5330 3252 5386 quas
3289 5330 3429 5386 gen-

1778 5411 1915 5467 tiles
1966 5424 2165 5466 eoru.n
2211 5405 2528 5464 consiliarii
2586 5404 3045 5475 Wisogastaldus
3077 5409 3136 5462 et
3167 5404 3431 5476 Salegast

1387 5528 1624 5585 VARM‘I
1672 5526 2064 5584 LECTlONES.

126 5614 492 5719 ιῖῗέἷίἔέἒ-ῐει
563 5631 632 5719 '1‘
664 5633 945 5719 πέμπω·

177 5693 564 5762 valentinianus
594 5709 643 5761 δ.
721 5704 791 5740 ⁷³⁸
822 5704 1089 5779 plurimis
1121 5693 1338 5761 ceteris
1373 5717 1429 5773 g.
1462 5706 1512 5757 δ.

366 5797 614 5863 Paeon.
660 5801 868 5865 CLIV.

1039 5632 1108 5705 7"
1135 5632 1405 5705 Sequens
1450 5629 1712 5689 historia
1739 5627 2112 5687 Francorum
2161 5621 2324 5682 deost
2363 5621 2460 5691 E.,
2516 5618 2573 5676 ct
2614 5619 2685 5678 in
2713 5623 2773 5675 2.
2823 5629 3057 5689 quoque
3104 5617 3420 5677 omittitur.

3082 5785 3161 5844 23
