3898 6360
375 430 495 502 ⁸115

380 664 554 718 venta
603 637 822 715 dicitur
867 658 924 710 et
973 651 1288 708 nominata.
1349 648 1527 702 Erant
1581 648 1776 701 autem
1821 637 2022 697 Franci

379 749 608 823 pagani.
1346 773 1356 782 ε

451 836 708 908 Denique
742 837 970 890 mortuo
1003 825 1384 897 Faramundo,
1412 825 1671 894 Clodius,
1698 822 1853 879 ﬁlius
1873 821 2019 891 ejus,

382 925 641 982 Crinitus
676 921 982 990 successit,
1015 934 1044 975 a
1077 932 1191 988 quo
1231 917 1580 972 Francorum
1615 926 1784 982 reges
1817 909 2022 966 Criniti

381 1013 660 1087 appellati
686 1015 842 1068 sunt.
869 1009 1030 1066 Ultra
1049 1006 1307 1062 Rhenum
1329 1018 1467 1060 vero
1487 1017 1667 1072 usque
1686 999 1756 1056 ad
1775 997 2022 1068 Ligerim

385 1103 620 1161 ﬂuvium
656 1099 1000 1157 habitabant
1040 1094 1299 1164 Romani,
1348 1091 1501 1149 ultra
1544 1090 1790 1160 Ligerim
1830 1091 2022 1144 autem

385 1190 830 1250 dominabantur
849 1185 1042 1250 Gothi.
1066 1181 1507 1265 Burgundiones
1523 1193 1660 1234 vero
1686 1176 2022 1265 habitabant

377 1280 542 1352 juxta
609 1276 970 1344 Rhodanum,
1030 1273 1127 1330 ubi
1189 1274 1388 1344 postea
1438 1263 1596 1324 facta
1665 1270 1754 1322 est
1816 1263 2026 1320 civitas

382 1366 738 1424 Leudunum.
800 1361 1001 1422 Franci
1045 1361 1242 1432 itaque
1291 1357 1363 1414 de
1405 1354 1715 1424 Thuringia
1763 1353 2024 1408 Rhenum

383 1453 754 1526 transgressi,
797 1453 1108 1517 Romanos,
1143 1447 1238 1519 qui
1272 1453 1409 1503 tunc
1439 1442 1724 1516 temporis
1752 1455 1857 1513 per
1887 1455 2026 1496 suos

385 1542 767 1614 magistratus
797 1537 996 1596 Galliae
1028 1535 1412 1608 imperabant,
1461 1531 1614 1588 bello
1643 1529 1835 1587 adorsi
1868 1533 2021 1598 sunt,

383 1636 444 1688 et
476 1645 661 1702 usque
693 1629 748 1685 in
781 1625 1189 1686 Carbonariam
1240 1623 1444 1680 silvam
1495 1621 1718 1690 fugant,
1755 1617 2021 1686 fundunt,

379 1719 678 1790 occidunt,
724 1717 924 1788 sicque
967 1715 1186 1770 illatam
1233 1711 1343 1768 sibi
1377 1725 1406 1766 a
1439 1707 1713 1766 Romanis
1755 1705 2023 1776 injuriam

379 1807 602 1864 acriter
657 1805 977 1864 vindicant.
1037 1800 1293 1872 Ingressi
1351 1804 1546 1854 autem
1595 1798 1913 1853 Tornacum
1963 1796 2020 1849 et

1533 407 2014 481 EKKEHARDI
2059 405 2612 474 URAUGIENSIS

381 569 666 640 fecerunt.
721 577 752 624 ³
811 573 926 637 quo
982 557 1248 632 εειθςθει
1311 551 1487 616 etiam
1545 552 1639 611 Ῑθκ
1693 548 1877 610 sali“
1944 545 2522 640 infAGothehildae,
2558 553 2992 632 Gothegiselum
3013 558 3075 616 et
3096 553 3529 615 Gothemarum.
3564 555 3804 634 mortuo

3660 401 3803 467 716

2137 658 2330 710 autem
2383 650 2779 708 Gundebaudo
2827 647 3078 718 seniore,
3131 643 3800 715 Gundebaudusjunior

2135 743 2351 798 occidit
2383 743 2622 797 fratrem
2656 753 2824 796 suum
2859 737 3232 810 Hilpericum,
3257 742 3314 793 et
3341 751 3584 794 uxorem
3607 736 3795 809 illius,

2135 830 2314 900 ligato
2345 829 2416 885 ad
2445 827 2659 884 collum
2691 827 2820 898 ejus
2848 840 3012 895 saxo,
3039 825 3095 880 in
3124 840 3331 896 aquam
3365 825 3548 894 mergi
3583 840 3797 896 prece-

2136 919 2240 990 pit,
2275 917 2423 974 alios
2456 931 2594 972 vero
2627 915 2773 972 duos
2811 915 3028 970 fratres
3059 913 3114 968 in
3147 912 3388 970 exilium
3421 913 3600 970 misit.
3637 913 3800 972 Gun-

2135 1005 2440 1062 debaudus
2471 1010 2688 1072 autem,
2721 1003 2858 1059 dum
2899 1006 3131 1074 neptem
3171 1016 3334 1058 suam
3376 1000 3798 1058 Gothebildam

2137 1091 2702 1164 Hilpericimﬂliam,
2726 1105 2921 1147 secum
2941 1090 3205 1159 haberet,
3226 1095 3284 1145 et
3306 1089 3481 1159 legati
3509 1089 3800 1146 Clodovei

2137 1182 2293 1252 regis
2313 1181 2450 1238 illuc
2469 1183 2618 1238 forte
2633 1179 2842 1236 directi
2857 1193 2982 1236 eam
2998 1177 3265 1234 videntes
3286 1177 3798 1249 pulchritudinem
3895 1181 3898 1252 ᾗ

2135 1269 2261 1340 ejus
2297 1271 2450 1341 apud
2492 1270 2788 1326 dominum
2820 1282 2988 1325 suum
3029 1267 3356 1336 laudarent,
3393 1267 3576 1323 misso
3609 1269 3802 1324 Aure-

2137 1357 2290 1415 liano
2321 1358 2570 1430 quodam
2594 1358 2880 1414 honorato
2903 1371 3028 1426 suo,
3054 1355 3279 1426 accepit
3304 1369 3429 1411 eam
3453 1355 3798 1412 Clodoveus

2135 1462 2398 1517 uxorem,
2442 1447 2692 1519 put-llam
2729 1445 3136 1502 Christianam.
3182 1443 3320 1511 Qum
3360 1459 3492 1500 cum
3529 1444 3583 1500 ei
3633 1443 3799 1502 Chri-

2135 1541 2288 1594 stum
2311 1549 2448 1608 sepe
2472 1535 2803 1607 predicaret
2832 1533 3044 1604 illeque
3071 1531 3316 1589 credere
3344 1533 3658 1602 abnueret,
3700 1535 3798 1590 15°

2134 1639 2285 1682 anno
2304 1624 2464 1694 regni
2487 1624 2576 1680 sui
2597 1623 2930 1694 suscipiens
2952 1621 3164 1678 bellum
3186 1625 3390 1678 contra
3409 1621 3790 1693 Alamannos,

2134 1729 2265 1770 cum
2301 1727 2444 1784 pene
2468 1716 2820 1780 vmceretur,
2857 1712 3094 1767 hortatu
3126 1709 3416 1768 Aureliani
3441 1723 3504 1767 se
3526 1709 3798 1768 creditu-

2136 1816 2263 1858 rum
2283 1800 2620 1873 spopondit,
2637 1799 2684 1856 si
2697 1799 2797 1856 Dei
2813 1799 2903 1868 adj
2915 1798 3105 1855 utorio
3127 1797 3474 1856 Alamannos
3491 1797 3790 1865 vinceret;

381 1898 753 1954 Camaracum
786 1892 1057 1950 civitates
1085 1887 1303 1958 Galliae,
1339 1887 1524 1958 primo
1554 1885 1824 1942 universa
1856 1882 2022 1938 mari-
2049 1896 2106 1958 B
2138 1904 2385 1960 moxque
2408 1898 2468 1946 et,
2493 1888 2626 1946 illos
2651 1887 2948 1959 superavit
2981 1891 3040 1943 et,
3071 1902 3298 1944 omnem
3329 1891 3548 1944 terram
3579 1901 3793 1945 eorum

2133 1975 2202 2010 ⁷²¹
2218 1977 2330 2034 sibi
2352 1977 2482 2046 subj
2493 1976 2708 2046 ugavit,
2734 1989 2802 2032 ac
2821 1973 3028 2031 deinde
3053 1988 3154 2046 per
3176 1980 3440 2032 sanctum
3458 1973 3790 2045 Remigium
3896 2007 3898 2010 -

2133 2065 2443 2120 Remorum
2483 2064 2824 2136 epiSCOpum
2861 2063 3206 2134 instructus,
3250 2077 3380 2120 cum
3421 2064 3574 2119 omni
3608 2069 3790 2132 gente
3882 2083 3883 2123 ξ

377 1984 540 2055 tima,
574 1998 702 2055 quae
734 1981 885 2038 inter
916 1979 1184 2036 Scaldum
1207 1981 1266 2033 et
1291 1977 1539 2032 Sunnam
1571 1973 1778 2030 ﬂuvios
1801 1973 2018 2041 iacent,

379 2071 668 2129 violenter
704 2070 992 2138 obtinent,
1033 2067 1235 2138 sicque
1269 2063 1544 2136 paulatim
1575 2060 2022 2134 progredientes

379 2165 438 2217 et
469 2159 898 2231 regredientes,
935 2157 1167 2224 Remos,
1217 2154 1582 2220 Suessonam,
1631 2148 1922 2206 Aureliam
1963 2152 2020 2203 et

379 2247 755 2321 Agrippinam
777 2261 844 2303 ac
865 2243 1181 2311 Treverim,
1210 2244 1508 2313 postremo
1531 2251 1757 2296 omnem
1781 2234 2022 2293 Galliam

378 2338 501 2393 sive
523 2334 883 2393 Germaniam
909 2333 980 2388 ab
1004 2329 1315 2404 Aquitania
1348 2342 1530 2398 usque
1565 2325 1884 2382 Bawariam
1909 2324 2020 2380 sibi

379 2423 710 2495 subjugant.
736 2423 806 2479 Et
826 2420 886 2478 hi
908 2419 1138 2492 quidem
1164 2418 1261 2489 qui
1283 2415 1616 2472 Teutonicis
1637 2413 1706 2448 7“
1723 2412 2022 2470 commixti

377 2515 536 2581 sunt,
563 2509 800 2582 proprio
823 2505 1106 2565 vocabulo
1130 2503 1364 2571 Franci;
1389 2503 1485 2574 qui
1510 2507 1701 2560 autem
1731 2515 1830 2570 per
1847 2515 2024 2557 conu-

377 2597 470 2656 bia
494 2611 525 2654 a
549 2597 729 2654 Gallis
759 2602 894 2656 sunt
929 2593 1242 2668 progeniti,
1277 2591 1644 2661 Francigeme
1669 2595 1806 2646 sunt
1829 2587 2022 2661 appel-

377 2685 502 2744 lati.
561 2685 801 2744 Clodius
855 2684 1053 2755 itaque
1098 2680 1168 2716 ⁷¹⁶
1204 2696 1346 2738 cum
1397 2682 1669 2750 regnaret
1722 2677 1888 2734 annis
1930 2680 2017 2746 20,

375 2779 644 2832 mortuus
675 2779 800 2841 est;
839 2775 934 2830 cui
963 2769 1246 2828 successit
1289 2770 1608 2838 Meroveus,
1641 2781 1671 2822 a
1705 2780 1819 2837 quo
1851 2779 2022 2834 reges

374 2863 728 2920 Francorum
759 2859 1074 2930 Merovingi
1105 2855 1384 2914 nominati
1411 2854 1480 2889 τίτ
1514 2858 1670 2912 sunt.
1716 2853 1842 2920 Quo
1873 2867 2022 2909 mor-

373 2954 498 3022 tuo,
531 2949 686 3008 filius
733 2948 860 3019 ejus
893 2947 1220 3005 Hildericus
1249 2943 1514 3016 suscepit
1546 2957 1804 3012 regnum.
1842 2939 2021 3008 Quem

375 3037 674 3097 luxuriose
704 3038 994 3094 viventem
1017 3039 1228 3092 etcum
1251 3033 1482 3090 ﬁliabus
1505 3030 1706 3104 populi
1737 3029 2025 3088 fornican-

375 3133 496 3184 tem
536 3127 868 3186 interﬁcere
905 3123 1194 3194 nolentes,
1245 3121 1606 3192 abjecerunt,
1644 3125 1701 3176 et
1733 3117 2020 3191 Egidium

379 3215 666 3287 quendam
707 3215 1021 3306 Romanum
1047 3225 1240 3306 super
1271 3224 1336 3266 se
1362 3207 2024 3306 posueruntfns-edpost
2053 3245 2104 3306 ϐ
2133 3210 2312 3306 tilium
2345 3211 2573 3268 nomine
2603 3211 3088 3282 Theodebertum,
3122 3218 3423 3270 strenuum
3456 3218 3518 3271 et
3559 3215 3785 3272 utilem.
3855 3235 3898 3306 ,Α

2132 3299 2498 3356 Amalaricus
2526 3315 2782 3371 quoque,
2813 3299 2970 3357 illius
2999 3300 3213 3357 Alarici
3247 3301 3402 3371 regis
3436 3301 3785 3374 Gothorum,
3855 3299 3894 3374 Ι.

379 3318 560 3361 annos
599 3308 734 3360 octo
778 3301 1134 3374 poenitentes
1177 3313 1352 3372 super
1391 3299 1496 3355 hac
1536 3313 1619 3369 re,
1667 3295 2022 3353 Hildericum

379 3395 821 3460 revocaverunt,
883 3389 1186 3459 factusque
1233 3391 1324 3443 est
1361 3401 1465 3443 rex
1509 3386 1730 3444 virtute
1783 3397 2022 3455 magnus

377 3493 558 3551 super
579 3493 780 3535 omnes
805 3476 1032 3550 priores
1055 3477 1405 3533 Francorum
1431 3487 1618 3544 reges.
1647 3471 2021 3546 Agrippinam

373 3565 590 3640 quippe
628 3566 927 3624 civitatem
965 3565 1330 3645 temporibus
1370 3566 1518 3636 ejus,
1553 3563 1762 3620 occisis
1793 3577 1823 3618 a
1857 3568 2021 3634 parte

371 3653 580 3724 Egidii
621 3653 821 3712 multis
862 3655 1160 3726 Romanis,
1203 3653 1406 3712 Franci
1438 3657 1744 3724 ceperunt,
1778 3665 2022 3722 eamque

375 3741 666 3800 Coloniam
707 3741 1186 3815 appellaverunt;
1231 3740 1524 3799 Treverim
1555 3753 1785 3811 quoque
1819 3753 2023 3810 appre-

369 3827 700 3888 henderunt
731 3836 788 3888 et
821 3829 1227 3903 incenderunt,
1273 3833 1572 3901 totamque
1613 3827 1770 3884 illam
1802 3831 2019 3884 terram

371 3923 771 3978 vastaverunt.

441 4007 668 4066 Mortuo
700 4013 896 4067 autem
925 4009 1172 4082 Egidio,
1207 4009 1489 4080 Siagrius,
1523 4006 1678 4063 illius
1709 4005 1852 4075 ejus,
1889 4018 2018 4061 suc-

371 4095 552 4152 cessit
593 4095 650 4153 in
692 4095 882 4155 locum
922 4097 1071 4171 ejus,
1107 4098 1375 4170 seditque
1407 4096 1460 4152 in
1495 4096 1848 4150 Suessonum
1879 4092 2019 4148 civi-

371 4187 516 4254 tate,
567 4183 666 4242 ubi
713 4187 885 4244 sedes
934 4190 1097 4258 regni
1145 4191 1304 4254 erat;
1355 4184 1456 4242 sed
1508 4181 1838 4239 Hildericus
1885 4195 2016 4238 cum

369 4273 630 4330 exercitu
659 4275 1098 4346 superveniens,
1125 4289 1351 4333 omnem
1381 4277 1596 4328 terram
1627 4269 1784 4326 illam
1812 4268 2016 4342 preda—

369 4363 470 4418 tus
496 4364 608 4432 est,
633 4366 690 4418 et
713 4362 1184 4422 Aurelianensem
1217 4367 1277 4418 et
1307 4359 1781 4430 Andegavensem
1814 4357 2017 4414 civita-

371 4452 486 4506 tem
519 4463 700 4521 regno
730 4466 838 4510 suo
867 4451 1100 4522 adjecit.
1137 4449 1398 4518 Quicum
1423 4451 1694 4518 regnaret
1725 4445 1892 4503 annis
1922 4448 2010 4516 24,

369 4541 632 4598 mortuus
661 4545 774 4611 est,
807 4545 864 4598 et
897 4539 1245 4610 Clodoveus,
1285 4537 1441 4596 filius
1470 4537 1619 4610 ejus,
1654 4549 1894 4606 regnum
1923 4550 2015 4592 ac-

371 4727 482 4787 que
501 4715 572 4772 ad
593 4714 887 4773 Alaricum
909 4728 1108 4786 regem
1127 4715 1467 4784 Gothorum,
1495 4713 1672 4771 missa
1696 4712 2008 4784 legatione,

371 4802 630 4876 reposcit
659 4800 748 4874 7“,
781 4806 839 4860 et
883 4802 1178 4862 redditum
1218 4802 1536 4872 interfecit,
1579 4805 1886 4873 totumque
1927 4813 2016 4857 re-

369 4905 544 4964 gnum
567 4889 694 4962 ejus
722 4891 832 4951 sibi
854 4891 1191 4966 subjiciens,
1221 4892 1512 4950 Romanos
1530 4891 1587 4947 in
1609 4894 1836 4948 tantum
1860 4887 2016 4946 dele-

369 4979 480 5052 vit,
519 4983 583 5039 ut
622 4979 782 5038 nulla
819 4995 1020 5040 eorum
1059 4980 1304 5054 vestigia
1345 4979 1518 5038 hodie
1555 4979 1926 5052 reperiantur
1956 4977 2014 5035 in

371 5066 575 5126 Gallia.
599 5069 840 5144 Accepit
861 5075 1056 5130 autem
1078 5083 1339 5141 uxorem,
1371 5074 1604 5142 neptem
1631 5065 2012 5127 Gundebaudi

366 5155 524 5228 regis
564 5156 1058 5231 Burgundionum,
1113 5157 1343 5216 nomine
1383 5157 1788 5216 Gothehildam
1819 5157 1890 5193 ἠ’
1919 5154 2012 5212 vel

365 5243 716 5303 Rothildam.
747 5245 1178 5306 Gundebaudus
1199 5247 1394 5318 itaque
1417 5261 1520 5304 rex
1539 5246 2010 5319 Burgundionum

365 5337 618 5406 quatuor
637 5333 790 5394 filios
807 5335 1032 5405 habuit,
1053 5335 1509 5394 Gundebaudum
1533 5335 1759 5394 scilicet
1781 5339 2008 5408 patrem

2134 2167 2242 2210 sua
2271 2159 2363 2209 est
2396 2152 2751 2224 baptizatus.
2785 2153 2923 2208 Post
2953 2151 3078 2208 hmc
3105 2151 3248 2208 abiit
3273 2151 3327 2206 in
3353 2151 3790 2210 Pictaviensem

2133 2241 2452 2311 civitatem,
2486 2240 2585 2297 ubi
2610 2255 2713 2296 rex
2742 2239 3014 2296 Alaricus
3042 2239 3364 2308 habitabat,
3399 2253 3792 2312 pugnansque

2131 2344 2261 2385 cum
2290 2343 2380 2399 eo,
2416 2328 2714 2385 interfecit
2743 2342 2896 2398 eum,
2933 2331 3026 2384 12°
3058 2343 3209 2384 anno
3247 2327 3511 2398 ejusdem
3543 2327 3789 2386 Alarici.

2132 2415 2496 2473 Amalaricus
2541 2431 2701 2487 vero,
2755 2415 2910 2474 ﬁlius
2949 2415 3185 2485 Alarici,
3222 2416 3448 2486 fugiens
3479 2415 3533 2472 in
3568 2417 3793 2489 Hyspa-

3873 2134 3883 2310 Ι

3869 2354 3881 2463 l

2132 2505 2304 2576 niam,
2346 2519 2586 2576 regnum
2625 2507 2814 2578 patris
2845 2506 2932 2564 sui
2967 2510 3172 2578 postea
3211 2506 3501 2576 sagaciter
3530 2506 3786 2578 recepit.
3895 2521 3898 2553 ε

2135 2597 2296 2651 Anno
2313 2593 2517 2666 quinto
2537 2601 2666 2666 post
2686 2594 2833 2650 hanc
2855 2594 3160 2650 victoriam
3181 2601 3448 2652 mortuus
3466 2599 3557 2650 est
3578 2594 3790 2654 Clodo—

2131 2697 2274 2740 veus
2306 2683 2362 2738 in
2399 2698 2560 2754 pace,
2613 2698 2763 2740 anno
2817 2683 2978 2753 regni
3029 2683 3118 2740 sui
3151 2687 3265 2753 30°,
3298 2697 3329 2738 a
3361 2683 3619 2740 transitu
3651 2699 3790 2742 vero
3867 2652 3898 2731 δέ

2131 2770 2316 2827 sancti
2349 2771 2575 2827 Martini
2607 2786 2756 2827 anno
2781 2776 2929 2829 112°.
2967 2772 3228 2828 Ilabebat
3253 2775 3447 2828 autem
3472 2770 3627 2829 filios
3652 2785 3790 2845 qua-

2129 2862 2268 2916 tuor
2297 2858 2447 2916 idem
2487 2874 2591 2915 rex
2627 2859 2969 2930 Clodoveus,
3021 2859 3427 2930 Clodomirem,
3474 2859 3788 2919 Theoderi-
3868 2861 3898 2911 ".

2131 2961 2284 3018 cum,
2334 2947 2722 3004 Hiluibertum
2752 2951 2811 3003 et
2845 2947 3222 3005 Clotharium.
3266 2949 3332 3004 Hi
3361 2961 3606 3019 regnum
3661 2965 3788 3021 ejus

2133 3035 2285 3092 inter
2335 3049 2398 3092 se
2449 3035 2776 3092 diviserunt
2823 3036 3148 3106 aequaliter,
3201 3041 3262 3092 et
3306 3035 3521 3093 elevati
3553 3043 3703 3095 sunt
3735 3039 3787 3094 in

3881 2962 3888 2970 .

3861 2968 3868 3001 l

3883 3054 3898 3091 ἓ

2131 3137 2335 3194 magna
2387 3125 2669 3196 potentia.
2720 3123 3112 3182 Theodericus
3160 3141 3298 3182 vero
3333 3130 3477 3186 tunc
3527 3126 3788 3184 habebat
3859 3153 3898 3191 1:.

2134 3402 2399 3445 sororem
2430 3387 2664 3446 illorum
2697 3390 2926 3446 nomine
2958 3389 3328 3446 Ruothildam
3360 3389 3526 3462 petiit
3562 3391 3622 3447 in
3659 3407 3790 3450 con-
3849 3387 3898 3462 Li

2127 3475 2377 3548 jugium,
2397 3492 2568 3548 quam
2590 3476 2671 3533 illi
2696 3493 2808 3534 non
2831 3482 3112 3548 negantes
3133 3493 3262 3536 cum
3290 3493 3492 3550 magna
3514 3478 3719 3550 gloria
3741 3481 3788 3538 ei
3847 3475 3898 3550 Ii.

2133 3562 2525 3622 mdederunt.
2553 3566 2663 3622 Sed
2685 3565 2930 3623 cumille
2943 3566 3402 3624 velutArrianus
3423 3582 3550 3624 eam
3577 3572 3788 3640 postea
3847 3562 3889 3640 Is

2132 3652 2367 3722 indigne
2389 3657 2698 3724 tractaret,
2727 3654 2964 3710 mittens
2985 3654 3081 3710 illa
3101 3654 3369 3712 nuncium
3395 3655 3466 3712 de
3490 3657 3788 3728 Hyspania
3847 3679 3888 3728 ,ε

2130 3740 2203 3798 ad
2237 3743 2476 3798 fratrem
2515 3758 2682 3800 suum
2726 3743 3111 3800 Hildibertum
3147 3743 3200 3799 in
3240 3745 3498 3800 Arverna
3539 3745 3638 3802 civ
3668 3752 3786 3804 tate

2131 3829 2453 3901 sedentem,
2485 3830 2728 3900 injurias
2759 3847 2894 3890 suas
2916 3832 2968 3887 ei
2991 3836 3315 3904 conquesta
3347 3837 3457 3890 est.
3489 3833 3663 3892 Unde
3693 3836 3784 3893 ille

2129 3917 2336 3988 iratus,
2370 3933 2501 3976 cum
2535 3934 2740 3990 magno
2793 3921 3060 3977 exercitu
3105 3921 3450 3994 Hyspaniam
3501 3924 3779 3992 tetendit,

2129 4005 2443 4077 occisoque
2495 4006 2842 4071 Amalarico,
2893 4024 3154 4065 sororem
3197 4023 3358 4066 suam
3390 4025 3522 4066 cum
3556 4013 3782 4083 magnis

2128 4093 2420 4152 thesauris
2451 4095 2727 4164 abstulit;
2762 4111 2890 4168 qua;
2923 4102 3112 4154 tamen
3153 4096 3430 4168 languore
3473 4105 3780 4170 preventa,

2128 4183 2183 4238 in
2217 4198 2340 4254 ipso
2362 4189 2452 4240 est
2477 4183 2687 4241 itinere
2721 4181 2968 4244 mortua.
3007 4187 3063 4242 In
3089 4185 3208 4244 illis
3229 4187 3437 4244 diebus
3467 4187 3781 4246 Gothehild

2127 4271 2324 4341 regina
2350 4272 2592 4330 veniens
2621 4274 2926 4344 Parisium,
2960 4273 3108 4330 dixit
3141 4275 3212 4332 ad
3244 4275 3394 4332 filios
3426 4290 3569 4334 suos
3599 4297 3614 4333 :
3648 4280 3782 4338 Non

2122 4361 2488 4432 mapanitet,
2501 4362 2634 4434 ﬁlii
2655 4363 2790 4432 mei,
2811 4376 2910 4420 vos
2926 4363 3184 4422 dulciter
3203 4365 3516 4436 nutrisse,
3543 4367 3780 4424 tantum

2123 4450 2430 4520 injuriam
2457 4465 2650 4509 meam
2677 4452 3110 4525 indignamini,
3133 4453 3196 4510 et
3213 4454 3453 4510 mortem
3467 4455 3685 4526 patris
3712 4468 3780 4514 ac

2121 4538 2342 4596 matris
2367 4552 2510 4598 mea
2537 4540 2856 4600 vindicate.
2903 4541 3010 4600 Qui
3041 4557 3174 4598 mox
3201 4541 3284 4598 ira
3315 4543 3615 4600 commoti.
3649 4557 3776 4600 cum
3841 4559 3847 4577 ι

369 4541 632 4598 mortuus
661 4545 774 4611 est,
807 4545 864 4598 et
897 4541 1245 4610 Clodoveus,
1285 4541 1441 4596 illius
1470 4541 1619 4610 ejus,
1654 4549 1894 4606 regnum
1923 4550 2015 4592 ac-
2121 4541 2342 4596 matris
2367 4552 2510 4598 mea
2537 4541 2856 4600 vindicate.
2903 4541 3010 4608 Qui
3041 4557 3174 4598 mox
3201 4541 3284 4598 ira
3315 4543 3615 4614 commoti,
3649 4557 3776 4601 cum
3841 4559 3898 4612 ιμ

368 4627 682 4718 cepit._lii_c
703 4644 834 4718 cum
858 4627 1083 4699 Siagrio
1103 4627 1317 4718 bellum
1340 4625 1648 4718 commisit,
1675 4624 2014 4718 fugientem-
2043 4603 2096 4665 D
2125 4627 2393 4684 exercitu
2435 4643 2641 4700 magno
2680 4628 3073 4700 Burgundiam
3114 4635 3362 4698 pergunt
3392 4635 3603 4688 contra
3636 4631 3776 4702 Sigi-
3839 4608 3898 4718 ἐξ

3847 3260 3866 3650 l

3877 3687 3898 3704 ιε

3893 3707 3898 3721 l

3846 3707 3861 3805 |
3885 3772 3898 3792 Ἰ

3875 3798 3898 3811 ἰ

3843 3864 3898 3944 ,.

3847 3950 3898 3996 ,ξς

3872 4219 3898 4260 1-4

3871 4305 3898 4326 ἠ

3843 4320 3898 4381 ,ει

3869 4396 3898 4427 3:

3868 4426 3898 4456 ’ἲ

3864 4467 3898 4531 Pa

3864 4573 3898 4622 is

2125 4715 2434 4774 smundum
2465 4722 2527 4774 et
2556 4718 2984 4785 Gothemarum,
3031 4715 3184 4772 filios
3226 4717 3635 4792 Gundebaudi,
3681 4719 3772 4793 qui
3837 4715 3890 4799 ίεε

2127 4809 2352 4877 patrem
2375 4821 2442 4864 ac
2465 4810 2708 4862 matrem
2729 4803 3092 4862 Gothchildze
3113 4803 3434 4864 interfecit.
3459 4808 3775 4879 Sigismun-

2123 4892 2236 4952 dus
2275 4909 2380 4952 rex
2425 4891 2896 4964 Burgundionum
2940 4893 3042 4950 illo
3074 4894 3131 4950 in
3165 4898 3430 4968 tempore
3456 4897 3771 4956 aedificavit

2123 4982 2542 5041 monasterium
2581 4981 2768 5038 sancti
2806 4981 3064 5040 Mauricii
3103 4983 3514 5058 sociorumque
3553 5001 3684 5057 ejus
3712 4987 3767 5043 in

2124 5069 2253 5130 loco
2299 5075 2558 5142 Agauno,
2611 5069 2812 5159 ubiqet
2853 5071 3009 5144 passi
3058 5079 3214 5130 sunt.
3268 5073 3525 5131 Collecto
3572 5081 3766 5134 autem
3858 5069 3898 5159 δέ

2121 5159 2406 5230 exercitu,
2453 5157 2896 5230 Burgundiones
2934 5161 3204 5220 exierunt
3231 5161 3460 5219 obviam
3493 5161 3634 5220 ﬁliis
3661 5164 3768 5220 Go-

2125 5247 2400 5306 thehildae
2437 5252 2498 5304 et
2535 5246 2844 5318 Clodovei;
2885 5249 3008 5318 sed,
3052 5250 3352 5308 commissa
3387 5264 3598 5323 pugna,
3628 5250 3765 5311 caesi

2125 5334 2567 5406 Burgundiones
2609 5335 2900 5409 fugerunt.
2945 5338 3346 5409 Sigismundus
3376 5339 3594 5410 itaque,
3631 5339 3766 5397 dum

3830 4810 3844 4888 θ
3863 4841 3898 4888 is."

3828 4881 3845 4947 ὶ
3861 4881 3898 4981 hij

3858 5009 3898 5082 εξ]

361 5419 718 5493 Sigismundi
781 5427 843 5480 et
903 5424 1272 5496 Gothemari;
1337 5423 1715 5498 Hilpericum,
1785 5427 2039 5495 patrem.
2121 5422 2349 5492 fugeret
2370 5422 2442 5482 ad
2465 5428 2702 5485 sanctos
2721 5427 3116 5500 Agaunenses,
3147 5431 3494 5488 consecutus
3514 5432 3612 5486 est
3633 5441 3766 5490 eum
3820 5426 3838 5456 ’

1726 5519 1964 5578 VARIIE
2000 5519 2401 5577 LECTIONES.
3827 5518 3833 5535 '

429 5616 499 5697 ξπ
529 5616 885 5697 tliputgnicis
915 5625 976 5697 β.
1010 5617 1364 5697 theotonicis
1385 5622 1468 5697 ρο.
1498 5615 1890 5697 φαίνω---τέ’
1919 5616 2087 5697 deest
2108 5621 2186 5697 99.
2263 5615 2336 5652 7"
2363 5619 2558 5697 vocati
2577 5623 2642 5697 3},
2699 5618 2789 5697 [η’
2819 5621 3152 5697 repopgscit
3189 5625 3270 5697 θοι
3299 5695 3310 5697 μ
3343 5619 3414 5658 ἠ’
3443 5621 3760 5682 rotbildam

357 5687 452 5748 vel
477 5687 880 5762 gothehildam
905 5695 982 5750 9°.
1015 5705 1070 5748 v.
1107 5705 1154 5750 r.
1186 5690 1353 5750 deest
1372 5693 1426 5748 ι.
1457 5691 1544 5746 10.
1578 5687 1665 5748 11.

1744 5687 1815 5725 ⁷²⁰
1843 5687 2123 5762 helperici
2155 5695 2231 5747 9°.
2261 5691 2497 5762 sapius.
2577 5691 2646 5726 7“
2675 5692 2841 5750 dem
2855 5687 2930 5749 93.
2962 5687 2980 5697 '
3009 5693 3078 5730 ⁷³³
3107 5692 3273 5753 deost
3287 5695 3363 5750 9°.

3884 5565 3898 5608 η

3824 5704 3832 5730 ι
3861 5647 3898 5700 ηε
