3898 6308
108 281 228 346 ’717

989 282 1434 349 CHRONICA.
1466 320 1538 331 ——
1567 283 2044 348 CHRONICON
2092 284 2641 349 UNIVERSALE.

3408 285 3526 349 718

106 416 432 489 Clodomir,
467 422 825 490 captumque
855 433 985 476 cum
1016 433 1194 476 uxore
1224 422 1279 475 et
1321 419 1473 486 ﬁliis,
1510 418 1674 477 duxit
1708 419 1764 477 in
1794 420 1852 486 Α
1882 425 2002 479 tum
2036 421 2168 493 iret,
2197 435 2395 481 omnes
2416 419 2545 493 ejus
2574 419 2717 479 socii
2743 434 2846 494 per
2867 420 3070 479 silvam
3096 421 3519 495 discurrentes,

106 523 323 582 pagum
347 508 829 564 Aurelianensem
853 513 910 563 et
937 508 990 564 in
1014 524 1305 566 carcerem
1330 510 1503 577 misit,
1526 516 1585 567 et
1609 515 1768 582 post-

104 612 175 653 ea
234 597 593 653 interfectos
648 595 702 650 in
753 601 990 667 puteum
1050 598 1316 669 projecit,
1370 600 1423 654 in
1481 600 1610 654 loco
1671 600 1765 669 qui

106 686 334 743 dicitur
394 684 862 742 Columnabicus.
900 687 1037 742 Post
1088 686 1211 743 haec
1260 686 1470 743 iterum
1518 686 1767 743 collecto

107 773 407 842 exercitu,
437 772 733 829 Clodomir
763 774 816 827 in
854 774 1240 843 Burgundiam
1273 775 1531 846 perrexit
1566 780 1765 831 contra

108 862 553 930 Gothemarum,
590 862 916 932 iterumque
965 869 1381 933 repugnantem
1416 864 1513 920 sed
1552 864 1769 932 fugien-

110 957 228 1005 tem
253 949 394 1005 dum
420 954 880 1021 persequeretur
900 954 957 1004 et
976 956 1509 1021 percurreretequo
1526 951 1770 1007 velocis-

111 1039 286 1104 simo,
318 1053 395 1094 ex
422 1038 667 1094 adversa
698 1043 864 1109 parte
898 1053 1208 1110 percussus
1247 1041 1491 1107 corruit,
1531 1045 1591 1095 et
1623 1054 1770 1094 mor-

111 1132 254 1183 tuus
306 1130 420 1182 est.
476 1125 641 1192 Quod
693 1126 936 1182 audiens
988 1126 1340 1195 Clotharius,
1377 1128 1765 1197 Gundeucam,

115 1229 361 1272 uxorem
399 1215 598 1271 fratris
628 1214 716 1270 sui
750 1215 977 1285 accepit
1007 1215 1061 1270 in
1104 1216 1457 1286 conjugium.

182 1303 589 1360 Theodericus
612 1308 807 1359 autem
833 1318 953 1371 rex,
980 1310 1285 1374 postquam
1310 1304 1573 1373 regnavit
1607 1304 1771 1360 annis

113 1396 202 1462 '23,
248 1398 523 1449 mortuus
573 1396 682 1460 est,
734 1395 790 1446 et
841 1391 1302 1461 Theodebertus,
1340 1392 1492 1448 ﬁlius
1543 1391 1685 1461 ejus,
1717 1392 1769 1447 ei

113 1481 435 1538 successit.
494 1481 602 1547 Qui
661 1494 790 1536 cum
836 1480 1003 1536 annis
1056 1483 1122 1536 14
1169 1486 1460 1550 regnaret,
1512 1481 1678 1547 obiit,
1713 1486 1771 1536 et

111 1568 588 1638 Theodebaldus,
625 1568 777 1625 Illius
823 1568 967 1637 ejus,
1006 1568 1089 1623 illi
1141 1569 1448 1625 successit.
1483 1568 1608 1635 Quo
1642 1572 1769 1640 post

112 1673 308 1715 annos
329 1664 362 1713 7
382 1657 678 1724 defuncto,
700 1656 1053 1721 Clotharius.
1082 1662 1327 1728 patruus
1359 1656 1504 1726 ejus,
1532 1671 1769 1727 regnum

112 1747 320 1818 ipsaus
350 1760 480 1802 cum
525 1744 823 1801 thesauris
874 1743 1074 1801 multis
1124 1745 1371 1816 accepit.
1409 1744 1771 1800 Gothchildis

111 1841 323 1890 autem
373 1834 566 1904 regina
614 1833 669 1887 in
716 1831 1066 1888 elemosinas
1123 1832 1397 1904 proﬂens.
1445 1833 1501 1887 in
1550 1847 1769 1888 summa

113 1920 484 1977 abstinentia
508 1924 565 1976 et
590 1920 913 1977 sobrietate
936 1920 1110 1976 vitam
1135 1920 1321 1989 duxit,
1345 1925 1403 1976 et
1427 1920 1578 1991 apud
1598 1921 1773 1976 Turo-

114 2010 309 2067 nicam
346 2010 549 2066 urbem
584 2009 751 2081 plena
781 2008 1005 2064 dierum
1038 2008 1109 2063 ad
1145 2008 1443 2064 Dominum
1476 2007 1768 2078 migravit,

113 2105 172 2155 et
204 2099 265 2155 in
299 2098 539 2154 basilica
574 2098 758 2154 sancti
794 2098 950 2153 Petri
982 2097 1235 2169 apostoli
1267 2098 1335 2153 ad
1374 2096 1528 2152 latus
1550 2097 1653 2152 viri
1681 2097 1770 2153 sui

116 2187 403 2245 Clodovei
434 2185 666 2258 sepulta
694 2191 784 2243 est
826 2201 855 2242 a
906 2185 1041 2242 ﬁliis
1084 2185 1209 2241 suis
1256 2185 1584 2241 Hildiberto
1615 2183 1684 2217 7”
1713 2197 1769 2247 et

115 2276 404 2347 Clotario,
440 2275 538 2331 ubi
566 2281 623 2331 et
654 2274 983 2331 beatissima
1014 2274 1300 2330 Genovefa
1332 2274 1599 2344 quiescit.

189 2364 528 2421 Clotharius
548 2368 739 2420 autem
764 2378 866 2417 rex
890 2362 959 2418 de
985 2362 1236 2418 diversis
1253 2361 1532 2418 uxoribus
1546 2365 1771 2432 septem

115 2453 328 2510 habuit
380 2452 554 2523 filios,
590 2452 662 2508 de
709 2453 963 2521 lngunde
996 2450 1192 2520 regina
1224 2450 1623 2520 Guntharium,
1660 2450 1773 2505 Hil-

115 2543 408 2612 dericum,
426 2539 877 2611 Sigihertum'",
897 2542 1354 2609 Guntrammum,
1375 2539 1642 2594 Heribert
1657 2554 1768 2607 um,

116 2637 179 2688 et
205 2631 385 2687 ﬁliam
410 2629 820 2686 Glodesindam
846 2646 859 2693 ;
892 2629 962 2683 de
987 2628 1363 2697 Regingunda
1385 2641 1545 2693 vero,
1570 2641 1772 2683 sorore

116 2719 424 2789 Ingundis,
485 2717 686 2773 habuit
740 2716 1112 2787 Hilpericum.
1159 2718 1269 2770 Per
1318 2727 1571 2770 amorem
1622 2714 1770 2770 enim

118 2808 426 2878 lngundis,
453 2820 523 2862 eo
554 2805 708 2877 quod
740 2810 895 2862 esset
929 2804 1169 2876 pulchra
1202 2810 1258 2859 et
1294 2804 1528 2874 decora,
1555 2810 1612 2858 et
1650 2804 1771 2874 ipse

118 2896 366 2954 nimium
398 2900 552 2952 esset
586 2894 944 2961 luxuriosus,
985 2908 1249 2949 sororem
1287 2893 1415 2963 ejus
1447 2892 1775 2961 chingun-

118 2986 254 3042 dam
289 2986 517 3056 accepit
549 2985 605 3039 in
636 2984 989 3053 conjugium.
1024 2984 1101 3038 De
1150 2983 1358 3038 Gusina
1406 2994 1637 3051 quoque
1682 2994 1774 3035 ac-

118 3076 283 3147 cepit
319 3074 675 3130 Gratianum.
705 3072 810 3138 Qui
839 3087 968 3127 cum
1000 3077 1163 3126 esset
1212 3071 1464 3126 decorus
1516 3070 1685 3124 nimis
1713 3074 1773 3124 et

120 3165 379 3223 acerbus
406 3177 471 3218 ac
501 3160 770 3230 callidus,
809 3160 958 3233 patri
992 3159 1318 3228 rebellavit,
1352 3158 1451 3215 sed
1484 3161 1771 3264 captus
1806 3202 1854 3264 Ο

121 3254 194 3310 ad
229 3258 457 3324 patrem
490 3250 777 3307 adductus
823 3248 912 3320 τυ,
962 3250 1017 3304 in
1064 3263 1198 3304 casa
1252 3249 1497 3318 quadam
1542 3245 1773 3303 incendi

117 3342 325 3413 jussus
356 3345 469 3396 est.
508 3339 867 3395 Hildibertus
899 3353 1054 3405 vero,
1083 3338 1263 3392 frater
1297 3335 1594 3405 Clotharii,
1622 3335 1774 3405 apud

123 3430 416 3488 Parisium
449 3430 547 3486 diu
569 3434 876 3499 aegrotans,
906 3433 1168 3483 mortuus
1197 3431 1286 3481 est
1307 3443 1321 3491 ;
1346 3426 1512 3495 cujus
1534 3438 1774 3494 regnum

124 3525 185 3578 et
251 3520 560 3576 thesauros
619 3517 948 3574 Clotharius
1004 3532 1107 3571 rex
1166 3522 1472 3571 assecutus
1520 3518 1631 3569 est.
1681 3512 1779 3568 llis

125 3609 306 3667 etiam
340 3609 706 3680 temporibus
737 3608 941 3663 beatus
973 3605 1278 3661 Medardus
1314 3604 1630 3674 episcopus
1663 3602 1780 3673 ple-

126 3714 242 3756 nus
273 3697 598 3754 virtutibus
647 3696 917 3768 migravit
965 3695 1032 3751 ad
1084 3694 1404 3763 Dominum,
1459 3706 1625 3762 quem
1678 3707 1781 3747 rex

132 3786 469 3845 Clotharius
499 3787 555 3842 in
588 3786 900 3843 Suessione
929 3784 1169 3841 civitate
1194 3798 1326 3839 cum
1359 3796 1562 3851 magna
1593 3780 1779 3851 gloria

132 3876 374 3950 sepeliri
417 3875 573 3932 fecit.

201 3966 349 4021 Post
383 3963 504 4020 haec
538 3961 870 4019 Clotharius
900 3975 1003 4017 rex
1053 3962 1214 4017 febre
1258 3962 1567 4030 correptus
1613 3958 1778 4027 obiit,

134 4069 287 4113 anno
304 4054 464 4125 regni
480 4054 569 4110 sui
594 4059 707 4123 διο,
726 4065 1084 4123 regnumque
1107 4050 1235 4121 ejus
1260 4053 1516 4120 quatuor
1537 4048 1636 4103 filii
1655 4046 1782 4117 ejus

135 4144 291 4201 inter
321 4155 385 4200 se
423 4141 767 4210 diviserunt,
803 4140 1028 4197 scilicet
1078 4138 1442 4207 lleribertus,
1479 4136 1785 4192 Guntram-

133 4247 286 4304 mus,
318 4230 670 4303 Hilpericus,
697 4229 1048 4299 Sigihertus,
1073 4226 1418 4298 accepitque
1440 4226 1785 4280 Heribertus

134 4336 381 4393 regnum
415 4319 722 4376 Hildiberti
761 4317 949 4390 patrui
993 4316 1103 4388 sui,
1140 4317 1451 4386 sedemque
1477 4312 1782 4371 constituit

131 4409 401 4468 Parisius
428 4425 444 4476 ;
478 4410 887 4464 Guntrammus
916 4410 1129 4473 autem,
1167 4417 1404 4473 regnum
1436 4399 1785 4457 Clodomiris

135 4499 457 4571 accipiens,
491 4495 821 4553 Aurelianis
851 4494 1047 4550 sedem
1078 4491 1387 4549 constituit
1413 4509 1427 4558 ;
1460 4489 1785 4561 Hilpcricus

1882 511 2039 567 illum
2085 514 2274 569 solum
2307 527 2435 569 cum
2474 526 2586 568 uno
2621 515 2783 568 tanto
2813 511 2922 567 sibi
2976 510 3317 569 ﬁdelissimo
3364 513 3528 568 dimi-

1882 604 2083 656 serunt
2113 599 2279 669 juxta
2314 599 2562 655 rivulum
2597 598 2903 669 quendam.
2940 597 3116 663 Quem
3158 614 3286 655 cum
3329 599 3526 669 gravis

1882 702 2117 744 somnus
2149 693 2405 758 urgeret,
2431 692 2605 758 caput
2638 702 2804 744 suum
2837 687 2893 742 in
2928 686 3087 744 illius
3117 686 3308 743 fidelis
3340 687 3429 743 sui
3455 686 3527 743 si-

1880 790 2013 831 num
2049 777 2242 848 posuit
2272 782 2331 831 et
2362 776 2659 831 dormivit.
2696 776 2832 832 Cum
2884 774 3080 831 subito
3131 774 3275 831 vidit
3327 773 3426 830 ille
3467 774 3525 829 in

1880 864 2049 932 cujus
2080 866 2210 920 sinu
2243 864 2587 932 dormiebat,
2617 863 2783 934 quasi
2811 877 3047 933 parvum
3078 861 3287 917 animal
3324 861 3392 918 de
3424 877 3525 919 ore

1883 949 2038 1019 regis
2072 949 2238 1007 exire
2260 957 2319 1004 et
2342 949 2411 1004 ad
2438 949 2619 1007 rivum
2644 949 2886 1005 tendere
2912 948 3210 1019 multoque
3234 950 3359 1005 nisu
3389 955 3527 1005 tem-

1880 1042 2049 1108 ptare
2064 1037 2111 1093 si
2129 1053 2242 1107 quo
2258 1036 2428 1093 modo
2454 1041 2647 1106 posset
2668 1036 2941 1091 transire.
2962 1037 3216 1106 Cumque
3237 1037 3526 1093 transitus

1880 1127 2103 1197 copiam
2149 1141 2261 1183 non
2312 1127 2617 1193 inveniret,
2654 1125 2752 1181 ille
2803 1125 2899 1198 qui
2950 1126 3058 1181 hoc
3093 1126 3238 1181 vidit
3270 1125 3525 1197 gladium

1881 1230 2050 1271 suum
2081 1216 2152 1271 de
2184 1216 2388 1286 vagina
2412 1216 2636 1285 eduxit,
2664 1214 2907 1286 rivoque
2929 1229 3353 1285 superponens,
3381 1215 3525 1271 illud

1882 1304 2139 1360 transire
2189 1305 2343 1360 fecit.
2380 1305 2689 1361 Transiens
2734 1307 2926 1359 autem
2976 1303 3181 1371 rivum,
3218 1318 3328 1358 non
3361 1303 3529 1373 longe

1883 1391 2016 1447 inde
2047 1392 2100 1447 in
2135 1393 2393 1448 foramen
2425 1407 2598 1448 unum
2629 1391 2843 1448 montis
2870 1390 3036 1461 juxta
3064 1391 3237 1462 positi
3263 1391 3522 1461 intravit,

1884 1494 2299 1551 reversumque
2322 1496 2427 1551 per
2445 1480 2685 1536 eandem
2708 1480 2879 1549 viam,
2901 1484 3029 1551 post
3050 1479 3250 1536 horam
3275 1494 3444 1536 unam
3468 1480 3526 1535 in

1884 1582 1952 1623 os
1976 1568 2132 1638 regis
2157 1568 2655 1625 rursusintroivit.
2675 1568 2780 1634 Qui
2799 1583 2932 1623 mox
2945 1568 3246 1638 evigilans,
3264 1582 3525 1639 magnam

1884 1657 2162 1712 visionem
2180 1672 2241 1713 se
2257 1657 2470 1713 vidisse
2486 1657 2764 1725 narravit,
2783 1656 3043 1727 dixitque
3058 1657 3165 1713 sibi
3182 1657 3529 1729 apparuisse

1801 1784 1856 1843 Β
1887 1744 1941 1799 in
1972 1746 2210 1815 somnis,
2246 1747 2399 1816 quod
2443 1745 2557 1801 iter
2602 1759 2781 1815 agens
2832 1744 2899 1801 ad
2956 1746 3240 1815 quendam
3292 1745 3528 1802 ﬂuvium

1887 1848 2152 1903 magnum
2185 1833 2429 1903 veniret,
2457 1848 2623 1904 quem
2656 1848 2757 1905 per
2791 1835 3039 1889 ferreum
3074 1839 3305 1905 pontem
3337 1838 3529 1891 trans-

1885 1921 2016 1991 iret,
2049 1922 2403 1992 veniensque
2428 1923 2537 1978 sub
2566 1925 2820 1978 montem
2844 1922 3151 1992 quendam,
3179 1921 3423 1979 multum
3449 1922 3526 1979 ibi

1885 2025 2089 2066 aurum
2110 2009 2355 2066 videret.
2382 2010 2546 2076 Quod
2568 2025 2699 2066 cum
2724 2010 2807 2065 illi
2842 2008 2997 2065 fideli
3032 2024 3140 2065 suo
3173 2014 3440 2066 narraret
3464 2009 3529 2065 il-

1886 2097 2057 2169 leque
2091 2098 2347 2155 vicissim
2373 2098 2482 2154 sibi
2508 2098 2695 2154 omnia
2721 2113 2847 2168 quae
2869 2101 3030 2168 gesta
3051 2102 3185 2154 sunt
3208 2097 3524 2170 intimaret,

1887 2187 1958 2242 ad
1972 2185 2160 2243 locum
2184 2187 2344 2242 illum
2361 2201 2667 2243 accesseru
2680 2192 2760 2256 nt,
2780 2187 3182 2257 fodientesque
3197 2187 3377 2244 multa
3394 2201 3530 2258 pon-

1887 2274 2024 2331 dera
2057 2274 2184 2333 auri
2204 2275 2271 2307 ⁷¹⁶
2289 2276 2613 2346 antiquitus
2636 2275 2712 2330 ibi
2738 2275 3025 2331 reconditi
3050 2275 3394 2331 invenerunt
3422 2293 3437 2342 ;
3460 2273 3529 2331 de

1887 2378 2003 2434 quo
2038 2378 2180 2420 auro
2216 2379 2317 2419 rex
2349 2363 2500 2419 idem
2535 2368 2738 2435 postea
2781 2364 3064 2421 ciborium
3106 2378 3370 2434 magnum
3405 2361 3528 2419 fieri

1888 2452 2250 2523 diversisque
2280 2452 2527 2522 gemmis
2556 2452 2826 2508 exornari
2861 2452 3209 2524 precipiens,
3250 2452 3436 2508 voluit
3467 2450 3533 2506 il-

1888 2539 1987 2596 lud
2004 2540 2072 2574 ⁷²⁷
2087 2540 2528 2597 Hierosolimam
2545 2542 2615 2596 ad
2631 2542 3007 2607 sepulchrum
3032 2541 3253 2597 Domini
3274 2542 3527 2611 mittere,

1886 2630 1984 2685 sed
2019 2645 2149 2686 cum
2189 2630 2296 2686 hoc
2344 2629 2626 2699 perficere
2676 2645 2787 2685 non
2838 2630 3148 2700 potuisset,
3176 2629 3355 2699 jussit
3387 2628 3529 2687 illud

1889 2718 2019 2789 poni
2051 2733 2222 2788 supra
2256 2733 2472 2788 corpus
2522 2718 2671 2773 beati
2724 2719 2771 2772 M
2813 2718 2978 2773 rcelli
3028 2718 3286 2773 martiris
3327 2716 3381 2771 in
3434 2717 3533 2772 Ca-

1888 2805 2101 2861 billona
2125 2807 2365 2862 civitate
2385 2806 2622 2877 sepulti,
2648 2806 2983 2877 diciturque
3004 2806 3163 2863 aliud
3186 2805 3320 2862 huic
3342 2803 3532 2860 simile

1886 2910 1998 2951 non
2032 2895 2296 2951 inveniri.

1958 2982 2983 3055 (G.1%.)Hilpericusautemaccepft
3009 2997 3244 3040 uxorem
3272 2983 3534 3041 Audevo-

1886 3086 2029 3141 ram,
2064 3087 2191 3143 qua:
2224 3074 2448 3144 peperit
2472 3078 2530 3128 et
2565 3079 2685 3128 tres
2722 3072 2889 3141 filios,
2915 3058 3399 3139 Theodebertum,
3428 3074 3538 3130 Me-

1889 3176 2124 3218 roveum
2154 3167 2210 3217 et
2242 3162 2609 3218 Clodoveum.
2639 3162 2981 3217 Heribertus
3011 3176 3148 3218 vero
3180 3162 3347 3218 duxit
3370 3163 3535 3233 lngo-

1888 3251 2142 3320 bergam.
2181 3250 2319 3317 Quae
2342 3267 2471 3307 cum
2504 3251 2744 3306 haberet
2778 3252 2924 3306 duas
2957 3249 3182 3322 puellas
3210 3250 3378 3307 nimis
3407 3250 3535 3322 pul-

1886 3339 2079 3409 chras,
2113 3339 2414 3408 cujusdam
2450 3340 2723 3411 pauperis
2757 3339 2922 3409 filias,
2952 3355 3051 3395 rex
3076 3340 3129 3395 in
3155 3353 3408 3396 amorem
3441 3354 3539 3396 ea-

1890 3443 2015 3484 rum
2041 3430 2416 3484 vehementer
2439 3428 2680 3484 exarsit.
2709 3428 2863 3495 Quas
2888 3443 3015 3485 cum
3043 3429 3243 3499 regina
3275 3422 3409 3485 odio
3438 3428 3539 3486 ha-

1891 3514 2076 3585 beret,
2113 3529 2217 3570 rex
2248 3515 2434 3572 iratus
2462 3531 2586 3571 eam
2617 3516 2852 3586 abjecit,
2886 3521 2943 3570 et
2996 3530 3162 3571 unam
3212 3529 3285 3571 ex
3325 3514 3444 3572 illis
3476 3515 3534 3572 in

1888 3603 2221 3674 conjugium
2255 3604 2523 3676 sumpsit,
2548 3604 2756 3660 deinde
2788 3604 3031 3659 alteram
3057 3619 3288 3674 quoque
3308 3604 3419 3659 sibi
3442 3618 3538 3660 co-

1892 3691 2136 3763 pulavit.
2165 3694 2277 3747 Pro
2310 3708 2420 3763 qua
2440 3708 2503 3750 re
2526 3709 2655 3750 cum
2681 3698 2921 3749 sanctus
2945 3692 3264 3747 Germanus
3286 3691 3537 3747 Parisio-

1896 3794 2021 3836 rum
2036 3781 2352 3851 episcopus
2367 3789 2653 3852 utrosque
2667 3781 3219 3850 excommunicaret,
3236 3784 3293 3835 et
3311 3794 3412 3835 rex
3426 3780 3536 3838 hoc

1892 3869 2324 3938 parvipendens
2346 3885 2471 3925 eam
2499 3886 2611 3926 non
2636 3871 2979 3939 dimitteret,
3004 3882 3286 3940 percussa
3318 3867 3418 3923 Dei
3446 3869 3561 3939 ju-'

1894 3956 2066 4025 dicio,
2090 3962 2317 4013 mortua
2338 3963 2446 4028 est,
2466 3974 2569 4015 nec
2594 3960 2776 4015 multo
2804 3964 2934 4032 post
2957 3974 3060 4014 rex
3083 3958 3205 4030 ipse
3224 3956 3537 4015 defunctus

1893 4048 2003 4099 est.
2039 4044 2220 4099 Porro
2252 4044 2580 4113 Sigihertus
2612 4061 2715 4101 rex
2747 4048 2950 4103 videns
2982 4045 3298 4117 nequitiam
3333 4044 3537 4103 fratris

1895 4131 2008 4200 sui,
2030 4129 2381 4201 dedignatus
2400 4132 2541 4188 talia
2567 4133 3216 4205 conjugia,legationem
3240 4135 3297 4191 in
3320 4135 3541 4208 Hyspa-

1895 4222 2045 4277 niam
2078 4220 2254 4290 misit,
2291 4226 2565 4292 regisque
2615 4221 2789 4275 filiam
2838 4222 3235 4281 Brunihildem
3276 4223 3446 4294 petiit
3478 4229 3539 4281 et

1897 4309 2148 4380 accepit,
2183 4308 2432 4380 puellam
2468 4308 2769 4379 pulchram
2800 4313 2857 4364 et
2891 4311 3251 4379 ingeniosam
3278 4314 3371 4378 ;et
3404 4312 3540 4382 quia

1899 4399 2157 4455 Arrianae
2180 4397 2292 4467 legi
2318 4396 2577 4465 subjecta
2598 4400 2746 4462 erat,
2768 4395 2824 4451 in
2857 4398 3085 4456 nomine
3114 4404 3332 4456 sanctae
3360 4400 3545 4459 Trini-

1901 4487 2040 4544 tatis
2062 4500 2186 4544 eam
2216 4484 2499 4556 baptizari
2517 4482 2760 4553 jubebat
2786 4497 2895 4549 ;ex
2917 4497 3028 4553 qua
3053 4486 3231 4543 tilium
3258 4486 3546 4547 Hildiber-

133 4556 298 4658 vero,
319 4556 559 4658 regnum
585 4585 769 4657 patris
784 4581 1164 4641 suiClotharii
1181 4556 1513 4653 possidens,
1531 4556 1788 4635 Sucssio-
1816 4556 1870 4618 D
1899 4582 2021 4634 tum
2052 4575 2433 4646 suscipiebat.
2465 4572 2561 4627 His
2583 4570 2949 4641 temporibus
2972 4578 3215 4630 sanctus
3235 4573 3536 4634 Columba-

138 4677 227 4735 nis
260 4676 460 4735 sedem
492 4674 731 4747 posuit;
764 4673 1092 4743 Sigihertus
1119 4675 1312 4726 autem
1344 4683 1581 4740 regnum
1612 4668 1789 4723 Theo-

140 4765 345 4836 derici,
362 4764 596 4824 scilicet
610 4762 993 4831 Austrasiam,
1011 4759 1278 4829 sortitus,
1296 4759 1447 4829 apud
1473 4758 1787 4813 Metensem

141 4856 442 4913 civitatem
496 4851 660 4924 regni
694 4854 886 4908 sedem
917 4849 986 4884 ⁷⁸⁸
1019 4849 1252 4906 locavit.
1290 4848 1479 4919 (PAUL.
1514 4846 1669 4903 Duc.
1705 4860 1787 4915 ιιι,

1900 4682 2010 4725 nus
2039 4667 2110 4722 de
2143 4664 2413 4721 llibernia
2447 4662 2499 4717 in
2533 4659 2772 4717 Galliam
2805 4658 2984 4728 venit,
3009 4674 3180 4731 quem
3213 4661 3545 4731 Sigihertus

1902 4770 2007 4812 rex
2029 4754 2274 4825 benigne
2293 4751 2576 4824 suscepit.
2604 4748 2931 4821 l-l.lpericus
2954 4754 3170 4820 autem,
3198 4750 3378 4806 frater
3400 4751 3546 4825 Sigi-

1905 4844 2077 4912 berti,
2100 4844 2303 4900 videns
2325 4858 2456 4900 cum
2479 4839 2653 4912 regali
2686 4838 2899 4910 conjug
2925 4852 2959 4895 ο
2988 4838 3383 4909 sublimatum,
3409 4856 3543 4902 cum

141 4948 253 5015 33.)
287 4945 368 5002 Ex
402 4923 620 5014 quibus
651 4942 1062 4997 Guntrammus
1096 4953 1199 4994 rex
1242 4936 1517 5009 paciﬁcus
1548 4941 1605 4989 et
1636 4933 1790 4991 omni
1898 4931 2014 5003 jam
2041 4932 2238 5004 plures
2255 4931 3019 4998 uxoresbaberet,sororem
3037 4923 3546 5015 Brunihildisnatu

143 5034 406 5091 bonitate
439 5029 753 5087 laudabilis
776 5036 922 5099 erat,
952 5029 1245 5099 vitamque
1271 5027 1325 5081 in
1350 5022 1794 5081 conversatione

142 5128 348 5180 sancta
381 5121 638 5178 ducebat
666 5135 682 5184 ;
715 5119 881 5187 cujus
911 5132 1086 5174 unum
1118 5118 1333 5172 factum
1368 5112 1630 5169 mirabile
1661 5112 1795 5167 huic

142 5213 305 5287 operi
338 5211 540 5285 placet
572 5207 851 5264 inserere.
880 5206 1141 5272 Quodam
1164 5211 1429 5276 tempore
1462 5202 1596 5258 dum
1628 5215 1798 5259 vena-

1907 5020 2202 5092 majorem,
2225 5021 2451 5078 nomine
2484 5018 2899 5085 Geltsuindam,
2920 5016 2974 5071 in
2996 5013 3325 5085 conjugium
3350 5016 3543 5091 petiit,

1909 5111 2258 5182 promittens
2284 5124 2385 5180 per
2408 5109 2652 5178 legatos,
2669 5120 2869 5163 omnes
2889 5104 3031 5161 alias
3052 5116 3337 5161 uxoresse
3352 5102 3549 5162 dimis-

1909 5214 2129 5257 surum.
2159 5199 2281 5265 Qua
2306 5199 2662 5270 desponsata
2680 5202 2892 5255 etcum
2915 5193 3114 5251 multis
3137 5192 3432 5266 thesauris
3453 5205 3552 5251 ac-

1500 5350 1739 5409 νΑΡιιΔε
1782 5350 2180 5407 LECTIONES.

204 5493 275 5536 ⁷⁸³
307 5495 484 5560 codd.
513 5493 680 5552 modo
708 5490 971 5563 hildebg,
1000 5488 1168 5548 modo
1193 5484 1447 5563 bilde_b._;
1476 5483 1645 5563 modo
1681 5483 1850 5563 δέξω.
1882 5481 2051 5563 mod?
2082 5480 2269 5563 sigeb.
2303 5478 2582 5563 Priorem
2604 5478 2971 5549 scriptmam
2994 5490 3072 5535 ea:
3094 5476 3379 5549 plu/rimis
3413 5475 3556 5536 locis

134 5550 753 5646 raetpifmtu‘ductus
778 5570 827 5621 δ.
905 5550 975 5596 πε
1002 5575 1051 5620 ε.
1084 5576 1131 5617 r.
1168 5564 1216 5615 δ.
1295 5556 1364 5591 πο
1397 5550 1559 5614 deest
1582 5559 1634 5611 δ.
1711 5550 1779 5588 τῖτ
1810 5569 1865 5609 v.
1899 5553 1969 5610 ad
2001 5550 2157 5608 iher.’
2178 5550 2323 5606 illud
2354 5550 2425 5605 ad
2448 5553 2525 5607 9c.
