3898 6298
175 250 283 315 725

1024 245 1465 311 CHRONICA.
1504 280 1577 294 -
1607 244 2087 313 CHRONICON
2131 250 2680 318 UNIVERSALE.

3439 251 3558 318 726

170 384 404 445 nudatos
426 382 740 441 deseruere
761 380 1008 456 pedites,
1031 396 1179 453 quos
1202 381 1373 438 Gothi
1400 396 1530 438 mox
1552 381 1799 439 cireum-
1827 384 1882 445 A
1911 384 2370 457 stantinopolim,
2425 387 2522 444 ubi
2571 391 2713 445 tunc
2743 388 3061 461 Dominica,
3093 405 3242 447 uxor
3270 388 3550 461 Valentis,

173 474 466 543 dederunt,
483 486 549 528 ac
562 471 906 541 sagittarum
936 471 1187 528 nubibus
1212 470 1321 526 huc
1340 473 1395 525 et
1420 470 1555 528 illuc
1582 472 1803 542 fugien-

170 571 253 622 tes
265 564 605 620 obruerunt.
628 561 649 616 I
658 574 759 630 pse
776 574 1005 631 quoque
1027 560 1344 632 imperator
1356 558 1534 616 Valen
1556 563 1800 631 :sagitta

169 650 455 710 sauciatus
476 652 534 704 et
559 648 612 703 in
640 648 831 718 fugam
866 663 1090 716 versus,
1121 662 1251 705 cum
1276 648 1350 705 ob
1375 647 1608 704 nimium
1643 647 1802 704 dolo-

168 754 277 797 rem
308 738 377 794 de
408 752 559 808 equo
583 735 907 806 laberetur,
934 737 988 792 in
1016 736 1352 793 vilissimam
1375 750 1570 793 casam
1593 737 1801 809 depor-

168 833 335 897 tatur,
386 825 509 896 ubi,
551 824 752 881 Gothis
798 824 1348 896 supervenientibus
1396 825 1701 897 ipsumque
1730 823 1799 858 τυ

168 917 238 973 ibi
268 914 684 984 nescientibus,
718 914 848 984 igne
884 914 1160 985 imposito
1190 919 1617 985 concrematur,
1651 929 1800 971 anno

166 1007 288 1063 vitae
316 1004 385 1040 ⁷⁸⁸
415 1009 531 1075 δοο,
568 1004 731 1075 regni
779 1010 972 1061 autem
1004 1009 1119 1074 15°,
1154 1019 1400 1075 quorum
1436 1010 1492 1061 11
1531 1004 1794 1074 regnavit

164 1111 282 1154 cum
306 1096 508 1164 fratre,
534 1096 568 1150 4
585 1098 717 1166 post
743 1092 924 1150 illum.
951 1095 1117 1150 Justo
1142 1093 1339 1165 itaque
1362 1092 1460 1149 Dei
1478 1092 1701 1162 judicio
1724 1092 1796 1149 ab

164 1184 270 1241 illis
289 1184 402 1253 igni
426 1186 725 1239 crematus
744 1187 854 1252 est,
877 1196 1026 1253 quos
1046 1181 1171 1253 ipse
1197 1181 1454 1254 perfidiae
1478 1181 1796 1240 succende—

165 1278 243 1330 rat
291 1272 438 1342 igne.
495 1272 676 1327 Antea
726 1270 940 1343 quippe
988 1270 1329 1341 petentibus
1382 1270 1583 1326 Gothis
1614 1275 1678 1327 ut
1710 1270 1795 1328 eis

164 1362 409 1418 mitteret
444 1359 850 1432 predieatores
880 1363 940 1415 et
970 1362 1261 1429 doctores,
1298 1359 1394 1430 qui
1424 1374 1526 1416 eos
1552 1358 1795 1416 catholi-

160 1466 272 1508 cam
296 1450 460 1506 fidem
483 1449 868 1519 instruerent,
894 1448 1050 1505 misit
1072 1449 1347 1506 Arrianos
1367 1450 1659 1517 doctores,
1682 1449 1793 1506 sic-

162 1555 262 1611 que
286 1538 467 1595 omnis
490 1537 589 1593 illa
612 1552 757 1607 gens
780 1538 1023 1594 Arriana
1044 1538 1193 1594 facta
1215 1542 1323 1594 est.
1353 1539 1575 1594 Mortuo
1595 1542 1790 1595 autem

161 1628 408 1696 Valente,
449 1626 621 1684 Gothi
648 1626 765 1697 jam
796 1626 990 1683 securi
1026 1632 1277 1698 pergunt
1308 1626 1379 1683 ad
1413 1627 1615 1683 urbem
1647 1626 1790 1681 Con-

1914 474 2185 540 sedebat;
2221 490 2347 546 quae
2379 490 2448 531 ex
2480 476 2688 532 mrario
2725 477 2961 548 publico
3003 478 3217 549 premia
3252 478 3397 534 bene
3428 492 3555 536 eer-

1913 563 2175 622 tantibus
2242 566 2520 638 prebens,
2590 569 2793 625 urbem
2869 568 3120 623 viriliter
3180 567 3546 636 defendebat.

1912 651 2124 724 (Ηιεκ.)
2158 654 2274 711 Sub
2297 653 2385 711 his
2414 656 2780 728 temporibus
2814 655 3163 728 Apollinaris
3195 654 3552 713 Laodicenus

1910 742 2227 814 episcopus
2265 742 2447 801 multa
2490 753 2706 803 nostra:
2747 745 3046 816 religionis
3074 747 3291 815 scripta
3322 757 3554 815 compo-

1912 830 2056 898 suit;
2091 831 2185 902 qui
2215 838 2419 905 postea
2443 832 2682 891 devians
2705 847 2734 889 a
2759 832 2891 903 fide,
2916 832 3165 889 heresim
3190 831 3277 889 sui
3304 829 3551 887 nominis

1912 919 2184 977 instituit.
2222 920 2364 987 Quia
2386 920 2456 954 ⁷⁸⁷
2481 938 2617 978 vero
2641 921 2957 978 Gothorum
2982 920 3199 977 mentio
3224 934 3335 975 non
3361 917 3549 975 solum

1908 1006 1963 1063 in
1986 1008 2093 1064 hoc
2118 1007 2245 1066 loco
2269 1010 2451 1065 sedet
2479 1010 2531 1065 in
2557 1010 3013 1082 preeedeutibus
3037 1023 3174 1081 sepe
3206 1012 3297 1065 est
3327 1006 3545 1077 habita,

1905 1100 1963 1151 et
1983 1096 2038 1153 in
2057 1099 2440 1168 sequentibus
2460 1099 2658 1170 sepius
2673 1096 3037 1168 habendam,
3056 1112 3166 1153 non
3190 1096 3546 1167 superfluum

1904 1183 2159 1254 videtur,
2186 1185 2233 1243 si
2260 1185 2329 1243 de
2351 1187 2576 1257 origine
2599 1202 2801 1244 eorum
2826 1186 3004 1243 altius
3026 1186 3096 1242 ab
3121 1184 3287 1241 initio
3321 1188 3548 1256 repeta-

1903 1274 2019 1341 tur,
2047 1276 2104 1327 et
2130 1273 2226 1342 qui
2251 1278 2348 1329 aut
2374 1274 2523 1330 unde
2545 1278 2767 1344 essent,
2801 1288 2970 1344 quam
2995 1270 3337 1327 brevissime
3365 1269 3547 1326 veris-

1902 1359 2164 1431 simeque
2197 1365 2409 1433 potest,
2437 1362 2529 1418 hic
2552 1361 2771 1433 aliquid
2799 1362 3106 1429 inseratur,
3133 1359 3265 1431 quia
3289 1363 3346 1415 et
3371 1355 3542 1427 lluni,

1905 1448 2001 1519 qui
2033 1463 2136 1506 eos
2166 1449 2237 1506 de
2271 1451 2512 1507 sedibus
2553 1452 2674 1508 suis
2713 1451 3010 1521 expulisse
3041 1450 3395 1517 referuntur,
3431 1444 3545 1503 ori-

1899 1537 2091 1607 ginem
2138 1554 2212 1595 ex
2261 1538 2350 1596 his
2398 1540 2651 1596 traxisse
2702 1540 2994 1608 dicuntur,
3057 1537 3257 1610 Gepidi
3315 1549 3543 1607 quoque

1904 1630 2221 1683 Amazones
2250 1641 2321 1683 ex
2353 1627 2440 1684 eis
2472 1628 2829 1701 processisse
2852 1628 3144 1698 leguntur.

1327 1776 1744 1838 HYSTORIA
1787 1774 2249 1838 GOTHORUM
2290 1777 2361 1811 7"

224 1914 427 1983 aeno.)
458 1910 740 1969 Claudius
766 1910 1159 1981 Ptholomeus,
1185 1912 1347 1968 orbis
1372 1916 1545 1968 terrae
1569 1911 1789 1969 descri-
1818 1912 1869 1970 Β
1901 1911 2021 1967 Kal.
2056 1912 2325 1982 Augusti,
2361 1911 2517 1983 quod
2545 1913 2601 1968 in
2632 1912 2840 1969 diebus
2868 1910 3022 1968 circa
3055 1909 3317 1967 aestivale
3346 1907 3541 1966 solsti-

158 2006 248 2074 pto
268 2001 559 2070 egregius,
585 2000 764 2057 refert
785 2000 839 2055 in
861 1999 1118 2057 secundo
1139 2001 1224 2057 sui
1246 2001 1445 2072 operis
1464 2001 1636 2070 libro,
1661 2014 1789 2057 esse

156 2091 205 2146 in
245 2090 435 2146 oceani
478 2090 668 2145 arctoi
708 2087 832 2145 salo
875 2088 1118 2145 insulam
1168 2090 1454 2160 quandam
1502 2103 1787 2159 magnam,

156 2179 365 2235 nomine
406 2178 732 2247 Seanziam,
778 2178 835 2233 in
879 2177 1110 2233 modum
1154 2178 1273 2233 folii
1317 2179 1465 2234 eetri
1509 2177 1789 2234 lateribus

155 2266 344 2339 pandis
383 2280 486 2338 per
533 2265 768 2335 longum
813 2264 1069 2335 ductam,
1124 2281 1293 2336 quam
1336 2272 1393 2322 et
1433 2266 1789 2338 Pomponius

155 2355 278 2413 Mela
302 2356 352 2411 in
378 2356 561 2412 maris
582 2355 710 2411 sinu
742 2355 973 2411 Codano
1006 2355 1252 2426 positam
1288 2357 1490 2428 refert,
1522 2356 1691 2425 cujus
1715 2356 1790 2411 ri-

157 2460 249 2517 pas
271 2444 450 2501 influit
473 2458 757 2501 oceanus.
790 2445 922 2501 Haec
946 2458 975 2500 a
1002 2443 1193 2501 fronte
1219 2445 1407 2515 posita
1430 2450 1521 2501 est
1547 2443 1787 2502 Vistula

156 2534 404 2601 fluminis,
449 2533 555 2604 qui
599 2532 936 2589 Sarmaticis
986 2532 1283 2590 montibus
1323 2538 1512 2603 ortus,
1558 2534 1614 2589 in
1655 2548 1789 2589 con-

155 2626 339 2693 spectu
362 2620 625 2677 Scanziae
646 2620 1091 2692 septentrionali
1115 2635 1333 2677 oceano
1354 2621 1645 2678 trisulcus
1668 2620 1789 2677 illa-

152 2708 313 2778 bitur,
356 2708 725 2765 Germaniam
770 2707 1181 2780 Scythiamque
1222 2709 1638 2765 determinans.
1683 2700 1786 2763 Ubi

148 2797 303 2851 etiam
321 2796 448 2853 aliae
469 2794 977 2869 pluresminsulaa
999 2790 1283 2854 dieuutur’
1292 2811 1427 2853 esse
1447 2796 1787 2876 dispositae;

149 2885 210 2941 ad
246 2900 381 2956 quas
418 2886 465 2943 si
515 2885 823 2955 congelato
864 2885 1007 2941 mari
1044 2886 1119 2941 ob
1161 2885 1397 2942 nimium
1441 2885 1624 2955 frigus
1667 2882 1787 2955 lupl

153 2973 502 3041 transierint,
535 2972 851 3030 luminibus
883 2973 1148 3030 feruntur
1178 2973 1416 3045 privari.
1448 2974 1533 3029 Ita
1558 2988 1671 3030 non
1698 2988 1790 3030 so-

1898 2000 2050 2058 cium
2083 2004 2139 2057 in
2168 2001 2502 2073 vespertina
2536 2001 2674 2058 hora
2706 2000 3025 2058 abscondat
3050 2014 3113 2056 se
3135 1997 3241 2067 sol,
3266 1996 3542 2054 occidens

1901 2090 2067 2159 quasi
2120 2095 2249 2162 post
2299 2090 2602 2162 parvulum
2654 2089 2958 2159 tumulum,
3011 2088 3092 2145 ita
3121 2092 3183 2144 ut
3217 2087 3273 2143 in
3306 2084 3540 2141 minimo

1901 2178 2002 2234 illo
2049 2179 2242 2250 spatio
2290 2178 2464 2236 nichil
2515 2178 2615 2234 flat
2661 2179 3057 2246 tenebrarum,
3108 2176 3210 2232 sed
3261 2170 3537 2246 quicquid

1900 2268 2070 2324 homo
2101 2268 2334 2339 operari
2365 2267 2639 2337 voluerit,
2675 2272 2947 2338 tanquam
2979 2266 3035 2321 in
3067 2263 3363 2337 presentia
3395 2260 3538 2318 solis

1902 2357 2120 2428 possit;
2162 2361 2222 2413 et
2254 2355 2300 2414 si
2334 2356 2389 2412 in
2422 2355 2733 2412 altitudine
2765 2355 3043 2411 montium
3074 2352 3334 2423 ejusdem
3366 2357 3539 2406 terra:

1901 2445 2168 2515 fuissent,
2212 2444 2455 2502 forsitan
2488 2444 2577 2501 sol
2608 2457 2900 2515 nunquam
2933 2444 3019 2499 eis
3052 2441 3325 2498 latuisset
3355 2437 3444 2493 ⁷⁸⁸.
3479 2439 3537 2494 lu

1901 2533 2091 2590 medio
2130 2539 2324 2591 autem
2365 2533 2557 2604 spatio
2598 2532 2758 2589 illius
2790 2531 3007 2587 minimi
3042 2528 3320 2601 temporis
3351 2524 3538 2582 media

1900 2636 2014 2679 nox
2043 2623 2107 2679 fit
2128 2622 2184 2679 in
2207 2621 2396 2678 medio
2426 2625 2716 2678 terrarum
2744 2620 2921 2677 orbis.
2958 2619 3067 2676 Sed
3098 2623 3155 2675 et
3190 2619 3398 2674 beatus
3430 2616 3542 2670 Au-

1898 2711 2171 2781 gustinus
2220 2709 2274 2765 in
2328 2710 2639 2777 sententia,
2675 2724 2804 2779 quae
2836 2709 2891 2763 in
2920 2706 3342 2766 aeeclesiastice
3375 2704 3438 2758 fit
3468 2701 3538 2759 de

1900 2800 2048 2869 sole,
2082 2799 2152 2855 de
2184 2798 2406 2856 ambitu
2437 2797 2581 2854 solis
2613 2796 2751 2853 dicit
2789 2797 2897 2865 (De
2918 2795 3132 2853 Genesi
3154 2794 3256 2850 lib.
3284 2808 3319 2849 ι.
3348 2792 3534 2863 Opera

1899 2888 1990 2945 ed.
2026 2889 2271 2946 Froben.
2316 2888 2409 2956 Ill,
2443 2902 2498 2957 p.
2531 2886 2656 2957 506)
2688 2905 2700 2941 :
2732 2884 3040 2944 Australis
3069 2897 3206 2954 ergo
3231 2895 3378 2953 pars
3405 2895 3537 2937 cum

1900 2976 2080 3035 liabet
2102 2976 2301 3046 solem,
2330 2975 2498 3033 nobis
2526 2974 2654 3032 dies
2682 2975 2802 3045 est;
2830 2988 2960 3032 cum
2991 2973 3189 3030 autem.
3209 2970 3292 3027 ad
3298 2971 3537 3043 partem

148 3061 249 3118 lum
293 3062 631 3119 hominibus
680 3061 1065 3133 inbospitales
1111 3077 1311 3119 verum
1361 3063 1536 3119 etiam
1580 3062 1785 3122 bestiis
1894 3069 2201 3139 aquilonis
2231 3069 2526 3126 circuiens
2549 3065 2919 3137 pervehitur,
2952 3061 3119 3119 nobis
3142 3076 3259 3117 ηοω
3280 3062 3537 3131 est,-non

153 3158 309 3209 terra
338 3156 483 3209 sunt.
515 3149 807 3208 crudeles.
843 3152 902 3207 In
928 3151 1166 3207 Seanzia
1195 3166 1341 3208 vero
1366 3150 1552 3208 insula
1585 3151 1783 3208 multm
1895 3158 2091 3214 tamen
2110 3158 2178 3214 in
2196 3156 2329 3212 alia
2337 3154 2519 3226 parte
2537 3158 2754 3210 nonest
2774 3152 2921 3221 dies,
2947 3150 3049 3208 ubi
3068 3149 3372 3219 prudntia
3389 3146 3537 3206 solis

145 3245 194 3295 et
223 3239 461 3297 diversas
514 3245 748 3296 manent
778 3239 1064 3309 nationes,
1100 3254 1343 3310 quarum
1376 3245 1597 3312 septem
1629 3254 1781 3297 com-
1810 3262 1859 3325 ο
1892 3246 1997 3316 est,
2029 3245 2155 3303 nisi
2177 3244 2346 3316 forte
2378 3243 2627 3316 poeticis
2650 3240 2964 3314 ﬁgmentis
2995 3254 3093 3298 cor
3121 3236 3537 3295 inclinandum

146 3332 401 3385 memorat
434 3327 850 3395 Ptholomeus;
882 3342 954 3384 ex
986 3329 1200 3399 quibus
1231 3341 1343 3384 una
1376 3328 1531 3384 dicta
1565 3328 1779 3398 Adogit
1828 3324 1841 3325 ί
1890 3334 1996 3404 εει,
2030 3335 2102 3391 ut
2122 3333 2434 3392 credamus
2480 3332 2662 3388 solem
2705 3329 2866 3388 mari
2895 3341 2957 3386 se
2984 3329 3327 3397 immergere
3354 3324 3538 3395 atque

143 3416 191 3474 in
229 3423 418 3475 arctoa
472 3421 640 3489 parte
679 3416 938 3487 ejusdem
977 3416 1184 3473 insulae
1223 3416 1518 3487 consistit,
1564 3431 1691 3488 quas
1724 3416 1780 3472 in
1886 3422 2027 3481 inde
2043 3421 2227 3479 totum
2244 3434 2319 3477 az
2336 3420 2468 3477 alia
2473 3419 3530 3491 partemanesm-gere;guamguam,

144 3506 310 3562 media
350 3510 570 3564 aestate
601 3508 669 3562 40
709 3506 916 3562 diebus
956 3508 1013 3561 et
1054 3506 1328 3563 noctibus
1367 3504 1555 3563 lucem
1597 3504 1782 3562 conti-
1887 3512 1944 3569 si
1964 3512 2058 3570 ita
2078 3509 2244 3579 esset,
2265 3508 2519 3580 abgssus
2538 3509 2674 3579 ipsa
2693 3506 2840 3565 solis
2862 3504 3171 3577 presentia
3198 3501 3537 3560 illustrare-

143 3608 295 3651 nuam
328 3595 529 3651 fertur
561 3595 795 3664 habere,
838 3594 1094 3665 itemque
1135 3594 1327 3651 medio
1361 3594 1607 3652 brumali
1641 3597 1783 3650 tem-
1892 3600 1991 3657 tur
2020 3600 2203 3671 αιᾳπισ
2228 3596 2316 3654 ibi
2344 3597 2471 3655 dies
2498 3596 2682 3665 esset;
2695 3594 2904 3666 posset
2927 3595 3085 3651 enim
3104 3592 3371 3663 etaguas
3396 3587 3537 3649 illu-

143 3697 272 3754 pore
293 3684 503 3742 eodem
528 3682 755 3740 dierum
785 3683 1162 3754 noctiumque
1194 3698 1454 3754 numero,
1489 3683 1780 3742 alternato
1887 3690 2137 3756 minare,
2172 3686 2411 3759 quando
2438 3683 2513 3741 ab
2537 3686 2624 3741 eis
2643 3681 2711 3716 7"
2730 3695 2846 3738 non
2869 3680 3069 3751 posset
3094 3677 3404 3750 extingui;
3433 3676 3539 3734 sed

148 3786 380 3831 moerere
400 3787 538 3831 cum
560 3771 792 3843 gaudio,
826 3770 1043 3828 claram
1073 3771 1260 3829 lucem
1294 3773 1539 3830 nescire.
1577 3775 1645 3829 Et
1672 3774 1783 3831 hoc

147 3860 267 3919 inde
293 3862 474 3932 venit,
512 3861 646 3932 quia
670 3860 1092 3932 prolixioribus
1120 3860 1329 3919 diebus
1357 3876 1458 3934 per
1480 3862 1605 3919 axis
1637 3878 1783 3920 mar-

145 3949 322 4019 ginem
362 3950 551 4008 solem
592 3949 789 4006 vident
832 3948 1174 4007 redeuntem
1211 3951 1280 4007 ad
1313 3951 1617 4023 orientem,
1655 3952 1784 4009 bre-

145 4037 396 4096 vioribus
426 4052 574 4095 vero
604 4053 719 4094 non
743 4038 829 4095 sic
851 4038 1002 4110 apud
1027 4037 1158 4095 illos
1180 4039 1561 4110 conspicitur,
1600 4044 1664 4097 ut
1687 4055 1785 4098 au-

148 4126 351 4184 strales
378 4126 728 4199 conspicere
758 4131 1131 4184 censuerunt.
1167 4127 1344 4184 Nobis
1369 4128 1519 4183 enim
1551 4128 1785 4186 videtur

145 4215 223 4271 sol
254 4217 323 4273 ab
358 4216 474 4273 imo
508 4229 774 4285 surgere,
820 4215 940 4271 illis
979 4230 1117 4271 vero
1157 4215 1474 4286 marginem
1508 4216 1780 4274 circuire.

144 4300 250 4359 Nec
296 4303 406 4362 hoc
458 4301 636 4360 alicui
688 4303 1031 4360 incredibile
1080 4303 1367 4374 videatur,
1398 4304 1529 4375 quia
1561 4304 1783 4364 Plinius

144 4390 219 4463 (ll,
259 4408 318 4450 c.
364 4395 482 4465 75),
538 4392 894 4450 secularium
943 4392 1379 4450 eruditissimus
1427 4392 1779 4466 litterarum,

143 4480 337 4538 eodem
368 4481 499 4539 fleri
528 4481 699 4538 modo
722 4481 778 4537 in
802 4480 992 4538 insula
1022 4481 1180 4537 Thile
1208 4486 1467 4538 testatur
1488 4483 1642 4540 circa
1669 4483 1786 4541 sol-

1890 3774 1997 3833 Itoc
2022 3773 2462 3831 monstruosum
2491 3771 2580 3826 est
2618 3768 2939 3839 suspicari.

1964 3861 2177 3933 (lenm)
2208 3859 2334 3917 Alia
2368 3871 2598 3930 quoque
2617 3870 2761 3927 gens
2783 3855 2861 3910 ibi
2883 3858 2993 3924 est,
3020 3867 3147 3923 quia
3170 3852 3431 3908 Suehans
3453 3851 3536 3907 di-

1892 3950 2067 4020 citur,
2101 3948 2269 4019 cujus
2300 3946 2493 4017 gentis
2524 3944 2786 4001 homines
2816 3942 2984 4013 equis
3017 3944 3262 3998 utuntur
3284 3938 3533 4009 eximiis,

1892 4041 1949 4095 et
1983 4037 2037 4093 hi
2069 4041 2201 4095 sunt
2236 4035 2329 4107 qui
2364 4034 2418 4090 in
2456 4048 2595 4090 usus
2626 4034 2911 4089 Romanos
2944 4028 3293 4102 Sapherinas
3327 4026 3533 4099 pelles,

1894 4123 2244 4184 commercio
2277 4124 2723 4191 interveniente,
2750 4135 2853 4193 per
2874 4118 3021 4176 alias
3045 4118 3379 4174 innumeras
3400 4129 3539 4186 gen-

1892 4221 1986 4272 tes
2009 4213 2441 4283 transmittunt,
2477 4210 2681 4267 famosi
2705 4211 2913 4266 decora
2938 4206 3175 4280 pellium
3208 4202 3532 4275 nigredine.

1896 4305 1960 4361 Hi
1981 4303 2049 4338 ⁷⁸³
2072 4319 2202 4361 cum
2226 4303 2428 4374 inopes
2454 4301 2668 4370 vivant,
2701 4298 2991 4356 ditissime
3016 4295 3365 4353 vestiuntur.
3394 4295 3540 4350 Sunt

1896 4394 1973 4449 ibi
1996 4400 2055 4449 et
2080 4391 2324 4462 Suetidi,
2348 4390 2566 4461 cogniti
2592 4389 2645 4445 in
2670 4389 2777 4446 hac
2799 4390 2995 4459 gente,
3027 4383 3270 4456 reliquis
3289 4397 3539 4455 corpore

1893 4482 2328 4551 eminentiores,
2356 4478 2621 4551 quamvis
2636 4477 2800 4547 Dani,
2822 4492 2895 4533 ex
2913 4475 3175 4548 ipsorum
3201 4471 3388 4544 stirpe
3413 4485 3542 4542 pro-

143 4568 368 4626 sticinm
397 4568 663 4627 aastivale
695 4575 756 4625 et
788 4568 1049 4626 brumale
1078 4567 1372 4640 aliquibus
1403 4575 1628 4628 tantum
1663 4572 1782 4628 die-
1814 4566 1864 4624 Ι)
1893 4570 2104 4640 gressi,
2132 4568 2378 4626 Herulos
2405 4566 2660 4639 propriis
2678 4566 2919 4623 sedibus
2948 4561 3303 4635 expulerint,
3336 4558 3435 4630 qui
3459 4558 3542 4615 in-

145 4656 264 4714 bus.
327 4657 496 4724 Quod
543 4662 600 4714 et
651 4657 1006 4714 venerabilis
1065 4657 1216 4714 Beda
1274 4660 1637 4730 comprobat,
1700 4660 1784 4716 di-
1892 4664 1986 4716 ter
2017 4673 2215 4715 omnes
2245 4656 2499 4713 Scauziae
2531 4655 2799 4710 nationes
2830 4665 3038 4709 nomen
3062 4648 3538 4721 sibiprecipuum

139 4755 273 4803 cens
298 4744 450 4817 (226)
479 4745 589 4803 sibi
625 4744 843 4803 dictum
878 4744 1055 4802 fuisse
1083 4760 1114 4802 a
1148 4746 1499 4816 quibusdam
1522 4747 1780 4817 clericis,
1893 4750 1968 4804 ob
2000 4747 2233 4804 nimiam
2269 4744 2681 4817 proceritatem
2714 4740 2992 4797 affectant
3020 4735 3108 4793 7“.

143 4831 235 4902 qui
266 4833 323 4890 in
356 4833 560 4891 eadem
588 4832 780 4890 insula
815 4834 1049 4890 fuerunt
1081 4849 1112 4889 a
1142 4832 1263 4889 Kal.
1303 4835 1467 4891 Febr.
1504 4850 1688 4907 usque
1711 4836 1783 4892 ad
1965 4838 2049 4893 Ex
2088 4837 2194 4892 hac
2228 4833 2405 4905 igitur
2438 4830 2677 4888 Seanzia
2712 4827 2921 4899 insula,
2958 4840 3133 4896 quam
3165 4824 3262 4881 alii
3292 4822 3543 4879 Scanda-

1495 4950 1731 5007 VARIA‘]
1772 4952 2067 5008 LECTION
2072 4951 2170 5007 ES.

207 5050 275 5085 ⁷⁸⁸
307 5052 494 5125 ipsum
517 5059 591 5111 9°.
670 5052 740 5087 πο
771 5068 823 5110 v.
849 5067 951 5111 sue
974 5059 1023 5109 δ.
1049 5059 1124 5110 9ο.
1202 5053 1271 5089 τ⁸τ
1298 5054 1577 5112 Historia
1600 5055 1925 5116 Gothorum
1947 5055 2111 5113 deest
2128 5057 2205 5123 E;
2223 5055 2291 5111 in
2311 5055 2408 5110 D1.
2434 5064 2570 5125 vero
2588 5044 3171 5125 inrguaternionibus
3190 5040 3535 5125 ΧΙΙξ-ΠΙΙ.

132 5122 264 5199 jam
293 5115 700 5199 deficientibus
728 5125 1058 5199 separatim
1097 5126 1504 5199 scriptaerat.
1538 5127 1617 5199 [gi
1640 5129 1692 5184 2.
1727 5130 1835 5199 qui
1855 5128 2132 5198 plurima
2154 5115 2363 5199 omisit
2401 5124 2602 5199 omnia
2629 5115 2767 5199 jam
2796 5120 2939 5199 inge
2967 5132 3007 5176 a
3039 5115 3307 5199 ρετῡὶεὲ
3314 5116 3541 5172 Mortuo

143 5185 332 5266 autem
354 5185 851 5266 'Yaleutegomissa
878 5196 1035 5251 sunt.
1114 5195 1184 5229 ⁷³⁸
1214 5185 1303 5252 est
1333 5198 1390 5252 h-
1424 5202 1474 5252 δ.
1552 5195 1621 5229 ⁷⁸⁸
1653 5185 1997 5255 ϐοἱιὴοῖ-ιιιη
2026 5203 2076 5253 5.
2154 5195 2225 5228 ⁷⁶⁰
2256 5209 2426 5265 quam
2451 5185 2649 5266 plures
2675 5197 2751 5249 9°.
2829 5189 2897 5224 7“
2930 5196 2967 5246 I.
3000 5189 3087 5246 eis
3110 5194 3161 5245 5.
3237 5185 3307 5221 7"
3337 5201 3391 5257 q.
3428 5200 3538 5242 non

142 5278 198 5333 p.
231 5264 304 5320 ab
334 5264 423 5321 eis
454 5270 500 5322 5.
578 5265 648 5299 ⁷⁸³
677 5266 756 5321 hii
792 5271 841 5321 5.
876 5268 1113 5337 sapius.
1192 5266 1260 5300 7“
1294 5267 1570 5324 affectent
1600 5271 1649 5325 4.
1688 5273 1772 5325 10.
1807 5268 2099 5325 afileetent
2129 5271 2206 5323 9°.

1744 5372 1947 5430 NOTAE
1961 5414 1976 5430 .

196 5465 363 5547 .(229)
389 5467 528 5547 ﬁsco
558 5465 814 5547 in_Beda=.
845 5467 1374 5547 Operibusfrustra
1407 5469 1719 5547 quaeri,se‘d
1751 5472 1809 5528 in
1922 5470 2321 5544 Lappenberg.
2359 5463 2589 5522 Archiv.
2625 5480 2702 5537 Vl,
2737 5481 2791 5538 p.
2826 5468 2932 5523 890
2968 5460 3261 5523 adnotavit
3330 5530 3337 5537 η

148 5533 354 5595 Dicuili
389 5536 559 5607 libro.
597 5541 676 5596 De
710 5533 976 5597 mensura
1010 5539 1173 5599 orbis
1199 5556 1297 5612 vn,
1331 5545 1384 5612 2,
1418 5533 1469 5611 ὁ,
1505 5533 1639 5613 legi,
1668 5544 1785 5615 jam
