3898 6328
391 279 505 344 ’727

391 509 556 568 flcina
587 509 864 579 gentium,
900 511 1001 564 aut
1029 513 1191 565 certe
1219 508 1380 565 velut
1407 524 1438 564 e
1472 509 1674 578 vagina
1712 509 2028 578 nationum,

392 598 638 656 diversa;
671 599 938 654 nationes
965 612 1220 663 egressae
1254 603 1410 662 sunt,
1441 598 1600 662 Dani,
1629 600 1782 668 Daci,
1811 599 2030 668 Heruli,

389 686 557 758 Rugi,
577 686 912 756 Turcilingi,
933 687 1218 754 Wandali,
1239 687 1364 742 Win
1393 687 1428 742 h
1451 687 1544 756 qui
1567 693 1625 742 et
1648 687 2030 756 Longohardi,

389 779 447 834 et
479 775 536 832 hi
571 777 668 846 qui
713 779 912 846 postea
955 775 1399 844 Burgundiones
1439 775 1578 831 dicti
1621 780 1778 844 sunt,
1813 779 1871 831 et
1905 775 2034 830 alite

390 864 586 922 multae
611 865 875 922 barbara:
900 863 1186 918 nationes.
1225 863 1438 935 (Jonn.)
1469 865 1546 920 Ex
1578 864 1777 921 eadem
1804 879 2035 936 quoque

387 970 515 1012 cum
547 967 682 1024 rege
713 969 816 1010 suo
851 953 1080 1010 nomine
1120 953 1326 1010 Berich
1367 953 1556 1022 Gothi,
1594 955 1689 1024 qui
1721 960 1780 1012 et
1811 955 2031 1025 Gethae,

385 1043 672 1116 quondam
714 1047 1108 1098 memorantur
1151 1043 1372 1111 egressi
1413 1058 1540 1099 cum
1583 1045 1772 1099 tribus
1812 1050 2032 1100 tantum

387 1133 649 1189 navibus.
678 1131 786 1188 Sed
813 1131 908 1202 qui
938 1133 988 1187 in
1018 1147 1126 1190 una
1151 1137 1315 1188 erant
1341 1133 1493 1201 navi,
1515 1133 1939 1201 aliquantulum
1965 1131 2035 1166 ’⁷⁸⁵

393 1225 453 1278 ut
489 1221 612 1278 ﬁeri
653 1222 826 1292 solet,
868 1221 1176 1286 tardiores,
1211 1238 1338 1278 cum
1382 1222 1528 1278 alios
1562 1222 1724 1290 sequi
1762 1237 1872 1278 non
1914 1237 2039 1291 pos-

393 1315 544 1383 sent,
577 1311 630 1366 in
656 1311 940 1382 quandam
971 1311 1212 1368 Vistulze
1247 1311 1498 1367 ﬂuminis
1529 1310 1772 1366 insulam
1805 1311 2042 1366 venien'

392 1406 484 1459 tes
507 1417 814 1473 quousque
837 1401 1106 1458 meliores
1131 1401 1454 1456 invenirent
1481 1401 1672 1470 sedes,
1703 1402 1776 1456 ibi
1807 1403 2038 1458 resede-

393 1496 552 1561 runt,
599 1505 920 1560 nomenque
972 1491 1128 1560 genti
1171 1505 1239 1547 ex
1279 1491 1558 1545 tarditate
1603 1505 1703 1544 sua
1747 1491 2036 1548 dederunt.

393 1578 608 1651 (Ibid,
641 1595 690 1638 c.
731 1581 818 1648 17)
859 1581 994 1635 Nam
1040 1579 1233 1647 lingua
1276 1593 1472 1634 eorum
1507 1580 1741 1650 pizr'tia
1777 1581 2032 1649 Gepanta

394 1669 630 1734 dicitur,
665 1670 905 1740 ipsaque
927 1684 1070 1734 gens
1095 1675 1288 1736 postea
1324 1667 1597 1735 pau'atim
1623 1671 1904 1738 corrupto
1939 1685 2035 1725 no-

1545 276 2030 344 EKKEHARDI
2071 276 2639 343 URAUGIENSIS

391 419 614 478 naviam
645 417 845 478 dicunt
875 419 1068 491 (PAUL.
1101 419 1256 476 Duc.
1294 433 1332 489 ι,
1361 421 1412 476 2.
1451 417 1530 476 Cf.
1564 433 1613 475 c.
1649 419 1722 490 l),
1755 418 1918 488 quasi
1953 419 2029 474 of-
2061 417 2117 478 A
2152 417 2494 474 Marsianum
2529 416 2831 486 dilatatur,
2857 428 3044 486 usque
3069 411 3140 471 ad
3163 413 3484 472 Danubium
3517 422 3762 480 montem'

3659 281 3757 347 τις

2150 523 2261 578 que
2291 510 2558 568 Τειιιινιιιῃ,
2586 523 2695 562 ηοη
2725 507 2882 564 illum
2910 506 3058 561 Asite
3081 505 3179 560 sed
3205 505 3498 576 propriu'n
3524 508 3755 582 Scythiae,

2151 615 2252 670 per
2275 613 2498 653 omnem
2525 597 2792 654 Meotidis
2816 596 3114 658 ambitum,
3147 598 3312 662 cuius
3334 595 3562 666 paludis
3582 597 3756 658 circulo

2145 687 2330 745 tus'm
2353 692 2441 744 est
2475 702 2748 756 passuum
2781 686 2934 742 mille
2965 689 3196 740 centum
3230 687 3315 749 44,
3352 698 3620 753 nusquam
3647 697 3753 747 octo

2147 778 2363 835 cubitis
2396 777 2573 833 altius
2603 775 2986 832 subsidentis.
3016 776 3076 829 In
3103 788 3210 844 qua
3243 773 3474 844 Scythia
3507 777 3671 846 prima
3699 781 3755 837 ab

2147 867 2450 923 occidente
2471 881 2614 935 gens
2634 871 2726 920 est
2749 864 3254 934 Gepidorum,qua3
3282 864 3500 934 magnis
3515 865 3756 936 opinatis-

2151 972 2260 1027 que
2295 957 2549 1012 ambitur
2600 954 2952 1016 fluminibus,
2983 951 3363 1008 introrsus‘m
3407 954 3672 1021 Datiaest,
3699 958 3754 1015 ad

2147 1061 2378 1102 coronre
2409 1045 2664 1117 Speciem
2699 1045 2898 1100 arduis
2935 1043 3176 1112 Alpibus
3208 1043 3496 1109 emunita;
3525 1043 3642 1101 dein
3672 1061 3756 1117 per

2151 1135 2426 1192 immensa
2470 1135 2658 1205 spatia
2701 1133 3069 1190 Venetiarum
3104 1131 3262 1188 natio
3297 1132 3567 1202 populosa
3597 1135 3756 1191 consi-

2151 1226 2268 1290 det,
2297 1241 2538 1294 quorum
2562 1224 2786 1279 nomina
2813 1223 2946 1280 licet
2969 1237 3117 1277 nunc
3141 1236 3241 1290 per
3259 1222 3452 1278 varias
3474 1222 3694 1279 familias.
3709 1230 3756 1281 et

2150 1313 2272 1370 lora
2309 1318 2627 1381 mutentur,
2664 1311 3066 1384 principaliter
3103 1316 3214 1366 tam
3257 1327 3290 1366 n
3326 1311 3581 1368 Selaveni
3612 1315 3755 1372 nomi-

2150 1409 2382 1459 nantur.
2435 1403 2623 1458 Prima
2675 1417 2814 1458 vero
2849 1401 3068 1456 mansio
3113 1401 3428 1457 Gothorum
3458 1401 3511 1456 in
3544 1403 3753 1472 Scythiae

2151 1491 2272 1546 solo
2299 1490 2586 1557 fuitjuxta
2625 1489 2888 1558 paludem
2925 1488 3246 1552 Mentidem,
3281 1487 3528 1544 secunda
3551 1488 3600 1544 in
3623 1490 3752 1547 Misia

2149 1580 2463 1648 Traciaque
2487 1586 2545 1635 et
2569 1578 2750 1636 Datin.
2780 1577 2958 1632 tercia
2985 1591 3160 1645 supra
3191 1591 3348 1632 mare
3372 1576 3669 1633 l’onticum.
3699 1580 3753 1634 Et

2152 1666 2283 1722 dum
2313 1668 2364 1722 in
2393 1667 2572 1736 prima
2597 1665 2915 1732 sedcjusta
2944 1665 3248 1722 Meotidem
3286 1665 3621 1722 habitarent.
3653 1666 3753 1722 Fili-

394 1758 544 1814 mine
566 1773 632 1814 ex
658 1758 800 1814 vitio
828 1757 1123 1812 tarditatis
1150 1758 1287 1827 Grpi
1319 1757 1496 1811 lorum
1533 1757 1876 1813 vocabulum
1913 1773 2034 1812 sor-
2064 1775 2118 1835 B
2154 1771 2364 1811 morem
2395 1771 2583 1818 regem
2610 1755 2959 1814 habuerunt,
2987 1754 3042 1808 in
3062 1753 3340 1810 secunda.
3365 1754 3416 1810 id
3439 1755 3591 1810 estin
3610 1755 3752 1813 Misim

392 1847 559 1903 titur.
587 1847 748 1912 Quod
771 1847 953 1918 ipsum
976 1861 1078 1901 nec
1098 1846 1276 1901 credo
1303 1845 1703 1910 falsissimum;
1729 1851 1859 1901 sunt
1882 1847 2032 1902 enim

395 1935 625 2005 ingenio
653 1934 944 1990 tardiores
965 1939 1022 1989 et
1046 1933 1354 1990 velocitate
1378 1949 1683 2006 corporum
1709 1936 2030 2004 graviores.

395 2025 476 2094 (C.
506 2027 538 2080 4
560 2026 713 2096 sqq.)
749 2022 857 2079 Alii
895 2038 1030 2080 vero
1063 2023 1158 2094 qui
1187 2023 1239 2078 in
1267 2023 1492 2079 duabus
1522 2029 1688 2078 erant
1724 2039 1849 2079 mox
1875 2029 1938 2079 ut
1959 2025 2038 2079 ci-

392 2113 670 2170 teriorem
714 2113 912 2168 oceani
948 2113 1127 2183 ripam
1162 2112 1506 2178 attigerunt,
1543 2127 1746 2168 nomen
1785 2113 1909 2168 loco
1941 2113 2037 2168 de-

391 2201 626 2261 derunt.
653 2201 748 2271 qui
774 2201 1082 2270 hodieque,
1111 2206 1168 2258 ut
1198 2202 1402 2261 fertur,
1435 2201 1838 2256 Gothiscanzia
1870 2217 2038 2257 voca-

391 2294 508 2346 tur.
539 2290 676 2346 lnde
698 2305 819 2345 mox
845 2294 1267 2360 promoventes,
1293 2289 1360 2344 ad
1384 2289 1824 2357 Ulmerugorum
1847 2291 2032 2353 sedes,

395 2377 491 2449 qui
537 2381 676 2434 tunc
722 2378 920 2433 oceani
969 2377 1122 2449 ripas
1172 2378 1534 2444 insillerunt,
1588 2384 1784 2434 castra
1836 2379 2036 2434 metati

395 2467 552 2533 sunt,
595 2479 836 2534 eosque,
880 2465 1192 2520 commisso
1230 2465 1433 2536 pra-lio
1501 2467 1752 2536 prepriis
1799 2467 2037 2524 S(dlb'lS

396 2551 770 2625 expulerunt,
814 2554 1150 2624 vicinosque
1187 2569 1386 2608 eorum
1428 2553 1741 2609 Wandalos
1774 2561 1910 2612 tunc
1947 2571 2040 2610 su-

396 2641 724 2712 bjugantes.
748 2642 872 2698 suis
895 2642 1157 2698 victoriis
1177 2641 1636 2712 applicaverunt.
1667 2643 1771 2698 Ubi
1795 2659 1931 2698 vero
1947 2643 2034 2714 7“,

396 2744 600 2798 magna
626 2730 823 2802 populi
852 2732 1272 2786 numerositate
1295 2737 1620 2798 crescente,
1659 2733 1896 2801 quintus
1921 2733 2038 2802 jam

398 2831 542 2890 pene
584 2833 684 2875 rex
713 2821 857 2890 'post
899 2819 1098 2875 Berich
1141 2821 1441 2888 regnabat,
1490 2819 1738 2886 Filimcr,
1773 2822 2039 2877 Gatlarici

399 2907 580 2974 Magni
626 2907 796 2978 filius,
841 2908 1142 2965 consilium
1187 2908 1369 2979 dedit,
1405 2913 1465 2964 ut
1496 2924 1622 2964 cum
1659 2909 1889 2965 familiis
1922 2911 2043 2968 suis

397 2994 714 3052 Gothorum
742 2997 874 3052 inde
895 2996 964 3030 ⁷⁸⁷
993 3001 1356 3066 promoveret
1383 2997 1700 3053 exeritus.
1729 2997 1832 3064 Qui
1863 2999 2042 3070 aptis-

397 3082 572 3139 simas
603 3084 770 3140 sedes
799 3083 1043 3154 locaque
1067 3085 1200 3140 dum
1227 3090 1500 3154 quereret
1527 3100 1804 3154 congrua,
1842 3101 2044 3157 perve-

2150 1845 2480 1914 Trarimqnc
2497 1849 2556 1899 et
2575 1844 2752 1898 Datim
2777 1843 2916 1904 seio,
2939 1843 3268 1909 Zalmoxen,
3293 1858 3460 1914 quem
3481 1843 3626 1900 mira
3647 1845 3753 1916 phy-

2151 1933 2430 2002 losophize
2468 1939 2527 1987 et
2564 1932 2914 1989 eruditionis
2954 1932 3129 1988 fuisse
3167 1937 3486 1988 testantur.
3527 1931 3750 2003 Plerique

2151 2028 2342 2079 autem
2385 2023 2706 2092 seriplOres
2747 2021 3036 2078 annalium
3077 2021 3318 2077 tradunt
3361 2037 3464 2078 eos
3500 2021 3643 2092 prius
3676 2020 3751 2076 ha-

2103 2170 2106 2174 ,
2151 2111 2345 2167 buisse
2369 2111 2726 2168 eruditorem
2747 2112 3000 2176 lentem,
3025 2114 3224 2180 postea
3252 2109 3560 2172 Dicineum,
3581 2109 3751 2180 quive-

2149 2201 2234 2255 nit
2257 2199 2326 2254 ad
2352 2215 2454 2255 eos
2479 2215 2546 2256 eo
2570 2205 2832 2270 tempore
2856 2215 2968 2268 quo
2993 2199 3142 2270 Sylla
3178 2201 3439 2256 Romano
3466 2198 3749 2269 principatu

2147 2291 2374 2360 potitus
2403 2293 2514 2350 est,
2550 2294 2682 2358 post
2710 2290 3002 2343 Dicineum
3035 2287 3318 2344 habuisse
3347 2287 3644 2360 sapientem
3673 2289 3753 2342 Co-

2149 2379 2451 2438 mos‘cum,
2480 2379 2575 2447 qui
2602 2382 2844 2447 prepter
2868 2393 3029 2432 suam
3060 2377 3338 2446 periciam
3361 2381 3421 2432 rt
3446 2392 3539 2433 rex
3560 2376 3658 2432 illis
3675 2375 3750 2432 ha-

2152 2468 2391 2522 beretur
2420 2471 2477 2522 et
2514 2466 2790 2532 pontilex,
2827 2470 3095 2534 quartum
3121 2480 3263 2521 vero
3289 2465 3550 2522 habuisse
3573 2463 3747 2521 Zalmo-

2149 2571 2277 2612 χρη.
2299 2557 2411 2610 Nec
2431 2556 2742 2611 defuerunt
2763 2555 2856 2621 qui
2881 2569 2980 2610 eos
2999 2555 3284 2622 sapientia
3308 2553 3746 2618 erudirent;unde

2150 2647 2209 2697 et
2257 2657 2403 2712 pune
2449 2640 2519 2674 ⁷⁷⁸
2559 2641 2826 2698 omnibus
2876 2640 3142 2696 barbaris
3191 2641 3360 2697 Gothi
3412 2640 3750 2710 sapientiores

2151 2732 2507 2786 exstiterunt
2553 2731 2864 2798 Greeisque
2910 2745 3053 2800 pene
3098 2729 3342 2794 similes,
3377 2735 3436 2787 ut
3469 2730 3631 2785 refert
3653 2729 3748 2798 Dio,

2154 2820 2248 2890 qui
2281 2819 2575 2891 hystorias
2603 2818 2954 2888 annalrsque
2979 2833 3177 2874 eorum
3206 2820 3389 2874 Greco
3415 2817 3545 2874 stilo
3567 2830 3752 2886 compo-

2153 2908 2300 2973 suit;
2322 2908 2413 2975 qui
2437 2907 2610 2963 etiam
2633 2906 2771 2963 dicit
2793 2922 2894 2963 eos
2915 2907 3161 2978 primum
3176 2903 3750 2976 Tarahnsteos,deinde

2153 2996 2435 3051 Pilleatos
2458 2995 2751 3051 vocitasse
2777 2996 2880 3051 hos
2901 2995 2995 3065 qui
3020 2995 3172 3050 inter
3195 3009 3300 3052 eos
3323 2995 3578 3066 generosi
3600 2998 3751 3050 exsta-

2156 3087 2292 3141 hant
2313 3083 2401 3151 77‘,
2428 3100 2500 3139 cx
2533 3084 2743 3154 quibus
2776 3100 2945 3151 reges
2971 3090 3030 3140 et
3060 3084 3403 3142 sacerdotes
3432 3083 3534 3142 sibi
3565 3083 3751 3140 ordina-

401 3133 570 3139 ---νη
603 3133 769 3140 ---η
799 3133 1042 3154 --ηΊη
1071 3133 1200 3140 η---
1229 3133 1499 3154 .,_---__-_
1531 3133 1804 3154 -.,..,_,..,_,
1961 3133 2000 3141 .,
2387 3133 2401 3151 ,
2432 3133 2500 3139 ν--
2536 3133 2742 3154 νην-.
2777 3133 2892 3151 _-,,,.
2917 3133 2944 3140 _
2975 3133 3030 3140 _-
3060 3133 3402 3142 -__--------
3433 3133 3534 3142 -._-
3569 3133 3731 3140 --ηπ

401 3171 570 3228 nitad
593 3172 840 3241 Scythiae
859 3177 1071 3242 terras,
1094 3188 1221 3232 ante
1243 3172 1434 3241 lingua
1457 3188 1658 3230 eorum
1685 3133 1930 3230 Ovim"m
1949 3190 2042 3232 vo-
2073 3133 2120 3196 C‘
2156 3175 2311 3228 bant.
2367 3172 2526 3228 Adeo
2566 3187 2706 3240 ergo
2746 3172 2964 3229 laudati
3001 3173 3160 3230 fuere
3195 3173 3416 3241 Gethae,
3447 3177 3506 3230 ut
3533 3173 3748 3236 Martem,

398 3259 701 3316 rebantur.
735 3265 740 3271 '
779 3261 830 3316 bi
853 3260 1184 3317 delectatus
1206 3276 1403 3330 magna
1427 3262 1695 3318 ubertate
1717 3263 2037 3332 regionum,

401 3361 503 3418 per
544 3352 774 3418 pontem
818 3351 1179 3420 transposuit
1209 3349 1530 3407 exercitum
1567 3351 1716 3408 ultra
1755 3352 2039 3422 quendam

399 3434 657 3491 ﬂuvium.
714 3437 1020 3494 Medietatc
1071 3443 1262 3494 autem
1311 3439 1610 3496 exercitus
1660 3441 2036 3510 transposita,

401 3536 569 3595 pons,
604 3523 699 3580 ubi
725 3538 946 3581 amnem
972 3525 1304 3596 trajecerat,
1337 3526 1556 3585 dicitur
1579 3527 2043 3599 irreparabihter

398 3611 714 3682 corruisse,
753 3627 856 3670 nec
889 3613 1136 3672 ulterius
1169 3615 1330 3672 licuit
1356 3617 1470 3688 jam
1503 3617 1674 3674 alicui
1709 3617 1792 3672 ire
1823 3623 1924 3674 aut
1956 3633 2045 3676 re-

403 3699 547 3756 dire.
574 3701 709 3756 Nam
731 3702 984 3773 15100118,
1009 3709 1072 3760 ut
1095 3704 1294 3773 fertur,
1326 3705 1590 3762 tremulis
1616 3705 1924 3776 paludibus
1949 3722 2042 3764 vo-

404 3788 600 3858 ragine
625 3790 997 3860 circumiecta
1021 3793 1418 3860 concluditur,
1448 3809 1614 3864 quem
1642 3799 1888 3864 utraque
1912 3809 2044 3852 con-

402 3877 626 3934 fusione
639 3883 845 3936 natura
865 3881 1050 3938 reddit
1067 3882 1430 3954 impervium.
1448 3883 1853 3940 Verumtamen
1873 3883 2042 3942 hodie

401 3963 522 4023 illic
539 3973 598 4022 et
615 3982 790 4025 voces
810 3975 1206 4028 armentorum
1226 3971 1415 4029 audiri
1435 3976 1494 4026 et
1517 3971 1569 4026 in
1599 3973 1724 4028 licia
1750 3973 2041 4030 hominum

400 4052 778 4126 deprehendi,
795 4060 1238 4116 commeantium
1255 4059 1578 4130 attestatio,
1599 4061 1861 4130 quamvis
1876 4060 2042 4132 longe

401 4142 780 4212 audientium,
813 4145 961 4202 solet
987 4149 1314 4218 perhibere.
1343 4148 1406 4203 Hi
1431 4163 1590 4219 ergo,
1618 4149 1712 4219 qui
1737 4150 1890 4219 apud
1915 4151 2044 4206 Fili-

401 4244 522 4288 mer
551 4230 824 4290 dicuntur
847 4235 900 4290 in
925 4244 1117 4294 terras
1142 4236 1303 4293 Ovim
1327 4251 1561 4293 emenso
1586 4251 1750 4293 amne
1779 4243 2044 4310 transpo-

399 4318 520 4389 siti,
563 4325 764 4393 Optato
804 4323 972 4395 potiti
1016 4324 1163 4393 solo,
1198 4324 1333 4382 ilico
1365 4325 1436 4381 ad
1469 4330 1700 4396 gentem
1737 4325 2038 4398 Spalorum

399 4407 736 4477 adveniunt,
795 4417 1185 4484 consertaque
1234 4413 1454 4485 petelio,
1509 4413 1811 4471 vic’oriam
1861 4415 2044 4486 adipi-

2154 3277 2318 3332 qucm
2343 3267 2641 3333 poetarum
2667 3262 2812 3319 fallax
2840 3263 2888 3319 ia
2911 3262 3080 3318 deum
3103 3262 3242 3319 belli
3264 3257 3748 3335 pronunciat,apud

2153 3365 2215 3408 se
2236 3351 2496 3407 dicereut
2519 3351 2696 3407 fuisse
2719 3352 3106 3422 progenitum.
3136 3352 3298 3408 Unde
3322 3349 3464 3408 dicit
3485 3347 3747 3418 Virgilius:

2225 3439 2672 3509 Gradivumque
2695 3441 2926 3510 patrem
2956 3441 3184 3500 Geticis
3205 3442 3314 3510 qui
3326 3438 3584 3512 preside!
3599 3436 3748 3493 arvis.

2153 3528 2330 3595 Quem
2364 3529 2599 3584 Martem
2633 3529 2800 3584 Gothi
2845 3543 3075 3599 semper
3123 3529 3442 3599 asperrima
3494 3527 3750 3598 placavere

2152 3617 2402 3682 cultura,
2430 3617 2659 3674 scilicet
2678 3622 2861 3674 morte
2879 3617 3271 3688 captivorum,
3295 3617 3589 3689 opinantes
3610 3611 3750 3670 bello-

2152 3719 2276 3762 rum
2296 3706 2589 3778 presu‘em
2613 3713 2748 3777 apte
2767 3703 2837 3740 ⁷⁷⁸
2855 3707 3104 3762 humano
3125 3707 3407 3774 sanguine
3433 3701 3746 3777 placandum.

2154 3795 2268 3849 Hac
2304 3794 2499 3864 itaque
2527 3795 2665 3850 sede
2700 3795 3064 3851 morantibus
3101 3795 3326 3864 Gothis,
3359 3795 3448 3866 qui
3483 3798 3535 3850 et
3563 3789 3748 3861 Scytha

2153 3881 2294 3938 dicti
2321 3889 2478 3952 sunt,
2502 3884 2752 3940 Vesoces
2777 3899 2878 3940 rex
2898 3883 3147 3956 Egypti,
3175 3885 3273 3955 qui
3293 3883 3542 3956 regnavit
3563 3895 3623 3938 eo
3638 3883 3751 3935 tem-

2155 3985 2298 4042 pore
2338 3987 2450 4042 quo
2490 3975 2796 4029 Sosarmus
2829 3973 3137 4044 imperavit
3175 3974 3432 4044 Assyriis
3459 3977 3516 4028 et
3545 3965 3747 4024 Inachus

2155 4060 2458 4131 Sycioniis,
2479 4061 2689 4116 bellum
2717 4061 2939 4133 primus
2963 4061 3154 4118 intulit
3180 4062 3406 4130 Gothis,
3423 4059 3620 4132 quibus
3640 4060 3747 4112 tunc

2152 4155 2277 4206 erat
2301 4165 2401 4206 rex
2419 4151 2719 4220 Tanausis,
2743 4151 2840 4221 qui
2859 4151 3046 4208 eidem
3065 4166 3389 4209 occurrens
3405 4162 3630 4217 eumque
3648 4157 3747 4213 81⁵³·

2151 4240 2306 4294 vitor
2329 4238 2648 4308 dehellans,
2677 4255 2860 4312 usque
2885 4241 2938 4296 in
2960 4242 3266 4311 [Egyptum
3291 4239 3506 4309 fugavit
3529 4236 3695 4306 (Osos.
3715 4245 3743 4298 ιι

2156 4330 2264 4400 14),
2314 4328 2657 4384 destitutum
2705 4329 3030 4386 exercitum
3081 4329 3306 4387 invadit
3333 4328 3421 4400 ⁷⁷⁸,
3455 4332 3745 4392 omnemque

2157 4415 2290 4471 belli
2323 4423 2664 4488 apparatum
2688 4417 2968 4488 capessit,
2994 4431 3059 4474 ac
3086 4423 3266 4474 totam
3294 4417 3586 4488 Egyptum
3611 4409 3745 4465 deva-

400 4500 665 4566 scuntur.
701 4499 918 4556 Exinde
963 4501 1078 4572 jam
1129 4499 1292 4557 velut
1329 4501 1588 4559 victores
1617 4505 1684 4558 ad
1720 4508 2040 4560 extremam
2070 4495 2127 4558 D
2155 4509 2396 4573 stasset,
2422 4505 2468 4561 si
2494 4505 2738 4576 paludes
2755 4505 2990 4562 Nilinon
3009 4506 3396 4564 obstitissent.
3425 4504 3550 4560 inde
3567 4492 3742 4556 reversi

401 4582 650 4656 Scythia:
684 4592 905 4658 partem
939 4604 1068 4660 quae
1097 4590 1283 4646 Ponto
1317 4591 1454 4646 mari
1489 4591 1675 4648 vicina
1699 4595 1811 4661 est,
1840 4608 2044 4665 prepe-

399 4677 550 4742 rant,
577 4677 1060 4745 quemadmodum
1081 4681 1138 4732 ct
1160 4677 1213 4734 in
1238 4679 1448 4750 priscis
1465 4695 1662 4737 eorum
1687 4681 2044 4738 carminibus

401 4774 546 4833 pene
569 4761 864 4832 hystorico
885 4763 1000 4820 ritu
1021 4763 1075 4820 in
1095 4779 1398 4823 commune
1419 4768 1775 4838 eelelmtur,
1797 4774 1856 4824 et
1877 4769 2043 4824 Abla-

401 4861 548 4919 vnus,
585 4849 916 4922 dcscriptor
955 4853 1270 4910 Gothorum
1301 4855 1496 4926 gentis
1532 4858 1825 4928 egregius,
1862 4857 1982 4912 veri
2001 4875 2042 4912 ς-

399 4936 544 4995 sima
585 4942 844 4998 testatur
885 4942 1176 5014 hystoria;
1219 4943 1275 5000 in
1319 4959 1489 5016 quam
1523 4945 1873 5002 sententiam
1906 4961 2043 5002 non.

398 5026 908 5086 nulliconsensere
928 5031 1228 5104 majorum,
1245 5047 1465 5104 eosque
1486 5033 1728 5104 Scythas
1743 5034 2041 5106 appellare

396 5124 770 5204 censuerunt.
798 5118 1030 5192 Scythia
1056 5120 1345 5194 siquidem
1367 5120 1436 5155 7”
1458 5122 1776 5180 Germaniae
1795 5124 2040 5181 conﬁnis

397 5208 512 5274 est,
546 5208 790 5263 eotenus
811 5207 909 5264 ubi
932 5209 1082 5266 lster
1101 5208 1172 5245 ττο
1191 5209 1400 5268 ﬂuvius
1429 5211 1620 5268 oritur
1649 5212 1741 5268 vel
1769 5217 2038 5282 stagnum

2157 4593 2346 4661 Gothi,
2381 4607 2604 4648 omnem
2639 4608 2783 4666 pene
2808 4595 3021 4664 Asiam,
3047 4595 3292 4651 infinitis
3313 4594 3558 4652 caedibus
3580 4583 3744 4660 perdo-

2157 4681 2374 4749 mitam,
2405 4682 2749 4752 vectigalem
2786 4683 3066 4751 feccrunt,
3105 4683 3199 4739 ubi
3233 4699 3338 4755 per
3368 4687 3434 4739 15
3459 4691 3619 4736 annos
3643 4671 3742 4728 sine

2158 4773 2423 4840 pactione
2453 4771 2762 4840 immorati,
2795 4771 3029 4826 tandem
3063 4787 3304 4828 uxorum
3331 4767 3742 4840 ﬂagitationere-

2155 4865 2454 4928 vocantur,
2490 4858 2984 4928 denunciantium,
3018 4859 3074 4914 ni
3110 4859 3370 4928 redeant,
3395 4871 3455 4913 se
3476 4871 3501 4912 a
3529 4845 3740 4908 finitimis

2154 4946 2410 5003 sobolem
2437 4946 2790 5018 quesituras.
2830 4948 3017 5012 (Jonn.
3040 4963 3090 5003 c.
3118 4949 3194 5019 7.)
3227 4948 3342 5002 Hoc
3365 4949 3546 5002 autem
3567 4933 3736 5009 spatio.

2155 5050 2266 5108 quo
2297 5035 2406 5092 viri
2439 5036 2781 5092 commorati
2807 5043 2939 5092 sunt
2972 5036 3026 5092 in
3059 5039 3214 5107 Asna,
3253 5036 3468 5094 feminae
3499 5031 3736 5086 illoruma

2152 5125 2341 5182 vicina
2367 5122 2611 5195 quadam
2635 5128 2805 5194 gente
2831 5124 3255 5197 templanturin
3275 5123 3476 5196 preda;
3500 5117 3588 5176 sed
3606 5111 3734 5170 illata

2152 5213 2295 5270 Viris
2310 5213 2434 5270 suis
2446 5213 2691 5284 edoctae,
2713 5213 2964 5285 sumptis
2978 5214 3174 5285 armis,
3201 5200 3737 5271 fortiterrestitcrunt

1761 5336 1996 5393 VARle
2041 5337 2438 5394 LECTIONES.

467 5432 537 5468 ⁷⁸⁵
561 5434 926 5515 aliquantum
957 5443 1007 5515 ll-
1053 5472 1057 5477 -
1086 5436 1155 5515 "_“
1184 5424 1430 5515 θιᾘρρο.
1507 5440 1576 5475 ⁷⁸⁷
1608 5443 1846 5515 deestg,
1903 5441 1994 5515 7⁸⁸
2021 5443 2257 5515 oium_;5_.
2292 5443 2368 5515 et_
2393 5443 2486 5500 ita
2531 5443 2725 5515 infra.
2797 5441 2873 5515 7⁸³
2904 5441 3136 5515 quidem
3167 5445 3260 5515 δᾴ
3295 5427 3735 5515 ττθιῒιὶξῐθιχῦηξιξ·

401 5506 519 5561 ster
550 5509 600 5561 4.

399 5566 466 5604 ⁷⁷⁸
498 5574 710 5632 invasit
739 5575 790 5631 4.
825 5581 900 5632 9ο.

703 5503 1071 5586 "exercitus
1241 5498 1310 5541 ’ἴθ’
1335 5498 1634 5568 introrsus
1653 5498 1756 5568 5.“
1781 5498 1851 5548 ⁷⁷⁸
1871 5498 2247 5572 deest—57""
2277 5498 2614 5571 existebant
2634 5498 2698 5572 ιζ’
2714 5498 3044 5572 existebant
3067 5517 3124 5569 9°
3194 5509 3264 5547 ⁷⁷⁸
3293 5513 3424 5586 apto
3443 5513 3512 5565 9°.
3537 5498 3727 5562 dm“-
