3898 6316
136 309 246 373 ’729

1005 307 1445 377 CHRONICA.
1482 348 1561 361 —-
1588 310 2065 378 CHRONICON
2108 314 2651 380 UNIVERSALE.

3418 314 3538 382 780

137 445 453 517 hostesque
500 443 980 517 supervenientes
1028 461 1156 502 cum
1193 461 1391 517 magna
1424 448 1775 506 verecundia
1810 451 1862 510 A
1895 450 2149 506 revocati
2176 450 2469 521 leguntur,
2497 450 2723 509 illarum
2746 452 3090 509 veromariti
3117 453 3327 525 partim
3353 452 3526 523 bello,

137 539 480 607 abegeruut.
517 536 678 592 Unde
728 535 961 605 quidam
1022 536 1246 607 (ωηο.)
1307 537 1620 609 opinantur
1677 540 1780 595 has

138 627 313 684 fuisse
339 639 471 695 quae
514 628 834 681 Amazones
852 625 1160 690 dicuntur;
1199 627 1296 681 sed
1321 626 1420 681 hoc
1455 641 1780 697 repugnare

134 715 388 785 videtur,
423 713 581 784 quod
614 713 816 769 harum
848 712 954 769 viri
992 719 1119 785 post
1150 719 1212 769 15
1243 728 1423 771 annos
1460 717 1530 770 ab
1560 716 1778 773 eisdem

1892 540 2099 611 partim
2120 542 2191 595 ab
2218 540 2360 611 ipsis
2382 541 2557 596 occisi
2574 542 2933 598 scribuntur.
2964 544 3312 598 Amazonum
3335 547 3528 599 autem

1889 629 2053 698 origo
2081 629 2409 699 hujusmodi
2431 629 2610 686 fuisse
2633 629 2868 699 legitur.
2962 692 2969 698 ,

1483 844 1589 904 DE
1644 845 2186 911 AMAZONIBUS.

204 955 384 1014 Onos.
417 970 457 1024 ι,
490 955 604 1027 15.)
635 954 823 1012 Medio
868 958 1133 1026 tempore
1164 955 1547 1017 habitationis
1574 960 1785 1017 Gotho-

132 1060 258 1103 rum
289 1044 345 1099 in
378 1043 486 1100 hac
517 1044 677 1111 sede,
713 1044 828 1100 duo
852 1046 994 1115 regii
1019 1046 1285 1117 juvenes,
1322 1049 1522 1105 Plinus
1569 1057 1627 1105 et
1652 1052 1785 1106 Sco-

130 1132 413 1206 lopetius,
447 1132 601 1205 apud
634 1148 738 1189 eos
776 1149 876 1205 per
908 1136 1213 1191 factionem
1243 1138 1586 1207 optimatum
1612 1141 1782 1197 domo

129 1222 309 1296 pulsi,
327 1223 623 1293 ingentem
641 1222 882 1292 juventu
898 1230 1006 1279 tem
1031 1239 1227 1282 secum
1245 1230 1498 1297 traxere,
1525 1233 1578 1283 et
1606 1230 1660 1284 in
1686 1232 1784 1286 Ca-

131 1312 396 1384 padocize
420 1312 673 1369 Pontica:
697 1327 794 1368 ora
814 1313 979 1382 juxta
1008 1314 1241 1371 (luvium
1265 1316 1781 1375 Thermodoontem

127 1402 526 1471 considentes,
589 1415 825 1473 campos
856 1402 1283 1475 Themiscyrios
1312 1406 1422 1463 sibi
1458 1409 1777 1477 subjecere.

126 1490 234 1547 Ubi
251 1490 518 1561 proxima
536 1505 780 1561 quaeque
796 1490 928 1547 dum
948 1493 1322 1564 pepulantur,
1348 1498 1783 1567 conspiratione

126 1578 509 1636 ﬁnitimorum
529 1594 631 1651 per
651 1579 891 1636 insidias
913 1596 1040 1636 cum
1076 1583 1278 1638 suis777
1301 1586 1614 1641 comitibus
1641 1602 1783 1656 pene

122 1667 406 1724 omnibus
430 1667 815 1724 trucidantur.
843 1669 1055 1725 Horum
1090 1686 1303 1727 uxores
1320 1674 1495 1728 exilio
1515 1689 1580 1728 ac
1598 1674 1783 1730 vidui-

120 1763 258 1813 tate
276 1762 577 1828 permotze,
595 1772 749 1812 arma
767 1759 1119 1829 corripiunt,
1137 1766 1194 1815 et
1221 1764 1280 1817 ut
1298 1764 1566 1820 omnibus
1593 1781 1695 1835 par
1713 1780 1786 1822 ex

116 1846 309 1904 simili
334 1844 665 1902 conditione
696 1847 923 1902 animus
964 1848 1147 1914 fieret,
1179 1851 1332 1906 viros
1366 1853 1459 1921 qui
1486 1856 1783 1923 superfue-

117 1939 258 1993 rant
287 1934 672 2001 interiiciunt,
699 1939 874 2006 atque
894 1953 1155 1995 accensae
1174 1940 1223 1994 in
1244 1940 1783 2011 hostem,sanguine

1893 966 1971 1023 tis
1996 966 2218 1022 feminze
2245 967 2393 1023 Asiae
2426 981 2665 1037 regnum
2692 981 2793 1039 per
2842 971 3075 1025 centum
3123 982 3304 1025 annos
3355 971 3533 1024 tenue

1894 1063 2060 1123 runt;
2093 1057 2292 1127 sicque
2325 1072 2527 1126 magna
2581 1073 2712 1129 pars
2743 1058 3038 1114 exercitus
3088 1056 3531 1128 opulentissima

1896 1146 2070 1216 preda
2097 1151 2302 1203 onusta
2328 1146 2381 1201 in
2406 1151 2607 1203 cautes
2630 1146 2943 1217 Marpesias
2964 1146 3032 1202 ad
3054 1147 3244 1203 socias
3268 1145 3535 1216 proprias

1894 1236 2215 1304 repedavit,
2246 1236 2482 1307 re'iquze
2503 1251 2640 1292 vero
2664 1235 2733 1291 ad
2755 1238 3030 1292 tuendum
3056 1235 3209 1290 Asiae
3229 1234 3531 1303 imperium

1894 1325 2135 1393 relictze,
2162 1326 2397 1381 incursu
2441 1326 2689 1383 hostium
2720 1342 2849 1382 cum
2886 1324 3158 1397 Marpesia
3194 1323 3388 1393 regina
3412 1327 3535 1377 tru-

1893 1416 2104 1470 cidatas
2130 1420 2283 1470 sunt.
2312 1416 2486 1484 Cujus
2512 1416 2695 1471 loeum
2728 1416 2840 1469 filia
2863 1415 2990 1484 ejus
3023 1414 3231 1484 Sinope
3253 1412 3527 1484 capessit,

1896 1520 2005 1575 que
2023 1503 2372 1572 singularem
2392 1506 2627 1561 virtutis
2640 1504 2881 1574 gloriam
2900 1510 3179 1575 perpetua
3197 1503 3533 1572 virginitate

1892 1594 2229 1650 cumulavit.
2260 1596 2373 1649 liae
2401 1595 2541 1650 fama
2559 1599 2765 1663 gentes
2785 1594 3009 1650 excitas
3029 1598 3188 1650 tanta
3209 1592 3451 1648 formido
3475 1596 3532 1645 et

1894 1682 2219 1737 ammirati)
2249 1684 2481 1751 invasit,
2518 1689 2580 1739 ut
2608 1682 2883 1739 Hercules
2909 1698 3155 1754 quoque,
3183 1681 3534 1751 eumjussus

1898 1772 2165 1827 fuissetet
2184 1772 2415 1828 domino
2430 1788 2533 1827 suo
2548 1774 2825 1829 exhibere
2841 1773 2949 1828 sibi
2967 1788 3121 1828 arma
3146 1774 3261 1841 regi
3276 1787 3356 1828 ure
3376 1775 3536 1826 Ama-

1896 1859 2121 1909 zonum,
2150 1844 2311 1914 quasi
2330 1846 2397 1899 ad
2422 1845 2757 1899 inevitabile
2777 1860 2825 1914 pi
2851 1844 3528 1909 riculumdestinaretur,

1893 1947 1963 1987 ex
2002 1933 2265 1988 universa
2298 1934 2500 1989 Grecia
2538 1933 2746 1989 lectam
2795 1948 2858 1988 ac
2891 1932 3137 1987 nobilem
3166 1932 3529 2000 iuventutem

117 2041 231 2083 suo
256 2024 542 2081 ultionem
565 2039 849 2082 caesorum
878 2028 1131 2085 virorum
1157 2029 1387 2085 excidio
1406 2031 1779 2090 ﬁnitimorum

1972 2023 2279 2087 utraxerit,
2310 2038 2511 2078 novem
2537 2022 2741 2091 longas
2767 2037 2940 2078 naves
2964 2020 3403 2093 przeparaverit,
3431 2034 3535 2075 nee.

115 2119 510 2173 exsecuntur.
545 2114 732 2175 (Juno.
773 2131 821 2170 e.
858 2118 936 2187 8.)
968 2120 1121 2173 Tunc
1148 2134 1291 2190 pace
1324 2121 1499 2176 armis
1535 2123 1782 2192 quesita,

116 2204 333 2261 veritas
358 2218 429 2259 ne
452 2203 612 2274 prole
637 2212 974 2261 rarescente
997 2207 1335 2277 deﬁcerent,
1354 2214 1632 2267 externus
1654 2227 1787 2267 eou-

115 2294 364 2351 cubitus
392 2292 715 2348 vieinarum
746 2295 1004 2363 gentium
1041 2296 1263 2366 ineunt,
1303 2299 1477 2354 factis
1514 2301 1785 2356 nundinis

116 2382 309 2439 semel
345 2382 399 2436 in
425 2396 595 2447 anno,
625 2382 705 2437 ita
731 2388 793 2439 ut
818 2385 1018 2439 eadem
1046 2384 1137 2440 die
1183 2387 1358 2442 futuri
1386 2390 1667 2458 temporis
1702 2406 1786 2445 re-

118 2475 436 2527 vertentes
464 2470 516 2524 in
546 2468 600 2524 id
626 2470 832 2540 ipsum,
855 2472 1129 2543 quicquid
1152 2475 1452 2530 masculini
1481 2478 1787 2533 sexusedi-

124 2559 381 2625 dissent,
420 2558 688 2629 patribus
720 2559 1052 2629 redderent,
1087 2563 1361 2632 quicqu'd
1398 2565 1647 2633 feminei,
1674 2582 1788 2621 ma-

126 2655 255 2705 tres
278 2647 349 2703 ad
376 2662 534 2703 arma
562 2648 768 2704 bellica
793 2650 1114 2707 erudirent.
1147 2654 1339 2722 Neque
1357 2654 1506 2709 enim
1535 2654 1787 2725 virgines

126 2750 338 2793 earum
364 2736 555 2792 fusum
592 2736 660 2792 ad
694 2736 912 2807 aliquid
946 2740 1301 2809 operandum
1356 2743 1649 2809 tenebant,
1685 2742 1785 2799 sed

124 2825 302 2895 equis
316 2830 374 2879 et
393 2824 572 2881 armis
587 2831 645 2881 et
662 2826 1070 2883 venationibus
1087 2844 1146 2885 se
1160 2831 1784 2896 cxercebant.Qnidam

125 2920 328 2971 autem
356 2913 580 2975 dicunt.
619 2914 793 2984 quod,
827 2916 1003 2972 editis
1030 2918 1307 2985 maiibus,
1335 2921 1627 2976 novercali
1652 2921 1786 2977 odio

123 3002 376 3059 infantis
399 3002 711 3059 miserandi
750 3005 863 3060 fata
899 3012 1255 3076 rumperent,
1284 3012 1340 3062 et
1366 3008 1442 3064 ita
1468 3009 1620 3078 apud
1655 3009 1785 3065 illas

124 3091 490 3149 detestabile
521 3097 677 3148 esset
716 3094 1109 3164 puerperium,
1136 3100 1290 3165 quod
1317 3098 1530 3167 ubique
1554 3103 1784 3154 constat

125 3195 263 3239 esse
287 3180 568 3237 votivum.
593 3179 730 3246 Qua)
750 3182 1070 3238 crudelitas
1089 3182 1317 3240 illarum
1346 3186 1650 3242 maximum
1671 3194 1788 3243 ter-

127 3284 327 3327 rorem
361 3269 569 3326 vicinis
600 3270 875 3340 gentibus
920 3272 1255 3329 cumulabat
1287 3273 1537 3344 vulgatae
1568 3276 1787 3346 opinio-

1898 2115 2086 2167 tamcn
2114 2128 2196 2168 suc
2230 2116 2543 2168 contentus
2566 2112 2828 2168 examine
2857 2112 3085 2177 virium,
3116 2126 3185 2165 ex
3219 2110 3534 2182 improviso

1896 2216 1995 2256 eas
2024 2201 2259 2271 aggredi
2304 2206 2364 2255 et
2408 2201 2736 2271 insperatas
2777 2201 3199 2256 circumvenire
3241 2199 3530 2255 maluerit.

1896 2292 2031 2345 Dea)
2067 2294 2461 2348 sororcstunc
2497 2306 2670 2359 regno
2708 2290 3367 2361 preerant,Antbiopeet
3412 2289 3536 2343 Ori-

1899 2380 2037 2435 tbia.
2060 2380 2544 2436 llereulesautem
2570 2381 2866 2447 advectus,
2891 2378 3534 2448 incautasinermesque

1895 2474 1954 2525 et
1975 2469 2131 2538 pacis
2149 2470 2367 2525 incuria
2388 2470 2927 2541 desidesnbpressit
2955 2471 3288 2537 Amazones,
3306 2475 3361 2523 et
3386 2468 3536 2524 inter

1896 2573 2077 2615 caesas
2100 2563 2156 2613 et
2177 2564 2375 2629 captas
2407 2558 2685 2629 plurimas
2709 2560 2835 2615 dure
2858 2573 3091 2613 sorores
3119 2557 3423 2627 Antbiopze
3450 2574 3535 2611 rc-

1898 2653 2073 2703 tentu}
2105 2652 2261 2712 sunt,
2295 2648 2613 2719 Melanippe
2647 2650 2717 2703 ab
2745 2648 3007 2713 llercule,
3041 2647 3307 2718 Yppolitc
3340 2661 3369 2702 a
3400 2647 3537 2701 Thc-

1896 2752 2018 2793 seo.
2038 2734 2146 2793 Sed
2161 2736 2417 2791 Theseus
2432 2736 2610 2807 Yppol
2626 2737 2740 2791 iten
2767 2736 3134 2791 matrimonio
3154 2735 3382 2804 ascivit,
3401 2736 3537 2789 lier-

1896 2826 2058 2883 eules
2091 2839 2228 2881 vero
2285 2824 2605 2895 Melanippe
2646 2824 2833 2880 sorori
2869 2823 3146 2891 reddidit,
3181 2827 3237 2877 et
3270 2836 3423 2878 arma
3451 2839 3537 2877 re-

1894 2915 2042 2985 ginae
2060 2915 2111 2970 in
2130 2915 2388 2986 precium
2406 2912 3230 2984 redemptionisaecepit.Post
3246 2911 3530 2966 Orithiam

1896 3004 2220 3060 Pentiselea
2242 3019 2418 3072 regno
2442 3009 2531 3060 est
2550 3003 2753 3073 potita,
2772 3002 2940 3070 cujus
2954 3001 3276 3057 clarissima
3295 2999 3533 3055 virtutis

1897 3095 2239 3150 documenta
2276 3094 2428 3150 inter
2458 3093 2617 3149 viros
2644 3092 2886 3162 Trojano
2909 3091 3241 3163 accepimus
3272 3088 3444 3155 bello,
3474 3089 3529 3144 in

1899 3199 2010 3254 quo
2046 3184 2164 3255 ipsa
2204 3183 2401 3239 occisa
2432 3182 2649 3238 dicitur
2679 3183 2749 3237 ab
2776 3181 3014 3238 Achille.
3054 3182 3302 3237 Fuerunt
3338 3187 3529 3235 autem

1897 3287 2024 3329 cum
2047 3288 2111 3328 ea
2136 3276 2204 3328 7O
2229 3272 2378 3327 milia
2406 3274 2778 3341 Amazonum,
2796 3285 3036 3342 quarum
3057 3283 3257 3340 paucae
3286 3281 3533 3322 reversa:

126 3359 237 3415 nis.
270 3360 408 3414 Nam
434 3374 583 3429 qute,
614 3374 771 3427 rogo,
807 3375 945 3431 spes
974 3367 1135 3417 esset
1159 3367 1350 3432 rapto,
1380 3365 1473 3418 ubi
1501 3366 1661 3420 nefas
1693 3366 1788 3421 ha-
1819 3384 1865 3446 Ο
1897 3366 2049 3418 sunt.
2080 3364 2215 3417 Post
2240 3361 2619 3417 Pcntiscieam
2656 3375 2893 3427 regnum
2923 3358 3108 3414 tenuit
3134 3355 3532 3413 ThaliSari-lia

126 3446 389 3503 bebatur
413 3446 631 3516 ignosci
659 3446 745 3502 vel
775 3447 926 3503 ﬁlio?
949 3448 1146 3507 (Onos.
1172 3449 1208 3505 l.
1249 3451 1314 3522 ἰ.)
1348 3450 1562 3508 Puellis
1593 3456 1782 3507 autem

125 3536 413 3593 dexteras
445 3534 752 3592 inurebant
788 3536 1094 3607 mamillas,
1127 3553 1197 3593 ne
1232 3539 1576 3609 sagittarum
1602 3538 1788 3609 velja-

125 3624 403 3682 culorum
429 3624 1085 3695 impedirenturjactus,
1116 3628 1264 3683 unde
1288 3634 1345 3682 et
1367 3631 1684 3685 Amazones
1706 3630 1780 3685 di-

128 3718 372 3781 cuntur,
390 3712 608 3769 hocest
625 3713 747 3768 sine
766 3728 1026 3770 mamma.
1047 3716 1233 3783 (Jouo.
1257 3730 1307 3771 e.
1335 3718 1412 3787 7.)
1432 3718 1638 3772 [larum
1661 3717 1787 3782 dum

128 3802 354 3872 reginae
391 3801 550 3857 fuere
581 3801 866 3872 Lampedo
902 3809 956 3858 et
994 3803 1293 3875 Marpesia,
1318 3819 1462 3874 quas
1491 3805 1789 3861 audentio-

129 3903 228 3945 res
249 3889 470 3945 ceteris
498 3888 807 3959 eligentes,
834 3905 1031 3946 earum
1058 3907 1119 3947 se
1148 3892 1497 3964 principatui
1520 3892 1790 3949 subdide-

131 3981 296 4035 runt.
333 3978 492 4045 Quae,
527 3978 754 4047 agmine
795 3978 981 4036 diviso
1016 3981 1067 4035 in
1101 3981 1245 4038 duas
1280 3985 1498 4052 partes,
1531 3982 1786 4038 vicissim

58 4087 75 4101 -
130 4080 337 4122 curam
367 4066 500 4121 belli
525 4072 584 4122 et
618 4065 825 4124 domus
861 4069 1187 4124 custodiam
1224 4070 1643 4127 sortiebantur.
1680 4070 1785 4126 Sed

132 4154 273 4211 dum
301 4153 588 4226 Lampedo
621 4156 895 4226 proprios
919 4158 1059 4212 iines
1083 4157 1234 4212 domi
1262 4164 1546 4227 tueretur,
1575 4160 1791 4231 Marpe-

132 4242 242 4312 sia,
274 4242 619 4300 feminarum
645 4245 872 4313 agmine
895 4250 1150 4317 sumpto,
1194 4262 1401 4303 novum
1426 4262 1607 4316 genus
1629 4264 1793 4304 excr-

132 4330 295 4388 citus
319 4330 484 4388 duxit
501 4332 554 4387 in
582 4331 799 4403 Asiam,
815 4333 1193 4404 diversasque
1205 4338 1411 4403 gentes
1427 4334 1578 4392 bello
1593 4352 1655 4392 su
1667 4352 1793 4407 per-

134 4434 264 4489 ans,
301 4419 447 4475 alias
500 4434 640 4491 pace
686 4419 1024 4491 concilians,
1059 4421 1129 4476 ad
1163 4422 1480 4478 Caucasum
1538 4428 1790 4479 montem

131 4508 321 4577 venit,
349 4507 547 4579 ibique
570 4513 796 4565 certum
820 4514 1053 4580 tempus
1081 4509 1410 4579 deniorans,
1434 4511 1562 4567 loco
1586 4526 1791 4568 nomen

133 4596 301 4652 dedit
334 4611 535 4652 saxum
570 4597 872 4668 Marpesiae
927 4597 1089 4653 Unde
1121 4598 1399 4668 Virgilius
1433 4600 1512 4654 ait
1548 4642 1560 4655 .

203 4686 293 4743 Ac
317 4686 375 4742 si
404 4685 563 4743 dum
588 4685 749 4742 silex
768 4700 941 4757 super
968 4687 1055 4743 est
1081 4685 1388 4757 Marpesia
1416 4702 1521 4745 cae
1533 4689 1633 4746 tes.

134 4773 278 4830 Inde
295 4788 567 4844 egressae.
597 4774 816 4829 Etalem
842 4775 1074 4831 ﬂuvium
1104 4777 1485 4845 transierunt,
1512 4784 1570 4833 et
1596 4780 1789 4835 Arme-

134 4861 291 4918 niam
315 4867 373 4917 et
399 4862 641 4932 Syriam,
660 4861 936 4932 Ciliciam,
966 4863 1267 4933 Galatiam,
1292 4865 1566 4921 Pisidiam
1584 4869 1789 4923 multa-

135 4964 265 5020 qnae
280 4950 575 5006 Asiaaloca
600 4951 1002 5020 obtinuerunt,
1027 4951 1222 5022 ibique
1246 4954 1469 5011 diutius
1493 4956 1789 5013 dominan-

131 5042 243 5109 tes,
264 5038 553 5110 Ephesum
589 5039 807 5095 etalias
850 5039 1123 5097 civitates
1163 5047 1474 5114 castraque
1515 5044 1790 5101 condide-

131 5130 524 5197 runtsuoque
569 5125 784 5181 nomini
836 5126 1511 5202 dicaverunt;templum
1557 5146 1785 5204 quoque

127 5210 325 5269 Dianae
347 5222 423 5269 oti
448 5212 767 5282 sagittandi
784 5228 849 5269 ac
865 5214 1110 5270 venandi
1135 5217 1634 5288 studium,quibus
1650 5220 1787 5275 arti-

128 5299 240 5357 bus
254 5314 316 5357 se
332 5300 872 5370 tradiderant,mira
890 5303 1328 5374 pulchritudine
1341 5306 1786 5378 apudEphesum

123 5393 619 5447 construxerunt.
631 5387 1069 5465 (Onos.l.l.)Tali
1085 5405 1224 5463 ergo
1236 5409 1377 5453 casu
1392 5395 1640 5469 Scythiae
1652 5412 1790 5468 gen-

1897 3464 2025 3520 quze
2049 3450 2251 3505 habuit
2275 3464 2470 3521 pacem
2494 3465 2622 3506 eum
2650 3448 2977 3504 Alexandro
3005 3448 3227 3516 Magno.
3255 3444 3537 3501 Dicuntur

1897 3545 2088 3595 autem
2118 3541 2433 3595 Amazones
2465 3554 2491 3593 r
2529 3552 2742 3608 gnassc
2773 3552 2877 3608 per
2910 3550 3092 3592 annos
3115 3534 3330 3591 multos
3353 3548 3536 3603 usque

1898 3628 1966 3684 ad
1980 3628 2190 3684 iulium
2210 3631 2363 3684 Caesa
2376 3643 2513 3683 rem.
2551 3629 2686 3682 llaec
2701 3632 2892 3681 autem
2910 3624 2979 3681 de
2996 3624 3382 3680 Amazonibus
3403 3621 3541 3677 huic

1898 3716 2174 3788 hystoriae
2199 3715 2632 3784 subintulimus,
2661 3720 2724 3771 ut
2750 3715 2850 3769 has
2879 3727 3111 3782 quoque
3134 3711 3202 3766 de
3226 3711 3411 3779 stirpe
3436 3710 3541 3764 Go-

1898 3804 2132 3860 thorum
2167 3804 2544 3859 descendisse
2604 3806 3079 3869 monstraremus,
3116 3814 3264 3855 nune
3296 3812 3433 3854 vero
3466 3797 3537 3851 ad

1898 3897 2145 3963 emptam
2182 3893 2497 3949 eorundem
2531 3890 2847 3960 hystoriam
2879 3889 3206 3944 redeamus.

1972 3981 2157 4049 (Jono.
2193 3997 2245 4036 c.
2266 3985 2298 4036 9
2329 3980 2482 4051 sqq.)
2536 3979 2635 4035 Dio
2667 3977 3004 4049 hystoricus
3031 3980 3091 4032 et
3122 3974 3536 4047 antiquitatum

1901 4070 2390 4137 diligentissimus
2413 4068 2745 4139 inquisitor,
2772 4066 2867 4137 qui
2893 4065 3176 4137 operisuo
3198 4064 3457 4121 Geticum
3480 4064 3545 4118 ti-

1900 4159 2083 4215 tulum
2116 4157 2297 4227 dedit,
2334 4171 2524 4227 regem
2560 4156 2675 4213 illis
2706 4161 2834 4228 post
2860 4154 3035 4211 multa
3069 4159 3333 4225 tempora
3360 4153 3539 4210 fuisse

1899 4252 2313 4305 commemorat
2367 4246 2592 4303 nomine
2620 4245 2993 4317 Thelcphum,
3030 4242 3275 4300 Herlim
3333 4242 3535 4311 filium,

1903 4334 2455 4409 procerumquidem
2490 4334 2877 4405 corpore,sed
2918 4333 3267 4406 plusvigore
3310 4332 3543 4390 terribi-

1902 4423 2147 4496 lem,qui
2168 4432 2464 4495 paternam
2491 4423 2891 4481 fortitudinem
2929 4422 3181 4496 propriis
3216 4421 3539 4477 virtutibus

1904 4529 2159 4585 zequans,
2180 4513 2480 4570 Herculeis
2509 4514 2757 4583 genibus
2778 4517 2838 4568 et
2873 4513 3068 4568 forma:
3101 4510 3539 4567 similitudinem

1906 4603 2213 4657 referebat.
2237 4601 2418 4672 Hujus
2452 4616 2688 4671 regnum
2705 4600 2957 4657 Mmsiam
2982 4599 3352 4671 appellavere
3369 4598 3547 4669 majo-

1822 4738 1872 4797 D
1905 4704 2016 4745 res.
2036 4689 2370 4760 lseonjugio
2398 4689 2618 4746 sororis
2635 4687 3189 4758 Priamieopulatus,
3209 4685 3421 4741 bellum
3446 4687 3545 4740 ha-

1906 4778 2023 4797 L,_:A
2054 4794 2110 4797 --Α
2139 4795 2165 4797 __
2206 4781 2275 4797 n4
2308 4779 2409 4797 ._!_
2453 4778 2500 4797 3..
2553 4792 2649 4797 μ---
2676 4791 2857 4797 __-._....
2902 4773 3283 4797 ΡΒ.---,...Δ-..-...
3336 4773 3537 4797 AnAn“-

1905 4778 2172 4835 buitcum
2206 4778 2505 4847 Danais,in
2546 4792 2653 4847 qua
2674 4791 2861 4847 pugna
2902 4773 3285 4830 Tessandrum
3334 4773 3540 4829 ducem
3602 4788 3613 4795 ·

1902 4868 2120 4924 Grecizc
2139 4868 2380 4939 peremit
2398 4884 2411 4930 ;
2431 4872 2487 4921 et
2505 4865 2639 4921 dum
2672 4865 2900 4934 Ajacem
2918 4862 3165 4918 infestus
3195 4860 3411 4916 invadit
3427 4861 3544 4915 Uli-

1900 4971 2193 5026 xcmquep
2236 4953 2785 5025 rsequiturictibus,
2823 4948 3253 5022 equocadente,
3275 4949 3398 5021 ipse
3413 4964 3518 5005 eor

1900 5045 2038 5110 ruit,
2057 5042 2617 5114 Aebillisquejacuio
2653 5042 2865 5098 femore
2879 5038 3163 5109 sauciato,
3181 5037 3277 5094 diu
3321 5037 3539 5095 mederi

1898 5132 2406 5203 nequivit;Greeos
2423 5137 2611 5187 tamen
2630 5130 2890 5202 quamvis
2905 5127 3135 5184 saucius
3150 5142 3177 5182 a
3196 5127 3316 5185 suis
3333 5127 3547 5187 finibus

1902 5220 2597 5293 proturbavit.Tbelepho
2630 5234 2767 5277 vero
2781 5218 3075 5288 defuncto,
3095 5216 3454 5289 Euriphilus,
3481 5216 3542 5271 il-

1898 5308 2013 5366 lius
2026 5309 2076 5379 ej
2088 5323 2173 5379 us,
2191 5309 2475 5366 successit
2496 5309 2550 5364 in
2568 5323 2829 5379 regnum,
2852 5324 2925 5366 ex
2940 5307 3151 5364 Priami
3169 5306 3322 5378 regis
3337 5321 3543 5363 sorore

1898 5396 2260 5470 progenitus,
2284 5398 2382 5467 qui
2422 5412 2552 5453 cum
2582 5397 2656 5453 ob
2705 5397 3048 5456 Cassandrae
3098 5409 3351 5453 amorem
3385 5393 3542 5453 bello

1500 5519 1734 5576 VARLE
1776 5520 2177 5577 LECTIONES.

196 5620 265 5654 τη
297 5619 486 5679 ασθαι.
526 5622 603 5673 9°.
682 5616 749 5651 ⁷⁷³
780 5620 891 5677 beli
926 5624 977 5678 4.
1012 5620 1180 5681 herili
1212 5628 1286 5681 9ο.
1325 5625 1584 5684 herculis
1615 5631 1698 5684 11.
