3952 6336
449 316 562 382 ’781
1606 313 2092 380 EKKEHARDI
2132 312 2384 381 URAUt
2397 317 2694 384 HENSIS
3687 327 3778 392 782

454 455 770 515 interesset
799 455 1063 527 Trojano,
1097 460 1163 513 ut
1187 453 1530 528 parentibus
1563 469 1883 528 soceroque
1915 457 2094 514 ferret
2121 449 2182 513 A
2215 472 2363 512 mum
2389 457 2574 525 Datia,
2602 461 2808 530 postea
2830 457 3058 528 Gothia,
3090 469 3244 514 nunc
3265 455 3412 514 dicta
3435 457 3662 532 Gepidia.

454 545 755 616 auxilium,
791 561 919 602 mox
952 546 1285 602 exstinctus
1325 550 1438 601 est.
2282 545 2364 612 (C.
2402 547 2756 612 5.)Terciam
2781 547 2976 602 sedem
3012 560 3190 618 super
3239 559 3388 602 mare
3409 547 3675 606 Ponticum
3699 553 3779 610 Go-

524 637 666 692 Post
709 635 938 702 longum
973 635 1341 692 intervallum
1383 635 1678 693 'l‘hameris
1708 635 1906 705 regina
1965 652 2094 693 cum
2211 633 2292 688 thi
2319 634 2433 703 jam
2469 635 2841 691 humaniores
2865 639 2923 690 et
2948 635 3356 706 prudentiores
3374 635 3653 703 habebant,
3674 639 3781 698 divi-

457 723 576 782 ﬁlio
599 740 706 782 suo
735 724 938 780 Gothis
969 725 1325 796 presidebat,
1359 740 1484 793 quae
1510 725 1713 794 Cyrum
1749 740 1940 794 regem
1966 727 2098 781 Per-
2211 723 2403 793 sisque
2424 739 2526 794 per
2550 723 2798 779 familias
2817 722 2884 756 ⁷³⁵
2911 723 3156 794 populis,
3187 723 3536 794 Wisigothae,
3557 725 3604 782 id
3621 732 3778 786 estoc-

457 813 2096 884 sarum,bellumScythisinferentem,interﬁciebat.Post
2209 811 2530 867 cidcntales
2563 812 2754 882 Gothi,
2812 811 3040 867 familiae
3075 811 3400 867 serviebant
3452 813 3777 886 Ewaldorum,

457 901 578 958 han:
613 901 861 958 Antinus
912 901 1116 958 Gothis
1150 903 1434 971 regnavit,
1467 904 1634 972 cujus
1667 903 1835 958 filiam
1869 903 2092 972 Darius,
2209 901 2582 970 Ostrogothze
2613 916 2773 962 vero.
2811 901 2865 956 id
2889 905 2979 956 est
3012 899 3330 956 orientales
3357 900 3537 967 Gothi,
3557 901 3780 973 prcclaris

456 991 738 1063 Hydaspis
763 991 938 1060 ﬁlius,
967 1005 1065 1047 rex
1085 994 1415 1062 Persarum,
1453 991 1774 1064 postulans,
1802 993 1900 1048 sed
1929 1009 2099 1063 repu-
2209 990 2590 1060 subjaccbant
2623 990 2858 1046 Amalis.
2897 989 3149 1056 Quorum
3186 988 3434 1046 studium
3463 990 3562 1046 fuit
3587 991 3779 1062 primum

457 1079 668 1147 diatus,
687 1095 816 1136 cum
843 1080 1234 1150 septingentis
1252 1079 1487 1136 milibus
1511 1086 1864 1136 armatorum
1883 1081 1916 1135 b
1957 1080 2096 1137 llum
2211 1077 2363 1134 inter
2387 1079 2604 1136 vicinas
2624 1085 2832 1150 gentes
2852 1093 3049 1135 areum
3069 1077 3371 1134 intendere
3390 1079 3590 1150 nervis,
3607 1081 3780 1136 Lucano

456 1168 921 1239 Scythisintulit,
943 1170 1065 1238 sed,
1086 1170 1380 1236 octoginta
1399 1169 1632 1226 milibus
1649 1169 1920 1240 perditis,
1948 1171 2100 1225 refu-
2211 1171 2488 1237 testante,
2517 1169 2610 1238 qui
2646 1168 2727 1224 ait
2761 1188 2772 1222 :

454 1256 559 1327 git.
588 1259 727 1313 Post
752 1273 920 1328 quem
945 1259 1180 1328 Xerses,
1211 1259 1362 1314 ﬁlius
1386 1260 1532 1327 ejus,
1563 1265 1836 1327 paternas
1860 1259 2099 1329 injurias
2308 1258 2729 1326 Armeniosyue
2751 1271 2928 1314 arcus
2951 1256 3208 1316 Gesticis
3228 1255 3510 1313 intendite
3527 1259 3708 1314 nereia.

457 1344 715 1404 ulturum
754 1360 814 1401 se
842 1347 1144 1408 estimans.
1180 1361 1308 1403 cum
1341 1351 1447 1400 700
1473 1346 1708 1401 milibus
1741 1352 2096 1404 armatorum
2215 1345 2596 1414 Antiquorum
2623 1345 2796 1400 etiam
2830 1346 2978 1402 facta
2996 1347 3276 1416 majorum
3295 1348 3552 1400 cantuum
3583 1343 3784 1401 modula-

460 1433 531 1490 de
556 1449 732 1504 regno
750 1439 925 1491 et300
941 1435 1174 1491 milibus
1197 1435 1267 1490 de
1291 1435 1543 1503 auxiliis,
1579 1436 1981 1506 millequoquc
2007 1452 2100 1491 na-
2212 1433 2471 1488 tionibus
2503 1433 2878 1504 cytharisque
2909 1434 3216 1502 canebant,
3251 1431 3650 1504 Erpantaliem,
3676 1435 3783 1488 Han-

463 1523 632 1580 vihus
650 1524 922 1580 rostratis
937 1524 1204 1579 ettribus
1220 1523 1452 1580 milibus
1467 1525 1753 1580 onerariis
1768 1525 1835 1580 ad
1853 1541 1956 1580 eos
1973 1541 2104 1596 pro-
2214 1521 2379 1590 nalre,
2415 1522 2738 1590 Fridigerni
2773 1522 2862 1591 ⁷⁸⁸,
2893 1521 3190 1592 Widigojie
3223 1525 3280 1576 et
3309 1521 3561 1591 aliorum,
3593 1536 3782 1592 quorum

462 1610 762 1681 flciscitnr,
801 1612 900 1667 sed
930 1627 1030 1667 nec
1059 1617 1342 1682 temptare
1368 1612 1422 1666 in
1455 1613 1732 1668 conflictu
1769 1613 2104 1668 animosita-
2214 1609 2268 1664 in
2304 1610 2408 1664 hac
2440 1617 2612 1678 gente
2643 1625 2844 1678 magna
2889 1611 3084 1680 Opinio
3117 1615 3229 1680 est,
3264 1609 3462 1680 quales
3489 1609 3576 1664 vix
3625 1609 3786 1666 heroas

461 1704 574 1756 tem
596 1715 792 1758 eorum
810 1717 1169 1772 presumeus,
1205 1716 1332 1758 cum
1359 1702 1575 1757 rubore
1600 1702 1938 1764 revertitur,
1974 1701 2103 1757 Pbi-
2218 1698 2392 1754 fuisse
2417 1699 2674 1754 miranda
2694 1699 3235 1770 jactatantiquitas.
3271 1698 3356 1767 (C.
3387 1699 3493 1770 ll.)
3520 1697 3616 1756 Diu
3639 1698 3786 1770 itaque

457 1787 654 1860 lippus
687 1804 935 1860 quoque,
989 1794 1157 1860 pater
1209 1790 1520 1845 Alexandri
1575 1791 1779 1860 Magni,
1811 1806 1941 1846 eum
1978 1791 2103 1862 ipso
2133 1806 2187 1867 Β
2218 1787 2385 1844 Gothi
2422 1791 2834 1857 regnaverunt,
2861 1788 3005 1843 adeo
3039 1793 3102 1844 ut
3127 1789 3340 1858 Caesar,
3373 1787 3463 1859 qui
3489 1787 3682 1860 primus
3703 1801 3788 1844 om-
3871 1865 3873 1872 Ι

459 1875 578 1933 lilio
601 1893 707 1934 suo
747 1877 816 1933 ad
841 1879 1131 1947 Scythiam
1166 1880 1446 1950 prcdandi
1481 1879 1714 1935 transiit
1753 1879 2100 1952 intentione,
2218 1876 2372 1932 nium
2391 1875 3788 1956 Romanumsibivendicavitimperiumomnemque

453 1967 882 2036 commissaque
907 1966 1127 2038 przelio,
1155 1984 1282 2023 cum
1310 1969 1538 2038 Scytha}
1560 1973 1617 2023 et
1653 1983 1890 2024 numero
1914 1973 1970 2024 et
1993 1969 2106 2024 vir-
2218 1979 2361 2036 pene
2395 1980 2514 2021 sua:
2547 1964 2752 2021 ditioni
2796 1966 3105 2034 subegerat
3139 1965 3434 2035 mundum,
3467 1965 3663 2021 Gothos
3688 1978 3788 2035 sepe

453 2057 578 2110 tute
605 2059 949 2124 prestareut,
979 2055 1178 2112 fraude
1204 2055 1453 2126 Philippi
1491 2056 1731 2112 nimium
1755 2057 1954 2112 callidi
1981 2058 2105 2112 vin-
2215 2059 2638 2126 pet-temptans,
2674 2053 2964 2122 subjicere
2997 2069 3108 2110 non
3135 2057 3357 2124 posset.
3385 2054 3550 2110 Gaius
3569 2053 3788 2124 Tyberius
3871 2093 3873 2126 ξ

455 2147 690 2200 cuntur.
716 2144 772 2198 In
807 2158 916 2212 qua
955 2159 1142 2214 pugna
1168 2149 1238 2200 20
1262 2143 1820 2215 miliampnerorum
1853 2149 1910 2199 et
1947 2145 2104 2200 femi-
2209 2143 2325 2212 jam
2361 2143 2580 2198 tercius
2609 2142 2882 2198 Romanis
2912 2143 3198 2213 regnavit,
3245 2142 3410 2199 Gothi
3439 2141 3688 2198 tamenin
3712 2155 3788 2198 suo

457 2245 658 2287 narum
684 2231 968 2303 Scythiae
989 2232 1183 2301 gentis
1217 2238 1386 2303 capta
1414 2237 1568 2302 sunt,
1597 2249 1796 2302 magna
1823 2249 2100 2304 pecorum
2216 2247 2395 2302 regno
2421 2231 2740 2288 incolomes
2762 2239 3156 2303 perseverant.
3178 2229 3790 2303 (C.13sqq.)l)omiciauo
3871 2227 3873 2286 ῗ

456 2319 620 2390 cepia
653 2319 926 2390 abducta,
985 2321 1108 2376 auri
1143 2322 1487 2392 argentique
1534 2321 1711 2376 nichil
1771 2327 2092 2393 repertum.
2217 2335 2352 2378 vero
2375 2321 2806 2390 undecimojam
2831 2322 2904 2377 ab
2928 2323 3186 2391 Augusto
3219 2325 3516 2392 regnante,
3542 2319 3696 2392 ripam
3716 2319 3792 2373 Da-

458 2409 668 2464 Postea
701 2423 828 2464 cum
861 2409 947 2464 eis
987 2409 1308 2465 amicic‘am
1346 2409 1654 2478 foederans,
1717 2411 2097 2482 Medumpam,
2215 2410 2531 2480 nubii,jam
2571 2410 2668 2464 diu
2703 2423 2733 2464 a
2764 2410 3034 2466 Romanis
3067 2411 3392 2480 obsessam,
3427 2408 3601 2477 Gothi,
3629 2406 3789 2463 deletis
3871 2406 3873 2482 i

459 2495 679 2552 Gudin
712 2497 868 2566 regis
901 2499 1214 2554 Gothorum
1264 2498 1456 2566 filiam,
1491 2499 1717 2570 accepit
1746 2515 2001 2569 uxorem,
2039 2505 2102 2556 ut
2215 2498 2500 2554 militibus
2523 2498 2794 2554 Romanis
2816 2513 3135 2568 eorumque
3159 2498 3429 2568 ducibus,
3455 2498 3785 2554 vastaverunt.

458 2583 560 2640 tali
593 2585 874 2642 afﬁnitate
905 2587 1220 2644 roboratus
1253 2588 1621 2644 Macedonum
1657 2603 1896 2657 regnum
1917 2587 1988 2621 ⁷⁸⁰
2010 2589 2103 2644 llr-
2215 2587 2645 2658 Cuiprovincize
2678 2591 2817 2643 tunc
2865 2589 2991 2658 post
3018 2587 3332 2658 Agrippam
3377 2591 3592 2658 preerat
3620 2583 3788 2656 Oppius

457 2677 669 2730 maret.
2213 2675 2480 2744 Sabinus,
2508 2676 2710 2730 Gothis
2727 2680 2918 2732 autem
2946 2671 3788 2747 principabaturDorpaneus.ln-
3871 2671 3873 2747 ᾗ

526 2763 742 2819 Dehinc
768 2767 1048 2834 regnante
1073 2764 1126 2819 in
1163 2765 1366 2821 Gothis
1393 2765 1682 2834 Borbista,
1711 2765 1979 2822 Dieineus
2009 2781 2103 2822 ve-
2211 2769 2304 2820 ter
2327 2779 2474 2834 quos
2501 2764 2654 2820 bello
2676 2764 3002 2833 commisso,
3050 2764 3223 2820 Gothi
3257 2765 3534 2821 Romanos
3553 2762 3782 2826 vicerunt,
3871 2762 3873 2834 ς

459 2851 540 2907 nit
565 2851 620 2908 in
644 2853 928 2924 Gothiam,
952 2869 1022 2908 eo
1065 2857 1324 2926 tempore
1350 2870 1463 2924 quo
1495 2853 1647 2923 Sylla
1673 2855 1986 2911 Romanum
2018 2861 2102 2911 te-
2210 2853 2570 2924 caputOppii
2595 2853 2786 2908 Sabini
2821 2852 3224 2922 absciderunt,
3264 2851 3471 2909 multas
3490 2849 3724 2908 civitates
3743 2851 3783 2902 et

457 2942 583 2998 nuit
607 2941 1028 3015 principatum;
1069 2958 1236 3014 quem
1262 2943 1557 2999 Dicineum
1605 2944 1933 3014 suscipiens
1964 2945 2101 3000 Bor-
2209 2941 2453 2998 castella
2487 2941 2559 2997 de
2593 2946 2758 3014 parte
2791 2928 3422 3013 imperatorispublice
3445 2937 3783 3013 predatisuut.

459 3030 630 3100 hista,
652 3031 815 3087 dedit
837 3031 887 3087 ei
913 3032 1126 3100 regiam
1159 3033 1714 3105 potestatem,cujus
1735 3033 1978 3090 consilio
1997 3035 2102 3091 Go-
2209 3031 2328 3098 Qua
2363 3030 2710 3086 necessitate
2741 3029 3098 3100 compulsus,
3133 3030 3498 3086 Domicianus
3535 3042 3648 3084 cum
3674 3021 3786 3082 omni

457 3121 968 3220 thiGermanorum
983 3121 1052 3154 "1
1084 3127 1446 3192 terras,quas
1471 3137 1622 3178 nunc
1654 3123 2095 3194 Francitenent,
2129 3160 2180 3224 Ο
2211 3122 2429 3178 virtute
2461 3119 2758 3177 Ylliricum
2791 3119 3147 3191 properavit,
3195 3119 3535 3191 prolatoque
3564 3114 3788 3172 militibus

456 3208 716 3280 populati
766 3213 933 3275 sunt;
968 3209 1179 3279 quibus
1212 3210 1319 3266 hoc
1351 3215 1476 3266 erat
1526 3210 1780 3274 salubre,
1815 3212 1921 3268 hoc
1947 3228 2100 3270 eom-
2131 3207 2180 3224 ν
2211 3213 2392 3267 Fusco
2413 3209 2676 3278 ductore,
2701 3223 2832 3264 cum
2855 3207 3236 3264 electissimis
3261 3207 3403 3264 viris
3424 3221 3628 3264 amnem
3651 3207 3790 3260 Danu-

457 3297 707 3367 modum,
751 3297 859 3352 hoc
883 3297 1162 3368 votivum,
1198 3302 1257 3354 ut
1289 3298 1569 3370 quicquid
1595 3299 1866 3357 Dieineus
1897 3316 2098 3357 eorum
2210 3299 2309 3368 bii,
2341 3298 2631 3355 consertis
2655 3297 3790 3368 navibusinstarpontis,eumtransmeare

455 3385 828 3442 consiliarius
861 3387 1236 3458 precepisset,
1271 3388 1379 3443 hoc
1409 3388 1597 3444 modis
1629 3389 1898 3445 onmibus
1929 3405 2098 3461 expe-
2213 3387 2476 3460 precepit
2500 3400 2676 3458 super
2703 3385 3026 3443 exercitum
3057 3385 3369 3458 Dorpanei.
3404 3384 3562 3442 Gothi
3591 3383 3708 3438 haut
3731 3391 3793 3434 se-

456 3473 687 3528 tissent.
712 3473 898 3541 (Ione.
925 3489 974 3530 c.
1013 3478 1070 3531 11
1123 3477 1278 3554 sqq.)
1311 3475 1416 3541 Qui
1449 3491 1694 3536 cernens
1752 3491 1950 3534 eorum
1983 3476 2101 3533 ani-
2209 3491 2354 3546 gues
2387 3491 2545 3532 arma
2571 3479 2911 3546 capessunt,
2940 3475 3244 3547 primoque
3273 3473 3546 3532 conﬂictu
3564 3473 3794 3528 Romanos

453 3575 576 3617 mos
609 3561 721 3617 sibi
755 3561 808 3618 in
843 3562 1112 3620 omnibus
1143 3563 1380 3619 obedire
1411 3569 1472 3620 et
1503 3564 1772 3622 naturale
1805 3565 2100 3635 ingenium
2211 3565 2550 3633 devincunt,
2587 3569 2647 3619 et
2675 3563 2966 3620 exstincto
2998 3563 3179 3619 Fusco
3205 3563 3376 3634 duce,
3397 3561 3626 3619 militum
3643 3559 3793 3614 castra

453 3663 557 3706 eos
586 3650 822 3722 habere,
856 3651 1006 3707 omni
1059 3666 1204 3724 pene
1235 3651 1614 3724 phylosophia
1665 3669 1766 3710 eos
1795 3654 2097 3726 instruxit,
2213 3652 2566 3724 prcdantur;
2601 3665 2924 3722 magnaque
2956 3649 3416 3722 potitivictoria,
3444 3651 3552 3722 jam
3571 3652 3792 3720 proceres

453 3738 748 3811 clegitque
778 3754 850 3797 ex
871 3740 956 3796 eis
979 3741 1375 3799 nobilissimos
1409 3745 1464 3798 et
1493 3742 1901 3814 prudentiores
1921 3743 2097 3814 viros,
2209 3757 2366 3811 suos,
2393 3756 2504 3798 non
2533 3740 2694 3812 quasi
2730 3754 2911 3811 puros
2941 3739 3208 3796 homines
3233 3739 3338 3797 sed
3361 3739 3518 3812 quasi
3541 3733 3791 3798 semideos

454 3843 601 3899 quos
627 3828 979 3900 theologiam
1002 3829 1489 3900 docens,numina
1519 3832 1780 3902 quaedam
1805 3837 1863 3888 et
1883 3832 2100 3889 sacella
2211 3833 2398 3887 Anses
2427 3833 2807 3886 vocaverunt.
2845 3827 3099 3894 Quorum
3129 3828 3522 3899 genealogiam
3551 3829 3608 3882 ut
3637 3817 3791 3893 paucis

451 3919 718 3974 venerari
744 3919 948 3989 suasit,
973 3933 1194 3991 eosque
1216 3919 1552 3978 sacerdotes
1580 3921 1959 3989 fecit,nomen
1987 3921 2102 3979 illis
2211 3933 2570 3991 percurram,
2624 3917 2846 3989 primus
2877 3916 3080 3972 horum
3111 3916 3358 3974 heroum
3391 3915 3492 3972 fuit
3521 3909 3696 3985 Capul,
3722 3903 3792 3978 qui

451 4005 824 4079 pilleatorum
851 4007 1109 4077 tradens,
1137 4009 1268 4080 quia
1295 4009 1833 4081 opertiseapitibus
1855 4011 2095 4082 thyaris,
2208 4008 2407 4078 genuit
2427 4005 2634 4076 Ulmal,
2673 4005 2858 4062 Ulmal
2884 4019 3022 4062 vero
3043 4005 3248 4076 genuit
3272 4002 3606 4076 Anguisath,
3633 3994 3792 4066 Angui-

450 4096 560 4150 hoc
583 4099 672 4151 est
691 4094 902 4166 pilleis,
926 4095 1191 4167 litabant,
1210 4097 1494 4168 reliquam
1514 4112 1650 4156 vero
1673 4104 1906 4170 gentem
1922 4100 2101 4171 capil-
2210 4111 2271 4153 sa
2284 4095 2422 4152 thm
2445 4095 2646 4166 genuit
2663 4109 2794 4151 eum
2810 4095 2905 4165 qui
2931 4093 3126 4151 dictus
3149 4098 3243 4150 est
3271 4093 3487 4164 Amata,
3507 4091 3794 4162 aquoetge-
3871 4105 3873 4108 ‘

453 4181 628 4239 latam
647 4181 759 4239 dici
779 4183 1150 4254 jussit.Quod
1193 4200 1394 4242 nomen
1421 4187 1588 4243 Gothi
1610 4201 1711 4258 pro
1737 4203 1942 4258 magno
1973 4203 2101 4246 sus-
2210 4201 2318 4243 nus
2353 4185 2685 4242 Amatorem
2711 4183 3004 4248 decurrit;
3038 4182 3238 4240 Amala
3271 4197 3412 4240 vero
3432 4179 3620 4253 genuit
3648 4175 3794 4231 llisar-

452 4270 760 4341 eipientes,
789 4271 974 4328 adhuc
1001 4272 1056 4328 in
1081 4273 1204 4330 suis
1224 4275 1595 4331 cantionibus
1619 4276 2094 4334 reminiscuntur.
2208 4290 2359 4346 nam,
2387 4273 2647 4331 llisarnis
2669 4277 2862 4329 autem
2885 4271 3087 4343 genuit
3119 4271 3553 4343 Ostrogotham,
3577 4267 3794 4332 Ostrogo-

452 4359 779 4416 Decedente
818 4359 886 4393 ⁷⁸²
918 4375 1053 4417 vero
1102 4362 1356 4432 Dicineo,
1390 4363 1515 4434 pari
1547 4378 1694 4434 pene
1723 4365 2098 4422 veneratione
2209 4366 2304 4420 tha
2329 4363 2528 4436 genuit
2554 4362 2764 4432 Hunul,
2800 4360 2987 4418 llunul
3017 4361 3220 4431 genuit
3243 4360 3436 4430 Athal,
3465 4354 3618 4415 Atbal
3639 4346 3794 4424 genuit

449 4447 1179 4520 habueruntGumosicum,
1223 4451 1439 4522 quinec
1469 4451 1850 4523 impariserat
1892 4454 2098 4510 soller-
2124 4517 2166 4523 _
2212 4452 2519 4509 Achiulfet
2547 4450 2766 4519 Odiulf,
2801 4449 3035 4506 Achiqu
3061 4454 3255 4506 autem
3285 4448 3487 4520 genuit
3516 4441 3729 4504 Ansilam
3751 4438 3792 4490 θῐ

453 4537 566 4593 tize.
588 4537 688 4595 Hic
707 4538 919 4595 etenim
936 4517 1256 4596 rexilliset-
1288 4517 1636 4610 pontifex—ob
1651 4556 1810 4597 suam
1829 4543 2094 4614 peritiam
2124 4517 2177 4578 D
2210 4541 2480 4598 lidiulfet
2505 4517 2858 4595 Witulfmet
2901 4517 3364 4608 Hermenricum,
3407 4529 3662 4594 Witqum
3691 4536 3792 4614 γρτο

451 4625 506 4680 in
528 4627 998 4698 summajusticia
1027 4627 1302 4698 pepulum
1321 4629 1657 4697 regebat.Et
1684 4631 1786 4686 hoc
1808 4612 2097 4687 rebusliu-
2207 4629 2411 4700 genuit
2440 4626 2928 4696 Walaradantem,
2984 4626 3364 4682 Walaradans
3419 4622 3653 4681 Hiarium
3675 4612 3792 4700 ⁷³⁹γεῑ

451 4714 637 4771 manis
655 4715 1000 4787 excedente,
1022 4716 1322 4772 Zalmoxes
1335 4719 1766 4774 rex-Gothorum
1786 4719 1837 4774 in
1857 4733 2095 4789 regnum
2209 4699 2643 4786 Venetharium,
2687 4715 3074 4772 Venetharius
3095 4713 3577 4780 Wandalaricum,
3603 4699 3795 4796 Wagfif'

451 4803 812 4874 conscendit,
863 4809 923 4860 et
955 4819 1058 4876 per
1089 4805 1158 4860 40
1185 4819 1368 4861 annos
1398 4805 1453 4861 in
1483 4805 1646 4862 Datia
1671 4807 1792 4864 suis
1819 4807 2096 4878 gentibus
2209 4807 2427 4864 laricus
2443 4805 2642 4876 genuit
2665 4803 3020 4860 Dietmarum
3041 4801 3114 4836 ⁷⁹⁰
3133 4807 3194 4859 et
3216 4801 3573 4858 Walamirem
3598 4798 3648 4853 et

451 4892 777 4964 imperavit.
812 4892 1034 4950 Datiam
1066 4899 1258 4950 autem
1289 4892 1358 4926 ⁷⁸³
1387 4894 1517 4951 dico
1550 4895 1870 4967 antiquam,
1927 4912 2098 4968 quam
2211 4910 2429 4954 marum
2450 4892 2540 4964 7",
2566 4893 2822 4950 Dictmar
2847 4892 3046 4962 genuit
3079 4891 3518 4959 Theodericum,
3544 4879 3796 4972 Theodori-

453 4993 606 5038 nunc
641 4981 874 5054 Gepidze
932 4983 1235 5056 possidere
1273 4989 1616 5040 noscuntur.
1655 4965 1792 5050 Quae
1823 4965 2009 5057 patria
2043 4987 2098 5042 in
2209 5000 2314 5043 eus
2367 4983 2568 5054 genuit
2629 4980 3120 5052 Amalasuindam,
3189 4975 3592 5038 Amalasuinda
3621 4965 3794 5064 ﬁent!"

452 5073 776 5142 conspectu
796 5071 1006 5128 Mmsiae
1031 5071 1142 5128 sita
1163 5075 1331 5128 trans
1350 5071 1698 5143 Danubium,
1723 5088 1938 5132 corona
1980 5075 2100 5132 cin-
2210 5072 2602 5132 Athalaricum
2633 5075 2690 5128 et
2749 5069 3166 5128 Matesuindam
3196 5069 3270 5126 de
3305 5058 3790 5126 Eutltarico"”\'il'0

453 5155 612 5224 gitur
645 5159 947 5232 montium,
974 5160 1122 5218 duos
1166 5166 1388 5218 tantum
1414 5160 1634 5218 habens
1661 5142 1952 5236 accessus,
1986 5165 2101 5238 pri-
2213 5180 2340 5235 suo,
2369 5161 2465 5236 qui
2489 5159 2770 5219 affinitate
2785 5158 3019 5230 generis
3043 5159 3126 5215 sic
3149 5156 3220 5216 ad
3241 5172 3368 5214 eam
3383 5153 3698 5225 conjunctus
3713 5142 3792 5198 est.

1816 5307 2052 5364 VAPJE
2090 5307 2493 5366 LECTIONES.

521 5401 592 5438 ⁷⁷⁸
618 5403 708 5462 XX
737 5411 796 5463 9°
866 5405 937 5442 7°°
968 5421 1016 5462 r.
1051 5420 1198 5464 mae.
1233 5414 1284 5466 δ.
1371 5408 1442 5444 τεί
1493 5415 1539 5468 t.
1574 5425 1945 5470 romanorum
1988 5417 2066 5470 9°.
2145 5411 2214 5448 ⁷⁸²
2247 5411 2557 5470 decidente
2587 5413 2637 5467 4.
2701 5413 2751 5466 t5.
2786 5413 2870 5466 10.
2947 5405 3020 5442 ’³⁸³
3075 5421 3214 5465 vero
3244 5411 3306 5463 δ.
3396 5403 3464 5440 ⁷⁸⁸
3495 5393 3792 5473 familiam-3'93

453 5467 934 5558 357,arra_etals.é-
971 5482 1308 5558 etram.an
1336 5467 2562 5558 διρκρειηδθὶιώίῖοί-ίίίιὲιτρξξιιξι,ιῶξὑεῖίίπδ
2595 5478 2936 5558 (riediserni
2966 5481 3068 5558 93-.
3133 5475 3202 5512 ⁷⁸⁷
3227 5477 3396 5558 dces?
3417 5480 3474 5530 9°
3501 5473 3565 5558 3’2:

452 5535 640 5614 δίιιΡΡί
679 5553 761 5604 10-
842 5546 912 5581 ⁷⁸⁸
943 5535 1184 5602 wn.be
1206 5535 1300 5605 9ο)-
1344 5535 1856 5614 *isi'itiai'éiiﬁ'géi
1875 5535 2561 5614 tarrﬁdiahmarum
2591 5535 3314 5611 7E135."v'i’i‘7withmarnm
3338 5535 3414 5604 9°.
3501 5542 3566 5578 ⁷⁸³
3591 5535 3801 5598 audiam

438 5611 624 5674 ﬁdem
655 5618 720 5674 in
751 5618 848 5676 his
878 5614 1221 5674 nominibus
1243 5611 1577 5684 scribendis
1606 5625 1842 5684 secutus
1869 5611 2018 5684 etim.
