3952 6308
161 388 282 450 733

1049 381 1494 448 CHRONICA.
1530 416 1608 427 --
1639 374 2112 442 CHRONICON
2164 376 2712 439 UNIVERSALE.

3471 374 3588 436 734

158 519 548 582 Ermenricus
585 517 656 554 ’⁷⁸³
696 518 1089 591 supradictus,
1146 518 1298 576 filius
1340 515 1587 585 Achiulf,
1628 513 1824 585 genuit
1858 512 1910 571 A
1942 509 2303 587 obsidionem
2336 509 2526 573 ditati,
2554 510 2622 565 ad
2653 508 2882 580 propria
2916 506 3235 564 redierunt.
3274 523 3495 579 suaque
3530 509 3583 565 in

161 610 625 678 Huuimundum,
677 608 1082 666 Hunimundus
1127 606 1634 674 Thurismundum,
1684 605 1828 658 Thu-

160 700 509 760 rismundus
535 698 969 767 Herimundum,
998 696 1387 753 Herimundus
1412 700 1602 751 autem
1628 691 1826 763 genuit

163 790 526 859 Betericum,
555 788 858 844 Betericus
880 786 1243 855 Eutaricum,
1272 785 1365 855 qui
1392 786 1739 855 conjunctus
1759 778 1829 813 ⁷⁵³

161 878 563 936 Amalsuindce
591 877 793 947 genuit.
825 876 1221 933 Athalaricum
1250 881 1306 931 et
1340 872 1826 954 Mathesuindam_

163 969 434 1026 Mortuus
460 972 553 1024 est
580 973 774 1023 autem
807 965 1178 1022 Athalaricus
1206 965 1259 1020 in
1287 965 1452 1020 annis
1487 963 1827 1040 puerilibus,

162 1060 219 1114 et
251 1055 676 1113 Mathesuindaa
716 1054 947 1125 Witigis
982 1060 1073 1110 est
1108 1055 1441 1125 copulatus,
1478 1053 1547 1108 de
1583 1067 1695 1122 quo
1729 1050 1831 1107 illa

165 1161 274 1203 non
307 1145 579 1215 suscepit
609 1144 814 1200 filium.
858 1144 995 1199 Cum
1030 1148 1223 1199 autem
1256 1143 1488 1212 Witigis
1518 1143 1693 1198 rebus
1727 1141 1833 1197 hu'

166 1235 349 1292 manis
399 1233 739 1302 excederet,
794 1233 1118 1289 Germanus
1172 1233 1478 1303 patricius,
1534 1229 1832 1287 fratruelis

166 1324 360 1383 domui
408 1323 625 1380 Justini
678 1323 1072 1394 imperatoris,
1124 1337 1362 1378 sumens
1402 1337 1526 1378 eam
1560 1322 1610 1376 in
1649 1336 1832 1377 conu-

167 1414 342 1482 bium,
380 1413 691 1484 patriciam
719 1412 851 1468 fecit
876 1410 1250 1480 ordinariam,
1284 1412 1607 1481 genuitque
1644 1410 1825 1466 filium

163 1517 234 1558 ex
255 1516 322 1558 ea
348 1501 585 1558 nomine
609 1501 973 1556 Germanum.
1004 1501 1284 1557 Defuncto
1319 1505 1511 1556 autem
1544 1500 1829 1554 Germano

165 1591 288 1647 viro
311 1605 441 1661 suo,
467 1589 594 1661 ipsa
620 1588 790 1644 vidua
817 1603 1197 1660 perseverare
1231 1587 1543 1658 disposuit.
1584 1586 1833 1655 Conjun'

166 1679 286 1736 ctio
315 1677 850 1748 consanguinitatis
880 1677 1199 1733 Ermenrici
1234 1682 1296 1732 et
1322 1676 1657 1731 Theoderici
1694 1675 1831 1732 talis

168 1767 293 1824 fuit.
329 1766 701 1823 Ermenricus
735 1772 792 1821 et
832 1766 1103 1822 Witulfus
1136 1766 1237 1820 filii
1274 1765 1506 1820 fuerunt
1542 1763 1817 1820 Achiulfi.

525 1862 938 1921 Hermenricus
1154 1862 1433 1918 Witulfus

524 2004 933 2062 Hunimundus
1171 2003 1549 2060 Walaradans
1580 2001 1647 2036 7"

523 2078 983 2203 Thuris|mundus
1166 2077 1553 2202 Win|itharius

524 2235 914 2355 Herimhndus
933 2297 1003 2331 ⁷⁸⁵
1168 2223 1609 2353 Waiidalaricus

526 2371 827 2506 Beterilcus
1176 2449 1393 2504 Dietma
1404 2462 1503 2504 rus

524 2531 873 2656 Euthai'icus
1157 2521 1566 2655 Theo|dericus.
1630 2596 1808 2667 Cujus

166 2689 338 2747 tiliam
386 2688 869 2746 Amalasuindam
903 2688 1256 2744 Eutharicus
1286 2688 1596 2758 accipiens,
1628 2679 1827 2755 genuit

171 2778 572 2835 Athalaricum
605 2782 660 2832 et
696 2776 1177 2845 Mathesuindam,
1212 2776 1573 2847 stirpemque
1608 2774 1831 2830 Amalo’

172 2883 286 2924 rum
320 2868 436 2938 jam
480 2880 645 2939 pene
687 2865 931 2923 divisam
974 2865 1295 2936 conjunxit.
1344 2865 1443 2921 His
1476 2864 1553 2919 ita
1588 2863 1830 2920 insertis

171 2969 273 3013 nou
298 2957 367 3012 ah
391 2970 475 3024 re,
514 2960 579 3010 ut
601 2953 913 3023 credimus,
939 2954 1009 3010 ad
1035 2952 1296 3009 ordinem
1322 2951 1598 3023 hystoriae
1630 2950 1828 3006 redea-

176 3060 322 3203 ωιέἓ..
362 3134 429 3189 14
462 3132 628 3203 sqq.)
661 3131 962 3201 Dorpaneo
998 3130 1177 3201 igitur
1212 3144 1345 3200 rege
1376 3129 1694 3186 Gothorum
1732 3128 1827 3185 de-

1945 600 2128 671 patria
2159 600 2407 655 feliciter
2429 601 2836 665 versabantur,
2866 612 3168 667 quousque
3198 599 3470 669 princeps
3493 612 3588 654 eo-

1945 704 2067 745 rum
2089 688 2315 743 exstitit
2343 688 2713 755 Ostrogotha.
2746 689 2880 742 Post
2898 686 3064 755 cujus
3081 702 3381 742 excessum
3402 686 3585 742 Oniba

1942 778 2252 845 successit,
2282 776 2377 847 qui
2406 776 2582 833 ducto
2605 777 2866 831 exercitu
2894 792 3022 831 cum
3047 777 3434 832 Romanorum
3461 788 3588 846 par-

1942 870 2034 921 tes
2065 865 2425 933 devastaret,
2466 865 2672 921 Decius
2699 864 2813 933 jam
2841 864 3155 935 imperator
3178 879 3305 921 cum
3332 864 3449 919 filio
3479 877 3587 920 suo

1942 954 1993 1009 ei
2019 955 2299 1023 occurrit,
2332 959 2721 1023 consertoque
2756 953 2975 1024 praelio,
3002 954 3151 1009 Decii
3181 954 3353 1023 filius,
3380 957 3439 1008 et
3461 952 3588 1025 ipse

1944 1041 2136 1098 dictus
2164 1042 2388 1109 Decius,
2416 1041 2625 1111 sagitta
2653 1041 2961 1107 occiditur,
2990 1047 3154 1113 pater
3179 1056 3429 1113 quoque,
3455 1055 3585 1126 c'um

1945 1131 2122 1187 filium
2147 1130 2429 1188 ulciscim
2446 1131 2769 1195 moliretur,
2794 1132 3169 1187 interimitur.
3193 1132 3584 1189 PostDecium

1943 1220 2140 1276 Gallus
2172 1225 2228 1275 et
2262 1220 2610 1276 Volusianus
2642 1235 2819 1289 regno
2860 1220 3050 1290 potiti,
3089 1235 3285 1291 pacem
3318 1236 3446 1277 cum
3479 1221 3589 1276 Go-

1944 1310 2061 1364 this
2077 1310 2555 1380 pepigerunt,nec
2575 1309 2743 1377 longo
2762 1309 3071 1364 intervallo
3088 1310 3351 1379 utrisque
3366 1322 3589 1364 occum-

1946 1398 2235 1461 bentibus,
2260 1396 2640 1453 Gallienusm
2658 1398 2908 1468 arripuit
2928 1398 3337 1468 principatum.
3365 1398 3487 1464 Quo
3508 1396 3587 1453 la-

1942 1485 2116 1541 scivia
2139 1486 2420 1555 resoluto,
2444 1487 2626 1556 Respa
2648 1491 2703 1541 et
2725 1487 2993 1542 Veducus
3010 1488 3462 1555 Thurharusque
3486 1486 3587 1542 du-

1942 1589 2041 1630 ces
2065 1575 2380 1630 Gothorum
2406 1576 2612 1629 fretum
2636 1575 3086 1645 Ellrsponticum
3112 1577 3583 1643 trausfretantes,

1940 1662 2154 1717 multas
2173 1663 2318 1717 Asiae
2341 1663 2515 1718 urbes
2537 1663 2838 1733 depredati
2861 1668 3016 1733 sunt,
3037 1662 3299 1732 illudque
3317 1662 3589 1733 opinatis-

1940 1766 2147 1806 snnum
2180 1751 2371 1807 Dianae
2398 1751 2673 1821 templum
2695 1753 2767 1807 ab
2795 1752 3184 1807 Amazonibus
3208 1752 3419 1821 Ephesi
3453 1766 3587 1808 con-

1856 1869 1909 1928 B
1940 1838 2144 1909 ditum,
2179 1839 2626 1905 succenderunt,
2654 1845 2862 1894 etcum
2889 1839 3066 1895 multa
3094 1839 3270 1910 preda
3302 1839 3582 1909 regressi,
3672 1910 3681 1921 δ

1937 1928 2319 1997 Trojain,quze
2335 1928 2428 1981 vix
2446 1927 2631 1983 abillo
2647 1928 3032 1995 Agamennico
3050 1927 3202 1983 bello
3219 1927 3590 1997 quantulum-

1936 2031 2183 2085 cumque
2218 2020 2485 2086 reparata
2517 2021 2664 2085 erat,
2709 2030 2938 2071 rursum
2981 2014 3349 2084 deleverunt,
3384 2015 3585 2085 sicque

1940 2113 2072 2168 Asia
2100 2117 2346 2181 vastata,
2372 2113 2628 2167 Traciam
2656 2112 3037 2176 devenerunt,
3062 2116 3117 2167 et
3139 2111 3302 2180 juxta
3330 2111 3584 2169 radicem

1941 2208 2097 2264 Hemi
2130 2210 2344 2265 montis
2375 2225 2653 2280 aquarum
2680 2208 2996 2266 calidarum
3024 2209 3256 2265 lavacro
3282 2209 3581 2280 delectati,

1941 2306 2140 2361 multis
2170 2306 2375 2362 diebus
2406 2312 2853 2377 commorantes,
2891 2306 2961 2362 ad
2994 2307 3225 2378 prepria
3260 2307 3582 2376 redierunt,

1940 2406 2123 2474 (Jonu.
2150 2421 2199 2461 e.
2228 2410 2295 2462 20
2317 2408 2504 2478 seqq.)
2536 2408 2676 2462 Post
2698 2405 2820 2461 hiUC
2843 2406 2915 2460 ab
2941 2405 3212 2461 llerculio
3245 2404 3584 2461 Maximiano

1940 2504 1994 2557 in
2016 2504 2293 2560 auxilium
2320 2506 2705 2561 Romanorum
2727 2510 2928 2559 contra
2950 2504 3194 2559 Parthos
3214 2503 3423 2574 rogati,
3449 2502 3588 2558 tide-

1940 2600 2076 2655 litcr
2109 2600 2581 2669 decertaverunt,
2616 2606 2675 2655 et
2703 2602 2980 2656 Narseum
3014 2616 3207 2669 regem
3252 2602 3582 2670 Persarum,

1940 2688 2176 2760 Saporis
2201 2690 2387 2757 magni
2413 2694 2700 2758 nepotem,
2732 2691 3099 2759 fugaverunt.
3139 2692 3180 2744 A
3207 2689 3586 2745 Constantino

1942 2792 2170 2848 quoque
2195 2777 2546 2849 imperatore
2573 2777 2780 2846 rogati,
2818 2777 3001 2832 multo
3025 2776 3313 2833 affuerunt
3341 2776 3582 2848 auxilio,

1938 2870 1994 2924 et
2032 2870 2093 2922 ut
2129 2866 2569 2921 famosissimam
2606 2867 2798 2922 Romae
2829 2865 3092 2921 annulam
3124 2866 3179 2919 in
3217 2880 3321 2921 suo
3352 2866 3585 2923 nomine

1939 2955 2107 3012 COlldt
2131 2960 2220 3010 ret
2260 2955 2578 3023 civitatem,
2626 2953 2945 3010 Gothorum
2988 2953 3248 3009 interfuit
3294 2954 3579 3025 operatio.

1938 3042 2045 3109 Qui
2081 3042 2296 3099 foedere
2326 3043 2471 3099 inito
2498 3058 2628 3098 cum
2663 3042 3035 3112 imperatore,
3071 3043 3138 3097 40
3161 3041 3315 3096 milia
3347 3057 3583 3100 suorum

1938 3132 2019 3187 illi
2046 3132 2100 3189 in
2126 3133 2401 3189 solatium
2425 3138 2626 3189 contra
2662 3131 2855 3187 varias
2885 3136 3093 3200 gentes
3122 3130 3411 3201 obtulere,
3447 3147 3588 3202 quo-

175 3223 380 3293 functo,
401 3220 696 3280 successit
714 3220 1089 3290 Ostrogotha,
1106 3227 1163 3275 et
1183 3234 1319 3291 pars
1333 3220 1673 3289 Gothorum,
1698 3234 1825 3290 quae
1857 3226 1906 3291 C
1938 3237 2063 3278 rum
2083 3226 2142 3276 et
2162 3235 2439 3277 numerus
2459 3227 2517 3277 et
2540 3220 2742 3275 militia
2768 3234 2952 3290 usque
2974 3221 3041 3274 ad
3062 3234 3307 3291 presens
3327 3220 3380 3275 in
3402 3234 3464 3276 re
3484 3236 3586 3292 pu-

175 3311 509 3368 orientalem
548 3309 780 3381 plagam
813 3310 1071 3377 tenebat,
1104 3309 1590 3378 Ostrogotharum
1622 3322 1824 3364 nomen

174 3400 410 3470 accepit,
437 3400 570 3455 sive
591 3411 621 3452 a
643 3411 800 3468 rege,
827 3397 950 3453 sive
969 3412 995 3452 a
1020 3396 1286 3467 regione;
1311 3396 1520 3467 reliqui
1546 3411 1702 3466 vero,
1730 3401 1825 3467 qui

179 3487 228 3544 in
252 3488 489 3545 occidua
516 3491 690 3543 erant
718 3489 902 3557 parte,
934 3485 1269 3551 Wisigothae
1292 3484 1433 3541 dicti
1455 3490 1608 3555 sunt,
1644 3501 1729 3541 am
1743 3488 1826 3543 bre

173 3580 351 3634 tamen
404 3583 615 3649 partes
648 3575 770 3644 regi
803 3576 1176 3644 Ostrogotha:
1226 3574 1675 3643 subjacuerunt;
1730 3577 1829 3632 mi-

173 3680 403 3737 rumque
435 3665 492 3722 iu
530 3664 765 3720 modum
810 3663 928 3719 illis
970 3662 1428 3734 proficientibus,
1475 3664 1585 3720 sub
1627 3678 1827 3721 eorum

174 3753 401 3811 dextera
426 3751 750 3810 Wandalus
775 3752 980 3823 jacuit,
1015 3752 1455 3807 Marcomannus
1488 3753 1595 3808 sub
1631 3753 1827 3823 precio

174 3841 351 3911 stetit,
398 3840 681 3912 princeps
721 3837 1052 3905 Quadorum
1085 3838 1140 3893 in
1174 3838 1520 3894 servitutem
1552 3840 1831 3896 redactus

173 3935 273 3985 est.
308 3930 585 4003 Philippo
617 3929 812 3999 itaque
846 3928 1122 3984 Romanis
1157 3928 1497 3999 imperante,
1535 3930 1630 3999 qui
1665 3929 1828 3985 solus

174 4022 297 4074 ante
320 4018 774 4076 Constantinum
795 4032 925 4075 cum
953 4016 1071 4073 filio
1092 4032 1199 4074 suo
1220 4018 1357 4073 item
1378 4018 1646 4089 Philippo
1671 4018 1830 4073 Chri~

175 4107 388 4164 stianus
432 4108 635 4164 factus
674 4110 786 4175 est,
832 4105 1180 4177 Ostrogotha
1216 4122 1345 4163 cum
1380 4106 1504 4163 suis
1535 4108 1832 4163 transiens

174 4194 507 4265 Danubium,
582 4195 909 4267 provincias
969 4195 1357 4251 Romanorum
1408 4196 1691 4261 vastavit;
1758 4197 1829 4252 ad

176 4296 332 4352 quem
365 4281 785 4340 debellandum
820 4283 1030 4339 Decius
1063 4288 1300 4339 senator
1331 4298 1360 4338 a
1394 4283 1659 4355 Philippo
1692 4284 1831 4342 diri-

176 4371 340 4439 gitur.
368 4372 479 4439 Qui
510 4372 771 4442 veniens,
809 4374 1098 4429 Romanos
1129 4373 1346 4429 milites
1376 4388 1523 4444 quos
1555 4374 1773 4430 invenit
1800 4390 1850 4439 a,

176 4459 369 4517 militia
395 4460 674 4532 deposuit
693 4465 750 4516 et
771 4460 824 4516 in
851 4460 1077 4532 privata
1102 4461 1218 4516 vita
1245 4460 1461 4530 degere
1488 4462 1646 4533 fecit,
1666 4450 1833 4534 quasi

1939 3310 2090 3365 blira
2123 3310 2476 3378 nominatur,
2512 3309 2568 3365 id
2598 3314 2685 3365 est
2721 3309 3008 3364 foederati.
3045 3310 3197 3364 Tunc
3227 3309 3438 3364 etenim
3475 3310 3585 3365 sub

1938 3399 2181 3455 Ariarici
2201 3403 2257 3453 et
2275 3398 2518 3455 Ariorici
2540 3413 2738 3468 regum
2760 3413 2997 3454 suorum
3018 3397 3304 3452 florebant
3320 3396 3581 3468 imperio.

1936 3487 2073 3542 Post
2106 3502 2350 3557 quorum
2382 3487 2703 3543 discessum
2738 3500 3046 3542 successor
3069 3485 3231 3555 regni
3258 3485 3455 3541 extitit
3483 3485 3585 3540 Ge-

1938 3574 2159 3644 berich,
2182 3575 2399 3631 virtute
2416 3580 2474 3629 et
2498 3574 2806 3630 nobilitate
2828 3574 3095 3629 eximius.
3124 3575 3260 3629 Nam
3287 3578 3450 3645 patre
3471 3574 3585 3629 llil-

1938 3662 2135 3719 derico
2156 3669 2347 3731 natus,
2364 3679 2473 3719 avo
2489 3663 2725 3732 Hovida,
2743 3677 2958 3732 proavo
2981 3663 3141 3732 Nida,
3157 3662 3401 3731 gloriam
3420 3677 3587 3732 gene-

1937 3752 2019 3807 ris
2050 3752 2136 3808 sui
2174 3753 2342 3807 factis
2372 3751 2722 3821 exa3quavit.
2758 3752 2816 3806 In
2853 3750 3138 3821 principio
3178 3751 3393 3822 quippe
3424 3751 3587 3821 regni

1938 3840 2027 3896 sui
2064 3855 2191 3895 mox
2223 3838 2631 3895 Wandalorum
2662 3838 2841 3907 genti,
2871 3838 2966 3909 qui
2996 3853 3065 3893 eo
3096 3843 3361 3909 tempore
3394 3853 3588 3895 mane-

1940 3929 2075 3984 bant
2112 3928 2206 3983 ubi
2254 3931 2454 3998 postea
2498 3925 2697 3997 Gepidi
2741 3925 3047 3995 sedebant,
3093 3926 3305 3982 bellum
3349 3926 3581 3997 indixit,

1939 4031 2253 4087 regemque
2302 4030 2504 4072 eorum
2555 4016 2934 4071 Wisainarum
2981 4030 3113 4071 cum
3161 4030 3361 4084 magna
3415 4018 3585 4086 parte

1937 4107 2132 4177 gentis
2153 4120 2273 4161 suae
2301 4104 2643 4177 prostravit,
2676 4104 3132 4175 depredatisque
3163 4103 3476 4173 Wandalis,
3504 4104 3585 4160 vi-

1940 4200 2072 4252 ctor
2089 4194 2387 4251 remeavit.
2413 4193 2691 4265 Perpauei
2716 4208 2852 4249 vero
2875 4192 3155 4262 Wandali,
3180 4193 3274 4264 qui
3297 4206 3586 4249 remanse-

1942 4291 2069 4341 rant
2105 4285 2518 4341 infortunatam
2550 4284 2661 4340 sibi
2695 4283 2941 4355 patriam
2981 4282 3398 4353 relinquentes,
3444 4284 3589 4337 Pau-

1941 4375 2194 4444 noniam,
2230 4390 2258 4430 a
2293 4373 2677 4430 Constantino
2721 4373 3075 4445 imperatore
3113 4372 3225 4428 sibi
3256 4370 3324 4404 7"
3354 4386 3588 4427 conces-

1944 4479 2085 4533 sam,
2110 4463 2424 4535 petierunt,
2443 4462 2636 4532 ibique
2656 4461 2864 4518 locatis
2884 4461 3142 4530 sedibus,
3160 4476 3264 4531 per
3284 4459 3584 4529 sexaginta

175 4560 366 4606 eorum
398 4550 674 4620 neglectu
709 4549 881 4605 Gothi
913 4549 1234 4607 Danubium
1260 4550 1626 4622 transierint,
1656 4554 1833 4615 facta_
1862 4584 1916 4645 Β
1945 4568 2126 4609 annos
2158 4552 2574 4623 imperatorum
2606 4550 2861 4607 decretis
2884 4548 3045 4604 velut
3068 4549 3273 4604 incolae
3297 4547 3588 4603 deservie-

176 4649 299 4706 que,
329 4643 386 4694 ut
415 4638 667 4709 putavit,
703 4638 757 4694 in
789 4652 926 4694 suos
954 4637 1232 4707 vindicta,
1266 4638 1590 4694 revertitur
1612 4640 1682 4695 ad
1708 4642 1835 4696 Phi-

176 4720 408 4794 lippum.
435 4724 652 4781 Milites
674 4731 867 4782 autem
888 4725 1178 4795 videntes,
1204 4741 1266 4782 se
1289 4731 1415 4797 post
1439 4731 1527 4783 tot
1550 4727 1784 4785 labores
1803 4745 1831 4785 a

178 4811 374 4869 militia
402 4814 626 4886 pulsos,
653 4814 725 4870 ad
744 4814 1120 4885 Ostrogotha:
1145 4815 1299 4886 regis
1324 4815 1538 4872 auxilia
1561 4818 1836 4889 confuge-

179 4906 324 4956 runt.
354 4902 466 4969 Qui
488 4902 789 4973 excipiens
812 4916 933 4971 eos,
963 4917 1284 4972 eorumque
1308 4904 1506 4961 verbis
1529 4920 1831 4980 accensus,

180 5001 303 5045 mox
326 4995 595 5047 trecenta
626 4990 781 5046 milia
814 5005 1052 5048 suorum
1076 5000 1295 5049 armata
1322 4993 1593 5065 producit
1616 4994 1684 5050 ad
1718 4998 1834 5053 bel'

180 5071 311 5145 lum,
335 5078 710 5150 transitoque
739 5078 1019 5149 Danubio,
1045 5079 1297 5137 Moesiam
1318 5080 1580 5153 papulati
1597 5089 1752 5153 sunt,
1774 5089 1831 5141 et

180 5160 668 5237 Marcianopolim,
695 5166 954 5238 ejusdem
982 5167 1187 5238 patriae
1212 5170 1830 5243 urbemmetropolim,

184 5265 347 5321 quam
377 5253 659 5323 Trajanus
689 5254 826 5310 olim
850 5268 921 5311 ex
945 5255 1174 5313 nomine
1205 5256 1422 5314 sororis
1456 5273 1575 5314 suae
1608 5260 1833 5316 Marcia:

184 5340 856 5411 condidit,ohsederunt;
872 5350 1229 5417 acceptoque
1244 5346 1442 5418 precio
1456 5352 1589 5419 post
1602 5348 1832 5417 longam

1944 4646 2101 4699 runt.
2136 4641 2403 4710 lndejam
2431 4645 2563 4712 post
2586 4638 2815 4708 longum
2844 4642 3073 4707 tempus
3094 4650 3123 4691 a
3149 4635 3447 4705 Stilicone,
3473 4651 3587 4691 ma-

1943 4730 2133 4798 gistro
2176 4729 2421 4784 militum
2465 4734 2522 4784 et
2561 4725 2874 4783 exconsule
2916 4739 2981 4781 ac
3020 4724 3289 4795 patricio,
3333 4723 3583 4795 invitati,

1947 4817 2624 4888 Galliasoccupaverunt,
2643 4815 2738 4872 ubi
2758 4812 3031 4869 finitimos
3043 4811 3454 4883 depredautes,
3473 4826 3584 4867 non

1946 4906 2091 4961 adeo
2116 4904 2260 4960 fixas
2283 4905 2453 4960 sedes
2476 4904 2824 4961 habuerunt.
2860 4900 3136 4957 Geherico
3170 4914 3416 4971 namque
3448 4914 3585 4970 rege

1945 4994 2259 5049 Gothorum
2294 4994 2470 5048 rebus
2501 4992 2767 5049 humanis
2796 4990 3137 5061 excedente,
3175 4994 3304 5061 post
3328 4988 3588 5060 aliquan-

1944 5087 2066 5137 tum
2088 5081 2370 5153 temporis
2392 5081 2785 5150 Ermenricus,
2808 5080 3140 5136 Amalorum
3161 5078 3581 5151 nobilissimus,

1944 5169 2235 5225 successit
2259 5168 2313 5223 in
2341 5168 2724 5237 regnum,.qui
2754 5168 2963 5223 multas
2987 5168 3170 5223 arctoi
3194 5172 3402 5238 gentes
3422 5166 3588 5222 helli-

1942 5270 2113 5315 cosas
2139 5255 2467 5327 perdomuit
2489 5255 2730 5324 suisque
2756 5254 2984 5324 legibus
3009 5270 3212 5326 parere
3236 5256 3391 5325 fecit,
3414 5269 3583 5326 quem

1942 5345 2153 5402 merito
2185 5343 2446 5401 nonnulli
2477 5342 2729 5413 majores
2759 5341 3090 5399 Alexandro
3122 5358 3328 5414 magno
3358 5356 3586 5413 compa-

1542 5513 1777 5569 VARI.’E
1820 5513 2216 5571 LECTIONES.

255 5643 321 5678 ⁷⁸³
343 5662 394 5703 c.
432 5651 528 5704 est
564 5650 639 5704 θα.
726 5649 791 5683 ⁷⁸⁸
822 5652 1179 5713 Vualaradus
1211 5659 1287 5712 9ο.

1378 5653 1446 5687 ⁷⁸³
1474 5655 1884 5715 herismundus
1916 5663 1965 5714 δ.

2055 5654 2124 5689 ⁷⁸⁸
2158 5671 2210 5714 u.
2251 5656 2286 5713 f.
2322 5659 2371 5711 δ.
2461 5650 2528 5686 ⁷⁸⁷
2558 5648 2824 5723 galienus
2856 5656 2915 5710 9°
2995 5651 3064 5686 7”
3094 5652 3255 5710 deest
3280 5656 3356 5708 9ο.
