3952 6316
413 337 530 400 685
1582 332 2063 398 EKKEHARDI
2107 332 2664 402 URAUGIENSIS
3661 349 3756 416 786

411 487 636 532 ravere.
671 471 934 531 Habebat
965 470 1181 545 quippe
1204 469 1311 530 sub
1334 468 1561 529 ditione
1581 484 1685 529 sua
1709 467 1949 528 Golthes
1971 468 2062 541 7”,
2093 479 2150 540 Α
2178 471 2512 543 commovit,
2539 472 2636 546 qui
2662 470 3087 532 numerositate
3108 471 3413 548 pollentes,
3435 477 3604 550 primo
3622 484 3760 544 resis-

409 563 779 622 Citatbiudos
806 562 896 632 '°°,
935 564 1183 620 lnanxos
1210 559 1298 632 ἔοι,
1336 562 1570 630 Suasos,
1606 562 1940 618 Narboucas
1973 559 2060 632 ⁸⁸³,
2178 566 2300 618 tere
2323 563 2840 629 conabantur;sed
2865 563 3042 620 nichil
3065 565 3216 620 valet
3237 565 3534 625 multitudo
3551 569 3600 626 in
3618 571 3758 643 bello,
3861 603 3870 608 -

412 655 722 720 Merentes,
743 653 1092 723 Mordentes,
1113 649 1587 720 Ymniscaros’”,
1611 650 2064 708 Roscathaizan-
2175 651 2270 708 ubi
2305 656 2357 706 et
2398 654 2550 708 Deus
2578 653 2866 724 permittit
2898 658 2958 708 et
2988 653 3302 710 multitudo
3337 654 3554 714 fortium
3582 667 3758 720 armata

414 747 504 800 tes
534 741 623 814 '°‘,
659 741 956 811 Atbaalos,
1002 742 1370 812 Mavegones,
1413 741 1776 809 Rubegenas,
1821 738 2057 797 Holdas.
2173 739 2500 796 advenerit.
2536 741 2928 797 Venethorum
2971 757 3110 798 vero
3145 741 3324 812 natio,
3365 749 3426 800 ut
3463 759 3622 818 supra
3648 748 3760 806 dixi-

413 831 484 889 Et
531 846 662 890 cum
709 835 1004 889 tantorum
1049 829 1290 886 servitio
1332 827 1528 885 clarus
1565 827 1902 898 haberetur,
1945 843 2059 884 non
2173 843 2318 898 mus,
2345 829 2627 900 pepulosa
2654 836 2768 900 est,
2791 830 2887 900 qui
2909 831 2980 886 ab
3001 845 3106 886 una
3133 831 3317 902 stirpe
3339 834 3652 903 exorti,tria
3672 839 3758 894 sibi

413 920 634 992 quievit
677 919 785 977 nisi
817 923 878 977 et
906 919 1249 976 Herulorum
1294 925 1522 988 gentes,
1569 917 1782 989 quibus
1825 921 2056 990 preerat
2169 917 2396 974 nomina
2424 917 2782 982 indiderunt,
2808 918 3072 986 Venethi,
3100 919 3334 990 Anthes,
3361 921 3617 994 Sclaveni,
3639 927 3758 997 quod

415 1009 700 1076 Alaricus,
728 1009 836 1066 sibi
861 1007 1198 1078 subjiceret.
1227 1008 1364 1075 Quae
1385 1006 1716 1077 gensjuxta
1751 1005 2056 1062 Meotidem
2169 1020 2376 1062 nomen
2411 1007 2496 1062 eis
2532 1007 2850 1079 principale
2883 1012 2994 1064 est.
3038 1007 3145 1075 Qui
3188 1009 3446 1080 quamvis
3473 1017 3673 1082 postea,
3701 1016 3759 1072 fa-

414 1096 683 1169 paludem
708 1097 998 1166 habitans,
1019 1095 1256 1154 exlocis
1276 1095 2055 1165 stagnantibus,quasGreci
2167 1095 2463 1153 cientibus
2516 1097 2774 1167 peccatis
2821 1096 3226 1168 quorumdam,
3279 1097 3486 1169 ubique
3525 1101 3756 1173 sevirent,

417 1185 570 1244 belle
609 1191 842 1256 vocant,
885 1185 1080 1242 Heruli
1122 1185 1285 1257 quasi
1331 1183 1538 1240 Helluli
1581 1183 1858 1240 nominati
1895 1187 2051 1254 sunt,
2166 1187 2518 1241 tunctamen
2543 1200 2743 1242 omnes
2763 1187 3098 1241 Ermenrico
3123 1186 3468 1243 servierunt.
3500 1189 3759 1249 llestorum

413 1289 557 1345 gens
597 1279 876 1346 quantum
908 1275 1074 1332 velox
1106 1280 1331 1330 tantum
1365 1274 1634 1344 superba.
1679 1271 1843 1327 Nulla
1877 1272 2056 1343 siqui-
2166 1287 2398 1343 quoque
2450 1274 2762 1344 nationem,
2805 1273 2901 1343 qui
2944 1273 3340 1344 longissimam
3387 1277 3570 1332 oceani
3611 1277 3758 1350 ripam

417 1365 545 1422 dem
577 1379 722 1435 gens
751 1369 891 1422 tunc
921 1369 1068 1434 erat,
1103 1379 1230 1435 quae
1263 1379 1375 1419 non
1405 1363 1585 1418 levem
1610 1361 1679 1394 ⁸⁰⁵
1701 1366 2052 1418 armaturam
2165 1361 2486 1417 Germanici
2518 1362 2876 1433 insederant,
2897 1362 3044 1418 idem
3073 1362 3376 1435 prudentia
3401 1365 3671 1423 etvirtute
3690 1381 3762 1424 su-

419 1455 473 1510 iu
497 1455 619 1511 acie
643 1469 743 1511 sua
768 1470 841 1510 ex
863 1454 1003 1524 ipsis
1023 1454 1140 1523 elig
1179 1458 1286 1509 ret.
1315 1451 1424 1507 Sed
1449 1453 1710 1522 quamvis
1733 1467 1933 1508 eorum
1961 1467 2054 1509 ve-
2165 1450 2344 1520 begit,
2374 1450 2761 1520 omnibusque
2785 1451 3034 1521 Scythia:
3057 1455 3113 1508 et
3140 1452 3456 1509 Germaniae
3478 1453 3760 1512 nationibus

413 1543 620 1599 locitas
637 1545 708 1599 ab
726 1543 857 1599 aliis
881 1545 1090 1598 crebro
1115 1541 1469 1598 bellantibus
1489 1545 1920 1610 eostutaretur,
1950 1541 2054 1596 ϐο·
2159 1540 2279 1596 aesi
2320 1539 2576 1611 propriis
2610 1539 2832 1595 laribus
2861 1539 3190 1610 imperavit.
3225 1542 3362 1596 Post
3391 1539 3509 1598 haec
3535 1557 3658 1600 vero
3676 1545 3762 1600 Hu-

417 1633 648 1688 thorum
682 1638 870 1688 tamen
903 1630 1210 1686 stabilitati
1236 1636 1296 1685 et
1323 1630 1583 1684 tarditati
1617 1630 2052 1700 subjacuerunt,
2169 1643 2372 1684 norum
2404 1643 2546 1697 gens
2571 1629 2726 1684 omni
2764 1629 3072 1684 ferocitate
3106 1628 3360 1685 atrocior
3388 1630 3662 1688 exarsitin
3681 1633 3763 1689 Go-

417 1721 668 1792 fecitque
691 1735 865 1777 causa
893 1719 1144 1786 fortium,
1174 1725 1230 1774 ut
1265 1719 1372 1790 ipsi
1399 1719 1551 1774 inter
1576 1719 1832 1788 reliquas
1853 1724 2057 1785 gentes
2169 1717 2319 1786 thos,
2351 1731 2591 1788 eosque,
2626 1717 2720 1786 qui
2757 1717 2916 1788 prius
2947 1717 3140 1773 timori
3175 1722 3343 1774 erant
3375 1717 3580 1775 ceteris
3615 1721 3763 1790 genti-

415 1810 726 1866 Gelharum
770 1809 889 1878 regi
935 1809 1268 1864 Ermenrieo
1307 1808 1616 1864 servirent.
1651 1809 1789 1864 Post
1821 1807 2059 1865 Herulo-
2171 1807 2300 1876 bus,
2335 1807 2406 1862 ab
2441 1806 2696 1876 antiquis
2728 1805 3087 1862 conterritos
3114 1807 3340 1878 expulit
3373 1808 3615 1864 sedibus.
3654 1810 3761 1876 Hos,

416 1912 540 1954 rum
594 1897 810 1954 caedem
863 1897 1000 1952 item
1052 1897 1423 1953 Ermenricus
1465 1896 1517 1950 in
1560 1895 1852 1952 Venetbos
1901 1910 2058 1952 arma
2170 1899 2231 1951 ut
2256 1896 2434 1951 refert
2462 1893 2801 1965 antiquitas,
2828 1895 2905 1950 ita
2931 1895 3200 1954 extitisse
3225 1896 3618 1968 comperimus.

1634 2036 1740 2094 DE
1784 2035 2124 2097 ORIGINE
2166 2034 2577 2096 HUNORUM

483 2149 714 2208 Filimer
741 2163 846 2206 rex
878 2149 1214 2220 Gothorum,
1248 2149 1510 2206 Gadarici
1542 2150 1724 2216 Magni
1756 2149 1930 2219 filius,
1957 2149 2054 2220 qui
2088 2166 2140 2224 Β
2171 2149 2348 2204 thiam
2381 2151 2716 2220 properant,
2741 2153 2798 2205 et
2825 2153 3330 2220 quantoscumque
3354 2149 3667 2222 Scytharum
3686 2149 3764 2206 ob-

413 2244 545 2312 post
577 2253 879 2311 egressum
911 2255 1109 2298 eorum
1137 2240 1206 2296 de
1229 2239 1464 2295 Scanzia
1492 2239 1680 2295 insula
1707 2238 1822 2307 jam
1853 2239 2057 2308 quinto
2169 2240 2296 2294 vios
2325 2239 2651 2294 habuerunt
2685 2239 3049 2308 occiderunt,
3085 2238 3350 2310 reliquos
3388 2238 3633 2311 perditos
3658 2239 3762 2295 sub—

417 2329 544 2386 loco
575 2332 762 2388 tenuit
794 2345 1036 2402 regnum
1080 2329 1414 2396 Getharum,
1459 2328 1672 2398 quique
1707 2333 1896 2384 terras
1929 2329 2058 2398 Scy—
2170 2332 2432 2394 egerunt.
2462 2329 2596 2382 Nam
2624 2342 2753 2382 mox
2781 2331 2841 2383 ut
2866 2328 3160 2398 ingentem
3188 2327 3346 2384 illam
3371 2327 3764 2400 paludemtran-

414 2419 622 2489 thieas,
645 2420 1001 2492 utsuperius
1028 2417 1244 2474 dictum
1269 2421 1380 2484 est,
1405 2433 1534 2474 cum
1559 2423 1734 2486 gente
1758 2432 1859 2473 sua
1884 2417 2059 2472 intra-
2169 2415 2418 2485 sicrunt,
2469 2415 2602 2472 ilico
2651 2416 2958 2488 Alpizuros
2997 2420 3056 2472 et
3090 2416 3395 2474 Alcizuros
3427 2431 3490 2474 ac
3519 2417 3761 2485 Itimaros,

414 2507 518 2576 vit,
555 2509 832 2578 quasdam
874 2507 1151 2564 mulieres
1184 2520 1399 2575 magas.
1437 2520 1580 2576 quas
1613 2504 1692 2559 illi
1727 2505 1926 2560 Gotico
1961 2519 2058 2561 no-
2171 2503 2380 2560 deinde
2413 2507 2592 2560 Arsos
2621 2511 2680 2560 et
2713 2504 2969 2574 Boiscos,
3004 2505 3100 2575 qui
3147 2505 3294 2578 ripae
3333 2505 3572 2576 Scythia
3598 2503 3766 2562 inside-

414 2595 564 2651 miue
613 2595 871 2654 alirunas
923 2600 1152 2661 vocant,
1189 2594 1244 2648 in
1274 2594 1538 2650 exercitu
1571 2593 1808 2664 reperit,
1840 2607 2059 2664 easque
2173 2593 2332 2662 bant,
2361 2593 2527 2664 quasi
2561 2594 2792 2664 quidam
2830 2595 3000 2650 turbo
3031 2595 3296 2664 gentium
3329 2595 3646 2667 rapiebant;
3674 2593 3766 2649 Ala-

411 2689 720 2756 suspectas
755 2685 990 2754 habens,
1019 2683 1088 2740 de
1113 2682 1302 2741 medio
1326 2682 1414 2738 sui
1441 2683 1556 2752 jam
1594 2686 1964 2752 pregnantes,
1994 2685 2054 2738 ut
2170 2696 2276 2739 nos
2300 2696 2550 2752 quoque,
2579 2698 2766 2754 pugna
2792 2682 2903 2738 sibi
2931 2697 3102 2754 pares
3121 2683 3228 2740 sed
3248 2683 3600 2740 humanitate
3618 2681 3770 2739 victus
3877 2681 3880 2758 1

415 2772 647 2843 quidam
681 2773 866 2844 (Joan.
893 2788 942 2828 c.
969 2771 1060 2842 24)
1091 2771 1312 2838 dicunt,
1346 2769 1735 2841 proturbavit,
1770 2775 2056 2842 longeque
2172 2771 2468 2840 formaque
2489 2770 2828 2838 dissimiles,
2853 2771 3485 2842 frequentieertamine
3504 2771 3768 2842 fatigantes
3877 2769 3879 2844 i

413 2859 484 2917 ab
513 2863 776 2918 exercitu
827 2862 1054 2931 fugatas
1098 2859 1152 2915 in
1194 2858 1512 2916 solitudine
1563 2872 1794 2914 manere
1841 2859 2054 2929 coegit.
2171 2858 2588 2928 subjugabant.
2639 2861 2778 2915 Nam
2811 2863 2872 2914 et-
2912 2875 3058 2930 quos
3101 2859 3261 2918 bello
3301 2861 3539 2918 forsitan
3580 2858 3768 2916 minime

411 2947 653 3016 Quidam
687 2949 920 3020 (idem?)
951 2963 1090 3005 vero
1126 2947 1330 3004 dicunt
1367 2946 1522 3018 quod
1559 2946 1861 3003 silvestres
1880 2946 2059 3002 homi-
2173 2948 2555 3018 superabant,
2589 2946 2787 3005 vultus
2807 2948 2895 3005 sui
2922 2953 3150 3005 terrore
3173 2949 3414 3006 nimium
3445 2963 3690 3022 pavorem
3709 2947 3770 3002 in-
3877 2957 3879 3022 ξ

409 3051 527 3104 nes,
567 3053 712 3109 quos
743 3039 970 3095 Faunos
1003 3037 1238 3094 licarios
1264 3041 1492 3105 vocant,
1527 3035 1661 3092 dum
1694 3049 1795 3092 eas
1831 3050 1933 3108 per
1962 3034 2060 3092 de-
2167 3042 2463 3107 gerentes,
2483 3037 2778 3106 fugabant,
2796 3052 2866 3094 eo
2881 3037 3034 3108 quod
3054 3039 3523 3110 erateisspecies
3541 3035 3768 3110 pavenda

3877 2649 3879 2730 ἱ

3877 2733 3880 2758 ι

3877 2977 3879 3084 1

3877 3085 3879 3124 |

407 3132 626 3183 sertum
645 3141 846 3183 errare
866 3125 1147 3192 viderent,
1169 3139 1486 3195 earumque
1500 3122 1905 3194 complexibus
1921 3139 1982 3180 se
2000 3123 2056 3179 in
2169 3125 2514 3197 nigredinis,
2541 3131 2601 3182 et
2623 3127 2672 3183 si
2697 3127 2810 3182 dici
2837 3128 2921 3184 fas
2940 3132 3052 3196 est,
3085 3129 3355 3198 quaedam
3388 3127 3639 3184 informis
3665 3123 3766 3192 oll‘a,
3877 3122 3879 3142 λ

401 3215 555 3272 coitu
592 3215 954 3284 miscuerint,
980 3218 1040 3270 et
1061 3227 1246 3282 genus
1277 3213 1383 3269 hoc
1418 3212 1837 3268 ferocissimum
1861 3211 2058 3268 edide-
2170 3228 2279 3269 non
2308 3215 2506 3276 facies,
2530 3213 2869 3286 habensque
2895 3215 3076 3285 magis
3103 3217 3274 3285 quasi
3309 3216 3567 3288 quaedam
3597 3217 3768 3287 puncta
3877 3241 3879 3288 i

403 3305 536 3360 rint.
555 3304 720 3372 Quod
743 3303 843 3360 fuit
871 3303 1112 3375 primum
1135 3303 1288 3358 inter
1309 3301 1552 3374 paludes
1574 3301 1856 3358 Meotidas
1875 3301 2060 3358 minu-
2170 3316 2339 3373 quam
2365 3301 2596 3370 lumina,
2630 3318 2873 3373 quorum
2897 3303 3071 3359 animi
3096 3302 3373 3362 fiduciam
3398 3303 3656 3362 turbidus
3674 3315 3771 3375 pro-

403 3397 546 3462 tum,
567 3399 782 3448 tetrum
805 3395 982 3462 atque
1005 3389 1178 3458 exile,
1201 3389 1362 3462 quasi
1401 3391 1436 3446 h
1457 3390 1692 3446 )minum
1724 3403 1930 3459 genus,
1953 3403 2060 3445 nec
2170 3389 2255 3446 dit
2276 3396 2570 3462 aspectus.
2600 3391 2705 3458 Qui
2727 3392 2900 3448 etiam
2922 3393 2978 3448 in
3001 3391 3152 3450 filios
3174 3407 3321 3450 suos
3337 3394 3522 3464 primo
3539 3391 3623 3462 die
3639 3395 3771 3447 natos

401 3479 512 3536 alia
537 3494 675 3536 voce
700 3485 918 3551 notum,
947 3479 1053 3536 nisi
1087 3479 1238 3550 quod
1272 3478 1502 3536 humani
1535 3478 1825 3536 sermonis
1860 3477 2060 3548 imagi.
2092 3523 2141 3586 Ο
2171 3478 2497 3536 deseviunt.
2531 3481 2671 3537 Nam
2707 3481 2860 3536 ferro
2893 3486 3093 3538 secant
3123 3495 3311 3551 genas
3342 3496 3558 3552 eorum,
3587 3495 3699 3538 mox
3724 3481 3772 3534 ut

401 3583 530 3625 nem
565 3569 920 3638 assignabat.
951 3567 1068 3624 Tali
1101 3567 1282 3637 igitur
1311 3567 1495 3640 stirpe
1528 3567 1675 3623 Huni
1706 3567 1912 3635 creati,
1950 3566 2060 3622 (ἰο-
2093 3566 2141 3586 ν
2171 3568 2291 3624 nati
2312 3573 2466 3638 sunt,
2487 3574 2548 3625 ut
2569 3567 3070 3640 antequamlactis
3089 3571 3449 3628 nutrimenta
3470 3568 3768 3644 percipiant,

401 3657 631 3714 thorum
658 3657 870 3716 finibus
893 3658 1272 3714 advenerunt.
1300 3656 1465 3712 Natio
1495 3660 1686 3713 autem
1713 3655 1970 3724 illorum,
1996 3659 2059 3711 ut
2168 3655 3774 3728 vulneriscogantursubiretolerantiam.Hincimberbes

3877 2649 3879 2730 ἱ

3877 2733 3880 2758 ι

3877 2977 3879 3084 1

3877 3085 3879 3124 |

3877 3129 3879 3142 l

401 3746 618 3804 dictum
659 3751 772 3817 est,
816 3747 1108 3803 referente
1150 3747 1352 3803 Prisco
1393 3745 1716 3816 hysterico,
1749 3743 2057 3800 Meotidem
2167 3747 2703 3804 senescuntetsine
2724 3752 3035 3805 venustate
3057 3749 3275 3820 ephebi
3297 3753 3455 3819 sunt,
3483 3747 3605 3820 quia
3627 3744 3771 3802 facies
3877 3761 3879 3784 λ

399 3835 668 3908 paludem
689 3835 742 3891 in
766 3835 1033 3892 ulteriori
1056 3835 1182 3907 ripa
1205 3835 1489 3904 insidens,
1512 3833 1807 3890 venationi
1830 3837 2055 3890 tantum
2167 3835 2323 3890 ferro
2338 3835 2563 3892 sulcata
2583 3835 2988 3907 tempestivam
3005 3836 3520 3908 pilorumgratiam
3535 3831 3772 3893 cicatrice
3878 3863 3879 3868 η

399 3924 652 3996 studuit,
685 3924 906 3982 nullum
938 3924 1112 3981 alium
1143 3929 1385 3996 experta
1421 3923 1700 3992 laborem,
1733 3921 1843 3977 nisi
1877 3920 2052 3992 quod,
2169 3924 2441 3981 absumit.
2470 3926 2672 3981 Forma
2693 3924 2924 3994 quidem
2944 3925 3161 3996 exigui,
3187 3925 3296 3983 sed
3313 3925 3538 3996 argutis
3557 3923 3771 3980 motibus

400 4017 708 4086 postquam
739 4014 1023 4070 crevisset
1049 4013 1104 4069 in
1132 4012 1399 4086 populos,
1429 4009 1732 4068 fraudibus
1751 4015 1809 4066 et
1835 4010 2056 4082 rapinis
2166 4017 2301 4068 sunt
2330 4012 2588 4084 expediti
2619 4017 2677 4068 et
2700 4013 2769 4070 ad
2801 4013 3180 4084 equitandum
3217 4011 3648 4088 promptissimi,
3675 4021 3770 4066 sca-

398 4103 718 4160 vicinarum
735 4102 994 4172 gentium
1015 4101 1394 4160 conturbavit
1415 4099 1697 4171 quietem.
1715 4099 1896 4169 Hujus
1912 4114 2052 4170 ergo
2166 4100 2320 4172 pulis
2345 4101 2480 4157 latis
2501 4106 2559 4158 et
2583 4101 2654 4158 ad
2680 4116 2854 4158 arcus
2880 4103 3249 4174 sagittasque
3275 4103 3500 4176 paratis
3517 4101 3602 4168 m,
3625 4095 3769 4154 ﬁrmis
3878 4099 3879 4102 ‘

398 4191 590 4262 gentis
623 4192 950 4260 venatores,
979 4194 1037 4247 ut
1069 4189 1348 4258 assolent,
1378 4189 1512 4246 dum
1537 4188 1592 4244 in
1619 4188 1884 4245 ulteriori
1910 4189 2053 4245 Meo-
2163 4189 2494 4247 cervicibus
2522 4193 2582 4246 et
2613 4190 2885 4262 superbia
2925 4206 3157 4263 semper
3198 4192 3422 4249 erectis
3450 4189 3536 4246 "7.
3575 4188 3633 4245 Hi
3661 4197 3770 4242 vero

399 4279 538 4336 tidis
590 4279 714 4350 ripa
762 4277 1510 4348 venationesiuquirereut,
1558 4276 2048 4348 animadvertunt,
2163 4279 2272 4336 sub
2305 4278 2487 4349 figura
2527 4279 2821 4336 hominum
2864 4279 3069 4337 vivunt
3107 4279 3344 4338 beluina
3386 4279 3609 4338 sevicia.
3639 4270 3766 4342 Quod

397 4367 690 4440 quomodo
729 4381 904 4424 cerva
935 4381 1008 4424 ex
1038 4364 1357 4436 improviso
1389 4379 1455 4421 se
1485 4363 1602 4420 illis
1641 4364 1878 4433 obtulit,
1923 4379 2052 4436 quae
2117 4421 2128 4432 ,
2161 4382 2346 4437 genus
2367 4367 2872 4438 expeditissimum
2899 4368 3210 4426 multarum
3235 4368 3534 4426 nationum
3557 4361 3700 4423 Gothi
3719 4364 3768 4417 ut

397 4455 664 4525 ingressa
706 4454 996 4528 paludem,
1039 4466 1309 4522 nuncque
1347 4452 1751 4524 progrediens,
1784 4467 2052 4524 nuncque
2161 4446 2456 4524 viderunt,
2485 4461 2903 4528 expavescunt,
2933 4471 3158 4530 suoque
3174 4473 3312 4516 cum
3332 4472 3469 4528 rege
3487 4452 3768 4514 deliberant

396 4544 746 4615 subsistens,
773 4543 1048 4600 indicium
1072 4541 1181 4597 viae
1207 4541 1431 4598 tribuit.
1459 4541 1637 4608 Quam
1663 4542 1849 4600 secuti
1883 4557 2052 4598 vena-
2163 4543 2301 4614 quid
2323 4551 2514 4614 agant.
2543 4545 2916 4603 Ermenricus
2935 4560 3074 4602 vero
3095 4559 3195 4603 rex
3217 4547 3538 4604 Gothorum
3560 4542 3696 4608 licet,
3717 4539 3765 4593 ut

393 4639 576 4703 tores,
619 4633 888 4707 paludem
930 4629 1260 4700 meotidem,
1309 4645 1477 4702 quam
1518 4631 1853 4702 imperviam
1890 4634 2053 4702 puta-
2161 4631 2431 4704 superius
2467 4632 2804 4704 retulimus,
2849 4633 3163 4691 multarum
3206 4634 3472 4704 gentium
3512 4628 3766 4690 extitisset

397 4720 558 4793 bant,
597 4721 846 4795 pedibus
881 4720 1260 4789 transierunt,
1297 4733 1546 4790 moxque
1579 4719 1902 4792 Scythicam
1934 4727 2050 4776 ter-
2162 4721 2572 4792 triumphator,
2599 4721 2670 4777 de
2694 4723 2990 4778 Hunorum
3015 4727 3205 4779 tamen
3237 4723 3493 4780 adventu
3522 4715 3766 4778 sollicitus

397 4825 517 4867 ram
565 4810 732 4867 inscii
785 4808 1172 4864 intraverunt.
1219 4807 1284 4863 Hi
1331 4822 1472 4865 vero
1513 4813 1712 4880 preter
1743 4809 2046 4866 Meotidem
2161 4809 2296 4866 dum
2319 4809 2627 4880 cogitaret,
2657 4809 3765 4882 Rasomonorumgensinﬁda,quantum:

395 4899 571 4956 alium
596 4899 871 4958 mundum
895 4911 1026 4956 esse
1049 4896 1416 4969 ignorabant,
1444 4899 1850 4956 ammiratione
1871 4903 2046 4956 terra;
2076 4883 2132 4946 D
2162 4897 2314 4954 inter
2343 4898 2488 4956 alias
2511 4897 2594 4954 illi
2619 4898 2956 4956 famulatum
2987 4899 3329 4970 exhibebat,
3357 4899 3458 4956 tali
3481 4911 3603 4954 eum
3631 4903 3766 4951 occa-

397 4988 684 5059 Scythicze
712 4987 896 5059 ducti,
933 4990 994 5044 ut
1024 4983 1205 5044 erant"
1227 4985 1522 5056 sollertes,
1558 4986 1670 5045 iter
1701 4987 1846 5045 illud
1875 4993 2048 5044 antea
2160 4986 2323 5044 sione
2354 4985 2704 5058 decipiebat.
2753 4987 3051 5054 Quandam
3093 4987 3363 5064 feminam
3394 5001 3467 5046 ex
3495 4984 3764 5043 memorata

396 5076 538 5134 nulli
579 5075 742 5134 aetati
780 5080 982 5135 notum
1025 5074 1306 5132 divinitus
1336 5075 1448 5131 sibi
1477 5079 1775 5133 ostensum
1809 5075 1942 5145 rati,
1976 5075 2046 5132 ad
2155 5082 2352 5148 gente,
2378 5074 2771 5133 Suanihildam
2799 5075 3054 5148 nomine,
3085 5091 3190 5150 pro
3223 5076 3422 5134 mariti
3453 5074 3542 5133 sui
3573 5067 3764 5129 fraudu-

396 5178 534 5222 suos
557 5164 826 5236 redeunt,
852 5163 938 5222 rei
963 5169 1156 5222 actum
1181 5163 1446 5235 edocent,
1471 5164 1762 5236 Scythiam
1785 5163 2045 5235 laudant,
2158 5163 2320 5222 lento
2348 5163 2612 5222 discessu
2646 5179 2749 5224 rex
2783 5164 2980 5222 furore
3015 5168 3372 5236 commotus,
3403 5162 3567 5236 equis
3597 5151 3761 5217 feroci-

395 5266 594 5310 omnes
637 5252 809 5310 simul
839 5267 944 5326 per
988 5253 1138 5311 viam
1167 5265 1337 5325 quam
1368 5267 1542 5312 cerva
1582 5252 1783 5312 docuit
1814 5253 1884 5310 ad
1915 5253 2049 5326 Scy-
2159 5253 2270 5311 bus
2289 5251 2360 5286 ⁸⁰³
2380 5252 2643 5326 precepit
2673 5252 2902 5324 alligari
2922 5257 2980 5310 et
3005 5253 3266 5316 incitatis
3295 5253 3564 5312 cursibus
3591 5261 3682 5322 per
3695 5242 3760 5302 di-

1771 5375 2008 5434 VARLE
2049 5376 2448 5436 LECTIONES.

462 5473 535 5510 ἠ’
553 5471 798 5546 goltbos
828 5475 880 5528 ι.
913 5474 974 5527 9°
1019 5478 1114 5546 11.
1151 5473 1366 5546 gothos
1423 5480 1516 5532 10.
1597 5474 1666 5510 ⁸⁰⁰
1696 5473 2058 5546 cithatindos
2112 5479 2195 5546 9°._
2265 5471 2346 5546 3“
2405 5475 2785 5546 manxos‘90.
2860 5471 3291 5530 "’narboneas
3349 5468 3760 5546 Qunarbuugs

401 5549 478 5616 9f.
553 5536 628 5580 ῖοδ
661 5543 991 5616 inniscatos
1022 5545 1080 5599 4.
1110 5613 1120 5616 _
1153 5536 1238 5616 ἀξξ
1270 5546 1753 5604 roscatbazantes
1780 5549 1856 5601 9°.
1909 5545 2020 5603 ios.
2084 5544 2486 5604 catbaizantes
2515 5547 2573 5600 4.
2675 5541 2745 5578 ⁸⁰⁵
2775 5544 2960 5616 legem
2992 5547 3053 5600 5.
3089 5546 3170 5598 9°.
3215 5547 3310 5599 10.
3398 5540 3467 5576 ³⁰⁶
3496 5536 3663 5612 parati
3687 5536 3752 5589 9°.

394 5613 465 5650 ’θ’
499 5615 687 5674 erecti
717 5617 777 5671 9°
848 5609 920 5646 ⁸ο·
950 5611 1330 5672 ferocioribus
1359 5619 1416 5670 δ.
