3952 6326
199 341 310 406 741

1075 331 1513 397 CHRONICA.
1550 368 1627 379 -—-
1653 329 2131 397 CHRONICON
2174 333 2723 401 UNIVERSALE.

3476 345 3593 412 742

202 473 533 547 occupavit,
565 471 701 546 plus
732 485 901 545 quam
945 470 1101 528 milia
1147 475 1501 527 armatorum
1551 465 1620 502 ⁸⁸⁸
1643 466 1844 524 ﬁdeles
1869 468 1929 529 A
1957 481 2118 539 vero,
2145 468 2356 527 Alarici
2380 472 3077 548 consanguineum,super
3098 492 3159 535 se
3176 496 3365 553 regem
3381 491 3598 546 consti-

206 566 312 623 sibi
345 570 406 620 et
419 564 637 620 amicos
661 561 1012 631 intellegens
1027 558 1728 629 adduxit,victoriamque
1744 570 1843 628 po-

209 657 366 724 titus,
412 653 692 710 ultionem
749 650 954 720 elegit.
982 651 1445 719 Postquamvero
1483 646 1845 703 TDCOdOaiUS

207 743 376 800 rebus
406 740 968 809 cxcessithumanis,
991 742 1301 809 coeperunt
1328 738 1427 793 ﬁlii
1452 738 1581 808 ejus
1633 742 1848 792 utram-

210 846 315 902 que
331 844 448 886 rem
474 828 766 901 publicam
783 827 1085 884 luxuriose
1099 827 1348 883 vivendo
1372 826 1444 882 ad
1460 824 1734 880 nichilum
1752 824 1849 880 de-

210 914 962 986 ducereauxiliariisquem
984 915 1108 971 suis
1141 914 1345 970 Gothis
1378 917 1662 970 consueta
1698 913 1847 968 dona

212 1006 556 1063 subtrahere
590 1019 765 1070 ;mox
790 1004 992 1060 Gothis
1027 1004 1327 1060 fastidium
1380 1017 1580 1059 eorum
1638 1001 1845 1071 crevit,

212 1100 599 1164 vereutesque
630 1108 701 1149 ne
732 1092 902 1162 longa
937 1106 1082 1163 pace
1097 1106 1296 1148 eorum
1315 1106 1379 1148 so
1405 1091 1659 1148 solveret
1688 1091 1850 1147 forti-

213 1183 368 1252 tudo,
414 1182 839 1239 ordinaverunt
870 1195 1045 1252 super
1085 1196 1148 1236 se
1185 1194 1377 1250 regem
1412 1180 1727 1249 Alaricum,
1752 1179 1847 1235 cui

212 1276 330 1327 erat
347 1276 475 1341 post
495 1269 730 1325 Amalos
750 1268 818 1302 ⁸²⁸
831 1268 1084 1325 secunda
1104 1268 1380 1324 nobilitas
1398 1268 1849 1339 Balthorumque

210 1375 278 1416 ex
308 1372 523 1429 genere
559 1358 723 1427 origo
742 1357 1003 1426 miriﬁca,
1025 1372 1273 1427 quorum
1298 1358 1522 1429 primus
1536 1357 1751 1414 dudum
1776 1359 1847 1414 ab

212 1447 446 1505 audacia
466 1447 710 1503 virtutis
731 1446 952 1513 Baltha,
980 1447 1033 1503 id
1060 1452 1153 1502 est
1176 1448 1385 1517 audax,
1413 1448 1566 1503 inter
1591 1462 1728 1503 suos
1753 1462 1849 1502 no-

213 1549 331 1592 men
364 1540 694 1605 aceeperat.
731 1534 856 1588 Mox
879 1533 1059 1602 igitur
1090 1534 1358 1591 Alaricus
1389 1550 1519 1591 cum
1557 1535 1676 1591 suis
1708 1534 1850 1589 deli-

214 1625 435 1691 berans,
461 1621 643 1678 suasit
673 1621 780 1690 eis,
803 1636 909 1678 suo
926 1621 1200 1691 potiusm
1220 1622 1420 1680 labore
1451 1639 1695 1694 regnum
1714 1639 1849 1694 quc-

214 1726 341 1770 rere
368 1726 537 1783 quam
568 1711 758 1768 alieno
788 1712 1195 1783 exercituiper
1226 1714 1357 1770 odia
1379 1715 1712 1784 suhjacere;
1739 1714 1850 1769 sic-

1956 561 2214 614 tuerunt.
2252 557 2357 624 Qui
2393 560 2625 617 rediens
2656 563 2909 632 Romam,
2969 566 3242 638 quiequid
3295 580 3592 648 remansit,

1956 660 2113 701 more
2146 645 2499 704 locustarum
2532 650 2733 719 erasit,
2761 651 3033 722 nulloque
3084 658 3417 731 resistente,
3463 645 3599 721 tulit

1957 747 2214 789 sororem
2243 736 2480 791 Honorii
2515 738 2850 799 Plaeidiam.
2888 738 3060 797 ﬁliam
3092 744 3396 804 Theodosii
3425 752 3601 824 impc-

1958 822 2193 890 ratoris,
2226 836 2468 893 eamque
2502 825 2612 880 sibi
2673 826 2728 880 in
2778 829 3047 898 eonjugio
3095 834 3413 904 copulavit.
3461 822 3598 906 Quae

1957 923 2088 966 cum
2122 910 2534 969 blandimentis
2566 914 2815 971 animum
2846 918 2951 972 viri
2988 919 3249 977 ﬂecteret
3304 931 3365 981 ut
3397 942 3599 997 pacem

1956 1011 2086 1054 cum
2121 1000 2392 1056 Romanis
2422 1002 2685 1073 haberet,
2719 1004 2937 1062 Gallias
2968 1010 3239 1081 tetendit,
3278 1014 3601 1088 vieinisque

1957 1087 2231 1175 gentibus
2249 1090 2597 1160 perterritis,
2635 1096 2692 1147 et
2707 1093 3001 1150 Wandalis
3024 1097 3157 1154 inde
3190 1101 3243 1155 in
3268 1087 3599 1175 Hispaniam

1959 1174 2195 1264 fugatis,
2224 1178 2410 1234 tercio
2445 1193 2593 1235 anno
2625 1187 2932 1252 postquam
2966 1186 3248 1243 Galliaset
3280 1174 3601 1264 llyspanias

1958 1262 2315 1335 perdomuit,
2368 1268 2571 1324 fraude
2602 1284 2841 1326 suorum
2895 1273 3239 1332 interfectus
3289 1262 3411 1336 est.
3462 1284 3599 1339 Post

1959 1366 2128 1422 quem
2155 1355 2459 1424 Segericus
2491 1373 2729 1427 regnum
2755 1363 3004 1433 accepit;
3038 1364 3140 1420 sed
3173 1370 3228 1421 et
3264 1368 3387 1439 ipse
3419 1386 3447 1425 a
3479 1373 3601 1428 suis

1958 1441 2185 1499 occisus
2211 1442 2299 1514 ’3’,
2323 1446 2497 1503 vitam
2540 1462 2670 1503 cum
2704 1462 2881 1519 regno
2912 1452 3168 1523 reliquit.
3219 1457 3431 1514 Dehine
3485 1459 3601 1529 jam

1960 1534 2287 1597 quartusab
2302 1532 2531 1592 Alarico
2556 1552 2654 1592 rex
2675 1540 3035 1596 constitutus
3050 1549 3138 1597 est
3155 1545 3602 1615 Vallia,nimium

1962 1619 2240 1686 prudens;
2266 1629 2467 1679 contra
2494 1638 2662 1694 quem
2678 1627 3300 1700 Honoriusimperator
3325 1635 3605 1693 Constan-

1962 1706 2128 1777 tium,
2162 1710 2346 1765 virum
2378 1711 2666 1769 industria
2698 1715 2937 1771 militari
2984 1720 3321 1791 pollentem,
3366 1724 3601 1796 direxit,

212 1815 323 1871 que
353 1817 455 1873 per
484 1800 836 1857 Pannoniam
871 1800 1111 1857 intravit
1135 1801 1849 1874 Italiam,nulloquepeni-
1878 1821 1934 1883 Β
1965 1798 2314 1865 promittens
2344 1800 2417 1869 ei,
2445 1800 2495 1855 si
2515 1816 2774 1858 sororem
2795 1806 3283 1865 suamPlacidiam
3318 1812 3439 1868 sive
3463 1829 3604 1884 pace

210 1895 303 1947 tus
334 1890 684 1957 obsistente,
711 1888 994 1962 applicuit
1027 1890 1096 1945 ad
1125 1896 1356 1961 pontem
1373 1892 1847 1962 Candidiani,qui

214 1978 389 2033 tercio
423 1976 679 2032 miliario
700 1982 829 2032 erat
859 1978 931 2033 ab
957 1978 1100 2034 urbe
1152 1979 1308 2049 regia
1357 1980 1646 2049 Ravenna,
1680 1980 1849 2049 cujus

209 2065 415 2122 dudum
447 2078 855 2137 possessores,
883 2070 944 2121 ut
980 2066 1215 2122 tradunt
1252 2068 1519 2137 majores,
1542 2069 1768 2138 Enethi,
1792 2069 1847 2124 id

209 2161 292 2210 est
316 2152 669 2225 laudabiles,
691 2153 1055 2210 dicebantur.
1086 2156 1143 2210 In
1158 2155 1325 2224 cujus
1343 2156 1701 2212 vicinitatem
1717 2172 1846 2214 cum

206 2242 656 2313 Wisigotharum
679 2242 1673 2314 applicuissctexercitus,Alaricus
1698 2245 1849 2315 lega-

207 2331 411 2388 tionem
443 2331 609 2387 misit
639 2330 711 2387 ad
767 2332 1105 2401 Honorium,
1157 2332 1335 2388 ﬁlium
1390 2334 1713 2405 Theodosii,
1749 2336 1844 2406 qui

207 2425 336 2477 tunc
361 2420 613 2489 ibierat,
642 2425 701 2477 ut
719 2420 881 2477 daret
906 2422 958 2477 ei
978 2421 1168 2478 locum
1200 2420 1288 2491 “3°,
1311 2423 1365 2478 in
1392 2439 1505 2493 quo
1531 2439 1661 2479 cum
1685 2439 1850 2479 exer-

208 2509 317 2565 citu
349 2525 452 2566 suo
477 2510 755 2565 habitare
788 2516 1011 2581 posset.
1046 2510 1153 2575 Qui
1192 2512 1485 2566 concessit
1519 2513 1569 2567 ei
1606 2512 1848 2567 Galliam

207 2602 261 2655 et
281 2598 657 2670 llyspaniam,
683 2613 828 2668 quas
848 2597 1178 2655 Geisericus
1196 2614 1296 2654 rex
1320 2600 1848 2672 Wandalorumjam

208 2703 347 2759 pene
375 2687 661 2745 vastavit.
696 2686 819 2753 Quo
837 2702 965 2744 cum
987 2689 1298 2744 tenderent
1317 2690 1507 2759 Gothi,
1532 2691 1584 2745 in
1602 2693 1849 2761 quodam

210 2777 329 2834 loco
360 2775 709 2847 aliquandiu
730 2777 934 2833 morati
959 2782 1116 2833 sunt.
1140 2780 1294 2834 Tunc
1312 2777 1554 2835 Stilicho
1580 2785 1850 2837 comeset

211 2865 500 2937 patricius,
527 2879 703 2921 socer
729 2865 964 2920 Honorii
1024 2866 1413 2937 imperatoris,
1448 2869 1641 2924 subito
1678 2870 1851 2925 irruit

212 2968 378 3025 super
409 2969 512 3010 eos
544 2953 603 3008 in
638 2953 762 3024 ipsa
790 2953 1179 3010 sacratissima
1215 2955 1306 3011 die
1364 2957 1617 3026 paschae,
1672 2958 1849 3013 nichil

211 3042 745 3115 malisuspicantes,
772 3046 827 3097 et
864 3042 1077 3099 multos
1100 3056 1168 3099 ex
1191 3044 1309 3099 illis
1330 3045 1565 3101 occidit.
1596 3046 1846 3103 Primum

210 3130 410 3202 quippe
442 3131 778 3203 perturbati
814 3135 949 3187 sunt
983 3132 1178 3201 Gothi,
1213 3133 1311 3188 sed
1340 3134 1849 3203 mox,recollcetis

210 3219 440 3291 viribus,
477 3234 638 3276 arma
698 3220 1049 3292 corripiunt,
1110 3220 1441 3292 multusque
1482 3222 1551 3277 de
1586 3224 1847 3280 exercitu

212 3307 494 3365 Stiliconis
517 3308 878 3378 occidentes,
904 3314 1138 3366 ceteros
1172 3310 1227 3365 in
1259 3311 1448 3379 fugam
1469 3317 1842 3383 convertunt,

210 3403 262 3451 et
294 3396 346 3453 in
371 3412 637 3468 magnam
673 3397 815 3452 iram
841 3398 1235 3468 excitati,jam
1271 3398 1325 3454 in
1360 3399 1575 3456 Gallias
1605 3416 1849 3471 pergere

212 3484 400 3541 nolunt
431 3504 445 3553 ;
480 3484 583 3542 sed
607 3485 915 3541 furibondo
936 3486 1126 3542 animo
1146 3492 1402 3558 emptum
1435 3488 1547 3543 iter
1579 3489 1850 3545 deseren-

214 3579 315 3643 tes,
330 3574 383 3629 in
400 3574 717 3645 Liguriam,
736 3575 1030 3645 quamjam
1050 3577 1425 3646 transierant,
1450 3583 1845 3649 revertuntur,

214 3675 446 3733 eamque
476 3662 830 3734 spoliantes,
856 3663 1139 3719 :Emiliam
1176 3664 1397 3735 pariter
1436 3670 1495 3720 et
1518 3666 1849 3723 Flaminiam

215 3749 533 3822 devastant,
560 3757 617 3807 et
655 3767 755 3823 per
776 3753 1039 3808 Tusciam
1066 3767 1253 3823 usque
1274 3753 1344 3808 ad
1373 3756 1603 3809 Romam
1626 3755 1851 3811 discur-

216 3841 716 3913 rentes,quicquid
749 3857 818 3898 ex
851 3848 1100 3913 utroque
1131 3842 1315 3898 latere
1348 3842 1477 3913 fuit,
1532 3844 1585 3898 in
1613 3847 1848 3915 predam

215 3926 510 4001 diripiunt,
568 3930 923 4001 Romamque
974 3931 1294 4001 venientes,
1341 3933 1850 4003 apprehenderunt

216 4029 333 4073 eam
364 4023 421 4074 et
451 4020 839 4076 devastabant
864 4024 924 4075 et
952 4019 1356 4075 incendebant.
1418 4021 1602 4076 Jussit
1661 4025 1851 4076 tamen

217 4105 498 4178 Alaricus,
534 4111 594 4164 ut
621 4109 667 4164 si
686 4109 817 4179 quis
840 4108 896 4163 in
919 4106 1043 4164 loca
1068 4109 1646 4178 sanctaeonfugeret,
1674 4110 1851 4166 nichil

216 4194 340 4250 mali
361 4197 1264 4267 pateretur,etquamviscivitas
1290 4197 1656 4269 predarctur,
1684 4213 1852 4255 nemo

216 4287 398 4341 tamen
431 4285 824 4342 occideretur.
853 4287 1030 4357 Capta
1064 4290 1156 4341 est
1178 4292 1368 4342 autem
1400 4287 1575 4343 Roma
1609 4289 1679 4343 ab
1726 4288 1853 4344 Ala-

218 4371 331 4430 rico
358 4389 494 4443 rege
523 4374 842 4431 Gothorum
865 4380 999 4447 post
1029 4390 1210 4432 annos
1241 4379 1381 4431 1144
1429 4392 1498 4433 ex
1539 4393 1653 4448 quo
1702 4379 1851 4434 facta

217 4467 320 4517 est.
353 4463 649 4519 Exeuntes
667 4469 858 4520 autem
880 4464 1049 4520 Gothi
1073 4465 1146 4521 ab
1168 4466 1337 4535 Urbe,
1362 4481 1463 4536 per
1487 4467 1851 4539 Campaniam

218 4554 273 4605 et
302 4550 607 4608 Lucaniam
642 4552 1017 4624 Brutiamque
1049 4559 1429 4625 perrexerunt
1458 4572 1473 4619 ;
1498 4558 1555 4611 et
1586 4527 1855 4612 cumvel-
1882 4527 1937 4589 D

219 4634 332 4695 lent
365 4640 625 4697 transire
655 4640 712 4697 in
744 4641 1208 4712 Siciliam,multi
1254 4657 1324 4699 ex
1347 4642 1432 4699 eis
1462 4643 1518 4699 in
1568 4644 1710 4700 mari
1761 4659 1856 4716 pe-

218 4725 458 4785 rierunt.
490 4728 758 4788 Alaricus
780 4745 921 4788 vero
941 4730 1074 4788 dum
1099 4730 1455 4788 deliberaret
1477 4732 1614 4803 quid
1631 4739 1851 4805 ageret,

218 4814 522 4874 subitanea
551 4823 738 4876 morte
769 4820 924 4892 apud
970 4820 1338 4876 Consentiam
1380 4820 1691 4878 defunctus
1741 4826 1851 4879 est.

216 4901 388 4968 Quem
419 4906 510 4962 sui
544 4907 719 4965 nimia
754 4908 1067 4966 dilectione
1096 4908 1384 4980 lugentes,
1411 4910 1720 4967 Vasentem
1755 4912 1861 4968 ﬂu-

214 4990 360 5048 vium
387 4993 461 5050 de
484 4994 653 5053 alveo
681 5012 786 5053 suo
838 4997 1275 5068 derivaverunt,
1325 5013 1638 5069 regemque
1689 5015 1856 5057 suum

218 5077 504 5138 Alaricum
531 5084 585 5139 in
619 5084 808 5141 medio
842 5086 1095 5144 ﬂuminis
1123 5103 1253 5145 cum
1288 5087 1511 5143 divitiis
1542 5087 1741 5146 multis
1774 5105 1861 5147 se-

220 5165 715 5244 pelientes,ipsum
731 5176 938 5233 ﬁumen
960 5176 1013 5233 in
1034 5177 1261 5233 alveum
1281 5192 1448 5234 suum
1471 5178 1855 5250 reduxerunt,

215 5259 273 5309 et
302 5271 372 5313 ne
394 5257 588 5319 locum
620 5263 807 5334 ipsum
821 5263 889 5299 ⁸³⁸
910 5265 1123 5336 aliquis
1147 5270 1348 5337 postea
1378 5268 1859 5340 sciret,captivos

209 5343 303 5411 qui
325 5343 489 5403 illum
524 5356 855 5411 averterant
876 5368 1077 5411 omnes
1099 5354 1441 5413 occiderunt
1478 5374 1493 5425 ;
1521 5356 1856 5415 Athaultum

1963 1884 2086 1939 sive
2120 1902 2485 1960 quocumque
2501 1893 2671 1946 modo
2698 1892 3096 1965 reduceretqu
3116 1898 3174 1951 .d
3198 1913 3323 1953 eam
3347 1900 3607 1959 sibicon-

1955 1974 2148 2044 jugem
2168 1976 2353 2033 daret.
2386 1980 2510 2046 Quo
2567 1979 2802 2051 placito,
2840 1982 3220 2041 Constantius
3239 2002 3417 2045 ovans
3474 2006 3603 2047 cum

1961 2071 2318 2122 armatorum
2352 2070 2515 2140 copia
2550 2071 2870 2139 Hyspanias
2901 2073 3091 2142 petiit,
3135 2075 3229 2130 cui
3261 2076 3443 2133 Vallia
3492 2094 3605 2135 non

1959 2152 2169 2209 minori
2199 2158 2504 2225 procinctu
2532 2158 2813 2223 occurrit;
2848 2162 2950 2215 sed
2978 2162 3047 2216 ab
3075 2167 3319 2233 utraque
3346 2171 3509 2235 parte
3530 2167 3607 2223 le-

1958 2242 2195 2309 gatione
2229 2244 2474 2313 directa,
2511 2246 2587 2302 ita
2621 2248 2914 2315 convenit,
2952 2254 3012 2303 ut
3060 2264 3320 2306 sororem
3354 2253 3605 2325 principi

1959 2329 2235 2386 redderet
2270 2348 2555 2403 suumque
2588 2335 3224 2404 adjutoriumRomanae
3249 2339 3332 2394 rei
3359 2340 3604 2411 publica:

1961 2431 2074 2473 non
2108 2420 2444 2489 denegaret.
2497 2422 2849 2478 Duodecimo
2883 2438 3029 2479 anno
3066 2422 3134 2457 ⁸³³
3178 2427 3341 2496 regni
3384 2430 3602 2501 Valliae,

1962 2509 2191 2577 quando
2222 2515 2281 2564 et
2305 2511 2454 2566 Huni
2479 2517 2609 2582 post
2638 2511 3057 2582 quinquaginta
3083 2530 3307 2572 annosa
3335 2519 3605 2576 Romanis

1960 2600 2020 2651 et
2052 2597 2258 2654 Gothis
2287 2600 2359 2654 ab
2383 2598 2582 2655 invasa
2612 2601 2904 2656 Pannonia
2939 2602 3169 2674 expulsi
3213 2611 3370 2676 sunt,
3407 2608 3606 2665 videns

1961 2683 2113 2741 idem
2148 2686 2351 2756 Vallia,
2387 2687 2695 2742 Wandalos
2726 2687 2781 2742 in
2819 2690 2939 2745 suis
2965 2690 3177 2747 ﬁnibus
3208 2707 3334 2749 esse
3361 2710 3493 2751 cum
3524 2701 3606 2752 te-

1962 2774 2255 2843 meritate,
2288 2780 2492 2829 contra
2521 2788 2623 2830 eos
2648 2777 2823 2831 movit
2849 2778 3188 2848 exercitum,
3211 2782 3606 2854 expulsosque

1961 2862 2017 2917 in
2051 2862 2515 2931 Africam,vellet
2534 2878 2635 2919 eos
2666 2864 2838 2919 etiam
2860 2865 2937 2920 ibi
2970 2870 3601 2942 persequi,nisieasus,

1961 2950 2060 3020 qui
2083 2950 2294 3006 dudum
2313 2950 2541 3006 Alarico
2565 2951 2703 3007 illuc
2728 2954 2990 3009 tendenti
3013 2955 3498 3026 contigerat,eum
3521 2974 3606 3015 re-

1962 3042 2251 3095 vocasset.
2270 3041 2548 3095 Defuncto
2564 3040 2767 3110 Vallia,
2785 3042 3173 3099 Tbcodericus
3187 3060 3326 3113 regn
3339 3060 3426 3100 um
3443 3062 3604 3102 acce-

1963 3126 2632 3199 pit,adquem,utsupra
2658 3130 2873 3185 dictum
2890 3138 3001 3201 est,
3032 3133 3418 3191 Herimundus
3451 3134 3607 3192 ﬁlius

1958 3216 2034 3269 Th
2046 3216 2629 3287 urismundi,nepotis
2647 3220 3193 3292 Ermenrici,spreto
3214 3238 3392 3292 regno
3408 3224 3606 3280 Ostro-

1958 3304 2265 3372 gotbarum
2291 3313 2533 3377 pr0pter
2564 3309 2859 3365 Hunorum
2884 3310 3198 3366 dominium
3227 3326 3288 3366 se
3330 3312 3600 3368 contulit.

2033 3393 2134 3463 (Η.
2161 3395 2232 3449 R.
2264 3399 2323 3449 et
2346 3396 2425 3450 Η.
2452 3400 2555 3469 m.)
2582 3398 2874 3455 lnterhaac
2893 3400 3277 3468 regnantibus
3317 3400 3606 3457 Marciano

1962 3480 2016 3535 in
2051 3480 2288 3537 Oriente
2319 3488 2374 3537 et
2395 3484 2795 3542 Valentiniano
2826 3487 2879 3541 in
2908 3487 3245 3558 Occidente,
3281 3488 3477 3559 Attila,
3501 3504 3605 3545 rex

1962 3569 2257 3625 Hunorum
2280 3572 2532 3627 omnium
2548 3580 2607 3628 et
2624 3574 2788 3630 solus
2808 3583 3083 3643 regnator
3102 3591 3245 3648 pene
3260 3582 3605 3633 cunctarum

1962 3657 2361 3732 Scythicarum
2386 3662 2645 3733 gentium
2703 3664 2960 3718 conﬁsus
2992 3664 3043 3719 in
3089 3665 3464 3721 multitudine
3494 3666 3610 3723 for-

1960 3755 2322 3811 tissimarum
2355 3752 2637 3823 gentium,
2666 3767 2809 3821 quas
2834 3752 2944 3808 sibi
2991 3753 3405 3822 subjugaverat
3429 3756 3610 3812 Mace-

1963 3841 2191 3898 doniam
2224 3849 2285 3898 et
2330 3840 2603 3910 Mmsiam,
2643 3839 2912 3894 Achaiam
2937 3846 3322 3910 etutramque
3359 3842 3605 3915 Datiam,

1962 3930 2220 3986 Traeiam
2252 3935 2311 3984 et
2340 3944 2506 3986 omne
2537 3944 2679 4000 pene
2704 3928 2980 3983 llliricnm
3020 3929 3450 3999 devastaverat,
3512 3946 3612 4001 po-

1964 4020 2199 4089 suitque
2234 4019 2288 4073 in
2322 4019 2512 4073 animo
2542 4032 2668 4086 suo,
2703 4017 2901 4072 venire
2920 4015 2991 4071 ad
3034 4016 3438 4087 dissipandum
3461 4021 3612 4075 occi-

1964 4105 2198 4162 dentale
2234 4105 2557 4176 impcrium,
2584 4106 2695 4161 hoc
2715 4109 2804 4159 est
2836 4106 3169 4160 Romanum.
3203 4107 3340 4160 Erat
3363 4120 3609 4176 namque

1966 4196 2075 4254 sub
2089 4195 2216 4265 ejus
2237 4200 2533 4265 potestate
2550 4193 3047 4251 nominatissimus
3064 4194 3409 4265 Gepidarum
3428 4193 3612 4252 rex’“

1965 4284 2315 4342 Hardericus
2345 4283 2693 4339 eminentior
2717 4282 2843 4353 ipso
2867 4283 2961 4339 cui
2984 4283 3295 4354 serviebat,
3330 4290 3386 4340 et
3413 4284 3613 4341 Ostro-

1963 4375 2271 4446 gotharum
2290 4387 2393 4428 rex
2408 4371 2682 4427 Walamir
2698 4387 2826 4428 cum
2855 4372 3134 4429 fratribus
3174 4374 3295 4430 suis
3314 4373 3610 4430 Dietmaro

1964 4467 2023 4520 et
2048 4462 2350 4518 Witimaro
2384 4460 2710 4531 88",necnon
2746 4462 3078 4519 fortissimae
3128 4467 3357 4533 gentes,
3397 4463 3613 4519 Marco-

1967 4552 2180 4621 manni,
2214 4551 2404 4620 Suevi,
2468 4550 2676 4621 Quadi,
2729 4551 2945 4621 Heruli,
2971 4552 3307 4622 Turcilingi,
3372 4550 3521 4621 Rugi
3552 4559 3613 4608 et

1968 4641 2096 4700 aliae
2131 4642 2396 4698 barbarae
2424 4644 2652 4710 gentes,
2679 4656 2807 4712 quae
2848 4640 3191 4697 habitabant
3244 4640 3299 4696 in
3341 4640 3613 4712 partibus

1967 4731 2275 4803 aquilonis.
2311 4729 2768 4786 Hiomneserant
2794 4729 2849 4783 in
2884 4728 3177 4799 adjutorio
3200 4729 3346 4800 ejus,
3368 4732 3613 4800 eratque

1967 4835 2244 4878 numerus
2296 4818 2592 4875 exercitus
2620 4816 2746 4887 ejus
2797 4816 2952 4872 milia
3000 4817 3334 4887 quingenta.
3394 4819 3612 4875 Horum

1967 4910 2218 4966 omnium
2264 4906 2446 4964 Attila
2502 4906 2792 4977 superbus
2843 4904 3108 4976 imperio,
3145 4905 3358 4976 primas
3415 4906 3613 4963 mundi

1967 5001 2192 5067 gentes,
2222 4998 2514 5052 Romanos
2545 4994 2770 5051 scilicet
2809 4999 2869 5049 et
2923 4992 3298 5064 Wisigothas,
3361 4993 3616 5051 subdere

1969 5087 2077 5146 sibi
2107 5087 2475 5159 preoptabat,
2492 5090 2552 5140 et
2575 5084 2837 5157 quamvis
2850 5088 3114 5157 speraret
3140 5098 3200 5140 se
3226 5084 3416 5140 facere
3440 5098 3613 5155 posse

1971 5177 2128 5248 quod
2151 5176 2329 5231 vellet
2353 5190 2455 5246 per
2486 5175 2765 5231 virtutem
2787 5179 3080 5230 tantarum
3101 5173 3382 5243 gentium,
3420 5178 3612 5229 tamen

1971 5268 2028 5321 et
2064 5278 2166 5336 per
2196 5264 2473 5320 astutiam
2497 5264 2728 5320 vincere
2752 5263 3051 5333 querebat.
3086 5261 3314 5318 Timens
3336 5261 3510 5325 enim,
3541 5276 3613 5319 ne

1973 5352 2163 5423 Gothi,
2191 5352 2289 5423 qui
2312 5351 2465 5407 intra
2494 5350 2710 5408 Gallias
2732 5349 3485 5423 babitabantJungerentur
3502 5351 3614 5407 Ro-

1564 5462 1801 5520 VARIE
1840 5463 2012 5525 LECl'
2015 5462 2133 5519 [οΝ
2140 5460 2241 5517 ES.

288 5545 638 5631 τ’ξβιῃειιρε
668 5569 714 5631 8,
749 5555 800 5631 Αἰ.
831 5557 861 5612 5
912 5556 1002 5631 ff"
1057 5557 1496 5631 auxiliariisque
1528 5563 1578 5617 5.
1611 5558 1680 5593 ⁸²⁸
1709 5561 1983 5622 Hamalos
2013 5560 2094 5618 9°.
2128 5557 2197 5594 "9
2225 5573 2279 5631 p.
2316 5571 2362 5613 8.
2389 5560 2438 5613 5.
2506 5551 2576 5588 ⁸³⁰
2633 5554 2799 5616 deest
2846 5559 2937 5612 9°.
3003 5552 3073 5589 ’δι
3122 5553 3159 5609 i.
3220 5551 3257 5609 l.
3320 5558 3369 5609 δ.
3432 5549 3503 5586 ⁸³³
3555 5567 3609 5608 o.

259 5623 312 5673 st
338 5621 415 5675 9°.
448 5619 519 5656 ⁸⁸⁸
549 5623 707 5682 deost
730 5629 779 5681 5.
802 5631 878 5684 9°.
910 5626 977 5662 ⁸³⁸
999 5643 1044 5685 r.
1077 5644 1132 5701 g.
1170 5634 1200 5685 5
1228 5628 1298 5664 ⁸³⁸
1326 5619 1637 5687 witbmaro
1660 5636 1735 5688 9°.
