3952 6310
169 336 276 395 745

1032 328 1473 414 ΟΗΗΟΝΙΟΑ.
1508 360 1587 372 --
1615 323 2092 389 CHRONICON
2137 320 2682 387 UMVERSALE.

3438 322 3555 388 746

170 476 270 539 tes,
306 481 434 538 quae
465 464 702 521 ciconiae
734 468 1039 534 vocantur,
1074 478 1186 520 uno
1209 464 1430 534 impetu
1449 476 1520 517 ex
1542 460 1685 517 urbe
1700 458 1799 514 mi-
1830 460 1882 520 A
1914 473 2137 514 morum
2167 472 2380 528 genere
2411 471 2556 527 gens
2590 455 2686 511 illa
2720 470 2968 512 maxime
3011 457 3307 515 utebatur.
3367 459 3553 531 (JOBD)

164 571 330 627 grare
362 555 629 624 fetusque
663 568 804 610 suos
834 553 1101 609 sublatos
1122 552 1332 609 rostris
1351 550 1674 606 forinsecus
1704 547 1799 602 de-

166 645 482 715 portare,et
512 648 573 696 nt
607 646 735 695 erat
768 638 1204 709 sagacissimus,
1241 638 1321 693 ait
1355 638 1422 692 ad
1446 635 1801 705 suos:Aspi-

162 732 269 788 cite
297 744 435 787 aves
451 729 810 801 futurorum
832 741 1103 799 presens
1140 728 1469 798 perituram
1499 724 1801 782 deitatem

158 821 490 890 relinquere
505 831 870 888 casurasque
883 830 1048 874 arces
1059 816 1325 886 periculo
1346 814 1683 871 imminente
1710 811 1799 868 dc-

160 921 359 966 serere.
388 906 711 976 Statimque
736 905 1017 961 adhibitis
1039 904 1619 974 machinis,hortatur
1638 916 1794 971 suos,

162 996 367 1051 acriter
398 996 599 1051 urbem
632 993 936 1064 impugnat
960 1008 1025 1048 ac
1064 977 1204 1047 siue‘
1234 1005 1391 1046 mora
1431 989 1621 1060 capit;
1661 988 1797 1043 diri-

166 1085 392 1156 piuntur
416 1098 581 1155 opes,
607 1081 1090 1153 eaptivantuiwel
1114 1079 1678 1144 trucidanturcives;
1710 1092 1797 1133 re-

160 1172 373 1228 siduum
392 1170 730 1242 direptioni,
747 1170 1056 1240 subposito
1074 1168 1460 1239 igne,flamma
1474 1165 1791 1223 consumit.

166 1260 326 1316 Plura
371 1259 583 1315 dehinc
631 1258 892 1329 ejusdem
944 1257 1200 1327 regionis
1248 1256 1491 1312 castella
1531 1254 1795 1309 immanis

160 1347 648 1417 hostis,extinetis
683 1346 774 1402 vel
805 1346 1117 1417 captivatis
1131 1345 1377 1415 civibus,
1396 1344 1797 1417 succenditac-

161 1415 348 1485 diruit,
382 1417 782 1488 Concordiam,
820 1415 1073 1473 Altinum
1106 1418 1227 1473 sive
1252 1416 1549 1473 Patavium
1575 1415 1797 1471 vicinas

162 1506 432 1580 Aquileiae
454 1506 763 1573 civitates;
788 1505 995 1562 exinde
1021 1504 1403 1578 perdiversas
1423 1504 1794 1562 Venetiarum

163 1597 322 1652 urbes
352 1596 499 1652 Huni
532 1595 881 1666 baehantur,
916 1594 1025 1651 hoc
1074 1600 1162 1651 est
1210 1596 1515 1665 Veronam,
1556 1595 1796 1651 Vincen-

160 1684 310 1755 tiam,
337 1684 604 1754 Brixiam,
632 1686 971 1754 Pergamum
997 1699 1097 1740 seu
1115 1683 1392 1754 reliquas,
1412 1683 1793 1740 Mediolanum

158 1787 377 1843 quoque
398 1772 766 1843 Ticinumque
791 1773 913 1844 pari
949 1778 1108 1829 sorte
1140 1772 1533 1844 diripiunt,ab
1557 1787 1687 1842 igne
1711 1775 1796 1827 ta-

155 1875 274 1917 men
303 1861 669 1918 abstinentes
691 1865 747 1916 et
770 1862 945 1917 ferro.
964 1863 1182 1918 Deinde
1202 1861 1442 1919 Emilize
1456 1861 1796 1918 civitatibus

155 1948 409 2006 similiter
426 1951 797 2022 exspoliatis,
826 1951 1144 2007 novissime
1171 1951 1404 2023 eqloco,
1427 1966 1539 2021 quo
1554 1950 1795 2006 Mincius

156 2036 350 2094 ﬂuvius
379 2038 600 2095 Padum
635 2038 824 2096 influit
848 2043 1043 2096 castra
1069 2039 1269 2095 metati
1298 2043 1450 2096 sunt.
1474 2038 1580 2095 Ubi
1615 2037 1794 2093 Attila

157 2125 494 2196 consistens,
553 2128 686 2184 dum
729 2128 918 2185 animo
948 2128 1285 2198 fluctuaret,
1321 2132 1514 2184 utrum
1556 2128 1794 2182 Romam

158 2214 349 2285 adiret,
383 2229 453 2271 an
486 2215 830 2286 desisteret,
865 2232 975 2272 non
1018 2217 1179 2287 Urbi,
1206 2217 1298 2273 cui
1326 2217 1588 2272 infensus
1642 2218 1791 2283 erat,

156 2302 468 2375 consulens,
508 2305 615 2361 sed
649 2305 860 2362 Alariei
894 2305 1245 2377 exemplum,
1298 2305 1394 2376 qui
1444 2308 1632 2375 captae
1655 2302 1793 2360 Urbi

154 2405 255 2447 non
278 2392 371 2449 diu
395 2393 748 2465 supervixit,
768 2409 1002 2466 pavens,
1021 2399 1262 2466 repente
1279 2392 1687 2450 sanctissimus
1707 2391 1795 2447 vir

155 2480 252 2537 Leo
280 2496 421 2555 papa
455 2498 569 2555 per
596 2498 656 2540 se
685 2483 757 2539 ad
788 2498 919 2540 eum
948 2484 1218 2539 accessit.
1259 2481 1366 2548 Qui
1400 2496 1530 2538 cum
1588 2480 1660 2538 ad
1709 2494 1797 2536 re-

152 2582 267 2637 gem
297 2570 611 2628 barbarum
644 2571 1042 2643 introgressus
1066 2577 1245 2640 esset,
1274 2574 1485 2627 cuncta
1532 2576 1593 2626 ut
1630 2572 1795 2640 opta-

153 2663 301 2714 verat
331 2659 630 2731 obtinens,
658 2675 769 2717 non
798 2659 985 2717 solum
1019 2661 1213 2716 Romae
1245 2658 1346 2715 sed
1378 2663 1436 2714 et
1464 2659 1644 2715 totius
1685 2659 1797 2713 Ita-

153 2744 233 2804 liae
246 2747 484 2805 salutem
504 2748 1383 2821 reportavit.Territusnamque
1400 2747 1589 2804 fuerat
1613 2746 1792 2802 Attila

153 2838 278 2893 nutu
310 2839 424 2909 Dei,
459 2853 575 2894 nec
607 2837 764 2894 aliud
799 2837 1007 2893 Christi
1040 2836 1332 2893 sacerdoti
1366 2836 1526 2907 loqui
1578 2835 1787 2905 valuit,

152 2925 249 2981 nisi
290 2928 437 2998 quod
470 2929 608 3000 ipse
640 2932 989 2999 preoptavnt.
1027 2929 1242 2982 Ferunt
1286 2925 1649 2997 itaque,post
1678 2923 1795 2980 dis-

152 3027 360 3071 cessum
375 3015 1111 3087 pontificisinterrogatum
1130 3014 1306 3071 fuisse
1329 3013 1567 3069 Attilam
1585 3028 1613 3070 a
1642 3012 1789 3083 suis,

149 3117 239 3160 cur
266 3103 411 3161 ultra
454 3104 701 3162 solitum
733 3119 949 3160 morem
992 3109 1212 3159 tantam
1244 3102 1638 3160 reverentiam
1681 3103 1796 3158 Ro-

1912 562 1962 602 e.
2000 550 2111 618 49.)
2145 546 2418 617 Sequenti
2454 561 2591 602 vero
2625 544 2773 614 luce,
2823 560 2951 601 eum
3004 559 3206 616 magna
3257 545 3369 603 diei
3417 562 3557 619 pars

1910 638 2115 691 exacta
2150 636 2377 705 fuisset,
2411 633 2665 690 ministri
2700 633 2857 703 regis
2888 638 3023 704 post
3052 632 3339 692 clamores
3379 637 3559 693 maxi-

1913 724 2210 795 mosjores
2233 724 2567 793 eﬂ'ringunt,
2594 722 3011 793 inveniuntque
3035 722 3272 781 Attilam
3297 723 3419 781 sine
3433 723 3553 782 ullo

1912 811 2477 882 vulnerc,sanguinis
2498 811 2839 868 effusionem
2856 820 3168 883 mortuum,
3187 812 3555 885 puellamque

1910 900 2165 956 demisso
2198 900 2365 957 vultu
2396 900 2503 957 sub
2532 900 2816 956 velamine
2846 900 3262 957 lacrimantem.
3297 902 3551 972 Tunc,ut

1909 986 1991 1042 illi
2017 989 2177 1057 genti
2212 1003 2336 1043 mos
2367 992 2478 1059 est,
2524 989 2770 1045 crinium
2820 994 2986 1061 parte
3038 995 3328 1061 truncata,
3377 989 3553 1047 infor-

1908 1091 2053 1131 mem
2082 1077 2281 1132 faciem
2311 1082 2624 1149 turpavere
2650 1077 3015 1147 vulneribus,
3044 1083 3103 1135 ut
3124 1079 3553 1148 prmliatorexi-

1910 1165 2058 1220 mius
2092 1180 2203 1221 non
2238 1165 2503 1221 femineis
2533 1165 3049 1223 lamentationibus
3083 1168 3184 1223 sed
3212 1168 3437 1237 agmine
3466 1168 3552 1226 lu-

1906 1259 2147 1321 geretur
2173 1252 2346 1309 virili.
2373 1254 2548 1324 Cujus
2570 1254 2831 1324 exequiae
2855 1254 3055 1312 multis
3080 1253 3429 1326 plausibusa
3446 1271 3551 1314 sua

1906 1347 2076 1411 gente
2111 1344 2411 1398 honorata:
2455 1346 2609 1399 sunt.
2645 1346 2706 1398 In
2750 1343 2956 1399 mediis
3000 1343 3285 1414 siquidem
3332 1345 3552 1416 campis

1908 1430 2060 1486 intra
2094 1431 2409 1487 tentorium
2437 1431 2689 1488 sericum
2722 1430 3034 1501 collocato,
3086 1433 3155 1488 de
3203 1437 3325 1488 tota
3375 1438 3551 1503 gente

1908 1521 2202 1576 Hunorum
2226 1520 2652 1591 electiequntes
2681 1521 2957 1577 cursibus
3009 1520 3153 1578 illud
3205 1522 3547 1593 ambientes,

1908 1609 2466 1681 cantumfunereum
2490 1610 2811 1680 celebrant,
2836 1609 3046 1666 deinde
3073 1611 3351 1681 strabam,
3378 1626 3548 1683 quam

1909 1698 1993 1754 sic
2022 1704 2254 1769 vocant,
2279 1714 2456 1769 super
2488 1698 2772 1755 tumulum
2796 1698 2925 1767 ejus
2951 1697 3170 1768 ingenti
3204 1714 3551 1756 commessa-

1826 1816 1880 1876 B
1911 1786 2063 1843 tione
2095 1786 2483 1855 celebrantes,
2519 1789 2575 1842 et
2605 1786 2903 1842 contraria
2931 1786 3173 1843 invicem
3216 1787 3326 1843 sibi
3372 1803 3550 1860 copu-

1910 1874 2120 1946 lantes,
2156 1875 2376 1932 luctum
2402 1877 2701 1932 funereum
2725 1875 2903 1930 mixto
2923 1874 3136 1945 gaudio
3154 1874 3544 1947 explicabant,

1908 1968 2196 2034 nocteque
2212 1970 2439 2020 secreta
2462 1963 2713 2020 cadaver
2730 1967 2906 2019 terrae
2918 1962 3425 2043 commendabant.
3445 1967 3549 2021 Cu-

1900 2050 1997 2121 jus
2028 2052 2305 2109 fereulam
2338 2051 2586 2123 primum
2618 2067 2782 2121 auro,
2816 2051 3071 2108 secundo
3093 2056 3335 2121 argento
3361 2052 3546 2109 tereio

1907 2140 2047 2196 ferri
2079 2140 2272 2211 rigore
2320 2141 2736 2211 communiunt,
2784 2139 2889 2195 tali
2939 2143 3284 2210 argumento
3328 2139 3551 2210 signifi-

1906 2234 2130 2298 cantes,
2149 2229 2554 2300 potentissimo
2568 2227 2729 2298 regni
2743 2227 2938 2284 omnia
2950 2228 3311 2298 convenisse,
3330 2228 3547 2286 ferrum

1908 2316 2039 2388 quia
2070 2320 2276 2386 gentes
2322 2317 2602 2386 edomu.t,
2659 2331 2861 2373 aurum
2912 2320 2970 2372 et
3019 2320 3345 2387 argentum,
3392 2314 3549 2387 quod

1909 2407 2213 2478 utriusque
2240 2407 2321 2463 rei
2356 2406 2604 2478 publica}
2635 2410 2978 2462 ornamenta
3025 2405 3269 2477 accepit.
3312 2403 3548 2462 Addunt

1906 2495 2080 2551 etiam
2095 2511 2252 2551 arma
2276 2496 2531 2553 hostium
2561 2494 2819 2552 caedibus
2847 2493 3133 2566 acquisita
3170 2493 3546 2550 faleramenta

1907 2585 2068 2641 vario
2095 2601 2449 2655 gemmarum
2477 2586 2701 2657 fulgore
2725 2585 2990 2657 preciosa
3016 2584 3354 2655 diversique
3374 2599 3549 2655 gene-

1907 2673 1990 2729 ris
2019 2673 2290 2743 insignia,
2324 2673 2536 2743 quibus
2556 2672 2773 2729 colitur
2796 2672 2943 2729 aulae
2963 2672 3161 2729 decus.
3187 2674 3257 2728 Et
3280 2677 3343 2729 ut
3367 2671 3547 2729 tantis

1907 2760 2128 2817 divitiis
2158 2762 2404 2817 humana
2432 2761 2747 2818 curiositas
2767 2760 3235 2831 arceretur-,huie
3256 2760 3419 2832 operi
3452 2758 3548 2817 de-

1906 2852 2144 2922 putatos
2176 2849 2509 2905 detestabili
2542 2849 2810 2905 mercede
2834 2847 3228 2905 trucidarunt.

1980 2939 2115 2994 Post
2140 2939 2263 2993 haec
2288 2938 2439 2993 inter
2462 2951 2833 2995 successores
2854 2936 3050 2995 Attin
3064 2936 3135 2993 de
3150 2950 3329 3007 regno
3342 2944 3548 2997 exorta

1908 3032 2006 3084 est
2023 3027 2342 3098 contentio,
2366 3033 2424 3084 et
2445 3026 2577 3084 dum
2599 3025 2927 3084 inconsulte
2950 3025 3242 3098 imperaro
3271 3025 3539 3097 cupiunt.

1905 3130 2107 3172 omnes
2135 3115 2307 3172 simul
2340 3116 2646 3188 imperium
2681 3114 3081 3186 perdiderunt.
3103 3115 3239 3171 Nam
3263 3113 3364 3169 filii
3394 3114 3545 3186 ejus‘

150 3192 297 3250 mano
318 3195 587 3267 pontiﬁci
609 3193 942 3251 exhibuerit
968 3192 1246 3263 illumque
1260 3193 1660 3264 respondisse,
1680 3206 1792 3248 non
1827 3168 1877 3232 δ
3111 3168 3364 3275 ρᾷρήυιυε

146 3296 199 3339 se
219 3283 365 3341 illius
398 3299 713 3357 personam
753 3283 850 3355 qui
879 3282 1196 3339 advenerat
1249 3282 1567 3338 reveritum
1592 3282 1791 3351 fuisse,

149 3373 235 3428 sed
268 3373 435 3431 alium
476 3375 677 3431 virum
704 3373 872 3443 juxta
919 3386 1050 3428 eum
1093 3371 1149 3426 in
1198 3370 1550 3428 sacerdotali
1592 3371 1796 3429 habitu

147 3461 451 3519 adstantem
490 3462 744 3533 vidisse,
781 3462 879 3533 qui
899 3462 1080 3516 forma
1111 3459 1415 3530 augustior
1443 3459 1792 3531 canicieque

146 3554 537 3624 venerabilior,
573 3552 880 3622 evaginato
906 3550 1103 3622 gladio
1137 3553 1383 3607 mortem
1417 3550 1529 3607 sibi
1563 3550 1795 3606 minita-

145 3641 296 3712 verit,
329 3643 373 3699 si
405 3658 524 3699 non
563 3642 754 3697 omnia
779 3656 907 3713 quae
928 3639 1027 3696 ille
1051 3640 1367 3712 expetebat
1399 3638 1614 3711 implev
1651 3639 1788 3695 erit.

144 3727 307 3797 Igitur
328 3731 506 3788 Attila
550 3729 652 3785 tali
678 3729 850 3787 modo
881 3744 912 3785 a
943 3744 1045 3786 sua
1067 3728 1280 3786 sevicia
1299 3743 1634 3800 repressus,
1659 3728 1795 3785 reli-

142 3822 222 3873 cla
253 3820 429 3892 Italia,
462 3822 803 3876 Pannonias
841 3819 1140 3891 repetivit.
1177 3819 1259 3874 Ad
1300 3833 1470 3890 quem
1507 3819 1783 3889 Honoria,

140 3906 442 3966 Valentiani
474 3909 770 3982 principis
800 3923 1098 3980 germana,
1133 3908 1269 3964 dum
1299 3923 1329 3963 a
1364 3908 1542 3967 fratre
1576 3909 1650 3964 ob
1686 3908 1782 3964 de-

140 4012 231 4053 cus
275 4001 527 4072 pudiciaa
583 3999 857 4055 districte
908 4002 1268 4067 servaretur,
1324 4012 1489 4053 suum
1563 3996 1785 4054 direxit

139 4091 462 4160 eunuchum,
490 4088 776 4161 quatinus
791 4087 1058 4160 eamgsibi
1090 4101 1119 4140 a
1152 4086 1332 4141 fratre
1355 4084 1780 4157 deposceretin

140 4179 575 4235 matrimonium.
611 4176 718 4243 Qui
751 4179 995 4247 accepto
1025 4175 1259 4246 nuncio,
1295 4175 1562 4245 cumjam
1587 4175 1775 4232 Italiae

138 4265 264 4323 fines
282 4268 659 4337 excessisset,
683 4280 787 4321 nec
808 4266 1012 4321 statim
1032 4265 1279 4335 fatigato
1298 4264 1563 4321 exercitu
1579 4278 1776 4335 regre-

137 4352 184 4406 di
199 4355 500 4425 potuisset,
518 4353 754 4411 mandat
778 4352 1182 4409 Valentiniano
1202 4352 1276 4407 im
1284 4352 1769 4425 peratori,pejora

136 4442 380 4509 proxime
408 4459 472 4500 se
507 4440 813 4498 illaturum
835 4440 1039 4512 Italiaz,
1066 4440 1114 4496 si
1141 4455 1271 4496 mox
1294 4440 1410 4496 sibi
1432 4455 1766 4511 germanam

1905 3297 2113 3363 gentes
2131 3292 2241 3349 sibi
2261 3292 2438 3349 dividi
2464 3297 2626 3349 sorte
2650 3292 2992 3363 poscebant,
3014 3295 3079 3348 ut
3100 3290 3279 3347 inslar
3313 3289 3542 3349 familiae

1908 3380 2171 3438 bellicosi
2205 3397 2373 3452 reges
2401 3397 2531 3438 cum
2563 3381 2794 3453 populis
2820 3380 3197 3437 mitterentur
3225 3379 3280 3435 in
3299 3383 3537 3436 sortem.

1905 3469 1976 3525 Ut
2008 3474 2202 3526 autem
2235 3469 2584 3542 Gepidarum
2606 3485 2710 3525 rex
2727 3467 3084 3526 Hardericus
3108 3469 3215 3525 hoc
3232 3467 3539 3539 comperit,

1908 3557 2243 3629 indignatus
2261 3562 2465 3615 contra
2491 3557 2641 3614 filios
2664 3557 2862 3614 Attin
2886 3556 3107 3628 primus
3128 3553 3401 3626 insurgit,
3419 3554 3543 3611 illa-

1905 3651 2143 3717 tumque
2163 3646 2453 3704 serviendi
2470 3647 2749 3719 pudorem
2763 3650 2964 3703 secuta
2980 3645 3256 3702 felicitate
3271 3641 3537 3712 detersit,

1902 3749 2010 3792 nec
2039 3735 2226 3792 solum
2259 3749 2419 3792 suam
2447 3740 2680 3805 gentem
2709 3735 2811 3791 sed
2834 3738 2891 3789 et
2914 3738 3145 3789 ceteras
3175 3737 3382 3802 gentes
3408 3745 3539 3803 quas

1901 3823 2124 3895 pariter
2155 3825 2589 3895 premebantur,
2614 3837 2718 3880 sua
2742 3820 3096 3878 discessione
3118 3818 3537 3891 absolvit,quia

1900 3912 2068 3968 facile
2089 3927 2290 3968 omnes
2312 3915 2615 3983 appetunt,
2634 3910 2788 3983 quod
2804 3924 2908 3982 pro
2921 3914 3263 3966 cunctorum
3279 3906 3538 3967 utilitate

1897 4005 2220 4073 temptatur
2252 4000 2639 4056 immutatum.
2663 3999 2848 4069 Igitur
2873 3995 3537 4068 armantur,beliumque

1891 4090 2265 4147 committnnt
2292 4089 2348 4144 in
2378 4088 2845 4160 Pannoniajuxta
2874 4085 3081 4143 flumen
3106 4085 3199 4142 cui
3223 4098 3426 4141 nomen
3440 4092 3534 4143 est

1887 4178 2085 4235 Neoda
2104 4196 2119 4246 ;
2140 4177 2279 4236 illuc
2297 4176 2702 4233 8“concursus
2730 4176 2918 4232 factus
2944 4179 3036 4231 est
3059 4174 3322 4244 gentium
3346 4173 3536 4231 varia-

1888 4281 2037 4339 rum,
2055 4283 2202 4339 quas
2219 4267 2394 4323 Attila
2421 4266 2475 4321 in
2497 4281 2597 4322 sua
2624 4265 2855 4321 tenebat
2883 4263 3121 4320 ditione.
3149 4264 3289 4319 Post
3315 4262 3534 4322 multos

1883 4372 2026 4428 ergo
2058 4358 2366 4413 conflictus
2400 4355 2537 4412 favit
2571 4354 2811 4427 Gepidis
2838 4353 2905 4387 ⁸⁸⁸
2932 4353 3226 4426 inopinata
3252 4351 3530 4423 victoria;

1880 4461 2011 4502 nam
2045 4447 2280 4516 triginta
2313 4446 2432 4500 fere
2462 4444 2753 4501 miliatam
2772 4444 3068 4500 Hunorum
3093 4458 3260 4513 quam
3284 4442 3529 4500 aliarum

132 4542 280 4586 suam
311 4547 440 4589 eum
472 4530 765 4601 regalium
793 4546 964 4603 opum
1012 4529 1281 4602 portione
1331 4544 1443 4585 non
1469 4582 1472 4584 η
1494 4532 1765 4587 transmi-
1794 4531 1848 4592 D
1876 4536 2160 4607 gentium,
2192 4549 2321 4605 quae
2353 4533 2534 4590 Hunis
2550 4532 2814 4589 ferebant
2841 4531 3140 4600 auxilium,
3168 4528 3527 4589 Hardericus

129 4617 304 4676 sisset.
340 4623 640 4678 Reversus
672 4625 863 4677 autem
898 4619 967 4675 ad
1018 4619 1290 4691 proprias
1341 4619 1533 4691 sedes,
1588 4636 1764 4693 super

131 4706 313 4777 plures
337 4726 484 4783 quas
506 4710 761 4767 habebat
785 4723 999 4766 uxores
1014 4707 1265 4780 puellam
1282 4709 1569 4780 quandam
1593 4710 1761 4768 valde

127 4799 433 4868 speciosam
466 4799 583 4856 sibi
614 4798 937 4869 conjunxit.
970 4797 1054 4853 Ob
1076 4797 1246 4868 cujus
1268 4798 1504 4870 nuptias
1520 4800 1760 4871 profusa

124 4898 387 4945 exercens
419 4888 712 4959 convivia,
735 4887 870 4945 dum
891 4892 1119 4945 tantum
1142 4888 1260 4944 vini
1286 4892 1564 4959 quantum
1589 4895 1758 4949 antea

125 4988 421 5051 numquam
452 4976 525 5012 θ⁵²
548 4978 605 5033 in
639 4976 819 5034 semel
852 4977 1122 5047 bibisset,
1158 4976 1571 5049 dormiensquc
1603 4981 1760 5052 supi-

122 5077 220 5123 nus
245 5067 495 5144 jaceret,
530 5068 702 5128 nimia
727 5068 1029 5143 sanguinis
1057 5067 1389 5142 eruptione,
1447 5068 1545 5141 qui
1590 5069 1644 5125 ei
1685 5070 1757 5128 de

124 5159 350 5217 naribus
371 5162 610 5218 efﬂuere
629 5160 854 5219 solebat
882 5160 1202 5219 suffocatus
1219 5163 1308 5217 est
1322 5202 1335 5214 .
1354 5158 1567 5215 Eadem
1583 5166 1757 5219 nocte

121 5250 262 5319 apud
298 5251 865 5324 Constantinopolim
894 5251 1183 5308 Marciano
1215 5250 1553 5321 imperatori
1580 5263 1756 5309 arcus

122 5337 309 5400 Attila
331 5342 557 5401 fractus
575 5342 631 5400 in
654 5342 877 5401 somnis
898 5339 1255 5413 ostenditur,
1281 5353 1395 5413 quo
1418 5338 1755 5398 scilicetar-

1875 4624 2143 4699 peremit,
2176 4622 2473 4693 filiumque
2507 4620 2701 4677 Attilm
2741 4620 3015 4690 majorem
3073 4622 3234 4689 natu,
3288 4618 3522 4678 nomine

1872 4713 2116 4784 Hellam,
2151 4712 2387 4782 occidit,
2407 4725 2576 4782 quem
2592 4715 2760 4781 pater
2775 4723 2953 4780 super
2969 4713 3201 4765 ceteros
3217 4706 3272 4762 in
3286 4709 3516 4764 tantum

1872 4804 2059 4860 fertur
2091 4815 2338 4872 amasse,
2377 4805 2436 4857 ut
2454 4813 2584 4855 eum
2600 4796 2831 4855 cunctis
2848 4795 2979 4852 aliis
2996 4795 3117 4852 suis
3134 4793 3340 4851 liberis
3358 4795 3415 4850 in
3432 4810 3524 4852 re-

1867 4908 1984 4965 gno
2000 4892 2174 4949 vellet
2197 4891 2477 4964 preferre.
2496 4889 2620 4957 Quo
2634 4884 3232 4957 interempto,reliqui
3248 4883 3376 4954 ejus
3386 4898 3521 4954 ger-

1870 4982 2022 5041 mani
2055 4996 2187 5039 cum
2216 4980 2398 5037 Hunis
2422 4974 2875 5050 fuganturjuxta
2897 4974 3037 5031 litus
3060 4973 3235 5030 maris
3253 4972 3507 5045 Pontici,

1870 5073 1969 5132 ubi
2001 5071 2164 5144 prius
2198 5070 2381 5128 fuisse
2410 5067 2684 5139 leguntur
2717 5063 2903 5121 Gothi.
2938 5064 3072 5120 Haec
3092 5076 3272 5120 causa
3292 5060 3510 5120 Harde-

1868 5161 1967 5221 riti
2000 5158 2139 5218 felix
2174 5158 2373 5216 fuitin
2424 5156 2677 5213 diversis
2734 5153 3092 5227 nationibus,
3151 5169 3281 5227 qua
3330 5154 3495 5213 Hnno

1870 5266 2000 5312 rum
2030 5246 2301 5319 regimini
2333 5245 2764 5307 tumulabantur
2797 5244 3015 5319 invita),
3047 5257 3366 5318 earumque
3394 5243 3515 5302 ani-

1871 5355 1999 5402 mos
2030 5339 2130 5401 diu
2160 5337 2538 5402 moetissimos
2569 5339 2641 5398 ad
2671 5337 3042 5413 hylaritatem
3085 5333 3379 5393 libertatis
3414 5346 3514 5391 vo-

1472 5504 1712 5563 VARIIE
1749 5503 2149 5564 LECTIONES.

179 5636 245 5672 ⁸⁸³
276 5651 332 5697 n.
363 5643 415 5698 5.
447 5637 520 5674 ⁸⁸³
553 5638 691 5700 illuc
716 5646 795 5699 9°.
827 5637 896 5675 ⁴⁸⁴
923 5640 1088 5702 deest
1112 5643 1188 5698 lic.

379 5739 645 5806 PATROL.
690 5739 899 5808 CLIV.

3191 5724 3271 5795 24
