3952 6366
463 391 581 462 ⁸74⁸7

1625 371 2104 443 EKKEHARDI
2147 373 2706 444 URAUGIENSIS
3691 394 3776 462 748

466 535 600 594 tivaa
631 529 870 590 arrexit.
904 521 1218 582 Venientes
1249 532 1388 591 ergo
1423 515 1586 574 multi
1620 531 1692 571 ex
1725 529 1811 572 eis
1853 511 1923 572 ad
1963 514 2104 572 Mar-
2132 513 2188 576 A
2220 513 2328 570 mir
2357 513 2670 588 promittit,
2702 521 2767 573 ut
2797 516 3008 575 exinde
3039 533 3152 591 pax
3187 515 3442 580 stabilior
3467 521 3603 584 inter
3626 529 3780 593 Roma-

465 626 692 681 cianum
728 619 1066 693 principem,
1099 611 1432 684 gratissime
1463 613 1598 665 sunt
1629 607 1700 663 ab
1722 622 1790 662 eo
1819 605 2100 676 suscepti,

467 712 930 778 distributasquc
963 703 1154 771 sedes,
1193 715 1335 772 quas
1365 697 1708 766 incolerent,
1729 699 2099 766 acceperunt.

465 799 667 872 Gepidi
701 810 946 866 namque
979 795 1275 848 Hunorum
1309 787 1419 844 sibi
1445 786 1615 843 sedes
1648 785 1901 841 viriliter
1923 783 2106 840 vindi-

465 895 685 956 cantes,
701 885 881 941 totius
898 882 1077 938 Datiaa
1095 879 1306 935 linibus
1323 876 1478 932 velut
1506 875 1762 932 victores
1782 873 1950 945 potiti
1969 876 2102 929 sunt

465 975 641 1032 nichil
676 973 831 1030 aliud
861 987 890 1028 a
922 972 1177 1026 Romano
1210 966 1454 1038 imperio
1490 965 1603 1020 nisi
1658 979 1854 1035 pacem
1908 965 2106 1033 postu-

462 1064 695 1128 lantes;
731 1064 1007 1118 Sarmata:
1039 1061 1271 1130 veroet
1303 1053 1607 1110 Cemandri
1662 1058 1720 1108 et
1774 1051 2005 1122 quidam
2036 1063 2107 1106 ex

464 1153 762 1208 Hunorum
794 1152 959 1222 parte
993 1145 1062 1202 ad
1094 1146 1407 1200 Maternam
1441 1143 1641 1198 urbem
1683 1139 1881 1194 Illirici
1933 1137 2105 1194 sedes

468 1244 785 1314 posuerunt
821 1236 979 1308 Scyri
1012 1241 1070 1292 et
1105 1232 1373 1302 Adagarii
1409 1230 1478 1262 ⁸⁵⁸
1511 1229 1800 1300 Scythiam
1825 1227 2105 1283 minorem

467 1334 530 1385 et
567 1328 899 1383 inferiorem
939 1324 1192 1380 Moesiam
1227 1323 1580 1391 acceperunt
1605 1317 1748 1386 Rugi
1773 1315 2018 1386 aliaque
2039 1314 2107 1348 ⁸⁸⁸

465 1416 736 1473 nationes
756 1412 1048 1471 nonnullae
1075 1411 1249 1466 Bizim
1268 1417 1326 1464 et
1345 1405 1817 1477 Archadiopolim
1851 1404 2103 1476 petiere;

463 1505 728 1561 Hernach
763 1516 990 1574 quoque
1018 1500 1214 1570 junior
1245 1496 1441 1553 Attilm
1477 1495 1650 1562 filius,
1685 1509 1813 1550 cum
1859 1493 1982 1549 suis
2011 1507 2108 1549 ex-

465 1599 682 1649 tremas
707 1591 948 1648 minoris
967 1587 1215 1660 Scythiae
1241 1586 1436 1641 sedem
1456 1584 1632 1653 elegit
1667 1585 2009 1638 llcmmezur
2047 1588 2106 1637 et

464 1681 782 1738 Bulzindur
802 1679 869 1713 ⁸⁵⁷
896 1675 1310 1744 consanguinei
1334 1675 1388 1728 in
1415 1673 1578 1730 Datia
1599 1672 1832 1743 Ripensi
1859 1671 2106 1726 Hedisco

465 1770 782 1840 Halmoque
801 1768 970 1841 potiti
987 1771 1145 1834 sunt,
1165 1763 1503 1833 diversique
1525 1761 1758 1817 diversa
1786 1760 2102 1832 petierunt.

467 1857 639 1914 Gothi
671 1872 809 1913 vero
858 1855 1127 1911 videntes
1155 1851 1408 1923 chidos
1443 1851 1735 1905 Hunorum
1777 1847 1946 1904 sedes
1995 1847 2106 1903 sibi
2136 1871 2189 1931 Β

466 1945 776 2001 vcndicare
795 1949 853 2000 et
877 1945 1171 1999 Hunorum
1197 1939 1474 2012 populum
1494 1954 1632 1993 suas
1647 1938 1816 1992 sedes
1841 1936 2108 2006 antiquas

466 2047 780 2104 occupare,
809 2031 1139 2087 maluerunt
1163 2045 1192 2085 a
1220 2030 1473 2083 Romano
1497 2042 1676 2095 regno
1695 2030 1884 2081 terras
1907 2030 2108 2096 petere

467 2137 636 2194 quam
687 2136 817 2177 cum
866 2118 1201 2175 discrimine
1251 2117 1472 2171 alienas
1522 2115 1836 2179 invadere;
1887 2115 2108 2168 Panno-

465 2211 734 2280 niamque
764 2221 1072 2278 accepere,
1109 2206 1306 2276 ibique
1339 2205 1446 2259 sub
1472 2218 1606 2271 rege
1631 2201 1938 2257 Walamiro
1961 2201 2108 2270 ejus-

467 2313 579 2370 que
605 2311 880 2367 germano
909 2295 1202 2349 Dietmaro
1233 2291 1701 2359 mmorabantur,
1737 2289 1999 2359 quamvis
2030 2288 2109 2345 lo-

465 2387 550 2442 cis
583 2385 805 2454 divisis,
839 2382 1083 2440 consilio
1117 2386 1307 2436 tamen
1342 2379 1542 2435 unitis.
1569 2379 1707 2434 Nam
1737 2377 2109 2434 Walamirin-

468 2481 558 2530 ter
591 2473 1005 2541 Scarniungam
1035 2469 1104 2503 ⁸⁵³
1134 2474 1189 2524 et
1218 2471 1436 2539 Aquam
1479 2467 1730 2536 Nigram,
1779 2467 2108 2522 Dictmarus

462 2564 629 2633 juxta
662 2560 853 2616 locum
895 2558 964 2592 ⁸⁶⁰
1013 2557 1230 2613 Pcllois
1286 2556 1608 2623 habitabat,
1659 2554 1925 2610 Witimar
1975 2569 2106 2611 cum

466 2655 718 2721 utroque
733 2649 1020 2704 manebat.
1050 2644 1305 2714 Contigit
1321 2649 1534 2713 autem,
1557 2642 1836 2714 utjAttilaa
1852 2642 1953 2698 filii
1974 2657 2108 2700 con-

463 2743 556 2795 tra
591 2737 829 2806 Gothos,
861 2735 1026 2808 quasi
1059 2735 1398 2790 desertores
1431 2731 1840 2787 dominationis
1882 2747 2102 2801 eorum,

470 2825 758 2883 venirent.
791 2825 1124 2895 ignarisque
1148 2822 1278 2878 aliis
1311 2821 1612 2891 fratribus,
1640 2835 1819 2891 super
1838 2819 2108 2876 Walami-

471 2931 598 2972 rum
632 2913 819 2971 solum
854 2913 1166 2970 irruerent.
1209 2910 1364 2977 Quos
1423 2915 1613 2964 tamen
1667 2909 1932 2979 quamvis
1974 2923 2104 2965 cum

463 3003 666 3076 paucis
690 3001 787 3058 ille
809 3001 1098 3072 execepit,
1125 3000 1340 3070 diuque
1365 2998 1640 3067 fatigatos
1665 2997 1742 3053 ita
1761 2998 2102 3069 prostravit,

463 3097 527 3150 ut
560 3092 653 3148 vix
685 3090 880 3162 aliqua
911 3105 1114 3146 eorum
1145 3103 1283 3160 pars
1317 3091 1665 3143 remaneret.
1717 3088 1796 3142 Eo
1843 3091 2104 3158 tempore

461 3197 592 3239 cum
623 3197 726 3254 pro
743 3184 908 3251 gesta
933 3194 995 3235 re
1020 3179 1090 3234 ad
1116 3179 1328 3237 fratres
1355 3191 1495 3232 suos
1519 3175 1872 3235 Dietmarum
1902 3180 1960 3232 et
1991 3176 2107 3231 Wi-

459 3272 732 3326 timarum
765 3269 1115 3326 direxissent
1145 3263 1438 3336 nuncium,
1476 3265 1718 3322 veniens
1751 3265 1999 3322 nuncius
2046 3265 2103 3319 in

459 3359 630 3416 domo
658 3357 956 3422 Dietmari,
995 3355 1182 3426 majus
1235 3355 1451 3410 invenit
1503 3354 1818 3425 gaudium;
1853 3355 1980 3424 ipso
2030 3353 2106 3410 si-

463 3447 695 3518 quidem
720 3446 811 3502 die
833 3444 1242 3513 Theodericus,
1262 3443 1416 3498 filius
1431 3445 1577 3515 ejus,
1605 3443 1870 3514 quamvis
1885 3443 2106 3511 dejcon-

462 3535 694 3605 cubina,
725 3535 891 3590 bona;
915 3538 1106 3589 tamen
1126 3532 1248 3603 spei
1275 3531 1572 3603 puerulus,
1603 3536 1774 3587 natus
1811 3532 2104 3586 erat.Post

461 3627 694 3696 tempus
721 3637 862 3693 ergo
893 3637 1005 3678 non
1062 3620 1307 3678 multum
1363 3619 1430 3652 ⁸⁶¹
1490 3635 1591 3675 rex
1649 3618 1998 3676 Walamirus
2043 3625 2102 3675 et

461 3712 588 3783 ejus
622 3712 836 3768 fratres
858 3711 1190 3766 Dictmarus
1213 3713 1270 3764 et
1296 3708 1634 3764 Witimarus
1657 3708 1791 3763 dum
1817 3712 2100 3763 consueta

463 3801 612 3856 dona
648 3800 952 3857 tardarent
977 3814 1003 3854 a
1030 3798 1291 3871 principe
1313 3797 1599 3852 Marciano
1622 3796 1908 3867 accipere,
1930 3801 1989 3852 et
2005 3797 2104 3852 foe-

463 3889 600 3946 dera
622 3893 815 3946 tamcn
852 3888 1012 3961 pacis
1035 3887 1424 3951 custodirent,
1447 3885 1606 3941 missi
1631 3886 1703 3940 ab
1725 3885 1812 3941 eis
1843 3885 2022 3954 legati
2036 3884 2103 3918 ⁸⁸³

460 3979 528 4036 ad
566 3979 998 4050 imperatorem,
1029 3976 1306 4033 videbant
1339 3973 1776 4044 Theodericum,
1810 3973 2014 4029 Triarii
2041 3973 2103 4028 fi-

460 4066 622 4138 lium,
680 4081 894 4138 genere
955 4065 1188 4136 quidem
1243 4063 1506 4132 Gothico,
1565 4063 1669 4118 sed
1727 4063 1836 4118 alia
1913 4062 2099 4134 stirpe

461 4169 631 4226 quam
664 4156 996 4211 Amalornm
1027 4156 1418 4225 procreatum,
1449 4150 1681 4207 omnino
1703 4166 1832 4206 cum
1849 4151 1974 4206 suis
1999 4151 2100 4206 ﬂo-

460 4247 684 4299 rentem
717 4246 776 4298 et
808 4244 1195 4298 Romanorum
1229 4239 1508 4296 amiciciis
1539 4241 1824 4310 utentem,
1865 4254 1926 4296 se
1959 4254 2098 4297 vero

458 4331 692 4389 omnino
722 4331 985 4403 despici;
1035 4329 1190 4386 domi
1239 4328 1363 4384 hzcc
1421 4328 1784 4385 renunciant.
1849 4344 2100 4400 moxque

460 4421 649 4492 Gothi,
685 4421 880 4478 furore
893 4417 1190 4486 commoti,
1222 4431 1378 4474 arma
1393 4417 1805 4488 corripiunt,et
1821 4416 2098 4474 llliricum

460 4524 606 4583 pene
637 4513 826 4566 totum
855 4507 1154 4582 predando
1187 4505 1514 4562 devastant.
1549 4505 1657 4562 Sed
1689 4506 1974 4562 Marciano
1999 4507 2101 4562 im-

2134 3223 2184 3286 Ο

2217 620 2322 661 nos
2353 610 2411 662 et
2445 606 2664 664 Gothos
2696 614 2976 664 maneret.
3013 611 3198 679 Igitur
3242 611 3599 674 Theodericus
3641 623 3775 682 obses

2216 695 2453 752 ducitur
2470 697 2540 752 ad
2565 697 2766 752 urbem
2795 695 2864 730 ³⁸³
2885 699 3580 776 Constantinopolitanam,
3600 715 3650 764 et
3669 715 3772 782 quia

2215 783 2495 856 parvulus
2531 785 2770 853 elegans
2801 786 2929 856 fuit,
2965 788 3319 859 imperialem
3348 793 3573 860 gratiam
3605 812 3780 867 prome-

2215 873 2334 928 ruit
2389 875 2704 944 Postquam
2733 873 2802 908 ⁸⁶⁶
2833 889 2974 944 ergo
2997 875 3160 932 firma
3187 892 3293 948 pax
3313 878 3456 935 inter
3481 883 3721 944 Romanos
3737 895 3778 945 et

2215 961 2433 1017 Gothos
2463 963 2612 1017 facta
2645 967 2756 1034 est,
2794 963 3060 1020 videntes
3107 964 3178 997 ⁸⁸⁸
3223 967 3388 1022 Gothi
3411 969 3515 1025 sibi
3559 987 3652 1028 non
3681 977 3778 1032 sufll

2215 1064 2347 1105 cere
2380 1066 2509 1122 quas
2537 1053 2609 1107 ab
2642 1051 2996 1123 imperatore
3015 1060 3382 1124 acceperant,
3408 1057 3667 1130 simulque
3682 1063 3784 1119 soli-

2213 1141 2330 1194 tam
2351 1140 2656 1210 cupientes
2675 1144 2978 1198 ostentare
3000 1142 3300 1213 virtutem,
3317 1149 3781 1216 cmperuntviciuas

2216 1227 2523 1298 depredari
2543 1227 2612 1261 ⁸⁸⁸
2632 1233 2857 1300 gentes,
2881 1229 3245 1301 primumque
3259 1236 3454 1290 contra
3469 1233 3702 1308 Satagos,
3714 1240 3783 1310 qui

2219 1315 2924 1389 interioremlPannoniam
2951 1319 3354 1390 possederant,
3369 1336 3516 1378 arma
3533 1334 3785 1383 moverunt

2217 1404 2380 1471 Quod
2413 1406 2508 1462 ubi
2542 1421 2645 1461 rex
2679 1408 2974 1463 Hunorum
3004 1408 3263 1478 Dinzich,
3318 1408 3462 1465 filius
3509 1412 3678 1470 Attilae
3713 1413 3778 1484 ⁸⁸⁷,

2217 1493 2512 1562 cognovit,
2548 1493 2816 1551 collectis
2842 1509 2989 1565 quos
3033 1496 3222 1552 adhuc
3271 1496 3530 1569 habebat,
3577 1503 3783 1572 quamvis

2220 1596 2457 1651 paucos,
2474 1582 2826 1638 Pannoniam
2842 1582 3150 1653 depredari
3173 1584 3368 1656 coepit.
3395 1586 3510 1652 Quo
3525 1594 3780 1660 comperto,

2218 1668 2387 1724 Gothi
2421 1670 2516 1724 ubi
2547 1674 2715 1725 erant
2737 1671 3168 1740 expeditionem
3191 1671 3500 1746 solventes,
3525 1689 3670 1746 quam
3685 1691 3784 1733 con-

2218 1761 2308 1811 tra
2341 1757 2586 1827 Satagos
2615 1757 2928 1826 habebant,
2965 1759 3019 1814 in
3053 1761 3250 1816 Hunos
3268 1766 3612 1833 convertunt,
3629 1763 3780 1834 sicque

2219 1859 2321 1900 eos
2353 1845 2564 1900 finibus
2595 1845 2716 1902 suis
2755 1846 3036 1916 inglorios
3083 1848 3472 1920 expellebant,
3518 1857 3576 1907 ut
3617 1865 3679 1908 ex
3713 1850 3784 1907 illo

2221 1938 2484 2003 tempore
2505 1934 2602 2004 qui
2628 1941 3027 1991 remanserant
3048 1935 3194 1991 Huni
3213 1936 3523 1994 Gothorum
3541 1951 3675 1994 arma
3695 1953 3788 2009 per-

2222 2020 2548 2077 timescant.
2576 2021 3058 2092 Quiescentejam
3084 2025 3324 2081 tandem
3357 2027 3628 2082 Hunorum
3660 2031 3788 2096 gente

2221 2123 2253 2163 a
2283 2110 2504 2180 Gothis,
2538 2110 2976 2168 Chunimundus
3005 2127 3109 2168 rex
3139 2113 3455 2170 Suavorum
3484 2111 3548 2146 ⁸⁸⁸
3573 2128 3680 2170 cum
3699 2113 3788 2170 suis

2220 2197 2500 2254 invadens
2527 2198 2670 2255 fines
2704 2199 2998 2270 Dietmari,
3028 2201 3228 2257 fratris
3260 2201 3542 2258 Walamiri
3569 2201 3698 2271 regis
3715 2201 3790 2256 Go-

2221 2286 2472 2354 thorum,
2499 2302 2598 2342 eos
2641 2287 3020 2360 depredatur,
3073 2290 3384 2361 omniaque
3427 2289 3688 2346 abduccns
3723 2301 3788 2344 ar-

2220 2379 2434 2446 menta,
2453 2375 2507 2430 in
2533 2381 2748 2434 terram
2771 2392 2933 2434 suam
2959 2379 3303 2435 revertitur.
3321 2379 3563 2436 Dietmar
3578 2393 3694 2434 vero
3707 2392 3789 2433 non

2218 2463 2748 2532 tantumjacturam
2774 2471 3169 2524 armentorum
3201 2467 3408 2525 dolens
3441 2473 3686 2540 quantum
3711 2481 3791 2522 me-

2217 2556 2390 2608 tuens
2420 2567 2490 2608 ne
2523 2554 2714 2626 Suavi,
2749 2555 2798 2610 si
2825 2555 2936 2612 hoc
2975 2556 3211 2626 impune
3235 2555 3610 2627 lucrarentur,
3634 2553 3692 2612 ad
3711 2569 3792 2610 ma-

2212 2639 2400 2709 jorem
2425 2639 2721 2697 licentiam
2760 2642 3124 2714 prosilirent,
3163 2644 3252 2700 sic
3281 2645 3534 2716 vigilavit
3567 2644 3616 2700 in
3641 2657 3790 2699 eorum

2220 2728 2495 2800 transitu,
2536 2734 2597 2785 ut
2630 2729 3001 2802 intempestae
3033 2732 3224 2789 noctis
3252 2732 3484 2791 silentio
3507 2731 3791 2789 dormientes

2203 2811 2520 2874 'invaderet
2553 2819 2624 2875 ad
2659 2819 2846 2877 lacum
2875 2820 3116 2890 Pellois,
3143 2829 3530 2895 consertaque
3558 2821 3791 2892 inopinato

2219 2903 2442 2978 prmlio,
2467 2907 2551 2962 ita
2565 2922 2667 2964 eos
2683 2909 2999 2980 obpressit,
3027 2915 3088 2966 ut
3113 2911 3294 2968 etiam
3311 2913 3493 2984 ipsum
3508 2925 3678 2981 regem
3690 2909 3794 2964 Chu-

2215 2995 2554 3052 nimundum
2585 3002 2819 3068 captum
2879 3013 3009 3055 cum
3044 3005 3330 3071 superato
3361 3002 3609 3058 exercitu
3638 2996 3796 3054 Gotho-

2217 3098 2343 3139 rum
2367 3084 2638 3141 scrvituti
2664 3085 3012 3144 subdiderit.
3037 3088 3148 3144 Sed
3164 3088 3308 3146 dum
3322 3094 3481 3148 esset
3499 3087 3710 3146 multum
3723 3084 3796 3140 mi-

2218 3171 2494 3245 sericors,
2529 3174 2680 3230 facta
2715 3174 2956 3246 ultione,
2992 3176 3218 3233 veniam
3258 3178 3346 3235 eis
3379 3175 3712 3244 condonavit,
3733 3185 3797 3229 re-

2215 3260 2681 3333 conciliatusque
2710 3278 2841 3319 cum
2875 3264 3100 3336 Suavis,
3133 3266 3384 3323 eundem
3411 3280 3568 3338 quem
3612 3265 3791 3336 ceperat

2214 3349 2502 3422 adeptans
2532 3350 2644 3406 sibi
2676 3350 2732 3406 in
2770 3351 2972 3423 tilium,
3027 3353 3258 3410 remisit
3309 3355 3363 3411 in
3416 3353 3657 3412 Suaviam
3697 3362 3792 3407 cum

2214 3439 2354 3496 suis.
2383 3438 2484 3495 Ille
2516 3443 2728 3510 autem,
2767 3445 3026 3512 paterna:
3060 3443 3368 3500 immemor
3387 3441 3674 3515 gratize'“,
3699 3441 3793 3511 post
3861 3449 3863 3524 ε

2213 3526 2440 3599 aliquot
2471 3533 2702 3600 tempus
2725 3529 2861 3586 dolo
2883 3535 3190 3603 concepto,
3221 3535 3448 3606 Scyros,
3473 3532 3564 3605 qui
3584 3536 3702 3588 tunc
3727 3542 3794 3584 su-

2213 3629 2316 3687 per
2347 3617 2672 3674 Danubium
2707 3617 3112 3691 considebant,
3141 3620 3432 3693 incitavit,
3466 3628 3528 3679 ut
3572 3621 3622 3676 in
3663 3629 3794 3674 unum

2213 3703 2449 3760 collecti
2482 3709 2713 3775 gentem
2746 3707 3066 3765 Gothorum
3089 3709 3455 3768 invaderent.
3479 3712 3621 3767 Tunc
3641 3703 3797 3763 Gothis

2212 3792 2391 3848 nichil
2426 3792 2559 3849 mali
2591 3795 3062 3866 susspicantibus
3085 3800 3158 3855 ab
3183 3800 3388 3858 amicis
3411 3799 3604 3856 vicinis
3630 3793 3794 3852 bellum

2212 3881 2481 3953 insurgit,
2518 3887 2597 3954 et,
2636 3883 2953 3957 improvisa
2985 3887 3173 3944 coacti
3198 3890 3568 3960 necessitate,
3598 3884 3661 3943 ad
3680 3893 3798 3940 arma

2213 3972 2574 4042 confugiunt,
2608 3979 2966 4046 arreptoque
2996 3979 3340 4051 certamine,
3375 3993 3436 4036 se
3466 3986 3717 4046 suamque
3740 3967 3798 4026 ul-

2211 4059 2516 4116 ciscuntur
2545 4059 2837 4130 injuriam.
2874 4065 2934 4118 In
2963 4078 3034 4120 eo
3063 4065 3354 4136 siquidem
3385 4064 3579 4138 praelio
3605 4075 3692 4118 rex
3723 4057 3794 4112 θοι

2210 4148 2445 4206 thorum
2469 4148 2764 4222 Walamir,
2793 4150 2928 4208 dum
2951 4154 3021 4210 ad
3046 4153 3374 4212 hortandos
3396 4163 3722 4224 suosequum
3735 4159 3800 4202 as-

2209 4238 2488 4296 cenderet
2534 4244 2592 4295 et
2664 4245 2799 4297 ante
2823 4241 3004 4299 aciem
3037 4250 3438 4316 procurreret,
3477 4239 3797 4317 proturbatus

2210 4343 2398 4400 equus
2426 4329 2650 4388 corruit
2684 4345 3096 4404 sessoremque
3127 4350 3298 4393 suum
3331 4335 3561 4406 dejeeit.
3583 4329 3675 4400 Qui
3695 4338 3795 4384 mox

2211 4417 2574 4476 inimicorum
2613 4419 2836 4478 lanceis
2881 4422 3248 4496 vulneratus,
3301 4425 3669 4494 interemptus
3707 4415 3792 4472 esi.

2213 4506 2385 4562 Gothi
2406 4522 2545 4563 vero
2565 4511 2684 4564 tam
2707 4509 2865 4579 regis
2889 4511 2979 4567 sui
3005 4515 3254 4568 mortem
3283 4528 3455 4584 quam
3477 4521 3688 4568 suorum
3710 4500 3800 4558 vin-

457 4602 729 4672 peratore
762 4597 1058 4666 defuncto,
1091 4609 1222 4651 cum
1249 4609 1487 4665 regnum
1512 4595 1802 4667 acciperet
1821 4597 1951 4666 Leo,
1971 4611 2102 4652 mox
2129 4583 2183 4644 D
2215 4594 2480 4652 dicantes
2510 4595 2803 4667 injuriam,
2835 4598 2921 4656 sic
2949 4613 3152 4657 omnes
3184 4583 3580 4664 extruxerunt,
3613 4599 3667 4653 ut
3686 4599 3796 4664 pene

456 4688 606 4760 (227)
637 4686 709 4743 ad
741 4685 1048 4758 pristinam
1080 4699 1209 4740 cum
1243 4684 1446 4741 Gothis
1479 4683 1793 4740 amicitiam
1825 4684 2099 4756 recurrit,

452 4781 512 4832 et
543 4779 660 4832 tam
691 4773 974 4847 preterita
1010 4788 1178 4844 quam
1219 4771 1517 4845 presentia
1571 4785 1810 4827 munera
1875 4771 2102 4844 tribuit,

450 4867 510 4920 et
545 4863 706 4936 pacis
735 4861 996 4920 obsidem
1043 4861 1458 4918 Theodericum
1521 4860 1894 4931 infantulum,
1953 4861 2112 4929 Diet_

450 4953 593 5010 mari
628 4951 831 5024 filium,
869 4951 1116 5024 accepit,
1152 4951 1386 5022 quijam
1409 4963 1620 5006 annum
1641 4950 2116 5010 octavumintra.

448 5039 747 5110 vit.Quem
779 5040 916 5100 dum
949 5047 1123 5114 pater
1154 5039 1294 5098 dare
1323 5038 1610 5111 tarderet,
1647 5043 1896 5111 patruus
1920 5042 2116 5098 Wala-

2215 4685 2286 4742 de
2319 4688 2489 4755 gente
2519 4685 2827 4756 Scyrorum
2853 4688 3052 4746 nullus
3071 4694 3426 4762 remaneret,
3453 4688 3559 4746 nisi
3574 4683 3658 4758 qui
3681 4671 3799 4739 istud

2217 4787 2424 4831 nomen
2443 4789 2574 4830 cum
2598 4773 2884 4833 dedecore
2908 4777 3148 4835 ferrent.
3174 4780 3396 4836 lterum
3421 4767 3794 4836 Cbunimuudus

2218 4879 2349 4922 cum
2378 4862 2602 4934 Suavis,
2632 4863 2818 4921 fretus
2846 4865 3062 4923 auxilio
3096 4869 3490 4925 Sarmatarum
3512 4869 3568 4923 et
3588 4851 3799 4930 reliquiis

2223 4953 2554 5024 Scyrorum,
2589 4953 2878 5025 simulque
2906 4969 2978 5011 ex
3009 4955 3247 5029 Gepidis
3277 4957 3567 5027 Rugisque
3595 4962 3690 5008 non
3702 4955 3800 5029 parrj

2225 5042 2314 5099 vis
2345 5039 2573 5098 solatiis
2601 5041 2890 5115 collectis,
2924 5025 3141 5102 bellum
3169 5025 3393 5103 intulitv
3408 5025 3620 5102 Gothis.
3669 5025 3798 5092 Gothi

1802 5185 2040 5242 VARl/E
2105 5185 2403 5244 LECTION
2407 5187 2508 5244 ES.

519 5305 588 5344 ⁸⁸⁸
639 5307 962 5379 adagatarii
1011 5307 1166 5365 9°m
1212 5310 1390 5379 atque
1435 5305 1566 5364 alias
1613 5312 1662 5364 5.
1715 5306 2141 5379 “Thirzind'ur
2189 5315 2268 5370 9°.
2321 5310 2390 5346 ⁸³³
2427 5309 2790 5368 ediethmaro
2831 5311 3012 5369 fratre
3041 5327 3118 5370 ω.
3149 5318 3229 5371 9°.
3264 5311 3338 5348 ⁸⁸⁹
3368 5310 3709 5379 scaniungam
3735 5303 3794 5355 9°-

448 5380 518 5415 ³⁸⁸
535 5383 627 5439 ita
652 5381 817 5439 codd.

921 5395 954 5435 ο
985 5380 1208 5458 ιεξοιιιιι.Δ
1248 5377 1588 5458 "flongem
1620 5381 1698 5458 9°.
1738 5378 1824 5458 ff}
1855 5395 1930 5437 m.
1992 5381 2032 5438 l.
2095 5383 2168 5438 ab
2199 5382 2312 5458 eis
2366 5381 2522 5458 5!“,
2549 5381 2622 5439 ad
2682 5399 2738 5440 υ.
2799 5383 3012 5458 demat
3065 5389 3144 5458 9°.
3202 5383 3275 5418 “‘
3300 5390 3442 5458 post
3466 5389 3542 5442 9°.

3658 5389 3703 5432 ν.
3724 5382 3800 5426 au-

453 5456 566 5510 tem
595 5458 674 5510 9°.
734 5451 802 5485 ⁸⁸⁸
830 5448 1152 5521 depredare
1183 5455 1244 5506 9°
1299 5448 1367 5483 ⁸⁸⁷
1398 5449 1596 5507 διιειω
1624 5454 1674 5505 t5.
1736 5449 1806 5484 ⁸⁸⁸
1835 5466 2152 5512 suevorum
2185 5457 2238 5510 4.
2267 5459 2345 5510 9°.
2382 5458 2466 5510 10.
2502 5457 2587 5509 11.
2619 5467 2862 5526 smnpm
2897 5453 2966 5488 ⁸⁸³
2994 5469 3048 5525 g.
3087 5455 3126 5512 i.
3159 5459 3209 5511 5.

2038 5584 2268 5645 NOTIE.

521 5683 670 5757 (227)
703 5679 786 5738 Ita
812 5679 975 5739 Jord.
1005 5679 1077 5739 de
1109 5679 1418 5739 Marciano.
