3952 6300
71 338 199 400 749

978 337 1415 401 GHRONICA.
1451 374 1525 385 —
1568 335 2050 403 CHRONICON
2094 336 2622 405 UNIVERSALE

3381 340 3500 404 ’750

75 489 249 543 vero,
285 473 568 530 defuncto
604 472 931 543 Walamiro,
968 472 1039 528 ad
1075 473 1312 530 fratrem
1347 473 1473 544 ejus
1496 473 1744 528 Dietma-
1772 472 1828 531 A
1858 472 2121 545 principe
2170 473 2434 530 directus
2483 489 2611 530 cum
2667 472 2932 530 exercitu
2976 473 3334 529 morabatur.
3388 473 3498 540 Qui

74 578 209 618 rum
238 561 614 631 confugiunt,
640 575 886 632 eumque
912 575 1105 631 regem
1133 561 1520 617 constituunt.
1551 560 1738 629 (Ione.

70 667 119 706 c.
161 653 242 706 54
273 649 435 722 sqq.)
470 649 578 716 Qui
609 648 873 720 quamvis
908 649 1124 705 dudum
1148 666 1278 707 cum
1307 650 1486 705 fratre
1510 662 1745 719 regnas-

71 742 191 808 set,
231 738 520 794 auctioris
549 736 619 770 ⁸⁷⁰
650 744 838 794 tamen
883 739 1197 809 potestatis
1247 737 1491 807 insignia
1545 735 1738 807 sumit,

72 826 357 898 bellique
392 832 556 898 parte
598 832 859 896 coactus,
907 842 1037 882 cum
1092 828 1273 882 fratre
1323 826 1622 883 Witimaro
1671 825 1743 882 ad

70 930 247 971 arma
284 914 564 988 prosiliit,
599 917 990 985 consertoquc
1023 913 1246 986 pi‘zelio,
1283 914 1549 986 superior
1588 915 1740 970 facta

68 1009 170 1060 est
208 1019 357 1075 pars
392 1004 731 1073 Gothorum,
767 1004 913 1059 adeo
946 1008 1009 1059 ut
1059 1018 1295 1076 campus
1342 1002 1741 1060 corruentiqu

72 1092 465 1148 inimicorum
501 1106 710 1148 cruore
743 1092 1103 1148 madefactus
1139 1097 1197 1148 ut
1232 1092 1473 1148 rubrum
1498 1089 1740 1163 pelagus

68 1184 430 1251 appareret,
466 1193 740 1250 armaque
772 1182 828 1234 et
860 1179 1146 1235 cadavera
1182 1179 1312 1251 plus
1345 1193 1515 1250 quam
1542 1180 1738 1236 decem

69 1268 340 1338 milium,
375 1268 431 1322 in
464 1267 693 1323 modum
723 1267 958 1323 collium
987 1267 1306 1336 cumulata,
1348 1283 1612 1339 campum
1655 1284 1743 1325 re-

71 1357 346 1429 plerent.
383 1356 523 1411 Inde
555 1356 741 1412 victor
777 1355 848 1412 ad
900 1356 1166 1427 proprias
1216 1357 1388 1413 sedes
1438 1362 1743 1414 revertens

70 1447 432 1502 Dietmarus
461 1460 592 1501 cum
621 1445 840 1515 Gothis,
871 1445 1283 1502 Theodericum
1336 1445 1514 1502 filium
1548 1462 1737 1517 suum,

72 1550 264 1606 quem
300 1534 567 1591 obsidem
598 1534 859 1604 dederat,
893 1550 923 1591 a
950 1537 1135 1591 Leone
1167 1534 1520 1605 imperatore
1545 1534 1743 1592 remis-

70 1639 217 1680 sum
249 1639 389 1680 cum
424 1623 645 1693 magnis
694 1622 1051 1694 muneribus,
1102 1627 1406 1693 gratanter
1455 1624 1734 1696 suscepit.

68 1713 195 1779 Qui
233 1728 375 1769 cum
403 1713 516 1783 jam
546 1712 743 1768 decem
777 1715 832 1767 et
863 1717 997 1768 octo
1030 1727 1311 1768 annorum
1342 1716 1518 1782 esset,
1551 1728 1623 1768 ex
1652 1726 1743 1769 sa-

1857 562 1989 618 dum
2026 562 2272 629 videret,
2306 562 2741 619 Thesalonicam
2793 561 2948 617 vallo
2999 561 3229 631 muniri,
3282 575 3389 617 nec
3436 576 3500 618 se

1857 664 2032 720 posse
2063 651 2371 705 conatibus
2401 665 2599 707 eorum
2632 650 2932 720 resistere,
2979 650 3156 706 missa
3208 648 3500 720 legatione

1856 737 1926 793 ad
1960 738 2310 795 Dietmarum
2345 753 2537 807 regem
2572 754 2702 795 cum
2733 739 3088 809 muneribus,
3134 737 3381 809 rogavit,
3434 742 3498 794 ut

1855 826 1926 881 ab
1952 826 2180 883 excidio
2222 827 2383 884 urbis
2410 826 2811 899 detorqueret,
2850 827 3111 898 initoque
3144 826 3363 884 ﬁndere
3390 826 3500 882 Ro-

1854 929 2056 971 manus
2097 914 2307 971 ductor
2340 931 2470 972 cum
2513 916 2735 987 Gothis,
2787 916 2908 973 loca
2957 930 3086 987 qua)
3131 913 3496 972 incoluerant

1847 1001 1963 1071 jam
1988 1008 2191 1074 sponte
2214 1004 2459 1060 tradidit
2481 1005 2587 1073 eis,
2616 1004 2812 1074 ibique
2835 1004 3039 1059 Gothis
3062 1018 3191 1059 cum
3216 1017 3351 1072 rege
3365 1017 3492 1072 suo,

1855 1090 2135 1162 depositis
2165 1092 2358 1163 armis,
2386 1094 2442 1149 in
2468 1108 2608 1165 pace
2632 1094 2997 1164 quieverunt.
3025 1094 3141 1148 Nec
3170 1091 3266 1148 diu
3294 1097 3495 1163 postea

1854 1192 1958 1234 rex
1999 1179 2327 1237 Dietmarus
2366 1182 2713 1251 aegritudine
2762 1186 3100 1252 occupatus,
3148 1179 3373 1236 vocatis
3423 1178 3496 1237 ad

1855 1282 1916 1323 se
1947 1269 2166 1337 Gothis,
2211 1270 2625 1327 Theodericum
2678 1270 2856 1327 ﬁlium
2905 1285 3071 1326 suum
3126 1269 3284 1339 regni
3335 1268 3499 1325 here-

1855 1356 1983 1412 dem
2019 1358 2173 1427 fecit,
2206 1363 2264 1413 et
2299 1358 2421 1429 ipse
2451 1374 2583 1415 mox
2612 1358 2680 1392 ⁸⁷³
2712 1358 2889 1415 rebus
2921 1356 3187 1415 humanis
3216 1358 3492 1414 excessit.

1925 1444 2026 1515 (Η.
2050 1448 2120 1503 Β.
2138 1450 2194 1502 et
2210 1448 2670 1520 H.m.Cf.Jonb.)
2690 1450 3293 1519 Eotemporeregnum
3309 1447 3499 1504 orien-

1855 1532 1969 1590 tale
1990 1536 2139 1590 Zeno
2162 1535 2478 1607 imperator
2498 1538 2769 1593 habebat.
2796 1536 2902 1603 Qui
2928 1536 3169 1593 audiens
3191 1535 3497 1592 Theoderi-

1852 1636 1981 1679 cum
2002 1616 2197 1693 gentis
2220 1639 2339 1681 suae
2365 1640 2559 1694 regem
2582 1638 2735 1694 esse,
2759 1630 2927 1694 grate
2948 1623 3016 1657 ⁸⁷⁴
3034 1623 3312 1695 suscepit,
3338 1638 3495 1679 eum-

1854 1726 1965 1782 que
1995 1711 2065 1767 ad
2096 1727 2157 1768 se
2191 1713 2749 1784 Constantinopolim
2775 1712 2969 1769 venire
2992 1712 3276 1784 precepit,
3303 1712 3496 1783 digne-

70 1801 398 1857 tellitibus
416 1806 474 1856 et
492 1816 559 1856 ex
582 1800 795 1873 populo
819 1800 1003 1872 patris
1021 1800 1194 1870 elegit
1219 1800 1329 1856 sibi
1356 1814 1498 1872 pene
1520 1816 1625 1856 sex
1646 1800 1741 1855 mi-
1767 1831 1824 1893 B
1855 1814 1966 1871 que
2000 1806 2341 1874 susceptum
2375 1801 2528 1858 inter
2547 1816 2823 1874 proceres
2856 1801 3057 1873 palatii
3079 1800 3409 1872 collocavit,
3432 1806 3495 1859 et

71 1889 152 1946 lia
179 1890 481 1959 virorum,
506 1904 633 1945 cum
659 1889 871 1957 quibus
892 1894 1056 1960 patre
1083 1889 1286 1959 inscio,
1314 1903 1620 1960 permenso
1642 1891 1741 1945 Da-

72 1979 293 2049 nubio,
334 1980 725 2034 Sarmatarum
747 1993 938 2048 regem
964 1977 1233 2048 incurrit,
1260 1993 1503 2049 eumque
1528 1978 1740 2034 interc-

74 2068 213 2138 mit,
250 2066 649 2137 familiamque
678 2080 747 2122 ac
772 2081 1008 2123 censum
1042 2065 1393 2137 depredans,
1421 2065 1492 2121 ad
1514 2066 1739 2137 genito-

74 2171 205 2213 rem
241 2171 415 2212 suum
446 2170 577 2211 cum
600 2155 847 2211 victoria
880 2154 1073 2211 rediit.
1110 2154 1486 2224 Singidunum
1530 2154 1739 2212 dehinc

73 2244 415 2315 civitatem,
450 2258 619 2314 quam
650 2244 798 2299 idem
829 2243 1105 2299 Sarmatae
1147 2243 1545 2314 possidebant,
1583 2244 1739 2301 inva-

75 2333 256 2400 dens,
293 2348 407 2389 non
439 2332 712 2389 Romanis
744 2330 849 2388 sed
883 2347 1004 2388 suae
1035 2331 1293 2388 subdidit
1328 2331 1555 2388 ditioni.

145 2421 583 2478 Deficientibus
616 2420 822 2476 dehinc
852 2420 1172 2476 vicinarum
1202 2420 1464 2490 gentium
1506 2420 1734 2492 spoliis,

72 2512 270 2583 coepit
295 2516 355 2566 et
381 2510 585 2566 Gothis
609 2509 1182 2580 victusvestitusque
1198 2508 1469 2578 deiicere,
1486 2509 1740 2566 ethomi-

72 2600 283 2669 nibus,
323 2599 422 2671 qui
455 2598 670 2655 dudum
701 2597 854 2655 bello
886 2598 1176 2669 vivebant,
1221 2612 1333 2669 pax
1383 2597 1562 2669 ccepit
1611 2612 1737 2655 esse

68 2689 409 2758 contraria,
445 2702 759 2758 omnesque
791 2703 922 2743 cum
957 2701 1162 2757 magno
1192 2686 1449 2743 clamore
1483 2686 1553 2743 ad
1585 2687 1738 2744 Diet-

67 2793 316 2838 marum
342 2777 710 2847 accedentes,
745 2781 932 2846 orant,
970 2781 1034 2832 ut
1066 2776 1121 2831 in
1155 2790 1576 2847 quamcumque
1611 2791 1737 2848 par-

67 2876 194 2927 tem
228 2866 304 2902 ³⁷³
335 2865 517 2924 vellet
547 2866 867 2922 exercitum
898 2865 1161 2934 duceret,
1197 2865 1331 2935 quia
1385 2865 1606 2921 diutius
1657 2865 1735 2920 ibi

65 2971 329 3015 manere
364 2971 476 3012 non
511 2959 709 3026 posset
739 2953 827 3010 37’.
864 2953 971 3019 Qui
1003 2954 1191 3010 accito
1219 2968 1495 3024 germano
1516 2959 1735 3011 sortem

64 3046 263 3115 misit,
297 3050 361 3101 et
392 3043 695 3099 Witimaro
724 3042 913 3113 Italia,
946 3042 1300 3098 Dietmarum
1332 3042 1613 3099 Illiricum
1632 3058 1737 3115 po-

65 3133 409 3209 pulandum
440 3132 694 3190 obvenit.
726 3132 951 3190 Relicta
994 3130 1173 3201 igitur
1224 3132 1535 3203 Pannonia,
1586 3131 1737 3188 alter

61 3223 337 3292 Italiam,
372 3220 522 3278 alter
552 3219 828 3276 Illiricum
862 3220 1157 3291 suscepit:
1184 3220 1288 3276 sed
1320 3220 1582 3277 Witimar
1602 3236 1736 3278 mox

61 3318 131 3372 ut
190 3310 429 3368 Italiam
482 3309 743 3380 intravit,
787 3309 963 3365 rebus
1010 3309 1276 3365 humanis
1322 3309 1598 3381 excessit,
1648 3324 1737 3367 re-

56 3413 379 3473 gnumque
413 3398 531 3453 filio
563 3413 669 3454 suo
698 3397 806 3453 sibi
830 3396 1133 3468 requivoco
1158 3397 1419 3469 reliquit.
1446 3397 1625 3464 Quem
1650 3398 1735 3452 Li-

57 3490 301 3557 cerius,
337 3487 433 3558 qui
467 3491 609 3543 tunc
642 3488 791 3542 forte
822 3486 1152 3559 imperavit,
1188 3488 1529 3544 muneribus
1577 3488 1733 3545 datis

61 3580 144 3637 ad
186 3576 440 3634 Galliam
468 3574 798 3646 transtulit,
836 3580 900 3631 ut
933 3590 1035 3646 per
1055 3576 1430 3648 Wisigothas,
1458 3581 1734 3649 parentes

59 3680 241 3736 suos,
279 3667 574 3735 regnaret.
612 3663 901 3730 Witimar,
933 3663 1195 3736 acceptis
1215 3665 1605 3723 muneribusa
1648 3666 1735 3721 Li-

58 3756 259 3825 cerio,
279 3753 523 3809 Galliam
543 3752 749 3823 tendit,
774 3767 1021 3824 seseque
1037 3753 1379 3824 parentibus
1392 3754 1733 3824 Wisigothis

54 3848 353 3916 jungens,
391 3857 563 3899 unum
596 3857 813 3914 corpus
844 3857 973 3898 cum
1005 3842 1091 3898 eis
1121 3842 1389 3913 eﬂicitur,
1415 3847 1471 3900 et
1497 3844 1581 3899 sic
1605 3843 1731 3900 Gal-

60 3934 213 3989 liam
248 3932 702 4003 Hispaniamque
737 3936 957 4002 tcnens,
1007 3946 1113 3988 suo
1156 3931 1288 4000 jure
1331 3932 1611 4004 defendit,
1666 3939 1726 3990 ut

58 4021 278 4080 nullus
310 4020 423 4077 sibi
453 4020 604 4076 alius
637 4020 987 4092 prevaleret.
1025 4020 1108 4090 (C.
1141 4024 1353 4093 43-47.)
1386 4022 1729 4091 Wisigothis

59 4126 215 4169 vero
250 4114 384 4183 post
413 4109 852 4179 Theodericum,
888 4109 985 4180 qui
1018 4109 1074 4165 in
1109 4109 1283 4181 bello,
1308 4110 1460 4182 quod
1485 4112 1726 4168 Romani

58 4207 122 4258 ct
154 4198 512 4270 Wisigothte
545 4215 676 4256 cum
710 4199 892 4255 Attila
924 4201 1219 4256 Hunorum
1249 4214 1386 4271 rege
1438 4201 1724 4273 fecerunt,

58 4290 382 4359 occubuit,
414 4288 569 4346 ﬁlius
589 4287 715 4359 ejus
738 4288 1195 4346 Thurismundus
1218 4289 1452 4360 prefuit.
1482 4290 1606 4356 Quo
1631 4290 1727 4347 de-

58 4380 302 4449 functo,
334 4378 750 4447 Theodericus,
779 4378 960 4434 frater
988 4377 1138 4448 ejus,
1160 4378 1215 4433 in
1235 4393 1474 4448 regnum
1495 4394 1727 4437 succes-

59 4469 170 4540 sit,
210 4469 464 4539 ipsoque
496 4470 590 4522 13°
613 4466 779 4536 regni
802 4467 893 4524 sui
913 4480 1061 4523 anno
1085 4466 1426 4537 decedente,
1452 4468 1590 4524 item
1615 4470 1726 4526 fra-

1855 1892 1988 1959 post
2003 1888 2236 1961 aliquod
2255 1896 2481 1962 tempus
2495 1891 2549 1946 in
2566 1891 2747 1948 illium
2761 1890 2872 1947 sibi
2896 1889 3202 1962 adoptans,
3228 1889 3496 1946 consula-

1854 1977 2016 2034 ribus
2033 1978 2449 2050 fascibus,qu:e
2463 1979 2717 2049 dignitas
2731 1983 2864 2050 post
2878 1977 3181 2050 imperiale
3200 1977 3493 2049 fastigium

1849 2065 2034 2136 prima
2079 2071 2187 2137 est,
2235 2082 2365 2123 eum
2414 2067 2770 2138 sublimavit,
2822 2081 2929 2123 nec
2976 2065 3163 2123 solum
3210 2065 3339 2135 hoc,
3388 2065 3493 2122 sed

1848 2154 2022 2211 etiam
2053 2161 2385 2226 equestrem
2419 2161 2670 2213 statuam
2706 2157 2776 2213 ad
2808 2156 3012 2213 famam
3046 2156 3194 2212 tanti
3216 2157 3326 2212 viri
3357 2160 3492 2213 ante

1852 2242 2128 2315 palatium
2162 2258 2325 2301 suum
2354 2244 2405 2299 ei
2427 2243 2762 2301 constituit.
2787 2246 2859 2299 At
2882 2258 3041 2313 vero,
3068 2243 3202 2300 dum
3226 2243 3494 2316 hujusce-

1850 2331 2002 2387 modi
2036 2331 2257 2389 delitiis
2286 2333 2680 2390 Theodericus
2720 2332 2874 2404 apud
2924 2333 3492 2405 Constantinopolim

1850 2419 2129 2491 ﬂuitaret,
2163 2436 2307 2491 gens
2339 2421 2520 2493 illius,
2554 2421 2609 2478 id
2642 2425 2730 2478 est
2778 2421 3165 2491 Ostrogothte,
3219 2421 3354 2478 dum
3404 2422 3492 2479 eis

1848 2510 2092 2578 propter
2121 2508 2253 2565 ﬁdei
2287 2509 2648 2566 sanctionem
2682 2508 2895 2581 predas
2927 2524 3099 2579 agere
3131 2524 3291 2566 more
3314 2509 3491 2567 solito

1848 2609 1961 2651 non
1985 2594 2209 2667 liceret,
2236 2611 2339 2653 nec
2361 2601 2554 2653 tamen
2577 2599 2649 2653 ab
2674 2597 3027 2669 imperatore
3054 2596 3249 2654 oblata
3270 2598 3492 2670 stipen-

1849 2683 1941 2740 dia
1974 2684 2081 2740 sibi
2130 2684 2484 2757 sufﬁcerent,
2538 2702 2651 2742 non
2706 2686 2939 2741 minima
2986 2686 3174 2743 coacti
3223 2687 3485 2759 penuria,

1846 2772 2229 2844 compositum
2261 2773 2451 2830 foedus
2482 2778 2852 2844 execrantur,
2888 2773 3153 2830 inutilem
3177 2775 3489 2832 factionem
3594 2792 3621 2816 ο

1846 2861 2203 2933 vituperant,
2238 2863 2595 2935 mittuntque
2627 2863 2905 2919 continuo
2936 2862 3009 2919 ad
3047 2863 3487 2935 Theodericum,

1848 2951 1946 3021 qui
1971 2951 2259 3022 dicerent,
2286 2966 2430 3023 quas
2452 2952 2661 3024 inopize
2685 2952 2950 3009 miserias
2972 2952 3081 3025 ipsi
3105 2952 3485 3026 sustinerent,

1850 3039 1984 3096 dum
2016 3040 2113 3097 ille
2145 3042 2465 3099 Grecorum
2493 3042 2685 3115 epulis
2717 3042 3126 3114 superﬂueret,
3152 3043 3490 3101 hortantur-

1848 3143 1980 3200 que,
2016 3135 2099 3200 ut,
2133 3131 2182 3186 si
2210 3131 2332 3188 suis
2361 3132 2588 3204 sibique
2617 3130 2929 3189 consulere
2959 3130 3120 3199 velit,
3174 3131 3352 3188 citius
3401 3146 3489 3189 re-

1847 3219 2003 3291 deat,
2038 3220 2333 3292 quatinus,
2368 3235 2438 3278 ne
2468 3220 2536 3255 ⁸⁷⁵
2566 3226 2781 3279 cuncta
2800 3234 2946 3290 gens
2966 3226 3162 3292 pereat
3186 3224 3244 3277 et
3270 3221 3367 3277 ubi
3390 3236 3488 3279 no-

1846 3321 1948 3365 vas
1986 3308 2057 3365 ad
2107 3309 2485 3366 habitandum
2538 3314 2727 3367 terras
2773 3310 3107 3381 exquirant,
3154 3309 3481 3380 provideat.

1846 3399 1993 3454 Ante
2024 3412 2133 3455 non
2166 3398 2369 3470 plures
2396 3405 2587 3456 autem
2619 3413 2802 3455 annos
2833 3398 3096 3454 Odoacar
3135 3397 3203 3431 '7‘
3253 3399 3486 3469 quidam

1844 3487 2047 3543 exiens
2075 3489 2148 3544 ab
2178 3488 2460 3544 extremis
2490 3488 2701 3544 finibus
2732 3488 3042 3545 Pannoniae
3072 3502 3201 3544 cum
3236 3488 3489 3544 fortissi-

1844 3588 1932 3631 ma
1953 3576 2300 3633 Herulorum
2323 3576 2723 3645 multitudine,
2746 3577 3189 3647 fretusinsuper
3209 3575 3490 3632 Turcilin-

1841 3676 2048 3733 gerum
2081 3664 2201 3721 sive
2232 3665 2539 3735 Scyrorum
2569 3662 2821 3733 auxiliis,
2843 3662 3069 3719 Italiam
3093 3664 3270 3733 venit,
3298 3663 3487 3720 nullo-

1843 3766 1955 3823 que
1974 3753 2306 3824 resistente,
2334 3758 2515 3809 totam
2542 3751 2765 3808 Italiam
2788 3752 3481 3823 Romamqueoccupavit,

1824 3845 1900 3897 .et
1934 3856 2036 3913 per
2069 3845 2136 3897 14
2162 3857 2343 3899 annos
2374 3842 2453 3897 ibi
2485 3840 2769 3911 regnavit.
2790 3839 3185 3896 Theodericus
3204 3852 3362 3909 vero,
3389 3854 3487 3896 eo.

1839 3931 2020 4001 gnitis
2049 3946 2287 3988 suorum
2320 3930 2719 4001 querimoniis,
2753 3929 2824 3985 ad
2856 3934 3168 3998 augustum
3198 3928 3486 3988 Zenonem

1841 4020 2088 4090 accedit,
2106 4020 2408 4091 penuriam
2424 4022 2784 4089 questusque
2799 4031 3034 4075 suorum
3048 4017 3486 4089 exponit,abso-

1838 4108 2121 4166 lutionem
2154 4108 2454 4178 efﬂagitat,
2507 4107 2732 4163 Italiam
2787 4107 2899 4164 sibi
2948 4106 3075 4163 dari
3118 4105 3482 4179 expostulat,

1839 4198 2135 4269 adjiciens,
2172 4198 2304 4269 quia
2339 4198 2388 4255 si
2432 4196 2500 4231 ⁸⁷⁷
2551 4212 2832 4269 superare
2876 4201 3079 4269 posset
3125 4196 3484 4254 Odoacarem

1837 4287 2181 4358 Italiamque
2212 4287 2503 4358 obtinere,
2537 4287 2609 4344 ad
2640 4288 2769 4358 ejus
2795 4286 3041 4357 gloriam
3071 4285 3430 4343 redundaret
3451 4303 3483 4343 a

1842 4390 1955 4447 quo
1983 4377 2246 4433 directus
2273 4376 2497 4447 fuisset,
2530 4377 2619 4433 sin
2653 4374 2806 4433 bello
2838 4379 3154 4448 superatus
3197 4375 3369 4446 foret,
3401 4389 3483 4431 ni-

1838 4464 2192 4523 chilominus
2220 4466 2403 4522 lueris
2434 4465 2562 4535 ejus
2590 4469 2978 4534 accresceret,
3012 4464 3485 4536 quandoquidem

58 4564 162 4615 ter
196 4570 405 4613 eorum
428 4555 677 4612 Euricus
698 4570 939 4627 regnum
963 4571 1290 4627 assumens,
1318 4561 1411 4612 19°
1433 4572 1583 4614 anno
1605 4558 1721 4615 vita
1753 4552 1811 4615 Β
1840 4555 2268 4612 cotidianorum
2319 4555 2746 4627 stipendiorum
2805 4554 3184 4610 exactoribus
3228 4559 3479 4611 careret.

61 4660 378 4717 regnoque
411 4646 677 4718 privatus
707 4652 819 4717 est,
848 4645 1186 4717 relinquens
1205 4646 1385 4704 tilium
1410 4648 1572 4718 regni
1596 4663 1725 4704 suc-

60 4749 395 4805 cessorem,
430 4735 659 4790 nomine
689 4734 1006 4806 Alaricum,
1033 4734 1130 4805 qui
1164 4750 1352 4792 nonus
1381 4738 1453 4792 ab
1486 4736 1586 4793 illo
1611 4752 1727 4794 ma-

58 4838 184 4895 gno
219 4824 456 4882 Alarico
491 4840 731 4894 regnum
764 4824 1013 4896 adeptus
1041 4830 1129 4882 est
1159 4825 1632 4895 Wisigotharum.

139 4914 226 4985 (C.
264 4913 378 4985 58.)
423 4914 681 4970 Dietmar
730 4929 869 4970 vero
919 4913 1211 4971 transiens
1258 4917 1426 4971 Saum
1476 4930 1720 4988 amnem,

61 5004 362 5061 Sarmatis
392 5002 610 5059 bellum
640 5002 969 5075 intentavit,
1005 5003 1054 5059 si
1098 5004 1230 5075 quis
1280 5004 1389 5062 sibi
1435 5006 1719 5079 obstaret,

61 5093 314 5167 illisque
346 5094 788 5168 quiescentibus
822 5110 926 5155 nec
949 5095 1021 5153 ad
1042 5098 1263 5155 tantam
1287 5095 1721 5155 multitudinem

62 5184 538 5259 prevalentibus,
574 5186 789 5242 transit
818 5188 876 5243 in
906 5186 1208 5258 Illiricum,
1243 5192 1304 5243 et
1345 5188 1560 5259 ubique
1591 5203 1723 5260 pro-

64 5289 245 5349 spere
297 5289 478 5346 agens
523 5275 853 5347 multasque
899 5276 1170 5334 civitates
1217 5276 1332 5333 sibi
1380 5276 1718 5351 subjiciens,

65 5364 515 5426 Thesalonieam
547 5364 738 5438 petiit,
770 5366 828 5423 in
860 5380 972 5439 qua
999 5365 1347 5425 Helarianus
1376 5366 1660 5439 patricius
1690 5381 1723 5423 a

1839 4644 1994 4702 Talia
2026 4646 2176 4701 Zeno
2204 4644 2467 4715 audiens,
2500 4644 2637 4700 licet
2669 4657 2823 4711 aegre
2867 4643 3048 4697 ferret
3090 4643 3215 4712 ejus
3263 4641 3485 4699 disces-

1840 4749 1987 4805 sum,
2004 4734 2329 4790 deliberato
2348 4738 2539 4790 tamen
2558 4731 2826 4800 consilio,
2856 4729 3210 4800 reipublicae
3235 4730 3483 4788 utilitati

1840 4824 2232 4898 prospiciens,
2247 4825 2377 4895 ejus
2401 4821 2785 4896 petitionibus
2800 4818 3019 4887 annuit,
3039 4817 3380 4889 Italiamque
3395 4818 3481 4875 illi

1840 4915 2126 4985 tribuens,
2181 4917 2566 4983 senatumque
2616 4925 2684 4968 ac
2735 4908 3012 4982 populum
3061 4909 3377 4963 Romanum
3426 4909 3482 4965 ei

1835 5004 2230 5073 committens,
2266 5002 2489 5073 magnis
2520 5000 2770 5058 ditatum
2800 4997 3142 5055 muneribus
3166 4995 3329 5052 abire
3354 5011 3483 5068 per-

1836 5094 2015 5151 misit.
2053 5094 2337 5162 Egressus
2370 5090 2549 5161 igitur
2580 5105 2611 5146 a
2646 5085 3151 5159 Constantinopoli
3175 5084 3487 5142 Theoderi-

1835 5198 1960 5255 cus,
2003 5182 2075 5239 ad
2127 5181 2514 5251 Ostrogothas
2560 5179 2899 5250 revertitur,
2949 5176 3334 5247 hortaturque
3377 5189 3483 5233 eos

1838 5273 2134 5344 continuo,
2170 5276 2236 5331 ut
2285 5285 2456 5343 quam
2506 5267 2757 5346 primum
2806 5267 2998 5347 parati
3047 5266 3163 5329 sint
3206 5268 3266 5324 et
3314 5265 3483 5338 quasi

1837 5362 2168 5443 possessuri
2198 5361 2423 5426 Italiam
2454 5363 2924 5440 proﬁciscantur.
2962 5360 3070 5430 Qui
3107 5373 3238 5419 cum
3283 5369 3484 5415 omnes

1438 5482 1677 5540 VARIE
1716 5480 2120 5542 LECTIONES.

145 5588 222 5625 ’⁷ο
246 5586 565 5665 amplioris
594 5590 698 5665 9°._
748 5586 814 5665 '7‘
862 5604 1226 5663 quacumque
1270 5594 1560 5665 parte_9°.
1637 5590 1708 5665 ⁸τὲ
1749 5597 1997 5665 possent
2043 5597 2093 5648 5.
2171 5591 2250 5665 m_
2278 5589 2564 5665 demitte.
2642 5586 2711 5665 ξπ
2755 5582 3061 5665 gratulans
3109 5589 3185 5641 9°-
3263 5582 3333 5618 ⁸⁷³
3381 5586 3486 5642 nec

84 5667 163 5720 9°.
243 5660 315 5696 ⁸⁷⁸
344 5657 644 5720 odoaccar
672 5659 724 5714 4.
757 5664 807 5716 5.
839 5657 914 5718 9'5.
950 5667 1034 5719 10.
1069 5657 1297 5736 “inpar
1312 5680 1340 5734 ;
1365 5660 1471 5720 sed
1499 5667 1547 5719 1.
1565 5657 1781 5737 ,ποειθά
1807 5664 2066 5723 odoacer
2099 5662 2329 5724 scribit.
2406 5660 2476 5698 ⁸⁷⁷
2502 5661 2673 5735 quasi
2702 5657 2900 5719 eodd.?
