3952 6310
487 308 600 376 ’751

1635 297 2116 364 EKKEI—IARDI
2159 291 2713 365 URAUGIENSIS
3812 292 3906 366 759.

489 445 612 505 lmti
643 440 994 513 oboedirent,
1031 441 1334 514 profectus
1365 455 1496 498 cum
1547 437 1701 495 omni
1753 435 2126 494 multitudine
2156 438 2212 498 A
2245 439 2381 508 ptus
2401 439 2514 506 est,
2553 434 2656 492 sed
2687 440 2816 509 post
2850 435 2922 491 ab
2951 449 3022 490 eo
3051 430 3414 491 truculente
3448 436 3796 504 peremptus
3815 441 3908 493 est.

493 533 984 604 Ostrogotharum
1015 536 1236 588 etcum
1279 529 1432 586 omni
1483 524 1894 600 subpellectili,
1943 525 2131 598 prius-

493 638 663 694 quam
697 621 767 677 ad
799 619 1021 675 Italiam
1063 617 1417 690 perveniret,
1463 615 1844 686 Trapestilam
1891 613 2132 686 Gepida-

494 727 620 768 rum
647 724 862 778 regem,
890 707 1131 763 insidias
1155 703 1808 776 sibimolientem,|bello
1823 715 2130 773 superans,

494 799 766 867 extinxit,
787 799 970 852 Busan
998 810 1229 866 quoque
1255 794 1636 863 Bulgarorum
1651 807 1846 861 regem
1861 805 1988 848 cum
2011 789 2135 845 suis

496 886 824 958 agminibus
854 884 1204 955 prosternit.
1239 883 1456 938 Deinde
1485 881 1721 938 veniens
1752 879 1994 948 Italiam,
2026 877 2140 949 pri-

498 989 765 1044 mumque
792 973 955 1042 juxta
991 973 1242 1027 Sonuum
1274 971 1533 1040 ﬂuvium,
1567 969 1664 1040 qui
1706 984 1818 1025 non
1867 967 2034 1036 longe
2067 967 2138 1022 ab

497 1061 761 1134 Aquileia
793 1060 1030 1126 labitur,
1067 1063 1260 1115 castra
1294 1073 1668 1130 componens,
1719 1073 1848 1114 cum
1895 1055 1964 1111 ad
2012 1053 2141 1109 reﬂ-

497 1151 700 1208 cienda
719 1163 966 1220 corpora
991 1148 1280 1203 hominum
1313 1149 1805 1217 etjumentorum.
1833 1159 1936 1216 pro
1961 1143 2142 1212 longi-

497 1239 699 1296 tudine
721 1237 950 1292 itineris
978 1237 1150 1300 fessa,
1179 1235 1488 1303 resideret,
1508 1250 1637 1290 cum
1655 1248 1859 1302 magno
1873 1232 2140 1288 exercitu

500 1327 756 1396 totisque
792 1325 971 1380 Italia)
1004 1325 1229 1380 viribus
1268 1323 1529 1379 Odoacar
1560 1321 1610 1378 ei
1643 1321 1923 1377 occurrit.
1961 1320 2140 1386 Quem

497 1413 893 1471 Theodericus
921 1413 1200 1468 alacriter
1228 1411 1552 1481 excipiens,
1575 1424 1778 1478 magno
1803 1414 2142 1480 superatum

502 1503 702 1576 praelio
735 1503 788 1556 in
825 1503 1012 1570 fugam
1044 1499 1354 1556 convertit.
1392 1498 1610 1554 Exinde
1653 1513 1890 1553 movens
1922 1496 2146 1553 exerci-

503 1597 642 1659 tum,
679 1606 810 1646 cum
843 1592 1124 1645 Veronam
1163 1588 1439 1657 venisset,
1476 1587 1684 1642 iterum
1710 1585 1990 1643 adversus
2011 1601 2140 1641 cum

502 1679 768 1736 Odoacar
799 1693 911 1734 non
946 1677 1150 1732 minori
1187 1691 1316 1732 sese
1358 1674 1494 1732 belli
1546 1679 1828 1746 apparatu
1878 1674 2138 1744 obponit.

503 1769 714 1823 Contra
759 1781 925 1836 quem
973 1764 1360 1820 Theodericus
1402 1764 1545 1818 haut
1586 1763 1792 1834 procul
1841 1778 1868 1818 a
1923 1764 2141 1818 Verona

501 1855 842 1923 conﬂigens,
875 1869 1094 1909 summa
1127 1853 1252 1923 ejus
1283 1853 1602 1908 exercitum
1633 1852 1798 1908 clade
1839 1851 2138 1907 contrivit.

503 1943 611 2008 Qui
641 1944 776 1999 dum
811 1943 960 2010 fugae
981 1947 1135 1996 metu
1162 1942 1217 1995 in
1243 1941 1460 1996 Atesim
1487 1941 1721 1996 ﬂuvium
1746 1955 1808 1996 se
1826 1940 2146 2010 precipites

506 2036 793 2099 mergunt,
828 2045 898 2084 ex
931 2045 1132 2098 magna
1166 2035 1332 2099 parte
1377 2029 1764 2100 rapidissimis
1812 2029 2147 2098 gurgitibus

501 2119 628 2187 ejus
661 2118 942 2188 implicati
978 2117 1356 2172 suﬂ‘ocantur.
1392 2118 1782 2173 Theodericus
1824 2131 1962 2173 vero
2010 2117 2145 2173 dum

503 2205 628 2276 ipso
661 2204 880 2274 impetu
911 2204 1294 2272 subsequitur
1325 2204 1639 2271 fugientes,
1672 2205 1952 2260 Veronam
1986 2203 2142 2272 ilico,

501 2293 730 2348 civibus
761 2307 972 2363 pavore
1005 2291 1402 2346 consternatis
1453 2291 1540 2350 δτθ.
1592 2292 1829 2347 invadit.
1885 2293 2148 2348 Odoacar

503 2384 696 2436 autem
731 2394 860 2434 cum
894 2379 984 2434 his
1016 2379 1112 2449 qui
1145 2385 1456 2434 evaserant
1481 2380 1726 2450 fugiens,
1754 2381 1990 2435 Romam
2014 2395 2148 2436 con-

502 2467 712 2536 tendit,
746 2467 846 2522 sed
879 2467 1174 2522 obseratis
1191 2467 1469 2522 continuo
1503 2468 1708 2538 portis,
1734 2467 2011 2524 exclusus
2034 2474 2144 2523 est.

503 2557 612 2624 Qui
644 2571 914 2626 cernens,
951 2555 1252 2610 introitum
1287 2557 1398 2612 sibi
1434 2555 1729 2622 denegari,
1778 2557 1968 2612 omnia
2020 2571 2147 2627 quae

502 2646 795 2714 attingere
864 2644 1056 2715 potuit
1113 2643 1312 2713 gladio
1361 2647 1700 2716 ﬂammaque
1757 2644 2144 2716 consumpsit,

501 2736 953 2803 Ravennamque
995 2733 1314 2802 ingressus,
1364 2735 1738 2790 munitionem
1781 2735 1892 2790 sibi
1943 2748 2148 2805 prepa-

504 2823 672 2878 ravit.
721 2820 1116 2877 Theodericus
1165 2826 1361 2877 autem
1435 2837 1464 2877 a
1513 2822 1738 2878 Verona
1790 2821 2144 2891 digrediens,

501 2911 883 2967 Mediolanum
907 2910 1193 2980 pervenit,
1211 2914 1270 2965 et
1288 2910 1420 2966 dum
1445 2910 1518 2964 ibi
1544 2910 1915 2976 consisteret,
1943 2923 2147 2979 magna

501 2999 574 3055 ad
603 3014 734 3056 eum
771 2999 1088 3055 multitudo
1119 2998 1365 3054 militum
1396 2997 1712 3068 pluresque
1739 2997 1922 3053 Italiae
1947 2997 2146 3068 populi

502 3092 923 3155 convenerunt,
957 3087 1058 3142 sed
1093 3087 1293 3156 paucis
1333 3084 1657 3154 interjectis
1692 3085 1900 3141 diebus
1941 3100 2150 3142 rursus

503 3175 817 3232 dediticius
847 3175 1172 3242 exercitus,
1206 3175 1406 3230 Tusfra
1441 3173 1687 3244 quodam
1720 3174 1948 3231 nomine
1983 3174 2150 3230 insti-

501 3269 696 3334 gante,
741 3263 1061 3318 Odoacaris
1108 3261 1376 3332 partibus
1425 3277 1484 3318 se
1537 3261 1811 3318 reddidit.
1867 3263 2004 3328 Qum
2055 3277 2149 3318 res

501 3351 918 3408 Theodericum
950 3349 1006 3406 in
1038 3354 1262 3406 tantum
1294 3351 1635 3422 perterruit,
1672 3355 1736 3406 ut
1767 3365 1831 3408 se
1862 3365 2148 3422 suumque

502 3439 826 3498 exercitum
857 3439 1010 3510 apud
1041 3439 1402 3494 Ticinensem
1445 3441 1668 3506 urbem,
1705 3455 1833 3510 quae
1863 3455 2014 3496 nunc
2047 3441 2149 3494 Pa-

501 3529 599 3601 pia
629 3527 864 3598 dieitur,
899 3527 1304 3584 communiret.
1348 3527 1565 3583 Talium
1601 3527 2148 3587 rerumﬂvarietatcs

503 3615 938 3673 Gundebaudus
967 3615 1439 3685 Burgundionum
1474 3630 1576 3672 rex
1617 3616 1926 3688 aspiciens,
1981 3618 2148 3687 Ligu-

504 3706 651 3761 riam
683 3720 813 3760 cum
845 3704 1062 3774 ingenti
1087 3704 1350 3760 exercitu
1383 3704 1643 3774 intravit,
1667 3710 1995 3776 cunctaque
2019 3721 2148 3776 quae

505 3793 766 3864 reperire
791 3797 1044 3864 poterat,
1071 3807 1174 3864 pro
1198 3792 1598 3864 diripientium
1619 3793 1920 3850 voluntate
1945 3795 2150 3866 depre-

505 3881 670 3950 dans,
705 3880 989 3936 inﬂnitam
1010 3881 1376 3952 captivorum
1403 3879 1832 3938 multitudinem
1856 3897 2052 3938 secum
2077 3882 2148 3938 ad

507 3969 722 4029 Gallias
763 3969 948 4025 duxit.
1001 3969 1392 4026 Theodericus
1440 3970 1638 4040 itaque
1682 3970 2016 4042 aliquandiu
2068 3971 2150 4026 in-

505 4063 594 4114 tra
629 4059 984 4114 munitiones
1013 4059 1335 4114 exercitum
1373 4059 1632 4116 retinens
1651 4059 1739 4122 37’.
1765 4061 1994 4115 demum
2018 4059 2150 4114 reli-

506 4147 620 4204 ctis
652 4147 728 4201 ibi
758 4145 828 4179 ⁸⁸⁰
857 4146 1160 4202 sororibus
1212 4154 1272 4202 et
1321 4153 1504 4203 matre
1553 4149 1942 4217 universaque
1993 4148 2147 4220 vulgi

507 4233 901 4304 multitudine,
936 4235 1115 4290 nichil
1149 4235 1317 4305 plane
1345 4237 1559 4291 dubius
1593 4235 1664 4290 de
1697 4236 1808 4290 Ilde
1831 4236 2149 4306 Epyphanii

507 4320 616 4377 viri
639 4321 1018 4392 sanctissimi,
1045 4323 1304 4392 ejusdem
1327 4323 1586 4380 civitatis
1609 4323 1867 4394 episcopi
1878 4337 2036 4390 ,cum
2053 4339 2152 4380 ex-

508 4407 728 4480 peditis
757 4416 1112 4466 armatorum
1139 4413 1342 4468 cuneis
1371 4411 1441 4466 ad
1475 4410 1859 4468 obsidendum
1893 4411 2151 4470 Odoaca-

2243 524 2512 594 Egressis
2541 523 2752 580 deinde
2805 538 2836 580 a
2881 523 3078 580 Ticino
3125 527 3270 593 post
3326 518 3668 576 triennium
3715 521 3908 597 Gothis,

2243 614 2483 668 eandem
2517 627 2650 670 mox
2683 613 2886 670 urbem
2922 612 3188 667 invasere
3225 611 3417 680 Rugi,
3456 615 3680 666 cuncta
3703 625 3802 682 per
3818 615 3910 671 cir-

2246 700 2466 758 cuitum
2486 701 2606 758 loca
2623 701 2912 771 simulque
2927 699 3230 756 civitatem
3250 713 3372 770 per
3401 698 3756 756 continuum
3779 701 3910 760 bien-

2249 789 2402 845 nium
2435 789 2832 858 devastantes,
2869 803 2998 844 cum
3022 787 3207 844 adhuc
3235 786 3648 843 beatissimus
3681 788 3910 860 Epypha-

2247 877 2378 933 nius
2391 877 2922 948 superesset,cujus
2935 875 3120 932 sancti
3133 879 3255 930 tate
3272 875 3335 930 in
3349 874 3554 930 tantis
3569 875 3842 945 periculis
3867 881 3909 935 ci

2248 979 2350 1020 ves
2373 966 2861 1021 sustentabantur
2879 964 3098 1019 afﬂicti.
3123 963 3228 1020 Hic
3247 977 3280 1018 a
3306 962 3692 1020 Theoderico
3723 965 3912 1024 Gallias

2251 1053 2321 1108 ad
2344 1053 2803 1110 Gundebaudum
2826 1067 2933 1124 pro
2954 1051 3205 1123 captivis
3229 1049 3626 1107 redimendis
3651 1052 3908 1126 directus,

2251 1146 2494 1212 excepta
2527 1141 2826 1198 innumera
2859 1139 3235 1197 multitudine
3273 1138 3536 1196 illorum
3588 1154 3694 1210 pro
3723 1143 3912 1212 quibus

2253 1229 2509 1300 precium
2531 1230 2714 1300 dedit,
2741 1244 2847 1286 sex
2872 1229 3025 1284 milia
3043 1228 3455 1300 captivorum.
3475 1227 3557 1284 ob
3573 1227 3757 1284 solam
3774 1243 3913 1288 sauc-

2251 1319 2443 1374 titatis
2457 1334 2576 1375 suae
2589 1319 2975 1376 reverentiam
2991 1317 3099 1374 sibi
3115 1331 3438 1387 concessa,
3457 1331 3667 1373 secum
3682 1317 3906 1375 reduxit.

2326 1408 2508 1477 Igitur
2567 1407 2978 1477 Theodericus,
3049 1406 3322 1461 extincto
3391 1405 3556 1475 apud
3605 1405 3907 1462 Ravennam

2255 1495 2572 1564 Odoacare,
2597 1495 2782 1551 totius
2807 1493 3336 1565 Italiaepotitusest
3355 1491 3618 1562 ditione,
3637 1507 3741 1550 nec
3755 1492 3908 1550 multo

2257 1589 2386 1655 post
2421 1585 2657 1639 Romam
2694 1583 3013 1654 profectus,
3044 1596 3073 1637 a
3097 1580 3391 1637 Romanis
3416 1595 3558 1636 cum
3577 1581 3790 1650 gaudio
3817 1597 3910 1636 ma-

2255 1687 2368 1743 gno
2391 1677 2483 1728 est
2501 1678 2826 1744 susceptus.
2850 1671 3074 1738 Quibus
3097 1670 3194 1726 ille
3217 1669 3490 1740 singulis
3511 1669 3586 1725 ad
3611 1669 3902 1727 subsidium

2255 1761 2448 1816 victus
2477 1765 2712 1816 centum
2744 1760 2948 1830 viginti
2983 1773 3088 1815 sex
3135 1759 3299 1814 milia
3353 1755 3700 1815 modiorum
3751 1759 3902 1818 tritici

2257 1848 2570 1904 concessit.
2599 1849 2812 1920 (Ioue)
2837 1851 2975 1904 Post
2997 1847 3121 1903 hzec
3137 1846 3560 1903 Theodericus
3573 1845 3740 1902 utsui
3769 1847 3902 1916 regni

2257 1937 2413 1993 vires
2444 1936 2868 2006 constabiliret,
2906 1936 3080 1992 missa
3113 1935 3426 2006 legatione
3461 1935 3538 1990 ad
3584 1934 3902 1992 Clodoveum

2258 2027 2604 2082 Francorum
2637 2039 2852 2094 regem,
2889 2023 3063 2079 ﬂliam
3081 2022 3210 2093 ejus
3231 2023 3640 2080 Audoﬂedam
3660 2023 3713 2078 in
3737 2023 3904 2078 matri-

2259 2114 2506 2170 monium
2540 2114 2732 2185 petiit,
2765 2128 2933 2184 quam
2968 2111 3064 2168 ille
3096 2112 3362 2168 libenter
3383 2112 3716 2168 concessit.
3743 2113 3898 2180 (ER.

2258 2206 2314 2258 et
2345 2204 2538 2276 Ione.)
2570 2202 2956 2258 Amalfredam
2979 2205 3170 2257 autem
3192 2215 3552 2271 germanam
3579 2214 3740 2256 suam
3762 2201 3903 2255 Wan-

2259 2292 2523 2348 dalorum
2559 2291 2680 2361 regi
2711 2291 3022 2360 Hunerico,
3059 2290 3347 2346 Geiserici
3401 2289 3553 2358 filio,
3603 2287 3895 2360 conjunxit,

2259 2379 2636 2450 ejusdemque
2672 2379 3016 2436 Amalfredae
3042 2378 3216 2434 filiam
3243 2377 3670 2448 Amalbergam
3689 2375 3898 2433 Thurin-

2257 2483 2462 2538 gorum
2495 2467 2616 2537 regi
2660 2467 3028 2524 Ermenfrido
3072 2466 3344 2536 tradidit,
3395 2465 3556 2522 filias
3601 2479 3736 2522 vero
3764 2478 3889 2533 suas,

2261 2571 2404 2627 quas
2435 2555 2491 2611 in
2523 2555 2719 2611 Moesia
2749 2559 3053 2626 genuerat,
3086 2554 3524 2624 Thiudegotam
3560 2559 3620 2610 et
3653 2554 3894 2622 Ostrogo-

2259 2644 2415 2700 tham
2445 2643 2656 2700 vicinis
2687 2643 2925 2713 regibus
2953 2641 3270 2714 copulavit,
3321 2657 3504 2700 unam
3558 2641 3891 2712 Sigismundo

2260 2733 2381 2802 regi
2417 2732 2912 2802 Burgundionum,
2946 2731 3188 2788 alteram
3224 2731 3470 2788 Alarico
3505 2731 3633 2802 regi
3686 2728 3894 2798 Wisigo-

2261 2821 2511 2876 tharum.
2539 2823 2616 2876 De
2639 2835 2756 2891 quo
2781 2819 3011 2876 Alarico
3043 2825 3218 2876 natus
3238 2824 3332 2875 est
3360 2819 3718 2876 Amalricus.
3745 2817 3889 2884 Quem

2260 2925 2404 2966 avus
2437 2925 2579 2966 suus
2601 2909 2992 2966 Theodericus
3025 2909 3080 2962 in
3108 2908 3276 2966 annis
3307 2908 3652 2980 puerilibus
3677 2913 3890 2976 utroque

2261 3003 2502 3069 parente
2523 2997 2790 3054 orbatum
2818 2997 2951 3053 dum
2976 2996 3252 3068 nutriret,
3267 2997 3652 3068 comperiens
3675 2993 3888 3051 Beterici

2263 3085 2439 3142 ﬂlium
2471 3085 2867 3157 Eutharicum,
2903 3084 3236 3142 Herimundi
3285 3090 3573 3158 nepotem
3623 3088 3684 3140 et
3725 3081 3890 3138 Thuri-

2261 3174 2490 3230 smundi
2516 3176 2885 3246 abnepotem,
2911 3173 2983 3230 de
2999 3174 3332 3230 Amalorum
3350 3175 3554 3246 stirpe
3578 3171 3896 3229 descenden-

2261 3267 2398 3332 tem,
2433 3262 2488 3318 in
2515 3261 2759 3332 juvenili
2789 3266 2982 3331 aetate,
3017 3262 3325 3334 prudentia
3359 3263 3431 3318 in
3463 3263 3688 3319 virtute
3725 3271 3894 3329 corpo-

2259 3352 2458 3422 risque
2482 3351 2823 3421 integritate
2849 3351 3164 3422 pollentem
3180 3352 3234 3406 in
3251 3351 3582 3424 Hyspania,
3604 3349 3673 3406 ad
3687 3363 3747 3405 se
3761 3347 3890 3402 illum

2258 3440 2459 3496 venire
2489 3439 2772 3511 precepit,
2806 3438 2976 3509 eique
3000 3439 3174 3495 filiam
3199 3454 3360 3496 suam
3397 3436 3826 3496 Amalsuindam
3846 3435 3888 3490 in

2262 3528 2691 3584 matrimonium
2715 3528 2898 3596 dedit,
2928 3543 3054 3597 quae
3081 3528 3491 3586 Athalaricum
3515 3542 3589 3584 ex
3609 3541 3678 3584 eo
3697 3523 3886 3597 genuit.

2259 3619 2371 3673 Nec
2403 3617 2512 3673 fuit
2542 3616 2732 3687 aliqua
2763 3615 2951 3672 vicina
2985 3614 3052 3648 ⁸⁸³
3090 3631 3237 3686 gens
3257 3616 3472 3687 Italiae,
3501 3631 3632 3688 qua:
3666 3609 3885 3670 Theode-

2261 3706 2382 3761 rico
2405 3709 2506 3762 aut
2527 3704 2957 3774 conjunctionis
2975 3705 3254 3762 affinitate
3269 3709 3365 3762 aut
3383 3705 3684 3776 pactionis
3697 3701 3883 3758 {cedere

2259 3808 2372 3851 non
2406 3793 2608 3850 fuisset
2648 3792 2889 3862 sociata,
2939 3794 3168 3850 Zenone
3217 3793 3421 3865 itaque
3475 3796 3726 3864 augusto
3773 3789 3880 3861 post

2261 3883 2460 3940 decem
2493 3885 2552 3937 et
2583 3887 2806 3954 septem
2839 3895 3022 3938 annos
3042 3883 3203 3952 regni
3229 3884 3317 3940 sui
3339 3883 3644 3952 defuncto,
3676 3879 3884 3936 Anasta-

2262 3971 2382 4030 sius
2413 3970 2700 4026 successit
2734 3969 2999 4042 imperio,
3022 3985 3274 4040 regnans
3298 3985 3400 4043 per
3426 3985 3609 4028 annos
3628 3971 3715 4039 27,
3735 3965 3882 4023 Theo-

2261 4058 2496 4116 dericus
2523 4074 2664 4115 vero
2693 4073 2795 4130 per
2825 4057 2974 4114 idem
3005 4063 3238 4130 tempus
3270 4059 3512 4130 pacifice
3561 4064 3799 4128 regnans
3836 4050 3878 4106 in

2259 4147 2449 4218 Italia,
2485 4149 2676 4204 Romae
2705 4146 2964 4203 miranda
2997 4147 3130 4204 fecit
3165 4148 3432 4217 aedificia,
3465 4151 3526 4203 et
3560 4159 3664 4218 per
3683 4137 3880 4211 singula

2261 4251 2508 4309 quaeque
2529 4236 2654 4293 loca
2681 4236 3007 4292 celebriora
3033 4237 3188 4306 regia
3213 4236 3321 4292 sibi
3336 4233 3671 4292 construxit
3687 4226 3880 4286 habita-

2261 4325 2412 4382 cula.
2445 4326 2668 4382 Mortuo
2697 4329 2890 4382 autem
2923 4325 3230 4382 Anastasio
3253 4329 3312 4382 et
3343 4325 3472 4396 ipso
3505 4321 3786 4388 heretico,
3806 4315 3884 4370 Ju-’

2263 4414 2452 4470 stinus
2483 4414 2788 4485 imperium
2825 4413 3075 4486 adeptus
3105 4418 3212 4471 est.
3241 4413 3346 4480 Qui
3371 4412 3506 4470 dum
3530 4413 3690 4468 esset
3711 4405 3879 4464 ortho-

507 4512 630 4554 rem
661 4498 990 4556 Ravennam
1024 4501 1300 4571 perrexit.
1345 4500 1601 4569 Cumque
1649 4499 1706 4555 in
1755 4513 1824 4556 eo
1875 4499 2004 4556 loco
2051 4504 2146 4574 qui
2180 4499 2234 4558 D
2265 4501 2474 4571 doxus,
2507 4516 2759 4558 cernens
2788 4502 2842 4556 in
2871 4503 3138 4574 partibus
3161 4499 3535 4557 Orientisillo
3558 4497 3746 4554 adhuc
3763 4496 3881 4549 tem-

506 4585 773 4644 Pinetum
806 4587 1024 4645 dicitur
1054 4603 1166 4644 non
1195 4587 1404 4658 procul
1433 4591 1504 4645 ab
1533 4589 1677 4644 urbe
1708 4593 1903 4645 castra
1928 4591 2153 4660 posuis-

507 4679 616 4745 set,
645 4689 747 4748 per
767 4677 1106 4732 continuum
1123 4689 1268 4746 pene
1285 4675 1599 4732 triennium
1614 4674 1970 4733 Odoacarem
1986 4679 2154 4736 obse-

508 4763 613 4820 dit.
633 4764 762 4836 Qui,
777 4780 908 4820 cum
935 4764 1272 4834 frequenter
1285 4768 1570 4820 nocturno
1593 4769 1856 4836 tempore
1873 4779 2004 4822 cum
2029 4768 2154 4826 suis

505 4867 579 4908 ex
608 4853 754 4908 urbe
783 4852 1110 4922 egrediens,
1145 4843 1466 4910 exercitum
1493 4853 1832 4911 Theoderici
1867 4855 2154 4926 inquieta-

507 4945 620 5010 ret,
655 4940 970 4997 novissime
999 4947 1179 4996 noctu
1211 4941 1443 4998 irruens
1472 4943 1529 4998 in
1561 4947 1778 5014 castra,
1827 4945 2152 5002 exercitum

506 5029 846 5086 'lheoderici
869 5044 1072 5101 magna
1097 5033 1295 5100 strage
1315 5032 1744 5102 prostravit/H.
1770 5035 1894 5104 Α),
1922 5035 2021 5092 sed
2047 5037 2155 5092 Go-

509 5117 628 5174 this
658 5117 890 5175 fortiter
919 5118 1356 5190 resistentibus,
1389 5120 1462 5176 ad
1492 5125 1820 5178 extremum
1850 5123 2066 5196 victus,
2094 5125 2151 5181 in

512 5208 712 5264 urbem
743 5208 1046 5278 confugit;
1080 5223 1185 5265 nec
1215 5207 1402 5266 multo
1435 5214 1572 5282 post
1609 5211 1782 5268 missa
1835 5212 2147 5285 legatione,

509 5295 736 5353 veniam
759 5298 1116 5370 supplicans,
1189 5298 1542 5356 Theoderico
1565 5300 1730 5372 quasi
1747 5300 1804 5359 in
1825 5301 1939 5358 fide
1959 5316 2154 5360 susce-

2265 4604 2407 4663 pore
2431 4590 2730 4646 Arrianam
2754 4590 3003 4646 heresim
3029 4603 3131 4661 per
3150 4585 3374 4654 singula
3399 4585 3523 4640 loca
3549 4585 3765 4654 vigere,
3796 4589 3879 4652 pro

2265 4679 2476 4736 ardore
2499 4678 2802 4736 catholicae
2827 4677 2957 4732 ﬂdei
2981 4673 3316 4730 decertabat
3342 4670 3638 4726 hereticos
3664 4668 3882 4739 dissipa-

2268 4783 2348 4838 re,
2367 4771 2653 4838 sextoque
2669 4764 2890 4836 imperii
2905 4763 2992 4819 sui
3009 4775 3156 4818 anno
3178 4760 3462 4832 precepit,
3483 4764 3549 4817 ut
3571 4757 3789 4830 ubique
3806 4756 3882 4812 he-

2266 4858 2581 4914 reticorum
2597 4849 3176 4919 aecclesiasfcatholici
3192 4851 3608 4906 consecrarent
3621 4841 3878 4920 episcopi.

2265 4947 2387 5003 Hoc
2419 4945 2660 5002 audiens
2689 4937 3103 5006 Theodericus,
3129 4938 3372 4995 Arriana
3395 4938 3492 4996 lue
3515 4935 3791 5010 pollutus,
3809 4932 3884 4986 Ιο-

2267 5034 2514 5092 hannem
2545 5043 2749 5104 papam
2781 5026 3072 5097 simulque
3103 5043 3236 5086 cum
3257 5023 3328 5086 eo
3349 5025 3708 5086 Theodorum
3727 5025 3876 5091 atque

2267 5123 2598 5195 Agapitum,
2613 5115 2956 5174 consulares
2968 5115 3150 5189 viros,
3168 5115 3462 5189 aliumque
3485 5115 3779 5188 Agapitum
3795 5120 3876 5180 pa-

2267 5211 2502 5268 tricium
2528 5205 3089 5279 Constantinopolim
3113 5207 3184 5264 ad
3196 5209 3224 5264 Ι
3233 5205 3874 5278 ustinumimperatorem

2265 5299 2504 5371 direxit,
2543 5295 2822 5354 mandans
2850 5294 2935 5352 illi
2971 5295 3266 5370 minando,
3301 5296 3456 5370 quia,
3491 5293 3599 5354 nisi
3629 5283 3875 5351 hereticls

1869 5468 2106 5525 νΑΒῐίΕ
2150 5467 2547 5526 LECTIONES.

583 5581 653 5619 ⁸⁷⁸
678 5599 728 5644 c.
764 5603 818 5664 p.
855 5591 905 5645 ὅ.
983 5586 1052 5636 ⁸7⁸
1083 5591 1292 5648 tenens
1317 5593 1394 5649 9°.
1471 5590 1544 5628 ⁶⁸⁰
1569 5591 1670 5652 ibi.
1699 5608 1750 5652 r.
1779 5596 1832 5651 tl.
1909 5591 1978 5628 ⁸⁸¹
2005 5606 2062 5667 ε.
2094 5591 2281 5652 vicina
2313 5595 2364 5653 δι
