  <div class='ocr_page' id='page_1' title='image "/cluster/home/n/w/nwhite01/storage/ocr_20150623/154/uva.x000829797/384.png"; bbox 0 0 3952 6326; ppageno 0'>
   <div class='ocr_carea' id='block_1_1' title="bbox 170 323 300 392">
    <p class='ocr_par' dir='ltr' id='par_1_1' title="bbox 170 323 300 392">
     <span class='ocr_line' id='line_1_1' title="bbox 170 323 300 392; baseline 0.023 -3"><span class='ocrx_word' id='word_1_1' title='bbox 170 323 300 392; x_wconf 70' lang='grc'>’757</span> 
     </span>
    </p>
   </div>
   <div class='ocr_carea' id='block_1_2' title="bbox 1056 296 2714 408">
    <p class='ocr_par' dir='ltr' id='par_1_2' title="bbox 1056 296 2714 408">
     <span class='ocr_line' id='line_1_2' title="bbox 1056 296 2714 408; baseline 0.007 -12"><span class='ocrx_word' id='word_1_2' title='bbox 1056 327 1490 399; x_wconf 85' lang='lat' dir='ltr'>CHRONICA.</span> <span class='ocrx_word' id='word_1_3' title='bbox 1542 369 1611 385; x_wconf 87' lang='grc'><strong><em>-</em></strong></span> <span class='ocrx_word' id='word_1_4' title='bbox 1637 333 2116 401; x_wconf 76' lang='lat' dir='ltr'>CHRONICON</span> <span class='ocrx_word' id='word_1_5' title='bbox 2161 296 2714 408; x_wconf 83' lang='lat' dir='ltr'>UNIVERSALE.</span> 
     </span>
    </p>
   </div>
   <div class='ocr_carea' id='block_1_3' title="bbox 3470 342 3590 413">
    <p class='ocr_par' dir='ltr' id='par_1_3' title="bbox 3470 342 3590 413">
     <span class='ocr_line' id='line_1_3' title="bbox 3470 342 3590 413; baseline 0.008 -2"><span class='ocrx_word' id='word_1_6' title='bbox 3470 342 3590 413; x_wconf 83' lang='lat'>758</span> 
     </span>
    </p>
   </div>
   <div class='ocr_carea' id='block_1_4' title="bbox 171 458 3589 549">
    <p class='ocr_par' dir='ltr' id='par_1_4' title="bbox 171 458 3589 549">
     <span class='ocr_line' id='line_1_4' title="bbox 171 458 3589 549; baseline 0.006 -27"><span class='ocrx_word' id='word_1_7' title='bbox 171 462 342 537; x_wconf 88' lang='lat' dir='ltr'>prior</span> <span class='ocrx_word' id='word_1_8' title='bbox 372 461 483 522; x_wconf 85' lang='lat' dir='ltr'>sub</span> <span class='ocrx_word' id='word_1_9' title='bbox 515 458 701 523; x_wconf 86' lang='lat' dir='ltr'>Attila</span> <span class='ocrx_word' id='word_1_10' title='bbox 733 478 1002 537; x_wconf 82' lang='lat' dir='ltr'>regnans,</span> <span class='ocrx_word' id='word_1_11' title='bbox 1038 470 1167 539; x_wconf 90' lang='lat' dir='ltr'>post</span> <span class='ocrx_word' id='word_1_12' title='bbox 1199 472 1443 525; x_wconf 87' lang='lat' dir='ltr'>mortem</span> <span class='ocrx_word' id='word_1_13' title='bbox 1484 467 1610 541; x_wconf 84' lang='lat' dir='ltr'>ejus</span> <span class='ocrx_word' id='word_1_14' title='bbox 1630 484 1691 528; x_wconf 89' lang='lat' dir='ltr'>se</span> <span class='ocrx_word' id='word_1_15' title='bbox 1714 472 1825 529; x_wconf 85' lang='lat' dir='ltr'>IIu-</span> <span class='ocrx_word' id='word_1_16' title='bbox 1861 471 1911 532; x_wconf 80' lang='grc' dir='ltr'>Α</span> <span class='ocrx_word' id='word_1_17' title='bbox 1940 478 1997 529; x_wconf 88' lang='lat' dir='ltr'>et</span> <span class='ocrx_word' id='word_1_18' title='bbox 2026 475 2303 534; x_wconf 87' lang='lat' dir='ltr'>nutritus.</span> <span class='ocrx_word' id='word_1_19' title='bbox 2334 478 2588 548; x_wconf 86' lang='lat' dir='ltr'>Cumque</span> <span class='ocrx_word' id='word_1_20' title='bbox 2612 474 2933 549; x_wconf 83' lang='lat' dir='ltr'>imperator</span> <span class='ocrx_word' id='word_1_21' title='bbox 2956 477 3193 537; x_wconf 76' lang='lat' dir='ltr'>fratrem</span> <span class='ocrx_word' id='word_1_22' title='bbox 3218 495 3383 540; x_wconf 91' lang='lat' dir='ltr'>suum</span> <span class='ocrx_word' id='word_1_23' title='bbox 3401 480 3589 543; x_wconf 85' lang='lat' dir='ltr'>adhuc</span> 
     </span>
    </p>
   </div>
   <div class='ocr_carea' id='block_1_5' title="bbox 170 554 1827 627">
    <p class='ocr_par' dir='ltr' id='par_1_5' title="bbox 170 554 1827 627">
     <span class='ocr_line' id='line_1_5' title="bbox 170 554 1827 627; baseline 0.002 -15"><span class='ocrx_word' id='word_1_24' title='bbox 170 570 386 612; x_wconf 88' lang='lat' dir='ltr'>norum</span> <span class='ocrx_word' id='word_1_25' title='bbox 417 554 627 612; x_wconf 92' lang='lat' dir='ltr'>ditioni</span> <span class='ocrx_word' id='word_1_26' title='bbox 651 555 954 627; x_wconf 89' lang='lat' dir='ltr'>subduxit,</span> <span class='ocrx_word' id='word_1_27' title='bbox 977 561 1030 613; x_wconf 88' lang='lat' dir='ltr'>et</span> <span class='ocrx_word' id='word_1_28' title='bbox 1070 557 1195 615; x_wconf 87' lang='lat' dir='ltr'>sine</span> <span class='ocrx_word' id='word_1_29' title='bbox 1215 559 1350 615; x_wconf 82' lang='lat' dir='ltr'>filiis</span> <span class='ocrx_word' id='word_1_30' title='bbox 1375 568 1641 617; x_wconf 87' lang='lat' dir='ltr'>mortuus</span> <span class='ocrx_word' id='word_1_31' title='bbox 1675 562 1827 616; x_wconf 88' lang='lat' dir='ltr'>Diet-</span> 
     </span>
    </p>
   </div>
   <div class='ocr_carea' id='block_1_6' title="bbox 173 643 1828 718">
    <p class='ocr_par' dir='ltr' id='par_1_6' title="bbox 173 643 1828 718">
     <span class='ocr_line' id='line_1_6' title="bbox 173 643 1828 718; baseline 0.004 -18"><span class='ocrx_word' id='word_1_32' title='bbox 173 659 344 701; x_wconf 90' lang='lat' dir='ltr'>maro</span> <span class='ocrx_word' id='word_1_33' title='bbox 368 645 538 702; x_wconf 89' lang='lat' dir='ltr'>fratri</span> <span class='ocrx_word' id='word_1_34' title='bbox 561 660 805 714; x_wconf 80' lang='lat' dir='ltr'>regnum</span> <span class='ocrx_word' id='word_1_35' title='bbox 838 643 1097 718; x_wconf 77' lang='lat' dir='ltr'>reliquit,</span> <span class='ocrx_word' id='word_1_36' title='bbox 1130 647 1281 704; x_wconf 81' lang='lat' dir='ltr'>alter</span> <span class='ocrx_word' id='word_1_37' title='bbox 1302 664 1441 705; x_wconf 89' lang='lat' dir='ltr'>vero</span> <span class='ocrx_word' id='word_1_38' title='bbox 1473 650 1651 708; x_wconf 85' lang='lat' dir='ltr'>ﬁlium</span> <span class='ocrx_word' id='word_1_39' title='bbox 1676 665 1828 707; x_wconf 92' lang='lat' dir='ltr'>omo-</span> 
     </span>
    </p>
   </div>
   <div class='ocr_carea' id='block_1_7' title="bbox 173 732 1826 810">
    <p class='ocr_par' dir='ltr' id='par_1_7' title="bbox 173 732 1826 810">
     <span class='ocr_line' id='line_1_7' title="bbox 173 732 1826 810; baseline 0.004 -22"><span class='ocrx_word' id='word_1_40' title='bbox 173 732 401 790; x_wconf 89' lang='lat' dir='ltr'>nimum</span> <span class='ocrx_word' id='word_1_41' title='bbox 432 733 548 790; x_wconf 87' lang='lat' dir='ltr'>sibi</span> <span class='ocrx_word' id='word_1_42' title='bbox 598 733 966 792; x_wconf 87' lang='lat' dir='ltr'>Witimarum</span> <span class='ocrx_word' id='word_1_43' title='bbox 1016 736 1241 807; x_wconf 91' lang='lat' dir='ltr'>habuit,</span> <span class='ocrx_word' id='word_1_44' title='bbox 1294 738 1390 807; x_wconf 88' lang='lat' dir='ltr'>qui</span> <span class='ocrx_word' id='word_1_45' title='bbox 1422 743 1556 810; x_wconf 90' lang='lat' dir='ltr'>post</span> <span class='ocrx_word' id='word_1_46' title='bbox 1604 739 1826 797; x_wconf 91' lang='lat' dir='ltr'>obitum</span> 
     </span>
    </p>
   </div>
   <div class='ocr_carea' id='block_1_8' title="bbox 178 821 1417 893">
    <p class='ocr_par' dir='ltr' id='par_1_8' title="bbox 178 821 1417 893">
     <span class='ocr_line' id='line_1_8' title="bbox 178 821 1417 893; baseline 0.002 -17"><span class='ocrx_word' id='word_1_47' title='bbox 178 821 393 892; x_wconf 90' lang='lat' dir='ltr'>patris,</span> <span class='ocrx_word' id='word_1_48' title='bbox 427 821 636 878; x_wconf 90' lang='lat' dir='ltr'>relicta</span> <span class='ocrx_word' id='word_1_49' title='bbox 670 821 858 893; x_wconf 82' lang='lat' dir='ltr'>Italia,</span> <span class='ocrx_word' id='word_1_50' title='bbox 896 822 1113 880; x_wconf 87' lang='lat' dir='ltr'>Gallias</span> <span class='ocrx_word' id='word_1_51' title='bbox 1152 825 1417 881; x_wconf 90' lang='lat' dir='ltr'>secessit.</span> 
     </span>
    </p>
   </div>
   <div class='ocr_carea' id='block_1_9' title="bbox 253 909 1829 987">
    <p class='ocr_par' dir='ltr' id='par_1_9' title="bbox 253 909 1829 987">
     <span class='ocr_line' id='line_1_9' title="bbox 253 909 1829 987; baseline 0.005 -23"><span class='ocrx_word' id='word_1_52' title='bbox 253 914 306 964; x_wconf 83' lang='grc'>1.</span> <span class='ocrx_word' id='word_1_53' title='bbox 343 909 509 980; x_wconf 77' lang='lat' dir='ltr'>(C’ltr.</span> <span class='ocrx_word' id='word_1_54' title='bbox 558 911 670 982; x_wconf 85' lang='lat' dir='ltr'>W.)</span> <span class='ocrx_word' id='word_1_55' title='bbox 703 913 767 966; x_wconf 87' lang='lat' dir='ltr'>A.</span> <span class='ocrx_word' id='word_1_56' title='bbox 804 913 865 966; x_wconf 91' lang='lat' dir='ltr'>D.</span> <span class='ocrx_word' id='word_1_57' title='bbox 900 915 1022 968; x_wconf 91' lang='lat'>378.</span> <span class='ocrx_word' id='word_1_58' title='bbox 1067 914 1365 982; x_wconf 82' lang='lat' dir='ltr'>Regnante</span> <span class='ocrx_word' id='word_1_59' title='bbox 1406 915 1645 970; x_wconf 85' lang='lat' dir='ltr'>Valente</span> <span class='ocrx_word' id='word_1_60' title='bbox 1696 920 1829 987; x_wconf 90' lang='lat' dir='ltr'>post</span> 
     </span>
    </p>
   </div>
   <div class='ocr_carea' id='block_1_10' title="bbox 174 998 1826 1061">
    <p class='ocr_par' dir='ltr' id='par_1_10' title="bbox 174 998 1826 1061">
     <span class='ocr_line' id='line_1_10' title="bbox 174 998 1826 1061; baseline 0.003 -7"><span class='ocrx_word' id='word_1_61' title='bbox 174 1003 431 1055; x_wconf 89' lang='lat' dir='ltr'>mortem</span> <span class='ocrx_word' id='word_1_62' title='bbox 462 998 668 1055; x_wconf 79' lang='lat' dir='ltr'>fratris</span> <span class='ocrx_word' id='word_1_63' title='bbox 705 998 796 1055; x_wconf 92' lang='lat' dir='ltr'>sui</span> <span class='ocrx_word' id='word_1_64' title='bbox 846 998 1234 1057; x_wconf 80' lang='lat' dir='ltr'>Valentiniani</span> <span class='ocrx_word' id='word_1_65' title='bbox 1263 1015 1395 1057; x_wconf 91' lang='lat' dir='ltr'>cum</span> <span class='ocrx_word' id='word_1_66' title='bbox 1434 1003 1709 1060; x_wconf 89' lang='lat' dir='ltr'>Gratiano</span> <span class='ocrx_word' id='word_1_67' title='bbox 1768 1010 1826 1061; x_wconf 91' lang='lat' dir='ltr'>et</span> 
     </span>
    </p>
   </div>
   <div class='ocr_carea' id='block_1_11' title="bbox 173 1085 1830 1160">
    <p class='ocr_par' dir='ltr' id='par_1_11' title="bbox 173 1085 1830 1160">
     <span class='ocr_line' id='line_1_11' title="bbox 173 1085 1830 1160; baseline 0.006 -19"><span class='ocrx_word' id='word_1_68' title='bbox 173 1086 613 1157; x_wconf 81' lang='lat' dir='ltr'>Valentiniano,</span> <span class='ocrx_word' id='word_1_69' title='bbox 640 1085 778 1143; x_wconf 81' lang='lat' dir='ltr'>ﬁliis</span> <span class='ocrx_word' id='word_1_70' title='bbox 799 1085 1058 1156; x_wconf 88' lang='lat' dir='ltr'>ejusdem</span> <span class='ocrx_word' id='word_1_71' title='bbox 1078 1090 1277 1145; x_wconf 78' lang='lat' dir='ltr'>fratris</span> <span class='ocrx_word' id='word_1_72' title='bbox 1306 1090 1418 1160; x_wconf 90' lang='lat' dir='ltr'>sui,</span> <span class='ocrx_word' id='word_1_73' title='bbox 1447 1090 1696 1151; x_wconf 86' lang='lat' dir='ltr'>Basilius</span> <span class='ocrx_word' id='word_1_74' title='bbox 1713 1093 1830 1151; x_wconf 63' lang='lat' dir='ltr'>Ca)-</span> 
     </span>
    </p>
   </div>
   <div class='ocr_carea' id='block_1_12' title="bbox 175 1174 1832 1248">
    <p class='ocr_par' dir='ltr' id='par_1_12' title="bbox 175 1174 1832 1248">
     <span class='ocr_line' id='line_1_12' title="bbox 175 1174 1832 1248; baseline 0.003 -15"><span class='ocrx_word' id='word_1_75' title='bbox 175 1190 368 1233; x_wconf 73' lang='lat' dir='ltr'>sareze</span> <span class='ocrx_word' id='word_1_76' title='bbox 388 1174 752 1247; x_wconf 69' lang='lat' dir='ltr'>Capadociae,</span> <span class='ocrx_word' id='word_1_77' title='bbox 770 1176 862 1232; x_wconf 88' lang='lat' dir='ltr'>vir</span> <span class='ocrx_word' id='word_1_78' title='bbox 883 1175 1355 1248; x_wconf 87' lang='lat' dir='ltr'>sapientissimus</span> <span class='ocrx_word' id='word_1_79' title='bbox 1373 1185 1431 1235; x_wconf 91' lang='lat' dir='ltr'>et</span> <span class='ocrx_word' id='word_1_80' title='bbox 1450 1180 1832 1239; x_wconf 91' lang='lat' dir='ltr'>continentis-</span> 
     </span>
    </p>
   </div>
   <div class='ocr_carea' id='block_1_13' title="bbox 176 1263 1831 1340">
    <p class='ocr_par' dir='ltr' id='par_1_13' title="bbox 176 1263 1831 1340">
     <span class='ocr_line' id='line_1_13' title="bbox 176 1263 1831 1340; baseline 0.006 -20"><span class='ocrx_word' id='word_1_81' title='bbox 176 1263 643 1336; x_wconf 87' lang='lat' dir='ltr'>simus,’claruit,</span> <span class='ocrx_word' id='word_1_82' title='bbox 665 1263 767 1321; x_wconf 90' lang='lat' dir='ltr'>sed</span> <span class='ocrx_word' id='word_1_83' title='bbox 789 1263 1185 1337; x_wconf 66' lang='lat' dir='ltr'>896superbiae,</span> <span class='ocrx_word' id='word_1_84' title='bbox 1214 1272 1276 1324; x_wconf 92' lang='lat' dir='ltr'>ut</span> <span class='ocrx_word' id='word_1_85' title='bbox 1299 1268 1479 1340; x_wconf 90' lang='lat' dir='ltr'>aiunt,</span> <span class='ocrx_word' id='word_1_86' title='bbox 1507 1270 1647 1327; x_wconf 90' lang='lat' dir='ltr'>vitio</span> <span class='ocrx_word' id='word_1_87' title='bbox 1680 1269 1831 1329; x_wconf 64' lang='lat' dir='ltr'>labe</span> 
     </span>
    </p>
   </div>
   <div class='ocr_carea' id='block_1_14' title="bbox 178 1352 356 1411">
    <p class='ocr_par' dir='ltr' id='par_1_14' title="bbox 178 1352 356 1411">
     <span class='ocr_line' id='line_1_14' title="bbox 178 1352 356 1411; baseline 0 -3"><span class='ocrx_word' id='word_1_88' title='bbox 178 1352 356 1411; x_wconf 87' lang='lat' dir='ltr'>ravit.</span> 
     </span>
    </p>
   </div>
   <div class='ocr_carea' id='block_1_15' title="bbox 249 1441 1831 1521">
    <p class='ocr_par' dir='ltr' id='par_1_15' title="bbox 249 1441 1831 1521">
     <span class='ocr_line' id='line_1_15' title="bbox 249 1441 1831 1521; baseline 0.006 -24"><span class='ocrx_word' id='word_1_89' title='bbox 249 1445 302 1497; x_wconf 77' lang='grc'>2.</span> <span class='ocrx_word' id='word_1_90' title='bbox 349 1442 413 1497; x_wconf 83' lang='lat' dir='ltr'>A.</span> <span class='ocrx_word' id='word_1_91' title='bbox 460 1442 520 1497; x_wconf 91' lang='lat' dir='ltr'>D.</span> <span class='ocrx_word' id='word_1_92' title='bbox 566 1441 687 1498; x_wconf 87' lang='lat'>379.</span> <span class='ocrx_word' id='word_1_93' title='bbox 732 1442 1088 1499; x_wconf 81' lang='lat' dir='ltr'>Athanasius</span> <span class='ocrx_word' id='word_1_94' title='bbox 1127 1441 1195 1477; x_wconf 81' lang='grc'>⁸⁹⁷</span> <span class='ocrx_word' id='word_1_95' title='bbox 1245 1444 1674 1505; x_wconf 88' lang='lat' dir='ltr'>Alexandrinus</span> <span class='ocrx_word' id='word_1_96' title='bbox 1713 1450 1831 1521; x_wconf 91' lang='lat' dir='ltr'>epi-</span> 
     </span>
    </p>
   </div>
   <div class='ocr_carea' id='block_1_16' title="bbox 172 1530 1832 1606">
    <p class='ocr_par' dir='ltr' id='par_1_16' title="bbox 172 1530 1832 1606">
     <span class='ocr_line' id='line_1_16' title="bbox 172 1530 1832 1606; baseline 0.006 -20"><span class='ocrx_word' id='word_1_97' title='bbox 172 1545 399 1602; x_wconf 90' lang='lat' dir='ltr'>scopus</span> <span class='ocrx_word' id='word_1_98' title='bbox 414 1534 511 1586; x_wconf 87' lang='lat'>66°</span> <span class='ocrx_word' id='word_1_99' title='bbox 532 1530 829 1587; x_wconf 82' lang='lat' dir='ltr'>sacerdoti</span> <span class='ocrx_word' id='word_1_100' title='bbox 852 1530 943 1587; x_wconf 94' lang='lat' dir='ltr'>sui</span> <span class='ocrx_word' id='word_1_101' title='bbox 967 1546 1116 1588; x_wconf 92' lang='lat' dir='ltr'>anno</span> <span class='ocrx_word' id='word_1_102' title='bbox 1140 1532 1415 1606; x_wconf 82' lang='lat' dir='ltr'>migrans,</span> <span class='ocrx_word' id='word_1_103' title='bbox 1434 1536 1671 1594; x_wconf 91' lang='lat' dir='ltr'>Petrum</span> <span class='ocrx_word' id='word_1_104' title='bbox 1703 1554 1832 1596; x_wconf 90' lang='lat' dir='ltr'>suc-</span> 
     </span>
    </p>
   </div>
   <div class='ocr_carea' id='block_1_17' title="bbox 170 1618 1170 1692">
    <p class='ocr_par' dir='ltr' id='par_1_17' title="bbox 170 1618 1170 1692">
     <span class='ocr_line' id='line_1_17' title="bbox 170 1618 1170 1692; baseline 0.003 -17"><span class='ocrx_word' id='word_1_105' title='bbox 170 1633 481 1676; x_wconf 88' lang='lat' dir='ltr'>cessorem</span> <span class='ocrx_word' id='word_1_106' title='bbox 516 1618 754 1690; x_wconf 87' lang='lat' dir='ltr'>reliquit</span> <span class='ocrx_word' id='word_1_107' title='bbox 787 1620 880 1690; x_wconf 90' lang='lat' dir='ltr'>(cf.</span> <span class='ocrx_word' id='word_1_108' title='bbox 925 1622 1170 1692; x_wconf 69' lang='lat' dir='ltr'>Herm).</span> 
     </span>
    </p>
   </div>
   <div class='ocr_carea' id='block_1_18' title="bbox 257 1715 1827 1796">
    <p class='ocr_par' dir='ltr' id='par_1_18' title="bbox 257 1715 1827 1796">
     <span class='ocr_line' id='line_1_18' title="bbox 257 1715 1827 1796; baseline 0.007 -26"><span class='ocrx_word' id='word_1_109' title='bbox 257 1720 311 1770; x_wconf 89' lang='lat'>3.</span> <span class='ocrx_word' id='word_1_110' title='bbox 354 1715 519 1785; x_wconf 75' lang='lat' dir='ltr'>(0hr.</span> <span class='ocrx_word' id='word_1_111' title='bbox 564 1718 670 1788; x_wconf 84' lang='lat' dir='ltr'>W.)</span> <span class='ocrx_word' id='word_1_112' title='bbox 705 1719 767 1772; x_wconf 88' lang='lat' dir='ltr'>A.</span> <span class='ocrx_word' id='word_1_113' title='bbox 804 1719 867 1773; x_wconf 94' lang='lat' dir='ltr'>D.</span> <span class='ocrx_word' id='word_1_114' title='bbox 903 1722 1025 1789; x_wconf 89' lang='lat'>380,</span> <span class='ocrx_word' id='word_1_115' title='bbox 1064 1720 1233 1776; x_wconf 88' lang='lat' dir='ltr'>Gothi</span> <span class='ocrx_word' id='word_1_116' title='bbox 1260 1722 1331 1778; x_wconf 93' lang='lat' dir='ltr'>ab</span> <span class='ocrx_word' id='word_1_117' title='bbox 1364 1724 1546 1780; x_wconf 84' lang='lat' dir='ltr'>Hunis</span> <span class='ocrx_word' id='word_1_118' title='bbox 1576 1724 1827 1796; x_wconf 87' lang='lat' dir='ltr'>expulsi,</span> 
     </span>
    </p>
   </div>
   <div class='ocr_carea' id='block_1_19' title="bbox 175 1804 1033 1876">
    <p class='ocr_par' dir='ltr' id='par_1_19' title="bbox 175 1804 1033 1876">
     <span class='ocr_line' id='line_1_19' title="bbox 175 1804 1033 1876; baseline 0.003 -16"><span class='ocrx_word' id='word_1_119' title='bbox 175 1804 594 1861; x_wconf 73' lang='lat' dir='ltr'>diffunduntur</span> <span class='ocrx_word' id='word_1_120' title='bbox 621 1820 728 1876; x_wconf 88' lang='lat' dir='ltr'>per</span> <span class='ocrx_word' id='word_1_121' title='bbox 756 1807 1033 1863; x_wconf 92' lang='lat' dir='ltr'>Traciam.</span> 
     </span>
    </p>
   </div>
   <div class='ocr_carea' id='block_1_20' title="bbox 252 1895 1831 1969">
    <p class='ocr_par' dir='ltr' id='par_1_20' title="bbox 252 1895 1831 1969">
     <span class='ocr_line' id='line_1_20' title="bbox 252 1895 1831 1969; baseline 0.007 -19"><span class='ocrx_word' id='word_1_122' title='bbox 252 1897 306 1950; x_wconf 77' lang='grc'>4.</span> <span class='ocrx_word' id='word_1_123' title='bbox 343 1896 406 1948; x_wconf 92' lang='lat' dir='ltr'>A.</span> <span class='ocrx_word' id='word_1_124' title='bbox 441 1895 502 1948; x_wconf 93' lang='lat' dir='ltr'>D.</span> <span class='ocrx_word' id='word_1_125' title='bbox 536 1896 657 1949; x_wconf 81' lang='lat'>38-1.</span> <span class='ocrx_word' id='word_1_126' title='bbox 696 1895 863 1951; x_wconf 88' lang='lat' dir='ltr'>Gothi</span> <span class='ocrx_word' id='word_1_127' title='bbox 899 1896 1043 1952; x_wconf 89' lang='lat' dir='ltr'>fame</span> <span class='ocrx_word' id='word_1_128' title='bbox 1072 1898 1381 1969; x_wconf 89' lang='lat' dir='ltr'>compulsi,</span> <span class='ocrx_word' id='word_1_129' title='bbox 1420 1900 1706 1958; x_wconf 88' lang='lat' dir='ltr'>rebellant</span> <span class='ocrx_word' id='word_1_130' title='bbox 1728 1906 1831 1961; x_wconf 89' lang='lat' dir='ltr'>Va-</span> 
     </span>
    </p>
   </div>
   <div class='ocr_carea' id='block_1_21' title="bbox 174 1982 1830 2057">
    <p class='ocr_par' dir='ltr' id='par_1_21' title="bbox 174 1982 1830 2057">
     <span class='ocr_line' id='line_1_21' title="bbox 174 1982 1830 2057; baseline 0.006 -19"><span class='ocrx_word' id='word_1_131' title='bbox 174 1982 350 2053; x_wconf 84' lang='lat' dir='ltr'>lenti,</span> <span class='ocrx_word' id='word_1_132' title='bbox 377 1996 523 2053; x_wconf 93' lang='lat' dir='ltr'>quos</span> <span class='ocrx_word' id='word_1_133' title='bbox 555 1982 655 2038; x_wconf 89' lang='lat' dir='ltr'>ille</span> <span class='ocrx_word' id='word_1_134' title='bbox 686 1982 837 2039; x_wconf 89' lang='lat' dir='ltr'>bello</span> <span class='ocrx_word' id='word_1_135' title='bbox 863 1990 1088 2057; x_wconf 90' lang='lat' dir='ltr'>petens,</span> <span class='ocrx_word' id='word_1_136' title='bbox 1115 1987 1218 2042; x_wconf 87' lang='lat' dir='ltr'>sed</span> <span class='ocrx_word' id='word_1_137' title='bbox 1242 1988 1508 2045; x_wconf 90' lang='lat' dir='ltr'>exercitu</span> <span class='ocrx_word' id='word_1_138' title='bbox 1528 1991 1725 2047; x_wconf 91' lang='lat' dir='ltr'>occiso</span> <span class='ocrx_word' id='word_1_139' title='bbox 1750 1993 1830 2049; x_wconf 82' lang='lat' dir='ltr'>fu-</span> 
     </span>
    </p>
   </div>
   <div class='ocr_carea' id='block_1_22' title="bbox 171 2070 1832 2147">
    <p class='ocr_par' dir='ltr' id='par_1_22' title="bbox 171 2070 1832 2147">
     <span class='ocr_line' id='line_1_22' title="bbox 171 2070 1832 2147; baseline 0.007 -21"><span class='ocrx_word' id='word_1_140' title='bbox 171 2071 371 2141; x_wconf 87' lang='lat' dir='ltr'>giens,</span> <span class='ocrx_word' id='word_1_141' title='bbox 405 2070 461 2126; x_wconf 91' lang='lat' dir='ltr'>in</span> <span class='ocrx_word' id='word_1_142' title='bbox 493 2085 628 2127; x_wconf 83' lang='lat' dir='ltr'>casa</span> <span class='ocrx_word' id='word_1_143' title='bbox 661 2072 909 2142; x_wconf 88' lang='lat' dir='ltr'>quadam</span> <span class='ocrx_word' id='word_1_144' title='bbox 935 2074 1103 2131; x_wconf 92' lang='lat' dir='ltr'>vivus</span> <span class='ocrx_word' id='word_1_145' title='bbox 1125 2080 1437 2147; x_wconf 86' lang='lat' dir='ltr'>crematur,</span> <span class='ocrx_word' id='word_1_146' title='bbox 1464 2092 1612 2134; x_wconf 91' lang='lat' dir='ltr'>anno</span> <span class='ocrx_word' id='word_1_147' title='bbox 1634 2086 1722 2136; x_wconf 79' lang='lat'>15°</span> <span class='ocrx_word' id='word_1_148' title='bbox 1747 2097 1832 2137; x_wconf 90' lang='lat' dir='ltr'>re-</span> 
     </span>
    </p>
   </div>
   <div class='ocr_carea' id='block_1_23' title="bbox 169 2157 1831 2237">
    <p class='ocr_par' dir='ltr' id='par_1_23' title="bbox 169 2157 1831 2237">
     <span class='ocr_line' id='line_1_23' title="bbox 169 2157 1831 2237; baseline 0.006 -23"><span class='ocrx_word' id='word_1_149' title='bbox 169 2158 274 2229; x_wconf 84' lang='lat' dir='ltr'>gni</span> <span class='ocrx_word' id='word_1_150' title='bbox 305 2157 416 2228; x_wconf 93' lang='lat' dir='ltr'>sui,</span> <span class='ocrx_word' id='word_1_151' title='bbox 453 2173 721 2231; x_wconf 89' lang='lat' dir='ltr'>quorum,</span> <span class='ocrx_word' id='word_1_152' title='bbox 757 2165 814 2215; x_wconf 82' lang='lat'>11</span> <span class='ocrx_word' id='word_1_153' title='bbox 852 2174 984 2218; x_wconf 90' lang='lat' dir='ltr'>cum</span> <span class='ocrx_word' id='word_1_154' title='bbox 1010 2162 1211 2234; x_wconf 85' lang='lat' dir='ltr'>fratre,</span> <span class='ocrx_word' id='word_1_155' title='bbox 1239 2167 1420 2236; x_wconf 74' lang='lat' dir='ltr'>4post</span> <span class='ocrx_word' id='word_1_156' title='bbox 1442 2165 1603 2222; x_wconf 90' lang='lat' dir='ltr'>illum</span> <span class='ocrx_word' id='word_1_157' title='bbox 1629 2182 1831 2237; x_wconf 89' lang='lat' dir='ltr'>regna-</span> 
     </span>
    </p>
   </div>
   <div class='ocr_carea' id='block_1_24' title="bbox 172 2247 668 2319">
    <p class='ocr_par' dir='ltr' id='par_1_24' title="bbox 172 2247 668 2319">
     <span class='ocr_line' id='line_1_24' title="bbox 172 2247 668 2319; baseline 0.002 -16"><span class='ocrx_word' id='word_1_158' title='bbox 172 2248 264 2303; x_wconf 86' lang='lat' dir='ltr'>vit</span> <span class='ocrx_word' id='word_1_159' title='bbox 298 2247 398 2318; x_wconf 88' lang='lat' dir='ltr'>(cf.</span> <span class='ocrx_word' id='word_1_160' title='bbox 432 2248 512 2304; x_wconf 84' lang='lat' dir='ltr'>H.</span> <span class='ocrx_word' id='word_1_161' title='bbox 542 2250 668 2319; x_wconf 86' lang='lat' dir='ltr'>m.).</span> 
     </span>
    </p>
   </div>
   <div class='ocr_carea' id='block_1_25' title="bbox 252 2335 714 2391">
    <p class='ocr_par' dir='ltr' id='par_1_25' title="bbox 252 2335 714 2391">
     <span class='ocr_line' id='line_1_25' title="bbox 252 2335 714 2391; baseline 0.002 -1"><span class='ocrx_word' id='word_1_162' title='bbox 252 2335 401 2390; x_wconf 87' lang='lat' dir='ltr'>Anni</span> <span class='ocrx_word' id='word_1_163' title='bbox 434 2336 714 2391; x_wconf 91' lang='lat' dir='ltr'>Gratiani.</span> 
     </span>
    </p>
   </div>
   <div class='ocr_carea' id='block_1_26' title="bbox 253 2423 1829 2503">
    <p class='ocr_par' dir='ltr' id='par_1_26' title="bbox 253 2423 1829 2503">
     <span class='ocr_line' id='line_1_26' title="bbox 253 2423 1829 2503; baseline 0.007 -22"><span class='ocrx_word' id='word_1_164' title='bbox 253 2426 421 2481; x_wconf 88' lang='lat' dir='ltr'>Anno</span> <span class='ocrx_word' id='word_1_165' title='bbox 467 2423 772 2482; x_wconf 61' lang='lat' dir='ltr'>dominicae</span> <span class='ocrx_word' id='word_1_166' title='bbox 816 2425 1241 2487; x_wconf 90' lang='lat' dir='ltr'>incarnationis</span> <span class='ocrx_word' id='word_1_167' title='bbox 1289 2434 1411 2503; x_wconf 79' lang='lat'>382,</span> <span class='ocrx_word' id='word_1_168' title='bbox 1460 2434 1632 2490; x_wconf 89' lang='lat' dir='ltr'>Urbis</span> <span class='ocrx_word' id='word_1_169' title='bbox 1691 2450 1829 2492; x_wconf 88' lang='lat' dir='ltr'>vero</span> 
     </span>
    </p>
   </div>
   <div class='ocr_carea' id='block_1_27' title="bbox 176 2512 1830 2591">
    <p class='ocr_par' dir='ltr' id='par_1_27' title="bbox 176 2512 1830 2591">
     <span class='ocr_line' id='line_1_27' title="bbox 176 2512 1830 2591; baseline 0.007 -22"><span class='ocrx_word' id='word_1_170' title='bbox 176 2512 439 2569; x_wconf 77' lang='lat' dir='ltr'>conditae</span> <span class='ocrx_word' id='word_1_171' title='bbox 468 2513 780 2571; x_wconf 89' lang='lat' dir='ltr'>millesimo</span> <span class='ocrx_word' id='word_1_172' title='bbox 813 2519 913 2571; x_wconf 82' lang='grc'>133</span> <span class='ocrx_word' id='word_1_173' title='bbox 987 2517 1315 2591; x_wconf 90' lang='lat' dir='ltr'>Gratianus,</span> <span class='ocrx_word' id='word_1_174' title='bbox 1370 2521 1524 2579; x_wconf 82' lang='lat' dir='ltr'>filius</span> <span class='ocrx_word' id='word_1_175' title='bbox 1580 2523 1830 2581; x_wconf 89' lang='lat' dir='ltr'>Valenti-</span> 
     </span>
    </p>
   </div>
   <div class='ocr_carea' id='block_1_28' title="bbox 171 2600 1826 2682">
    <p class='ocr_par' dir='ltr' id='par_1_28' title="bbox 171 2600 1826 2682">
     <span class='ocr_line' id='line_1_28' title="bbox 171 2600 1826 2682; baseline 0.006 -24"><span class='ocrx_word' id='word_1_176' title='bbox 171 2601 361 2671; x_wconf 89' lang='lat' dir='ltr'>niani,</span> <span class='ocrx_word' id='word_1_177' title='bbox 396 2606 524 2659; x_wconf 64' lang='lat'>39‘“</span> <span class='ocrx_word' id='word_1_178' title='bbox 553 2600 622 2636; x_wconf 74' lang='grc'>⁸⁸⁸</span> <span class='ocrx_word' id='word_1_179' title='bbox 652 2603 725 2658; x_wconf 91' lang='lat' dir='ltr'>ab</span> <span class='ocrx_word' id='word_1_180' title='bbox 754 2604 1038 2675; x_wconf 88' lang='lat' dir='ltr'>Augusto,</span> <span class='ocrx_word' id='word_1_181' title='bbox 1073 2610 1207 2676; x_wconf 89' lang='lat' dir='ltr'>post</span> <span class='ocrx_word' id='word_1_182' title='bbox 1239 2613 1484 2665; x_wconf 90' lang='lat' dir='ltr'>mortem</span> <span class='ocrx_word' id='word_1_183' title='bbox 1514 2611 1708 2682; x_wconf 89' lang='lat' dir='ltr'>patrui</span> <span class='ocrx_word' id='word_1_184' title='bbox 1740 2612 1826 2668; x_wconf 91' lang='lat' dir='ltr'>sui</span> 
     </span>
    </p>
   </div>
   <div class='ocr_carea' id='block_1_29' title="bbox 168 2689 1827 2768">
    <p class='ocr_par' dir='ltr' id='par_1_29' title="bbox 168 2689 1827 2768">
     <span class='ocr_line' id='line_1_29' title="bbox 168 2689 1827 2768; baseline 0.007 -23"><span class='ocrx_word' id='word_1_185' title='bbox 168 2689 444 2746; x_wconf 88' lang='lat' dir='ltr'>Valentis</span> <span class='ocrx_word' id='word_1_186' title='bbox 473 2689 697 2748; x_wconf 89' lang='lat' dir='ltr'>electus</span> <span class='ocrx_word' id='word_1_187' title='bbox 723 2696 814 2748; x_wconf 90' lang='lat' dir='ltr'>est</span> <span class='ocrx_word' id='word_1_188' title='bbox 845 2693 917 2749; x_wconf 88' lang='lat' dir='ltr'>ad</span> <span class='ocrx_word' id='word_1_189' title='bbox 946 2693 1271 2766; x_wconf 91' lang='lat' dir='ltr'>imperium,</span> <span class='ocrx_word' id='word_1_190' title='bbox 1306 2702 1365 2752; x_wconf 91' lang='lat' dir='ltr'>et</span> <span class='ocrx_word' id='word_1_191' title='bbox 1398 2700 1664 2768; x_wconf 86' lang='lat' dir='ltr'>regnavit</span> <span class='ocrx_word' id='word_1_192' title='bbox 1698 2715 1827 2756; x_wconf 89' lang='lat' dir='ltr'>cum</span> 
     </span>
    </p>
   </div>
   <div class='ocr_carea' id='block_1_30' title="bbox 166 2779 1830 2858">
    <p class='ocr_par' dir='ltr' id='par_1_30' title="bbox 166 2779 1830 2858">
     <span class='ocr_line' id='line_1_30' title="bbox 166 2779 1830 2858; baseline 0.006 -24"><span class='ocrx_word' id='word_1_193' title='bbox 166 2779 358 2836; x_wconf 81' lang='lat' dir='ltr'>fratre</span> <span class='ocrx_word' id='word_1_194' title='bbox 388 2794 499 2836; x_wconf 91' lang='lat' dir='ltr'>suo</span> <span class='ocrx_word' id='word_1_195' title='bbox 528 2779 937 2837; x_wconf 89' lang='lat' dir='ltr'>Valentiniano</span> <span class='ocrx_word' id='word_1_196' title='bbox 965 2796 1148 2840; x_wconf 91' lang='lat' dir='ltr'>annos</span> <span class='ocrx_word' id='word_1_197' title='bbox 1176 2788 1229 2851; x_wconf 91' lang='lat'>6,</span> <span class='ocrx_word' id='word_1_198' title='bbox 1263 2799 1393 2842; x_wconf 92' lang='lat' dir='ltr'>cum</span> <span class='ocrx_word' id='word_1_199' title='bbox 1424 2786 1586 2858; x_wconf 91' lang='lat' dir='ltr'>prius</span> <span class='ocrx_word' id='word_1_200' title='bbox 1629 2802 1830 2857; x_wconf 90' lang='lat' dir='ltr'>regna-</span> 
     </span>
    </p>
   </div>
   <div class='ocr_carea' id='block_1_31' title="bbox 165 2866 1830 2946">
    <p class='ocr_par' dir='ltr' id='par_1_31' title="bbox 165 2866 1830 2946">
     <span class='ocr_line' id='line_1_31' title="bbox 165 2866 1830 2946; baseline 0.007 -24"><span class='ocrx_word' id='word_1_201' title='bbox 165 2871 264 2922; x_wconf 88' lang='lat' dir='ltr'>ret</span> <span class='ocrx_word' id='word_1_202' title='bbox 296 2866 464 2923; x_wconf 89' lang='lat' dir='ltr'>annis</span> <span class='ocrx_word' id='word_1_203' title='bbox 496 2870 529 2922; x_wconf 82' lang='grc'>4</span> <span class='ocrx_word' id='word_1_204' title='bbox 556 2882 689 2924; x_wconf 91' lang='lat' dir='ltr'>cum</span> <span class='ocrx_word' id='word_1_205' title='bbox 723 2872 952 2939; x_wconf 90' lang='lat' dir='ltr'>patruo.</span> <span class='ocrx_word' id='word_1_206' title='bbox 990 2871 1068 2925; x_wconf 89' lang='lat' dir='ltr'>Eo</span> <span class='ocrx_word' id='word_1_207' title='bbox 1092 2874 1357 2943; x_wconf 90' lang='lat' dir='ltr'>tempore</span> <span class='ocrx_word' id='word_1_208' title='bbox 1380 2874 1531 2946; x_wconf 90' lang='lat' dir='ltr'>apud</span> <span class='ocrx_word' id='word_1_209' title='bbox 1565 2875 1830 2933; x_wconf 83' lang='lat' dir='ltr'>Mediola-</span> 
     </span>
    </p>
   </div>
   <div class='ocr_carea' id='block_1_32' title="bbox 164 2955 1828 3032">
    <p class='ocr_par' dir='ltr' id='par_1_32' title="bbox 164 2955 1828 3032">
     <span class='ocr_line' id='line_1_32' title="bbox 164 2955 1828 3032; baseline 0.006 -21"><span class='ocrx_word' id='word_1_210' title='bbox 164 2970 310 3012; x_wconf 88' lang='lat' dir='ltr'>num</span> <span class='ocrx_word' id='word_1_211' title='bbox 345 2955 552 3011; x_wconf 89' lang='lat' dir='ltr'>beatus</span> <span class='ocrx_word' id='word_1_212' title='bbox 581 2956 925 3013; x_wconf 89' lang='lat' dir='ltr'>Ambrosius</span> <span class='ocrx_word' id='word_1_213' title='bbox 951 2956 1020 2991; x_wconf 81' lang='grc'>⁸⁹⁹</span> <span class='ocrx_word' id='word_1_214' title='bbox 1051 2958 1144 3014; x_wconf 91' lang='lat' dir='ltr'>hic</span> <span class='ocrx_word' id='word_1_215' title='bbox 1175 2959 1244 2993; x_wconf 81' lang='lat'>°°°</span> <span class='ocrx_word' id='word_1_216' title='bbox 1274 2961 1514 3032; x_wconf 85' lang='lat' dir='ltr'>hymnos</span> <span class='ocrx_word' id='word_1_217' title='bbox 1533 2965 1828 3021; x_wconf 80' lang='lat' dir='ltr'>canendus</span> 
     </span>
    </p>
   </div>
   <div class='ocr_carea' id='block_1_33' title="bbox 166 3042 1828 3120">
    <p class='ocr_par' dir='ltr' id='par_1_33' title="bbox 166 3042 1828 3120">
     <span class='ocr_line' id='line_1_33' title="bbox 166 3042 1828 3120; baseline 0.006 -22"><span class='ocrx_word' id='word_1_218' title='bbox 166 3042 227 3098; x_wconf 92' lang='lat' dir='ltr'>in</span> <span class='ocrx_word' id='word_1_219' title='bbox 264 3043 538 3100; x_wconf 73' lang='lat' dir='ltr'>aecclesia</span> <span class='ocrx_word' id='word_1_220' title='bbox 560 3043 782 3115; x_wconf 91' lang='lat' dir='ltr'>primus</span> <span class='ocrx_word' id='word_1_221' title='bbox 801 3047 1131 3117; x_wconf 87' lang='lat' dir='ltr'>composuit</span> <span class='ocrx_word' id='word_1_222' title='bbox 1152 3080 1220 3089; x_wconf 90' lang='lat'>—-</span> <span class='ocrx_word' id='word_1_223' title='bbox 1242 3050 1395 3120; x_wconf 91' lang='lat' dir='ltr'>apud</span> <span class='ocrx_word' id='word_1_224' title='bbox 1417 3052 1675 3108; x_wconf 89' lang='lat' dir='ltr'>Turonos</span> <span class='ocrx_word' id='word_1_225' title='bbox 1696 3053 1828 3108; x_wconf 88' lang='lat' dir='ltr'>bea-</span> 
     </span>
    </p>
   </div>
   <div class='ocr_carea' id='block_1_34' title="bbox 157 3132 1828 3210">
    <p class='ocr_par' dir='ltr' id='par_1_34' title="bbox 157 3132 1828 3210">
     <span class='ocr_line' id='line_1_34' title="bbox 157 3132 1828 3210; baseline 0.005 -21"><span class='ocrx_word' id='word_1_226' title='bbox 157 3138 265 3190; x_wconf 84' lang='lat' dir='ltr'>tus</span> <span class='ocrx_word' id='word_1_227' title='bbox 301 3132 585 3190; x_wconf 82' lang='lat' dir='ltr'>Martinus</span> <span class='ocrx_word' id='word_1_228' title='bbox 603 3133 826 3204; x_wconf 86' lang='lat' dir='ltr'>magnis</span> <span class='ocrx_word' id='word_1_229' title='bbox 856 3133 1187 3206; x_wconf 86' lang='lat' dir='ltr'>lampabant</span> <span class='ocrx_word' id='word_1_230' title='bbox 1221 3136 1289 3170; x_wconf 68' lang='grc' dir='ltr'>θοι</span> <span class='ocrx_word' id='word_1_231' title='bbox 1307 3138 1648 3210; x_wconf 89' lang='lat' dir='ltr'>virtutibus,</span> <span class='ocrx_word' id='word_1_232' title='bbox 1682 3145 1828 3197; x_wconf 92' lang='lat' dir='ltr'>toto-</span> 
     </span>
    </p>
   </div>
   <div class='ocr_carea' id='block_1_35' title="bbox 161 3220 1825 3297">
    <p class='ocr_par' dir='ltr' id='par_1_35' title="bbox 161 3220 1825 3297">
     <span class='ocr_line' id='line_1_35' title="bbox 161 3220 1825 3297; baseline 0.005 -19"><span class='ocrx_word' id='word_1_233' title='bbox 161 3236 283 3293; x_wconf 89' lang='lat' dir='ltr'>que</span> <span class='ocrx_word' id='word_1_234' title='bbox 317 3222 461 3277; x_wconf 89' lang='lat' dir='ltr'>orbe</span> <span class='ocrx_word' id='word_1_235' title='bbox 495 3220 781 3279; x_wconf 88' lang='lat' dir='ltr'>doctrinis</span> <span class='ocrx_word' id='word_1_236' title='bbox 809 3224 866 3280; x_wconf 89' lang='lat' dir='ltr'>et</span> <span class='ocrx_word' id='word_1_237' title='bbox 900 3222 1146 3280; x_wconf 90' lang='lat' dir='ltr'>scientia</span> <span class='ocrx_word' id='word_1_238' title='bbox 1181 3225 1326 3282; x_wconf 91' lang='lat' dir='ltr'>clari</span> <span class='ocrx_word' id='word_1_239' title='bbox 1377 3227 1711 3297; x_wconf 82' lang='lat' dir='ltr'>[Gregorius</span> <span class='ocrx_word' id='word_1_240' title='bbox 1758 3230 1825 3263; x_wconf 72' lang='grc'>⁹⁰²</span> 
     </span>
    </p>
   </div>
   <div class='ocr_carea' id='block_1_36' title="bbox 155 3310 1822 3387">
    <p class='ocr_par' dir='ltr' id='par_1_36' title="bbox 155 3310 1822 3387">
     <span class='ocr_line' id='line_1_36' title="bbox 155 3310 1822 3387; baseline 0.005 -21"><span class='ocrx_word' id='word_1_241' title='bbox 155 3311 436 3378; x_wconf 88' lang='lat' dir='ltr'>Nisenus,</span> <span class='ocrx_word' id='word_1_242' title='bbox 471 3310 787 3380; x_wconf 87' lang='lat' dir='ltr'>Gregorius</span> <span class='ocrx_word' id='word_1_243' title='bbox 815 3314 1195 3370; x_wconf 87' lang='lat' dir='ltr'>Nazanzenus</span> <span class='ocrx_word' id='word_1_244' title='bbox 1228 3318 1288 3371; x_wconf 92' lang='lat' dir='ltr'>et</span> <span class='ocrx_word' id='word_1_245' title='bbox 1332 3316 1483 3387; x_wconf 91' lang='lat' dir='ltr'>apud</span> <span class='ocrx_word' id='word_1_246' title='bbox 1529 3317 1822 3387; x_wconf 87' lang='lat' dir='ltr'>Bethleem</span> 
     </span>
    </p>
   </div>
   <div class='ocr_carea' id='block_1_37' title="bbox 154 3384 1818 3478">
    <p class='ocr_par' dir='ltr' id='par_1_37' title="bbox 154 3384 1818 3478">
     <span class='ocr_line' id='line_1_37' title="bbox 154 3384 1818 3478; baseline 0.005 -23"><span class='ocrx_word' id='word_1_247' title='bbox 154 3398 536 3456; x_wconf 84' lang='lat' dir='ltr'>Hieronimus</span> <span class='ocrx_word' id='word_1_248' title='bbox 553 3398 855 3456; x_wconf 88' lang='lat' dir='ltr'>radiabant</span> <span class='ocrx_word' id='word_1_249' title='bbox 875 3401 971 3472; x_wconf 86' lang='lat' dir='ltr'>(cf.</span> <span class='ocrx_word' id='word_1_250' title='bbox 989 3403 1221 3473; x_wconf 55' lang='lat' dir='ltr'>Pansa,</span> <span class='ocrx_word' id='word_1_251' title='bbox 1245 3402 1351 3461; x_wconf 81' lang='lat' dir='ltr'>C’It.</span> <span class='ocrx_word' id='word_1_252' title='bbox 1370 3384 1509 3476; x_wconf 64' lang='lat' dir='ltr'>tmp.</span> <span class='ocrx_word' id='word_1_253' title='bbox 1527 3409 1585 3460; x_wconf 92' lang='lat' dir='ltr'>et</span> <span class='ocrx_word' id='word_1_254' title='bbox 1600 3384 1679 3462; x_wconf 63' lang='grc' dir='ltr'>Ηί</span> <span class='ocrx_word' id='word_1_255' title='bbox 1693 3408 1818 3478; x_wconf 87' lang='lat' dir='ltr'>m.).</span> 
     </span>
    </p>
   </div>
   <div class='ocr_carea' id='block_1_38' title="bbox 157 3485 1822 3565">
    <p class='ocr_par' dir='ltr' id='par_1_38' title="bbox 157 3485 1822 3565">
     <span class='ocr_line' id='line_1_38' title="bbox 157 3485 1822 3565; baseline 0.005 -21"><span class='ocrx_word' id='word_1_256' title='bbox 157 3485 542 3559; x_wconf 78' lang='lat' dir='ltr'>Theophylus</span> <span class='ocrx_word' id='word_1_257' title='bbox 575 3486 1005 3546; x_wconf 85' lang='lat' dir='ltr'>Alexandrinus</span> <span class='ocrx_word' id='word_1_258' title='bbox 1037 3490 1105 3523; x_wconf 78' lang='grc'>⁹⁰³</span> <span class='ocrx_word' id='word_1_259' title='bbox 1133 3491 1449 3564; x_wconf 87' lang='lat' dir='ltr'>episcopus</span> <span class='ocrx_word' id='word_1_260' title='bbox 1480 3493 1703 3565; x_wconf 88' lang='lat' dir='ltr'>cyclum</span> <span class='ocrx_word' id='word_1_261' title='bbox 1750 3495 1822 3552; x_wconf 92' lang='lat' dir='ltr'>de</span> 
     </span>
    </p>
   </div>
   <div class='ocr_carea' id='block_1_39' title="bbox 153 3576 1817 3653">
    <p class='ocr_par' dir='ltr' id='par_1_39' title="bbox 153 3576 1817 3653">
     <span class='ocr_line' id='line_1_39' title="bbox 153 3576 1817 3653; baseline 0.004 -20"><span class='ocrx_word' id='word_1_262' title='bbox 153 3576 583 3634; x_wconf 86' lang='lat' dir='ltr'>observatione</span> <span class='ocrx_word' id='word_1_263' title='bbox 614 3577 846 3648; x_wconf 62' lang='lat' dir='ltr'>pascha;</span> <span class='ocrx_word' id='word_1_264' title='bbox 878 3592 983 3649; x_wconf 89' lang='lat' dir='ltr'>per</span> <span class='ocrx_word' id='word_1_265' title='bbox 1030 3584 1266 3636; x_wconf 91' lang='lat' dir='ltr'>centum</span> <span class='ocrx_word' id='word_1_266' title='bbox 1317 3595 1501 3639; x_wconf 89' lang='lat' dir='ltr'>annos</span> <span class='ocrx_word' id='word_1_267' title='bbox 1551 3582 1817 3653; x_wconf 86' lang='lat' dir='ltr'>digessit,</span> 
     </span>
    </p>
   </div>
   <div class='ocr_carea' id='block_1_40' title="bbox 155 3664 1813 3739">
    <p class='ocr_par' dir='ltr' id='par_1_40' title="bbox 155 3664 1813 3739">
     <span class='ocr_line' id='line_1_40' title="bbox 155 3664 1813 3739; baseline 0.004 -17"><span class='ocrx_word' id='word_1_268' title='bbox 155 3680 339 3736; x_wconf 89' lang='lat' dir='ltr'>quem</span> <span class='ocrx_word' id='word_1_269' title='bbox 362 3664 711 3721; x_wconf 89' lang='lat' dir='ltr'>laterculum</span> <span class='ocrx_word' id='word_1_270' title='bbox 734 3666 986 3733; x_wconf 87' lang='lat' dir='ltr'>vocavit,</span> <span class='ocrx_word' id='word_1_271' title='bbox 1013 3670 1253 3739; x_wconf 91' lang='lat' dir='ltr'>totoque</span> <span class='ocrx_word' id='word_1_272' title='bbox 1275 3670 1418 3725; x_wconf 90' lang='lat' dir='ltr'>orbe</span> <span class='ocrx_word' id='word_1_273' title='bbox 1441 3670 1724 3728; x_wconf 88' lang='lat' dir='ltr'>doctrinis</span> <span class='ocrx_word' id='word_1_274' title='bbox 1755 3677 1813 3729; x_wconf 90' lang='lat' dir='ltr'>et</span> 
     </span>
    </p>
   </div>
   <div class='ocr_carea' id='block_1_41' title="bbox 154 3751 1813 3824">
    <p class='ocr_par' dir='ltr' id='par_1_41' title="bbox 154 3751 1813 3824">
     <span class='ocr_line' id='line_1_41' title="bbox 154 3751 1813 3824; baseline 0.005 -16"><span class='ocrx_word' id='word_1_275' title='bbox 154 3752 416 3809; x_wconf 90' lang='lat' dir='ltr'>scientia</span> <span class='ocrx_word' id='word_1_276' title='bbox 446 3751 614 3824; x_wconf 89' lang='lat' dir='ltr'>clari]</span> <span class='ocrx_word' id='word_1_277' title='bbox 647 3753 800 3824; x_wconf 90' lang='lat' dir='ltr'>apud</span> <span class='ocrx_word' id='word_1_278' title='bbox 844 3753 1137 3811; x_wconf 86' lang='lat' dir='ltr'>Bethleem</span> <span class='ocrx_word' id='word_1_279' title='bbox 1190 3756 1399 3813; x_wconf 86' lang='lat' dir='ltr'>beatus</span> <span class='ocrx_word' id='word_1_280' title='bbox 1443 3758 1813 3817; x_wconf 86' lang='lat' dir='ltr'>Hieronimus</span> 
     </span>
    </p>
   </div>
   <div class='ocr_carea' id='block_1_42' title="bbox 153 3840 1814 3913">
    <p class='ocr_par' dir='ltr' id='par_1_42' title="bbox 153 3840 1814 3913">
     <span class='ocr_line' id='line_1_42' title="bbox 153 3840 1814 3913; baseline 0.005 -17"><span class='ocrx_word' id='word_1_281' title='bbox 153 3842 498 3912; x_wconf 80' lang='lat' dir='ltr'>presbyter,</span> <span class='ocrx_word' id='word_1_282' title='bbox 519 3840 672 3913; x_wconf 91' lang='lat' dir='ltr'>apud</span> <span class='ocrx_word' id='word_1_283' title='bbox 693 3841 987 3912; x_wconf 89' lang='lat' dir='ltr'>Ypponem</span> <span class='ocrx_word' id='word_1_284' title='bbox 1016 3843 1222 3900; x_wconf 77' lang='lat' dir='ltr'>Africae</span> <span class='ocrx_word' id='word_1_285' title='bbox 1246 3844 1544 3903; x_wconf 88' lang='lat' dir='ltr'>civitatem</span> <span class='ocrx_word' id='word_1_286' title='bbox 1575 3852 1814 3906; x_wconf 89' lang='lat' dir='ltr'>sanctus</span> 
     </span>
    </p>
   </div>
   <div class='ocr_carea' id='block_1_43' title="bbox 154 3928 1243 4002">
    <p class='ocr_par' dir='ltr' id='par_1_43' title="bbox 154 3928 1243 4002">
     <span class='ocr_line' id='line_1_43' title="bbox 154 3928 1243 4002; baseline 0.004 -18"><span class='ocrx_word' id='word_1_287' title='bbox 154 3928 531 3999; x_wconf 79' lang='lat' dir='ltr'>Augustinus</span> <span class='ocrx_word' id='word_1_288' title='bbox 561 3928 873 4002; x_wconf 90' lang='lat' dir='ltr'>episcopus</span> <span class='ocrx_word' id='word_1_289' title='bbox 918 3930 1243 3988; x_wconf 88' lang='lat' dir='ltr'>radiabant.</span> 
     </span>
    </p>
   </div>
   <div class='ocr_carea' id='block_1_44' title="bbox 236 4018 1812 4097">
    <p class='ocr_par' dir='ltr' id='par_1_44' title="bbox 236 4018 1812 4097">
     <span class='ocr_line' id='line_1_44' title="bbox 236 4018 1812 4097; baseline 0.006 -23"><span class='ocrx_word' id='word_1_290' title='bbox 236 4018 893 4090; x_wconf 77' lang='lat' dir='ltr'>(H.R.etH.m.)Igitur</span> <span class='ocrx_word' id='word_1_291' title='bbox 916 4019 1227 4078; x_wconf 85' lang='lat' dir='ltr'>Gratianus</span> <span class='ocrx_word' id='word_1_292' title='bbox 1240 4022 1812 4097; x_wconf 89' lang='lat' dir='ltr'>admodumjuvenis,</span> 
     </span>
    </p>
   </div>
   <div class='ocr_carea' id='block_1_45' title="bbox 155 4106 1816 4172">
    <p class='ocr_par' dir='ltr' id='par_1_45' title="bbox 155 4106 1816 4172">
     <span class='ocr_line' id='line_1_45' title="bbox 155 4106 1816 4172; baseline 0.004 -7"><span class='ocrx_word' id='word_1_293' title='bbox 155 4121 297 4165; x_wconf 91' lang='lat' dir='ltr'>cum</span> <span class='ocrx_word' id='word_1_294' title='bbox 329 4106 795 4163; x_wconf 73' lang='lat' dir='ltr'>inaestimabilem</span> <span class='ocrx_word' id='word_1_295' title='bbox 826 4107 1260 4165; x_wconf 90' lang='lat' dir='ltr'>multitudinem</span> <span class='ocrx_word' id='word_1_296' title='bbox 1309 4110 1563 4169; x_wconf 90' lang='lat' dir='ltr'>hostium</span> <span class='ocrx_word' id='word_1_297' title='bbox 1613 4116 1816 4172; x_wconf 84' lang='lat' dir='ltr'>Roma-</span> 
     </span>
    </p>
   </div>
   <div class='ocr_carea' id='block_1_46' title="bbox 155 4194 1813 4276">
    <p class='ocr_par' dir='ltr' id='par_1_46' title="bbox 155 4194 1813 4276">
     <span class='ocr_line' id='line_1_46' title="bbox 155 4194 1813 4276; baseline 0.004 -24"><span class='ocrx_word' id='word_1_298' title='bbox 155 4195 255 4252; x_wconf 89' lang='lat' dir='ltr'>nis</span> <span class='ocrx_word' id='word_1_299' title='bbox 280 4194 531 4251; x_wconf 84' lang='lat' dir='ltr'>infusam</span> <span class='ocrx_word' id='word_1_300' title='bbox 555 4194 769 4251; x_wconf 85' lang='lat' dir='ltr'>iinibus</span> <span class='ocrx_word' id='word_1_301' title='bbox 783 4202 1078 4262; x_wconf 84' lang='lat' dir='ltr'>cerneret,</span> <span class='ocrx_word' id='word_1_302' title='bbox 1097 4197 1282 4255; x_wconf 90' lang='lat' dir='ltr'>fretus</span> <span class='ocrx_word' id='word_1_303' title='bbox 1296 4199 1508 4257; x_wconf 88' lang='lat' dir='ltr'>Christi</span> <span class='ocrx_word' id='word_1_304' title='bbox 1529 4204 1813 4276; x_wconf 90' lang='lat' dir='ltr'>potentia,</span> 
     </span>
    </p>
   </div>
   <div class='ocr_carea' id='block_1_47' title="bbox 159 4282 1812 4364">
    <p class='ocr_par' dir='ltr' id='par_1_47' title="bbox 159 4282 1812 4364">
     <span class='ocr_line' id='line_1_47' title="bbox 159 4282 1812 4364; baseline 0.005 -24"><span class='ocrx_word' id='word_1_305' title='bbox 159 4285 341 4353; x_wconf 87' lang='lat' dir='ltr'>longe</span> <span class='ocrx_word' id='word_1_306' title='bbox 362 4283 568 4356; x_wconf 88' lang='lat' dir='ltr'>impari</span> <span class='ocrx_word' id='word_1_307' title='bbox 591 4282 840 4341; x_wconf 91' lang='lat' dir='ltr'>militum</span> <span class='ocrx_word' id='word_1_308' title='bbox 859 4299 1100 4342; x_wconf 90' lang='lat' dir='ltr'>numero</span> <span class='ocrx_word' id='word_1_309' title='bbox 1124 4301 1254 4343; x_wconf 90' lang='lat' dir='ltr'>sese</span> <span class='ocrx_word' id='word_1_310' title='bbox 1286 4287 1341 4343; x_wconf 91' lang='lat' dir='ltr'>in</span> <span class='ocrx_word' id='word_1_311' title='bbox 1374 4289 1600 4345; x_wconf 89' lang='lat' dir='ltr'>hostem</span> <span class='ocrx_word' id='word_1_312' title='bbox 1631 4290 1812 4364; x_wconf 80' lang='lat' dir='ltr'>dedit,</span> 
     </span>
    </p>
   </div>
   <div class='ocr_carea' id='block_1_48' title="bbox 159 4371 1818 4449">
    <p class='ocr_par' dir='ltr' id='par_1_48' title="bbox 159 4371 1818 4449">
     <span class='ocr_line' id='line_1_48' title="bbox 159 4371 1818 4449; baseline 0.004 -20"><span class='ocrx_word' id='word_1_313' title='bbox 159 4378 225 4430; x_wconf 88' lang='lat' dir='ltr'>et</span> <span class='ocrx_word' id='word_1_314' title='bbox 255 4371 413 4443; x_wconf 89' lang='lat' dir='ltr'>apud</span> <span class='ocrx_word' id='word_1_315' title='bbox 444 4372 850 4442; x_wconf 86' lang='lat' dir='ltr'>Argentariam</span> <span class='ocrx_word' id='word_1_316' title='bbox 878 4373 1078 4431; x_wconf 64' lang='lat' dir='ltr'>Gallia</span> <span class='ocrx_word' id='word_1_317' title='bbox 1110 4374 1346 4447; x_wconf 91' lang='lat' dir='ltr'>opidum</span> <span class='ocrx_word' id='word_1_318' title='bbox 1380 4376 1511 4448; x_wconf 90' lang='lat' dir='ltr'>plus</span> <span class='ocrx_word' id='word_1_319' title='bbox 1540 4393 1707 4449; x_wconf 90' lang='lat' dir='ltr'>quam</span> <span class='ocrx_word' id='word_1_320' title='bbox 1750 4386 1818 4436; x_wconf 90' lang='lat'>30</span> 
     </span>
    </p>
   </div>
   <div class='ocr_carea' id='block_1_49' title="bbox 160 4459 1817 4526">
    <p class='ocr_par' dir='ltr' id='par_1_49' title="bbox 160 4459 1817 4526">
     <span class='ocr_line' id='line_1_49' title="bbox 160 4459 1817 4526; baseline 0.005 -9"><span class='ocrx_word' id='word_1_321' title='bbox 160 4460 324 4517; x_wconf 89' lang='lat' dir='ltr'>milia</span> <span class='ocrx_word' id='word_1_322' title='bbox 359 4459 804 4519; x_wconf 85' lang='lat' dir='ltr'>Alamannorum</span> <span class='ocrx_word' id='word_1_323' title='bbox 837 4461 1155 4520; x_wconf 90' lang='lat' dir='ltr'>interfecit.</span> <span class='ocrx_word' id='word_1_324' title='bbox 1186 4464 1403 4521; x_wconf 87' lang='lat' dir='ltr'>Deinde</span> <span class='ocrx_word' id='word_1_325' title='bbox 1427 4466 1670 4523; x_wconf 87' lang='lat' dir='ltr'>audiens</span> <span class='ocrx_word' id='word_1_326' title='bbox 1687 4470 1817 4526; x_wconf 89' lang='lat' dir='ltr'>Tra-</span> 
     </span>
    </p>
   </div>
   <div class='ocr_carea' id='block_1_50' title="bbox 1939 566 3588 643">
    <p class='ocr_par' dir='ltr' id='par_1_50' title="bbox 1939 566 3588 643">
     <span class='ocr_line' id='line_1_50' title="bbox 1939 566 3588 643; baseline 0.007 -26"><span class='ocrx_word' id='word_1_327' title='bbox 1939 578 2181 634; x_wconf 90' lang='lat' dir='ltr'>puerum</span> <span class='ocrx_word' id='word_1_328' title='bbox 2213 571 2501 635; x_wconf 85' lang='lat' dir='ltr'>cerneret,</span> <span class='ocrx_word' id='word_1_329' title='bbox 2536 570 2593 621; x_wconf 89' lang='lat' dir='ltr'>et</span> <span class='ocrx_word' id='word_1_330' title='bbox 2627 566 2765 638; x_wconf 88' lang='lat' dir='ltr'>quid</span> <span class='ocrx_word' id='word_1_331' title='bbox 2792 567 3009 625; x_wconf 86' lang='lat' dir='ltr'>faceret</span> <span class='ocrx_word' id='word_1_332' title='bbox 3040 568 3342 640; x_wconf 88' lang='lat' dir='ltr'>hesitaret,</span> <span class='ocrx_word' id='word_1_333' title='bbox 3370 571 3588 643; x_wconf 88' lang='lat' dir='ltr'>quippe</span> 
     </span>
    </p>
   </div>
   <div class='ocr_carea' id='block_1_51' title="bbox 1939 653 3586 729">
    <p class='ocr_par' dir='ltr' id='par_1_51' title="bbox 1939 653 3586 729">
     <span class='ocr_line' id='line_1_51' title="bbox 1939 653 3586 729; baseline 0.006 -22"><span class='ocrx_word' id='word_1_334' title='bbox 1939 667 2069 708; x_wconf 90' lang='lat' dir='ltr'>cum</span> <span class='ocrx_word' id='word_1_335' title='bbox 2102 653 2356 723; x_wconf 89' lang='lat' dir='ltr'>barbari,</span> <span class='ocrx_word' id='word_1_336' title='bbox 2391 655 2655 711; x_wconf 89' lang='lat' dir='ltr'>victoriis</span> <span class='ocrx_word' id='word_1_337' title='bbox 2684 656 2842 727; x_wconf 89' lang='lat' dir='ltr'>elati,</span> <span class='ocrx_word' id='word_1_338' title='bbox 2896 656 3381 729; x_wconf 86' lang='lat' dir='ltr'>inexpugnabiles</span> <span class='ocrx_word' id='word_1_339' title='bbox 3428 659 3586 718; x_wconf 85' lang='lat' dir='ltr'>vide-</span> 
     </span>
    </p>
   </div>
   <div class='ocr_carea' id='block_1_52' title="bbox 1938 742 3587 818">
    <p class='ocr_par' dir='ltr' id='par_1_52' title="bbox 1938 742 3587 818">
     <span class='ocr_line' id='line_1_52' title="bbox 1938 742 3587 818; baseline 0.004 -21"><span class='ocrx_word' id='word_1_340' title='bbox 1938 744 2162 813; x_wconf 89' lang='lat' dir='ltr'>rentur,</span> <span class='ocrx_word' id='word_1_341' title='bbox 2195 742 2396 799; x_wconf 91' lang='lat' dir='ltr'>eadem</span> <span class='ocrx_word' id='word_1_342' title='bbox 2432 744 2785 816; x_wconf 86' lang='lat' dir='ltr'>provisione,</span> <span class='ocrx_word' id='word_1_343' title='bbox 2811 761 2922 816; x_wconf 91' lang='lat' dir='ltr'>qua</span> <span class='ocrx_word' id='word_1_344' title='bbox 2942 747 3129 803; x_wconf 82' lang='lat' dir='ltr'>Nerva</span> <span class='ocrx_word' id='word_1_345' title='bbox 3152 747 3442 818; x_wconf 89' lang='lat' dir='ltr'>quondam</span> <span class='ocrx_word' id='word_1_346' title='bbox 3471 748 3587 803; x_wconf 77' lang='lat' dir='ltr'>ele-</span> 
     </span>
    </p>
   </div>
   <div class='ocr_carea' id='block_1_53' title="bbox 1937 832 3587 908">
    <p class='ocr_par' dir='ltr' id='par_1_53' title="bbox 1937 832 3587 908">
     <span class='ocr_line' id='line_1_53' title="bbox 1937 832 3587 908; baseline 0.005 -23"><span class='ocrx_word' id='word_1_347' title='bbox 1937 834 2105 899; x_wconf 87' lang='lat' dir='ltr'>gerat</span> <span class='ocrx_word' id='word_1_348' title='bbox 2137 834 2465 903; x_wconf 81' lang='lat' dir='ltr'>Hyspanum</span> <span class='ocrx_word' id='word_1_349' title='bbox 2496 832 2683 890; x_wconf 91' lang='lat' dir='ltr'>virum</span> <span class='ocrx_word' id='word_1_350' title='bbox 2704 835 3029 906; x_wconf 88' lang='lat' dir='ltr'>Trajanum,</span> <span class='ocrx_word' id='word_1_351' title='bbox 3058 851 3160 907; x_wconf 90' lang='lat' dir='ltr'>per</span> <span class='ocrx_word' id='word_1_352' title='bbox 3180 850 3347 906; x_wconf 91' lang='lat' dir='ltr'>quem</span> <span class='ocrx_word' id='word_1_353' title='bbox 3374 850 3467 893; x_wconf 90' lang='lat' dir='ltr'>res</span> <span class='ocrx_word' id='word_1_354' title='bbox 3487 852 3587 908; x_wconf 89' lang='lat' dir='ltr'>pu-</span> 
     </span>
    </p>
   </div>
   <div class='ocr_carea' id='block_1_54' title="bbox 1940 918 3584 995">
    <p class='ocr_par' dir='ltr' id='par_1_54' title="bbox 1940 918 3584 995">
     <span class='ocr_line' id='line_1_54' title="bbox 1940 918 3584 995; baseline 0.004 -21"><span class='ocrx_word' id='word_1_355' title='bbox 1940 918 2090 976; x_wconf 89' lang='lat' dir='ltr'>blica</span> <span class='ocrx_word' id='word_1_356' title='bbox 2124 925 2396 993; x_wconf 89' lang='lat' dir='ltr'>reparata</span> <span class='ocrx_word' id='word_1_357' title='bbox 2428 928 2538 991; x_wconf 89' lang='lat' dir='ltr'>est,</span> <span class='ocrx_word' id='word_1_358' title='bbox 2573 922 2822 979; x_wconf 88' lang='lat' dir='ltr'>accitum</span> <span class='ocrx_word' id='word_1_359' title='bbox 2851 928 2911 980; x_wconf 90' lang='lat' dir='ltr'>et</span> <span class='ocrx_word' id='word_1_360' title='bbox 2934 924 3054 995; x_wconf 87' lang='lat' dir='ltr'>ipse</span> <span class='ocrx_word' id='word_1_361' title='bbox 3079 924 3490 983; x_wconf 87' lang='lat' dir='ltr'>nichilominus</span> <span class='ocrx_word' id='word_1_362' title='bbox 3510 925 3584 981; x_wconf 90' lang='lat' dir='ltr'>ab</span> 
     </span>
    </p>
   </div>
   <div class='ocr_carea' id='block_1_55' title="bbox 1938 1008 3584 1085">
    <p class='ocr_par' dir='ltr' id='par_1_55' title="bbox 1938 1008 3584 1085">
     <span class='ocr_line' id='line_1_55' title="bbox 1938 1008 3584 1085; baseline 0.005 -23"><span class='ocrx_word' id='word_1_363' title='bbox 1938 1008 2229 1079; x_wconf 88' lang='lat' dir='ltr'>Hyspania</span> <span class='ocrx_word' id='word_1_364' title='bbox 2252 1010 2634 1067; x_wconf 87' lang='lat' dir='ltr'>Theodosium</span> <span class='ocrx_word' id='word_1_365' title='bbox 2659 1012 2998 1081; x_wconf 85' lang='lat' dir='ltr'>magistrum</span> <span class='ocrx_word' id='word_1_366' title='bbox 3016 1013 3236 1070; x_wconf 68' lang='lat' dir='ltr'>militias</span> <span class='ocrx_word' id='word_1_367' title='bbox 3254 1014 3410 1085; x_wconf 88' lang='lat' dir='ltr'>fecit,</span> <span class='ocrx_word' id='word_1_368' title='bbox 3427 1028 3584 1070; x_wconf 84' lang='lat' dir='ltr'>eum-</span> 
     </span>
    </p>
   </div>
   <div class='ocr_carea' id='block_1_56' title="bbox 1940 1101 3583 1172">
    <p class='ocr_par' dir='ltr' id='par_1_56' title="bbox 1940 1101 3583 1172">
     <span class='ocr_line' id='line_1_56' title="bbox 1940 1101 3583 1172; baseline 0.003 -19"><span class='ocrx_word' id='word_1_369' title='bbox 1940 1111 2049 1167; x_wconf 87' lang='lat' dir='ltr'>que</span> <span class='ocrx_word' id='word_1_370' title='bbox 2071 1102 2275 1155; x_wconf 89' lang='lat' dir='ltr'>contra</span> <span class='ocrx_word' id='word_1_371' title='bbox 2302 1101 2582 1157; x_wconf 89' lang='lat' dir='ltr'>barbaros</span> <span class='ocrx_word' id='word_1_372' title='bbox 2605 1115 2734 1157; x_wconf 91' lang='lat' dir='ltr'>cum</span> <span class='ocrx_word' id='word_1_373' title='bbox 2760 1101 3131 1172; x_wconf 81' lang='lat' dir='ltr'>expeditione</span> <span class='ocrx_word' id='word_1_374' title='bbox 3155 1102 3329 1158; x_wconf 85' lang='lat' dir='ltr'>misit.</span> <span class='ocrx_word' id='word_1_375' title='bbox 3356 1102 3463 1169; x_wconf 87' lang='lat' dir='ltr'>Qui</span> <span class='ocrx_word' id='word_1_376' title='bbox 3489 1117 3583 1159; x_wconf 89' lang='lat' dir='ltr'>va-</span> 
     </span>
    </p>
   </div>
   <div class='ocr_carea' id='block_1_57' title="bbox 1939 1183 3580 1260">
    <p class='ocr_par' dir='ltr' id='par_1_57' title="bbox 1939 1183 3580 1260">
     <span class='ocr_line' id='line_1_57' title="bbox 1939 1183 3580 1260; baseline 0.005 -20"><span class='ocrx_word' id='word_1_377' title='bbox 1939 1183 2101 1257; x_wconf 89' lang='lat' dir='ltr'>dens,</span> <span class='ocrx_word' id='word_1_378' title='bbox 2138 1187 2372 1245; x_wconf 89' lang='lat' dir='ltr'>fortiter</span> <span class='ocrx_word' id='word_1_379' title='bbox 2401 1204 2531 1246; x_wconf 90' lang='lat' dir='ltr'>cum</span> <span class='ocrx_word' id='word_1_380' title='bbox 2564 1188 2679 1245; x_wconf 89' lang='lat' dir='ltr'>illis</span> <span class='ocrx_word' id='word_1_381' title='bbox 2712 1190 2976 1246; x_wconf 78' lang='lat' dir='ltr'>maximis</span> <span class='ocrx_word' id='word_1_382' title='bbox 3008 1191 3257 1260; x_wconf 66' lang='lat' dir='ltr'>Scythia}</span> <span class='ocrx_word' id='word_1_383' title='bbox 3300 1191 3580 1260; x_wconf 82' lang='lat' dir='ltr'>gentibus</span> 
     </span>
    </p>
   </div>
   <div class='ocr_carea' id='block_1_58' title="bbox 1941 1277 3578 1350">
    <p class='ocr_par' dir='ltr' id='par_1_58' title="bbox 1941 1277 3578 1350">
     <span class='ocr_line' id='line_1_58' title="bbox 1941 1277 3578 1350; baseline 0.003 -19"><span class='ocrx_word' id='word_1_384' title='bbox 1941 1277 2237 1345; x_wconf 86' lang='lat' dir='ltr'>pugnavit,</span> <span class='ocrx_word' id='word_1_385' title='bbox 2266 1282 2325 1333; x_wconf 91' lang='lat' dir='ltr'>et</span> <span class='ocrx_word' id='word_1_386' title='bbox 2350 1277 2596 1334; x_wconf 87' lang='lat' dir='ltr'>feliciter</span> <span class='ocrx_word' id='word_1_387' title='bbox 2610 1278 3009 1350; x_wconf 90' lang='lat' dir='ltr'>triumphavit.</span> <span class='ocrx_word' id='word_1_388' title='bbox 3030 1280 3155 1336; x_wconf 81' lang='lat' dir='ltr'>Mox</span> <span class='ocrx_word' id='word_1_389' title='bbox 3170 1280 3287 1335; x_wconf 87' lang='lat' dir='ltr'>dux</span> <span class='ocrx_word' id='word_1_390' title='bbox 3301 1279 3578 1349; x_wconf 85' lang='lat' dir='ltr'>optimus,</span> 
     </span>
    </p>
   </div>
   <div class='ocr_carea' id='block_1_59' title="bbox 1940 1365 3584 1447">
    <p class='ocr_par' dir='ltr' id='par_1_59' title="bbox 1940 1365 3584 1447">
     <span class='ocr_line' id='line_1_59' title="bbox 1940 1365 3584 1447; baseline 0.002 -28"><span class='ocrx_word' id='word_1_391' title='bbox 1940 1365 2205 1422; x_wconf 87' lang='lat' dir='ltr'>exercitu</span> <span class='ocrx_word' id='word_1_392' title='bbox 2239 1366 2507 1437; x_wconf 88' lang='lat' dir='ltr'>disperso</span> <span class='ocrx_word' id='word_1_393' title='bbox 2530 1382 2635 1438; x_wconf 91' lang='lat' dir='ltr'>per</span> <span class='ocrx_word' id='word_1_394' title='bbox 2658 1369 2855 1437; x_wconf 89' lang='lat' dir='ltr'>urbes,</span> <span class='ocrx_word' id='word_1_395' title='bbox 2882 1368 2895 1421; x_wconf 92' lang='lat' dir='ltr'>i</span> <span class='ocrx_word' id='word_1_396' title='bbox 2904 1383 3005 1439; x_wconf 89' lang='lat' dir='ltr'>pse</span> <span class='ocrx_word' id='word_1_397' title='bbox 3027 1368 3313 1425; x_wconf 89' lang='lat' dir='ltr'>velociter</span> <span class='ocrx_word' id='word_1_398' title='bbox 3334 1367 3405 1447; x_wconf 84' lang='lat' dir='ltr'>ad</span> <span class='ocrx_word' id='word_1_399' title='bbox 3429 1367 3584 1439; x_wconf 89' lang='lat' dir='ltr'>prin-</span> 
     </span>
    </p>
   </div>
   <div class='ocr_carea' id='block_1_60' title="bbox 1941 1452 3584 1528">
    <p class='ocr_par' dir='ltr' id='par_1_60' title="bbox 1941 1452 3584 1528">
     <span class='ocr_line' id='line_1_60' title="bbox 1941 1452 3584 1528; baseline 0.002 -20"><span class='ocrx_word' id='word_1_400' title='bbox 1941 1452 1990 1508; x_wconf 91' lang='lat' dir='ltr'>ci</span> <span class='ocrx_word' id='word_1_401' title='bbox 1999 1468 2125 1525; x_wconf 91' lang='lat' dir='ltr'>pem</span> <span class='ocrx_word' id='word_1_402' title='bbox 2150 1456 2446 1524; x_wconf 86' lang='lat' dir='ltr'>remeavit,</span> <span class='ocrx_word' id='word_1_403' title='bbox 2481 1456 2722 1527; x_wconf 89' lang='lat' dir='ltr'>ipseque</span> <span class='ocrx_word' id='word_1_404' title='bbox 2748 1456 3173 1528; x_wconf 89' lang='lat' dir='ltr'>triumphorum</span> <span class='ocrx_word' id='word_1_405' title='bbox 3189 1472 3427 1514; x_wconf 85' lang='lat' dir='ltr'>suorum</span> <span class='ocrx_word' id='word_1_406' title='bbox 3443 1470 3584 1513; x_wconf 92' lang='lat' dir='ltr'>nun-</span> 
     </span>
    </p>
   </div>
   <div class='ocr_carea' id='block_1_61' title="bbox 1940 1541 3583 1617">
    <p class='ocr_par' dir='ltr' id='par_1_61' title="bbox 1940 1541 3583 1617">
     <span class='ocr_line' id='line_1_61' title="bbox 1940 1541 3583 1617; baseline 0.004 -22"><span class='ocrx_word' id='word_1_407' title='bbox 1940 1541 2067 1599; x_wconf 89' lang='lat' dir='ltr'>cius</span> <span class='ocrx_word' id='word_1_408' title='bbox 2091 1544 2307 1599; x_wconf 79' lang='lat' dir='ltr'>extitit.</span> <span class='ocrx_word' id='word_1_409' title='bbox 2340 1545 2504 1610; x_wconf 88' lang='lat' dir='ltr'>Quod</span> <span class='ocrx_word' id='word_1_410' title='bbox 2538 1545 2673 1602; x_wconf 91' lang='lat' dir='ltr'>dum</span> <span class='ocrx_word' id='word_1_411' title='bbox 2706 1550 3024 1616; x_wconf 77' lang='lat' dir='ltr'>imperator</span> <span class='ocrx_word' id='word_1_412' title='bbox 3055 1561 3160 1617; x_wconf 89' lang='lat' dir='ltr'>pre</span> <span class='ocrx_word' id='word_1_413' title='bbox 3198 1544 3583 1602; x_wconf 90' lang='lat' dir='ltr'>admiratione</span> 
     </span>
    </p>
   </div>
   <div class='ocr_carea' id='block_1_62' title="bbox 1941 1632 3585 1704">
    <p class='ocr_par' dir='ltr' id='par_1_62' title="bbox 1941 1632 3585 1704">
     <span class='ocr_line' id='line_1_62' title="bbox 1941 1632 3585 1704; baseline 0.002 -19"><span class='ocrx_word' id='word_1_414' title='bbox 1941 1645 2053 1686; x_wconf 91' lang='lat' dir='ltr'>non</span> <span class='ocrx_word' id='word_1_415' title='bbox 2082 1632 2371 1702; x_wconf 87' lang='lat' dir='ltr'>crederet,</span> <span class='ocrx_word' id='word_1_416' title='bbox 2407 1634 2587 1690; x_wconf 89' lang='lat' dir='ltr'>invidi</span> <span class='ocrx_word' id='word_1_417' title='bbox 2621 1633 2915 1704; x_wconf 89' lang='lat' dir='ltr'>dicebant,</span> <span class='ocrx_word' id='word_1_418' title='bbox 2939 1650 3069 1692; x_wconf 90' lang='lat' dir='ltr'>eum</span> <span class='ocrx_word' id='word_1_419' title='bbox 3090 1634 3307 1704; x_wconf 89' lang='lat' dir='ltr'>fugisse</span> <span class='ocrx_word' id='word_1_420' title='bbox 3330 1639 3388 1690; x_wconf 92' lang='lat' dir='ltr'>et</span> <span class='ocrx_word' id='word_1_421' title='bbox 3419 1649 3585 1691; x_wconf 86' lang='lat' dir='ltr'>exer-</span> 
     </span>
    </p>
   </div>
   <div class='ocr_carea' id='block_1_63' title="bbox 1943 1719 3582 1792">
    <p class='ocr_par' dir='ltr' id='par_1_63' title="bbox 1943 1719 3582 1792">
     <span class='ocr_line' id='line_1_63' title="bbox 1943 1719 3582 1792; baseline 0.002 -18"><span class='ocrx_word' id='word_1_422' title='bbox 1943 1719 2122 1775; x_wconf 91' lang='lat' dir='ltr'>citum</span> <span class='ocrx_word' id='word_1_423' title='bbox 2140 1720 2484 1791; x_wconf 88' lang='lat' dir='ltr'>perdidisse.</span> <span class='ocrx_word' id='word_1_424' title='bbox 2513 1722 2697 1778; x_wconf 85' lang='lat' dir='ltr'>Atille</span> <span class='ocrx_word' id='word_1_425' title='bbox 2718 1722 3067 1792; x_wconf 84' lang='lat' dir='ltr'>derogantes</span> <span class='ocrx_word' id='word_1_426' title='bbox 3081 1723 3188 1779; x_wconf 91' lang='lat' dir='ltr'>sibi</span> <span class='ocrx_word' id='word_1_427' title='bbox 3204 1726 3370 1791; x_wconf 87' lang='lat' dir='ltr'>rogat</span> <span class='ocrx_word' id='word_1_428' title='bbox 3386 1720 3582 1792; x_wconf 88' lang='lat' dir='ltr'>dirigi,</span> 
     </span>
    </p>
   </div>
   <div class='ocr_carea' id='block_1_64' title="bbox 1860 1810 3583 1893">
    <p class='ocr_par' dir='ltr' id='par_1_64' title="bbox 1860 1810 3583 1893">
     <span class='ocr_line' id='line_1_64' title="bbox 1860 1810 3583 1893; baseline 0.001 -28"><span class='ocrx_word' id='word_1_429' title='bbox 1860 1834 1914 1893; x_wconf 81' lang='grc' dir='ltr'>Β</span> <span class='ocrx_word' id='word_1_430' title='bbox 1944 1810 2040 1878; x_wconf 89' lang='lat' dir='ltr'>qui</span> <span class='ocrx_word' id='word_1_431' title='bbox 2057 1810 2318 1866; x_wconf 89' lang='lat' dir='ltr'>viderent</span> <span class='ocrx_word' id='word_1_432' title='bbox 2336 1812 2765 1869; x_wconf 86' lang='lat' dir='ltr'>multitudinem</span> <span class='ocrx_word' id='word_1_433' title='bbox 2781 1817 3238 1882; x_wconf 90' lang='lat' dir='ltr'>peremptorum.</span> <span class='ocrx_word' id='word_1_434' title='bbox 3258 1810 3583 1882; x_wconf 56' lang='lat' dir='ltr'>Hiszverbis</span> 
     </span>
    </p>
   </div>
   <div class='ocr_carea' id='block_1_65' title="bbox 1945 1897 3585 1971">
    <p class='ocr_par' dir='ltr' id='par_1_65' title="bbox 1945 1897 3585 1971">
     <span class='ocr_line' id='line_1_65' title="bbox 1945 1897 3585 1971; baseline 0.003 -20"><span class='ocrx_word' id='word_1_435' title='bbox 1945 1897 2263 1969; x_wconf 87' lang='lat' dir='ltr'>imperator</span> <span class='ocrx_word' id='word_1_436' title='bbox 2296 1900 2726 1970; x_wconf 82' lang='lat' dir='ltr'>flexus,direxit</span> <span class='ocrx_word' id='word_1_437' title='bbox 2758 1901 2855 1971; x_wconf 90' lang='lat' dir='ltr'>qui</span> <span class='ocrx_word' id='word_1_438' title='bbox 2890 1916 2984 1957; x_wconf 91' lang='lat' dir='ltr'>res</span> <span class='ocrx_word' id='word_1_439' title='bbox 3017 1907 3178 1957; x_wconf 90' lang='lat' dir='ltr'>actas</span> <span class='ocrx_word' id='word_1_440' title='bbox 3213 1900 3322 1956; x_wconf 89' lang='lat' dir='ltr'>sibi</span> <span class='ocrx_word' id='word_1_441' title='bbox 3348 1899 3585 1956; x_wconf 89' lang='lat' dir='ltr'>nuncia-</span> 
     </span>
    </p>
   </div>
   <div class='ocr_carea' id='block_1_66' title="bbox 1944 1989 3580 2059">
    <p class='ocr_par' dir='ltr' id='par_1_66' title="bbox 1944 1989 3580 2059">
     <span class='ocr_line' id='line_1_66' title="bbox 1944 1989 3580 2059; baseline 0.002 -18"><span class='ocrx_word' id='word_1_442' title='bbox 1944 1990 2091 2041; x_wconf 90' lang='lat' dir='ltr'>rent.</span> <span class='ocrx_word' id='word_1_443' title='bbox 2116 1990 2298 2045; x_wconf 89' lang='lat' dir='ltr'>Porro</span> <span class='ocrx_word' id='word_1_444' title='bbox 2329 1989 2447 2045; x_wconf 87' lang='lat' dir='ltr'>dux</span> <span class='ocrx_word' id='word_1_445' title='bbox 2477 1989 2732 2059; x_wconf 88' lang='lat' dir='ltr'>optimus</span> <span class='ocrx_word' id='word_1_446' title='bbox 2764 1990 2916 2045; x_wconf 89' lang='lat' dir='ltr'>inter</span> <span class='ocrx_word' id='word_1_447' title='bbox 2942 1990 3065 2046; x_wconf 74' lang='lat' dir='ltr'>haec</span> <span class='ocrx_word' id='word_1_448' title='bbox 3084 1989 3231 2045; x_wconf 90' lang='lat' dir='ltr'>vidit</span> <span class='ocrx_word' id='word_1_449' title='bbox 3255 1990 3311 2044; x_wconf 91' lang='lat' dir='ltr'>in</span> <span class='ocrx_word' id='word_1_450' title='bbox 3336 1989 3580 2058; x_wconf 89' lang='lat' dir='ltr'>visione,</span> 
     </span>
    </p>
   </div>
   <div class='ocr_carea' id='block_1_67' title="bbox 1942 2075 3584 2148">
    <p class='ocr_par' dir='ltr' id='par_1_67' title="bbox 1942 2075 3584 2148">
     <span class='ocr_line' id='line_1_67' title="bbox 1942 2075 3584 2148; baseline 0.001 -17"><span class='ocrx_word' id='word_1_451' title='bbox 1942 2076 2349 2145; x_wconf 89' lang='lat' dir='ltr'>quodsanctus</span> <span class='ocrx_word' id='word_1_452' title='bbox 2364 2077 2635 2145; x_wconf 88' lang='lat' dir='ltr'>Miletius,</span> <span class='ocrx_word' id='word_1_453' title='bbox 2668 2078 3041 2134; x_wconf 70' lang='lat' dir='ltr'>Antiocheam</span> <span class='ocrx_word' id='word_1_454' title='bbox 3072 2077 3332 2133; x_wconf 90' lang='lat' dir='ltr'>civitatis</span> <span class='ocrx_word' id='word_1_455' title='bbox 3363 2075 3584 2148; x_wconf 88' lang='lat' dir='ltr'>episco-</span> 
     </span>
    </p>
   </div>
   <div class='ocr_carea' id='block_1_68' title="bbox 1940 2164 3578 2237">
    <p class='ocr_par' dir='ltr' id='par_1_68' title="bbox 1940 2164 3578 2237">
     <span class='ocr_line' id='line_1_68' title="bbox 1940 2164 3578 2237; baseline 0.001 -17"><span class='ocrx_word' id='word_1_456' title='bbox 1940 2164 2214 2237; x_wconf 69' lang='lat' dir='ltr'>pus,:eum</span> <span class='ocrx_word' id='word_1_457' title='bbox 2232 2166 2497 2221; x_wconf 89' lang='lat' dir='ltr'>indueret</span> <span class='ocrx_word' id='word_1_458' title='bbox 2517 2164 2798 2236; x_wconf 88' lang='lat' dir='ltr'>imperiali</span> <span class='ocrx_word' id='word_1_459' title='bbox 2815 2165 3061 2221; x_wconf 89' lang='lat' dir='ltr'>clamide</span> <span class='ocrx_word' id='word_1_460' title='bbox 3088 2169 3145 2221; x_wconf 90' lang='lat' dir='ltr'>et</span> <span class='ocrx_word' id='word_1_461' title='bbox 3169 2179 3383 2222; x_wconf 89' lang='lat' dir='ltr'>corona</span> <span class='ocrx_word' id='word_1_462' title='bbox 3406 2170 3578 2236; x_wconf 88' lang='lat' dir='ltr'>caput</span> 
     </span>
    </p>
   </div>
   <div class='ocr_carea' id='block_1_69' title="bbox 1940 2253 3581 2322">
    <p class='ocr_par' dir='ltr' id='par_1_69' title="bbox 1940 2253 3581 2322">
     <span class='ocr_line' id='line_1_69' title="bbox 1940 2253 3581 2322; baseline 0.001 -14"><span class='ocrx_word' id='word_1_463' title='bbox 1940 2253 2070 2322; x_wconf 89' lang='lat' dir='ltr'>ejus</span> <span class='ocrx_word' id='word_1_464' title='bbox 2083 2258 2341 2310; x_wconf 89' lang='lat' dir='ltr'>ornaret.</span> <span class='ocrx_word' id='word_1_465' title='bbox 2362 2255 2493 2309; x_wconf 75' lang='lat' dir='ltr'>Haec</span> <span class='ocrx_word' id='word_1_466' title='bbox 2508 2254 2637 2310; x_wconf 76' lang='lat' dir='ltr'>cum</span> <span class='ocrx_word' id='word_1_467' title='bbox 2652 2253 2752 2309; x_wconf 90' lang='lat' dir='ltr'>ille</span> <span class='ocrx_word' id='word_1_468' title='bbox 2767 2253 3035 2310; x_wconf 89' lang='lat' dir='ltr'>retulerit</span> <span class='ocrx_word' id='word_1_469' title='bbox 3064 2253 3129 2287; x_wconf 77' lang='grc'>⁰⁰⁶</span> <span class='ocrx_word' id='word_1_470' title='bbox 3164 2270 3329 2310; x_wconf 86' lang='lat' dir='ltr'>mane</span> <span class='ocrx_word' id='word_1_471' title='bbox 3351 2254 3581 2311; x_wconf 90' lang='lat' dir='ltr'>cuidam</span> 
     </span>
    </p>
   </div>
   <div class='ocr_carea' id='block_1_70' title="bbox 1941 2340 3582 2412">
    <p class='ocr_par' dir='ltr' id='par_1_70' title="bbox 1941 2340 3582 2412">
     <span class='ocr_line' id='line_1_70' title="bbox 1941 2340 3582 2412; baseline -0.001 -17"><span class='ocrx_word' id='word_1_472' title='bbox 1941 2341 2278 2412; x_wconf 89' lang='lat' dir='ltr'>amicorum,</span> <span class='ocrx_word' id='word_1_473' title='bbox 2306 2340 2403 2397; x_wconf 91' lang='lat' dir='ltr'>ille</span> <span class='ocrx_word' id='word_1_474' title='bbox 2426 2341 2648 2397; x_wconf 90' lang='lat' dir='ltr'>clarum</span> <span class='ocrx_word' id='word_1_475' title='bbox 2671 2355 2801 2398; x_wconf 90' lang='lat' dir='ltr'>esse</span> <span class='ocrx_word' id='word_1_476' title='bbox 2822 2341 2968 2396; x_wconf 87' lang='lat' dir='ltr'>dixit</span> <span class='ocrx_word' id='word_1_477' title='bbox 2990 2341 3306 2412; x_wconf 42' lang='lat' dir='ltr'>isomnium,</span> <span class='ocrx_word' id='word_1_478' title='bbox 3322 2346 3378 2398; x_wconf 91' lang='lat' dir='ltr'>et</span> <span class='ocrx_word' id='word_1_479' title='bbox 3404 2340 3582 2397; x_wconf 90' lang='lat' dir='ltr'>nichil</span> 
     </span>
    </p>
   </div>
   <div class='ocr_carea' id='block_1_71' title="bbox 1938 2428 3583 2501">
    <p class='ocr_par' dir='ltr' id='par_1_71' title="bbox 1938 2428 3583 2501">
     <span class='ocr_line' id='line_1_71' title="bbox 1938 2428 3583 2501; baseline -0.001 -15"><span class='ocrx_word' id='word_1_480' title='bbox 1938 2429 2388 2500; x_wconf 73' lang='lat' dir='ltr'>aenigmaticum,</span> <span class='ocrx_word' id='word_1_481' title='bbox 2423 2428 2600 2484; x_wconf 90' lang='lat' dir='ltr'>nichil</span> <span class='ocrx_word' id='word_1_482' title='bbox 2633 2429 2849 2485; x_wconf 88' lang='lat' dir='ltr'>habere</span> <span class='ocrx_word' id='word_1_483' title='bbox 2880 2428 3139 2487; x_wconf 89' lang='lat' dir='ltr'>dubium.</span> <span class='ocrx_word' id='word_1_484' title='bbox 3177 2431 3315 2486; x_wconf 87' lang='lat' dir='ltr'>Post</span> <span class='ocrx_word' id='word_1_485' title='bbox 3364 2443 3583 2501; x_wconf 79' lang='lat' dir='ltr'>paucos</span> 
     </span>
    </p>
   </div>
   <div class='ocr_carea' id='block_1_72' title="bbox 1940 2518 3584 2590">
    <p class='ocr_par' dir='ltr' id='par_1_72' title="bbox 1940 2518 3584 2590">
     <span class='ocr_line' id='line_1_72' title="bbox 1940 2518 3584 2590; baseline -0.001 -17"><span class='ocrx_word' id='word_1_486' title='bbox 1940 2522 2133 2574; x_wconf 88' lang='lat' dir='ltr'>autem</span> <span class='ocrx_word' id='word_1_487' title='bbox 2168 2518 2291 2575; x_wconf 91' lang='lat' dir='ltr'>dies</span> <span class='ocrx_word' id='word_1_488' title='bbox 2322 2518 2418 2588; x_wconf 88' lang='lat' dir='ltr'>qui</span> <span class='ocrx_word' id='word_1_489' title='bbox 2451 2518 2610 2573; x_wconf 87' lang='lat' dir='ltr'>missi</span> <span class='ocrx_word' id='word_1_490' title='bbox 2646 2520 2875 2575; x_wconf 88' lang='lat' dir='ltr'>fuerant</span> <span class='ocrx_word' id='word_1_491' title='bbox 2908 2518 3229 2588; x_wconf 87' lang='lat' dir='ltr'>redierunt,</span> <span class='ocrx_word' id='word_1_492' title='bbox 3257 2521 3584 2590; x_wconf 89' lang='lat' dir='ltr'>perempta-</span> 
     </span>
    </p>
   </div>
   <div class='ocr_carea' id='block_1_73' title="bbox 1938 2605 3579 2677">
    <p class='ocr_par' dir='ltr' id='par_1_73' title="bbox 1938 2605 3579 2677">
     <span class='ocr_line' id='line_1_73' title="bbox 1938 2605 3579 2677; baseline -0.001 -14"><span class='ocrx_word' id='word_1_493' title='bbox 1938 2621 2051 2677; x_wconf 91' lang='lat' dir='ltr'>que</span> <span class='ocrx_word' id='word_1_494' title='bbox 2083 2605 2264 2662; x_wconf 91' lang='lat' dir='ltr'>multa</span> <span class='ocrx_word' id='word_1_495' title='bbox 2294 2606 2549 2662; x_wconf 91' lang='lat' dir='ltr'>hostium</span> <span class='ocrx_word' id='word_1_496' title='bbox 2582 2605 2736 2662; x_wconf 88' lang='lat' dir='ltr'>milia</span> <span class='ocrx_word' id='word_1_497' title='bbox 2756 2612 3161 2663; x_wconf 87' lang='lat' dir='ltr'>narraverunt.</span> <span class='ocrx_word' id='word_1_498' title='bbox 3198 2605 3579 2673; x_wconf 89' lang='lat' dir='ltr'>Quamobrem</span> 
     </span>
    </p>
   </div>
   <div class='ocr_carea' id='block_1_74' title="bbox 1941 2694 3578 2765">
    <p class='ocr_par' dir='ltr' id='par_1_74' title="bbox 1941 2694 3578 2765">
     <span class='ocr_line' id='line_1_74' title="bbox 1941 2694 3578 2765; baseline 0 -16"><span class='ocrx_word' id='word_1_499' title='bbox 1941 2695 2176 2752; x_wconf 78' lang='lat' dir='ltr'>laetatus</span> <span class='ocrx_word' id='word_1_500' title='bbox 2234 2694 2506 2765; x_wconf 86' lang='lat' dir='ltr'>princeps</span> <span class='ocrx_word' id='word_1_501' title='bbox 2554 2694 2884 2764; x_wconf 90' lang='lat' dir='ltr'>Gratianus,</span> <span class='ocrx_word' id='word_1_502' title='bbox 2948 2695 3277 2750; x_wconf 88' lang='lat' dir='ltr'>faventibus</span> <span class='ocrx_word' id='word_1_503' title='bbox 3327 2694 3578 2763; x_wconf 88' lang='lat' dir='ltr'>cunctis,</span> 
     </span>
    </p>
   </div>
   <div class='ocr_carea' id='block_1_75' title="bbox 1937 2782 3583 2852">
    <p class='ocr_par' dir='ltr' id='par_1_75' title="bbox 1937 2782 3583 2852">
     <span class='ocr_line' id='line_1_75' title="bbox 1937 2782 3583 2852; baseline -0.001 -14"><span class='ocrx_word' id='word_1_504' title='bbox 1937 2783 2339 2852; x_wconf 89' lang='lat' dir='ltr'>Theodosium,</span> <span class='ocrx_word' id='word_1_505' title='bbox 2375 2782 2732 2839; x_wconf 89' lang='lat' dir='ltr'>tricesimum</span> <span class='ocrx_word' id='word_1_506' title='bbox 2764 2782 3011 2838; x_wconf 91' lang='lat' dir='ltr'>tercium</span> <span class='ocrx_word' id='word_1_507' title='bbox 3042 2783 3235 2838; x_wconf 69' lang='lat' dir='ltr'>mtatis</span> <span class='ocrx_word' id='word_1_508' title='bbox 3256 2798 3463 2838; x_wconf 87' lang='lat' dir='ltr'>annum</span> <span class='ocrx_word' id='word_1_509' title='bbox 3487 2798 3583 2851; x_wconf 81' lang='lat' dir='ltr'>ge-</span> 
     </span>
    </p>
   </div>
   <div class='ocr_carea' id='block_1_76' title="bbox 1939 2870 3580 2942">
    <p class='ocr_par' dir='ltr' id='par_1_76' title="bbox 1939 2870 3580 2942">
     <span class='ocr_line' id='line_1_76' title="bbox 1939 2870 3580 2942; baseline -0.002 -14"><span class='ocrx_word' id='word_1_510' title='bbox 1939 2877 2182 2941; x_wconf 89' lang='lat' dir='ltr'>rentem,</span> <span class='ocrx_word' id='word_1_511' title='bbox 2220 2871 2370 2942; x_wconf 92' lang='lat' dir='ltr'>apud</span> <span class='ocrx_word' id='word_1_512' title='bbox 2396 2870 2665 2926; x_wconf 89' lang='lat' dir='ltr'>Sirmium</span> <span class='ocrx_word' id='word_1_513' title='bbox 2688 2885 2945 2941; x_wconf 87' lang='lat' dir='ltr'>purpura</span> <span class='ocrx_word' id='word_1_514' title='bbox 2973 2870 3179 2938; x_wconf 86' lang='lat' dir='ltr'>induit,</span> <span class='ocrx_word' id='word_1_515' title='bbox 3207 2870 3580 2940; x_wconf 86' lang='lat' dir='ltr'>Orientisque</span> 
     </span>
    </p>
   </div>
   <div class='ocr_carea' id='block_1_77' title="bbox 1912 2950 3573 3029">
    <p class='ocr_par' dir='ltr' id='par_1_77' title="bbox 1912 2950 3573 3029">
     <span class='ocr_line' id='line_1_77' title="bbox 1912 2950 3573 3029; baseline -0.002 -12"><span class='ocrx_word' id='word_1_516' title='bbox 1912 2950 1993 3017; x_wconf 40' lang='lat' dir='ltr'>let</span> <span class='ocrx_word' id='word_1_517' title='bbox 2024 2960 2239 3016; x_wconf 68' lang='lat' dir='ltr'>Tracias</span> <span class='ocrx_word' id='word_1_518' title='bbox 2273 2958 2439 3016; x_wconf 88' lang='lat' dir='ltr'>simul</span> <span class='ocrx_word' id='word_1_519' title='bbox 2474 2958 2716 3029; x_wconf 87' lang='lat' dir='ltr'>imperio</span> <span class='ocrx_word' id='word_1_520' title='bbox 2739 2959 2987 3029; x_wconf 87' lang='lat' dir='ltr'>prefecit</span> <span class='ocrx_word' id='word_1_521' title='bbox 3008 2958 3091 3011; x_wconf 66' lang='grc'>⁸0⁵.</span> <span class='ocrx_word' id='word_1_522' title='bbox 3122 2959 3305 3028; x_wconf 85' lang='lat' dir='ltr'>Igitur</span> <span class='ocrx_word' id='word_1_523' title='bbox 3325 2959 3573 3015; x_wconf 87' lang='lat' dir='ltr'>Theodo-</span> 
     </span>
    </p>
   </div>
   <div class='ocr_carea' id='block_1_78' title="bbox 1936 3045 3580 3119">
    <p class='ocr_par' dir='ltr' id='par_1_78' title="bbox 1936 3045 3580 3119">
     <span class='ocr_line' id='line_1_78' title="bbox 1936 3045 3580 3119; baseline -0.002 -12"><span class='ocrx_word' id='word_1_524' title='bbox 1936 3051 2057 3107; x_wconf 89' lang='lat' dir='ltr'>sius</span> <span class='ocrx_word' id='word_1_525' title='bbox 2089 3045 2648 3119; x_wconf 87' lang='lat' dir='ltr'>Constantinopolim</span> <span class='ocrx_word' id='word_1_526' title='bbox 2682 3047 3050 3118; x_wconf 88' lang='lat' dir='ltr'>triumphans</span> <span class='ocrx_word' id='word_1_527' title='bbox 3092 3047 3350 3117; x_wconf 89' lang='lat' dir='ltr'>intravit,</span> <span class='ocrx_word' id='word_1_528' title='bbox 3403 3052 3459 3103; x_wconf 93' lang='lat' dir='ltr'>et</span> <span class='ocrx_word' id='word_1_529' title='bbox 3508 3062 3580 3103; x_wconf 90' lang='lat' dir='ltr'>ne</span> 
     </span>
    </p>
   </div>
   <div class='ocr_carea' id='block_1_79' title="bbox 1938 3135 3579 3208">
    <p class='ocr_par' dir='ltr' id='par_1_79' title="bbox 1938 3135 3579 3208">
     <span class='ocr_line' id='line_1_79' title="bbox 1938 3135 3579 3208; baseline -0.001 -15"><span class='ocrx_word' id='word_1_530' title='bbox 1938 3139 2171 3195; x_wconf 90' lang='lat' dir='ltr'>assidue</span> <span class='ocrx_word' id='word_1_531' title='bbox 2188 3136 2495 3208; x_wconf 90' lang='lat' dir='ltr'>pugnando</span> <span class='ocrx_word' id='word_1_532' title='bbox 2509 3137 2827 3191; x_wconf 86' lang='lat' dir='ltr'>Romanum</span> <span class='ocrx_word' id='word_1_533' title='bbox 2842 3135 3120 3207; x_wconf 85' lang='lat' dir='ltr'>populum</span> <span class='ocrx_word' id='word_1_534' title='bbox 3139 3136 3429 3205; x_wconf 82' lang='lat' dir='ltr'>fatigaret,</span> <span class='ocrx_word' id='word_1_535' title='bbox 3447 3151 3579 3191; x_wconf 88' lang='lat' dir='ltr'>cum</span> 
     </span>
    </p>
   </div>
   <div class='ocr_carea' id='block_1_80' title="bbox 1856 3200 3579 3295">
    <p class='ocr_par' dir='ltr' id='par_1_80' title="bbox 1856 3200 3579 3295">
     <span class='ocr_line' id='line_1_80' title="bbox 1856 3200 3579 3295; baseline -0.002 -12"><span class='ocrx_word' id='word_1_536' title='bbox 1856 3200 1904 3262; x_wconf 69' lang='grc' dir='ltr'>Ο</span> <span class='ocrx_word' id='word_1_537' title='bbox 1938 3200 2746 3294; x_wconf 47' lang='lat' dir='ltr'>AthalaricovWisigothorum</span> <span class='ocrx_word' id='word_1_538' title='bbox 2767 3200 2900 3293; x_wconf 75' lang='lat' dir='ltr'>rege</span> <span class='ocrx_word' id='word_1_539' title='bbox 2921 3200 3117 3295; x_wconf 73' lang='lat' dir='ltr'>pacem</span> <span class='ocrx_word' id='word_1_540' title='bbox 3135 3200 3291 3295; x_wconf 73' lang='lat' dir='ltr'>fecit,</span> <span class='ocrx_word' id='word_1_541' title='bbox 3306 3200 3579 3281; x_wconf 86' lang='lat' dir='ltr'>eundem-</span> 
     </span>
    </p>
   </div>
   <div class='ocr_carea' id='block_1_81' title="bbox 1935 3300 3582 3386">
    <p class='ocr_par' dir='ltr' id='par_1_81' title="bbox 1935 3300 3582 3386">
     <span class='ocr_line' id='line_1_81' title="bbox 1935 3300 3582 3386; baseline -0.002 -14"><span class='ocrx_word' id='word_1_542' title='bbox 1935 3331 2047 3386; x_wconf 91' lang='lat' dir='ltr'>que</span> <span class='ocrx_word' id='word_1_543' title='bbox 2076 3312 2637 3384; x_wconf 89' lang='lat' dir='ltr'>Constantinopolim</span> <span class='ocrx_word' id='word_1_544' title='bbox 2656 3312 2725 3346; x_wconf 79' lang='grc'>⁹⁰⁶</span> <span class='ocrx_word' id='word_1_545' title='bbox 2744 3312 3073 3370; x_wconf 89' lang='lat' dir='ltr'>venientem</span> <span class='ocrx_word' id='word_1_546' title='bbox 3108 3300 3353 3383; x_wconf 77' lang='lat' dir='ltr'>bchigne</span> <span class='ocrx_word' id='word_1_547' title='bbox 3381 3328 3582 3368; x_wconf 87' lang='lat' dir='ltr'>susce-</span> 
     </span>
    </p>
   </div>
   <div class='ocr_carea' id='block_1_82' title="bbox 1937 3401 3579 3476">
    <p class='ocr_par' dir='ltr' id='par_1_82' title="bbox 1937 3401 3579 3476">
     <span class='ocr_line' id='line_1_82' title="bbox 1937 3401 3579 3476; baseline -0.001 -17"><span class='ocrx_word' id='word_1_548' title='bbox 1937 3405 2040 3476; x_wconf 93' lang='lat' dir='ltr'>pit,</span> <span class='ocrx_word' id='word_1_549' title='bbox 2074 3404 2270 3474; x_wconf 91' lang='lat' dir='ltr'>ibique</span> <span class='ocrx_word' id='word_1_550' title='bbox 2303 3403 2640 3459; x_wconf 89' lang='lat' dir='ltr'>defunctum</span> <span class='ocrx_word' id='word_1_551' title='bbox 2680 3401 3000 3458; x_wconf 83' lang='lat' dir='ltr'>honoriﬁce</span> <span class='ocrx_word' id='word_1_552' title='bbox 3048 3401 3285 3473; x_wconf 87' lang='lat' dir='ltr'>sepeliri</span> <span class='ocrx_word' id='word_1_553' title='bbox 3330 3401 3468 3457; x_wconf 91' lang='lat' dir='ltr'>fecit</span> <span class='ocrx_word' id='word_1_554' title='bbox 3519 3405 3579 3457; x_wconf 90' lang='lat' dir='ltr'>et</span> 
     </span>
    </p>
   </div>
   <div class='ocr_carea' id='block_1_83' title="bbox 1936 3489 3577 3563">
    <p class='ocr_par' dir='ltr' id='par_1_83' title="bbox 1936 3489 3577 3563">
     <span class='ocr_line' id='line_1_83' title="bbox 1936 3489 3577 3563; baseline -0.001 -15"><span class='ocrx_word' id='word_1_555' title='bbox 1936 3494 2039 3548; x_wconf 87' lang='lat' dir='ltr'>hac</span> <span class='ocrx_word' id='word_1_556' title='bbox 2073 3490 2434 3563; x_wconf 87' lang='lat' dir='ltr'>benignitate</span> <span class='ocrx_word' id='word_1_557' title='bbox 2467 3504 2668 3547; x_wconf 89' lang='lat' dir='ltr'>omnes</span> <span class='ocrx_word' id='word_1_558' title='bbox 2701 3490 2921 3546; x_wconf 88' lang='lat' dir='ltr'>Gothos</span> <span class='ocrx_word' id='word_1_559' title='bbox 2951 3490 3019 3524; x_wconf 81' lang='grc'>⁹⁰⁷</span> <span class='ocrx_word' id='word_1_560' title='bbox 3045 3491 3304 3546; x_wconf 83' lang='lat' dir='ltr'>Romano</span> <span class='ocrx_word' id='word_1_561' title='bbox 3334 3489 3577 3562; x_wconf 90' lang='lat' dir='ltr'>imperio</span> 
     </span>
    </p>
   </div>
   <div class='ocr_carea' id='block_1_84' title="bbox 1935 3577 3580 3651">
    <p class='ocr_par' dir='ltr' id='par_1_84' title="bbox 1935 3577 3580 3651">
     <span class='ocr_line' id='line_1_84' title="bbox 1935 3577 3580 3651; baseline -0.001 -14"><span class='ocrx_word' id='word_1_562' title='bbox 1935 3581 2287 3651; x_wconf 84' lang='lat' dir='ltr'>subjugavit.</span> <span class='ocrx_word' id='word_1_563' title='bbox 2327 3579 2574 3635; x_wconf 90' lang='lat' dir='ltr'>Veniens</span> <span class='ocrx_word' id='word_1_564' title='bbox 2606 3583 2797 3635; x_wconf 89' lang='lat' dir='ltr'>autem</span> <span class='ocrx_word' id='word_1_565' title='bbox 2844 3578 3298 3651; x_wconf 77' lang='lat' dir='ltr'>Thesalonicam,</span> <span class='ocrx_word' id='word_1_566' title='bbox 3345 3577 3580 3648; x_wconf 66' lang='lat' dir='ltr'>{egritu-</span> 
     </span>
    </p>
   </div>
   <div class='ocr_carea' id='block_1_85' title="bbox 1937 3666 3576 3739">
    <p class='ocr_par' dir='ltr' id='par_1_85' title="bbox 1937 3666 3576 3739">
     <span class='ocr_line' id='line_1_85' title="bbox 1937 3666 3576 3739; baseline -0.002 -14"><span class='ocrx_word' id='word_1_567' title='bbox 1937 3670 2127 3725; x_wconf 82' lang='lat' dir='ltr'>dinem</span> <span class='ocrx_word' id='word_1_568' title='bbox 2159 3668 2425 3737; x_wconf 88' lang='lat' dir='ltr'>incurrit,</span> <span class='ocrx_word' id='word_1_569' title='bbox 2458 3667 2815 3739; x_wconf 87' lang='lat' dir='ltr'>cupiensque</span> <span class='ocrx_word' id='word_1_570' title='bbox 2843 3666 3150 3737; x_wconf 80' lang='lat' dir='ltr'>baptizari,</span> <span class='ocrx_word' id='word_1_571' title='bbox 3186 3666 3576 3736; x_wconf 89' lang='lat' dir='ltr'>Anatholium,</span> 
     </span>
    </p>
   </div>
   <div class='ocr_carea' id='block_1_86' title="bbox 1938 3754 3576 3829">
    <p class='ocr_par' dir='ltr' id='par_1_86' title="bbox 1938 3754 3576 3829">
     <span class='ocr_line' id='line_1_86' title="bbox 1938 3754 3576 3829; baseline -0.002 -14"><span class='ocrx_word' id='word_1_572' title='bbox 1938 3758 2197 3829; x_wconf 86' lang='lat' dir='ltr'>ejusdem</span> <span class='ocrx_word' id='word_1_573' title='bbox 2225 3755 2483 3812; x_wconf 89' lang='lat' dir='ltr'>civitatis</span> <span class='ocrx_word' id='word_1_574' title='bbox 2505 3755 2867 3825; x_wconf 91' lang='lat' dir='ltr'>episcopum,</span> <span class='ocrx_word' id='word_1_575' title='bbox 2885 3754 3399 3824; x_wconf 88' lang='lat' dir='ltr'>requisivit,cujus</span> <span class='ocrx_word' id='word_1_576' title='bbox 3416 3760 3576 3811; x_wconf 88' lang='lat' dir='ltr'>esset</span> 
     </span>
    </p>
   </div>
   <div class='ocr_carea' id='block_1_87' title="bbox 1938 3841 3578 3915">
    <p class='ocr_par' dir='ltr' id='par_1_87' title="bbox 1938 3841 3578 3915">
     <span class='ocr_line' id='line_1_87' title="bbox 1938 3841 3578 3915; baseline -0.002 -14"><span class='ocrx_word' id='word_1_577' title='bbox 1938 3845 2091 3901; x_wconf 82' lang='lat' dir='ltr'>ﬁdei.</span> <span class='ocrx_word' id='word_1_578' title='bbox 2129 3845 2253 3910; x_wconf 92' lang='lat' dir='ltr'>Quo</span> <span class='ocrx_word' id='word_1_579' title='bbox 2278 3843 2689 3915; x_wconf 90' lang='lat' dir='ltr'>respondente,</span> <span class='ocrx_word' id='word_1_580' title='bbox 2716 3841 2869 3913; x_wconf 92' lang='lat' dir='ltr'>quod</span> <span class='ocrx_word' id='word_1_581' title='bbox 2888 3841 3128 3897; x_wconf 87' lang='lat' dir='ltr'>Arriana</span> <span class='ocrx_word' id='word_1_582' title='bbox 3159 3842 3342 3913; x_wconf 90' lang='lat' dir='ltr'>pestis</span> <span class='ocrx_word' id='word_1_583' title='bbox 3367 3841 3421 3896; x_wconf 93' lang='lat' dir='ltr'>in</span> <span class='ocrx_word' id='word_1_584' title='bbox 3445 3841 3578 3897; x_wconf 81' lang='lat' dir='ltr'>Vlli-</span> 
     </span>
    </p>
   </div>
   <div class='ocr_carea' id='block_1_88' title="bbox 1935 3928 3580 3998">
    <p class='ocr_par' dir='ltr' id='par_1_88' title="bbox 1935 3928 3580 3998">
     <span class='ocr_line' id='line_1_88' title="bbox 1935 3928 3580 3998; baseline -0.003 -8"><span class='ocrx_word' id='word_1_585' title='bbox 1935 3934 2118 3990; x_wconf 90' lang='lat' dir='ltr'>ricum</span> <span class='ocrx_word' id='word_1_586' title='bbox 2142 3947 2254 3989; x_wconf 92' lang='lat' dir='ltr'>non</span> <span class='ocrx_word' id='word_1_587' title='bbox 2277 3930 2557 3988; x_wconf 89' lang='lat' dir='ltr'>valuisset</span> <span class='ocrx_word' id='word_1_588' title='bbox 2583 3930 2884 3998; x_wconf 88' lang='lat' dir='ltr'>accedere,</span> <span class='ocrx_word' id='word_1_589' title='bbox 2907 3928 3009 3987; x_wconf 91' lang='lat' dir='ltr'>sed</span> <span class='ocrx_word' id='word_1_590' title='bbox 3033 3929 3201 3985; x_wconf 81' lang='lat' dir='ltr'>fidem</span> <span class='ocrx_word' id='word_1_591' title='bbox 3226 3928 3421 3985; x_wconf 88' lang='lat' dir='ltr'>Niceni</span> <span class='ocrx_word' id='word_1_592' title='bbox 3444 3944 3580 3985; x_wconf 86' lang='lat' dir='ltr'>con-</span> 
     </span>
    </p>
   </div>
   <div class='ocr_carea' id='block_1_89' title="bbox 1934 4016 3579 4089">
    <p class='ocr_par' dir='ltr' id='par_1_89' title="bbox 1934 4016 3579 4089">
     <span class='ocr_line' id='line_1_89' title="bbox 1934 4016 3579 4089; baseline -0.002 -11"><span class='ocrx_word' id='word_1_593' title='bbox 1934 4022 2053 4079; x_wconf 91' lang='lat' dir='ltr'>cilii</span> <span class='ocrx_word' id='word_1_594' title='bbox 2081 4020 2418 4077; x_wconf 90' lang='lat' dir='ltr'>inviolatam</span> <span class='ocrx_word' id='word_1_595' title='bbox 2442 4021 2769 4089; x_wconf 89' lang='lat' dir='ltr'>servarent,</span> <span class='ocrx_word' id='word_1_596' title='bbox 2786 4016 3177 4087; x_wconf 65' lang='lat' dir='ltr'>libenterejus</span> <span class='ocrx_word' id='word_1_597' title='bbox 3194 4017 3365 4073; x_wconf 86' lang='lat' dir='ltr'>verba</span> <span class='ocrx_word' id='word_1_598' title='bbox 3390 4018 3579 4074; x_wconf 85' lang='lat' dir='ltr'>susci-</span> 
     </span>
    </p>
   </div>
   <div class='ocr_carea' id='block_1_90' title="bbox 1932 4106 3574 4183">
    <p class='ocr_par' dir='ltr' id='par_1_90' title="bbox 1932 4106 3574 4183">
     <span class='ocr_line' id='line_1_90' title="bbox 1932 4106 3574 4183; baseline -0.002 -16"><span class='ocrx_word' id='word_1_599' title='bbox 1932 4111 2115 4183; x_wconf 90' lang='lat' dir='ltr'>piens,</span> <span class='ocrx_word' id='word_1_600' title='bbox 2150 4108 2485 4181; x_wconf 90' lang='lat' dir='ltr'>baptizatus</span> <span class='ocrx_word' id='word_1_601' title='bbox 2524 4106 2593 4140; x_wconf 80' lang='grc'>⁹⁰⁸</span> <span class='ocrx_word' id='word_1_602' title='bbox 2623 4112 2796 4178; x_wconf 89' lang='lat' dir='ltr'>atque</span> <span class='ocrx_word' id='word_1_603' title='bbox 2819 4107 2890 4163; x_wconf 92' lang='lat' dir='ltr'>ab</span> <span class='ocrx_word' id='word_1_604' title='bbox 2912 4106 3260 4178; x_wconf 69' lang='lat' dir='ltr'>aegritudine</span> <span class='ocrx_word' id='word_1_605' title='bbox 3284 4106 3574 4164; x_wconf 89' lang='lat' dir='ltr'>liberatus</span> 
     </span>
    </p>
   </div>
   <div class='ocr_carea' id='block_1_91' title="bbox 1930 4195 3572 4256">
    <p class='ocr_par' dir='ltr' id='par_1_91' title="bbox 1930 4195 3572 4256">
     <span class='ocr_line' id='line_1_91' title="bbox 1930 4195 3572 4256; baseline -0.002 0"><span class='ocrx_word' id='word_1_606' title='bbox 1930 4205 2019 4256; x_wconf 91' lang='lat' dir='ltr'>est</span> <span class='ocrx_word' id='word_1_607' title='bbox 2041 4198 2128 4254; x_wconf 65' lang='lat'>9°“.</span> <span class='ocrx_word' id='word_1_608' title='bbox 2155 4201 2311 4254; x_wconf 89' lang='lat' dir='ltr'>Inter</span> <span class='ocrx_word' id='word_1_609' title='bbox 2333 4197 2456 4254; x_wconf 62' lang='lat' dir='ltr'>haec</span> <span class='ocrx_word' id='word_1_610' title='bbox 2481 4196 2830 4253; x_wconf 89' lang='lat' dir='ltr'>Archadium</span> <span class='ocrx_word' id='word_1_611' title='bbox 2855 4195 3035 4253; x_wconf 82' lang='lat' dir='ltr'>tilium</span> <span class='ocrx_word' id='word_1_612' title='bbox 3058 4210 3225 4252; x_wconf 90' lang='lat' dir='ltr'>suum</span> <span class='ocrx_word' id='word_1_613' title='bbox 3238 4199 3572 4253; x_wconf 85' lang='lat' dir='ltr'>consortem</span> 
     </span>
    </p>
   </div>
   <div class='ocr_carea' id='block_1_92' title="bbox 1931 4284 3576 4357">
    <p class='ocr_par' dir='ltr' id='par_1_92' title="bbox 1931 4284 3576 4357">
     <span class='ocr_line' id='line_1_92' title="bbox 1931 4284 3576 4357; baseline -0.002 -13"><span class='ocrx_word' id='word_1_614' title='bbox 1931 4290 1976 4344; x_wconf 89' lang='lat' dir='ltr'>si</span> <span class='ocrx_word' id='word_1_615' title='bbox 1993 4288 2045 4343; x_wconf 88' lang='lat' dir='ltr'>bi</span> <span class='ocrx_word' id='word_1_616' title='bbox 2065 4287 2199 4343; x_wconf 91' lang='lat' dir='ltr'>fecit</span> <span class='ocrx_word' id='word_1_617' title='bbox 2217 4287 2272 4342; x_wconf 90' lang='lat' dir='ltr'>in</span> <span class='ocrx_word' id='word_1_618' title='bbox 2287 4285 2616 4357; x_wconf 89' lang='lat' dir='ltr'>imperio,in</span> <span class='ocrx_word' id='word_1_619' title='bbox 2631 4284 2796 4341; x_wconf 89' lang='lat' dir='ltr'>Italia</span> <span class='ocrx_word' id='word_1_620' title='bbox 2811 4299 2947 4341; x_wconf 89' lang='lat' dir='ltr'>vero</span> <span class='ocrx_word' id='word_1_621' title='bbox 2965 4300 3143 4356; x_wconf 87' lang='lat' dir='ltr'>puero</span> <span class='ocrx_word' id='word_1_622' title='bbox 3155 4284 3302 4340; x_wconf 91' lang='lat' dir='ltr'>satis</span> <span class='ocrx_word' id='word_1_623' title='bbox 3321 4284 3576 4341; x_wconf 81' lang='lat' dir='ltr'>existen-</span> 
     </span>
    </p>
   </div>
   <div class='ocr_carea' id='block_1_93' title="bbox 1930 4372 3576 4445">
    <p class='ocr_par' dir='ltr' id='par_1_93' title="bbox 1930 4372 3576 4445">
     <span class='ocr_line' id='line_1_93' title="bbox 1930 4372 3576 4445; baseline -0.001 -13"><span class='ocrx_word' id='word_1_624' title='bbox 1930 4382 1988 4434; x_wconf 90' lang='lat' dir='ltr'>te</span> <span class='ocrx_word' id='word_1_625' title='bbox 2018 4375 2441 4445; x_wconf 89' lang='lat' dir='ltr'>Valentiniano,</span> <span class='ocrx_word' id='word_1_626' title='bbox 2475 4389 2669 4431; x_wconf 87' lang='lat' dir='ltr'>rerum</span> <span class='ocrx_word' id='word_1_627' title='bbox 2701 4388 2899 4431; x_wconf 91' lang='lat' dir='ltr'>curam</span> <span class='ocrx_word' id='word_1_628' title='bbox 2930 4374 3158 4431; x_wconf 89' lang='lat' dir='ltr'>Probus</span> <span class='ocrx_word' id='word_1_629' title='bbox 3185 4372 3469 4430; x_wconf 72' lang='lat' dir='ltr'>exconsul</span> <span class='ocrx_word' id='word_1_630' title='bbox 3513 4380 3576 4430; x_wconf 90' lang='lat' dir='ltr'>et</span> 
     </span>
    </p>
   </div>
   <div class='ocr_carea' id='block_1_94' title="bbox 1931 4461 3570 4537">
    <p class='ocr_par' dir='ltr' id='par_1_94' title="bbox 1931 4461 3570 4537">
     <span class='ocr_line' id='line_1_94' title="bbox 1931 4461 3570 4537; baseline -0.002 -17"><span class='ocrx_word' id='word_1_631' title='bbox 1931 4465 2230 4537; x_wconf 88' lang='lat' dir='ltr'>prefectus</span> <span class='ocrx_word' id='word_1_632' title='bbox 2246 4463 2524 4519; x_wconf 85' lang='lat' dir='ltr'>habebat.</span> <span class='ocrx_word' id='word_1_633' title='bbox 2541 4463 2767 4519; x_wconf 76' lang='lat' dir='ltr'>Iustina</span> <span class='ocrx_word' id='word_1_634' title='bbox 2782 4477 2938 4531; x_wconf 91' lang='lat' dir='ltr'>vero,</span> <span class='ocrx_word' id='word_1_635' title='bbox 2962 4465 3147 4519; x_wconf 89' lang='lat' dir='ltr'>mater</span> <span class='ocrx_word' id='word_1_636' title='bbox 3159 4461 3570 4532; x_wconf 89' lang='lat' dir='ltr'>Valentiniani,</span> 
     </span>
    </p>
   </div>
   <div class='ocr_carea' id='block_1_95' title="bbox 158 4548 3624 4625">
    <p class='ocr_par' dir='ltr' id='par_1_95' title="bbox 158 4548 3624 4625">
     <span class='ocr_line' id='line_1_95' title="bbox 158 4548 3624 4625; baseline -0.001 -17"><span class='ocrx_word' id='word_1_637' title='bbox 158 4550 313 4608; x_wconf 90' lang='lat' dir='ltr'>ciam</span> <span class='ocrx_word' id='word_1_638' title='bbox 344 4550 693 4622; x_wconf 90' lang='lat' dir='ltr'>Daciamque</span> <span class='ocrx_word' id='word_1_639' title='bbox 723 4553 780 4607; x_wconf 92' lang='lat' dir='ltr'>et</span> <span class='ocrx_word' id='word_1_640' title='bbox 812 4552 1164 4609; x_wconf 75' lang='lat' dir='ltr'>Pannoniam</span> <span class='ocrx_word' id='word_1_641' title='bbox 1194 4556 1491 4624; x_wconf 90' lang='lat' dir='ltr'>tamquam</span> <span class='ocrx_word' id='word_1_642' title='bbox 1523 4556 1815 4625; x_wconf 84' lang='lat' dir='ltr'>genitales</span> <span class='ocrx_word' id='word_1_643' title='bbox 1846 4550 1896 4609; x_wconf 94' lang='lat' dir='ltr'>D</span> <span class='ocrx_word' id='word_1_644' title='bbox 1926 4550 2750 4622; x_wconf 25' lang='lat' dir='ltr'>cumlessetArrianaﬂivente</span> <span class='ocrx_word' id='word_1_645' title='bbox 2765 4550 2995 4621; x_wconf 90' lang='lat' dir='ltr'>quidem</span> <span class='ocrx_word' id='word_1_646' title='bbox 3012 4548 3573 4620; x_wconf 79' lang='lat' dir='ltr'>viro,laedereehris-</span> <span class='ocrx_word' id='word_1_647' title='bbox 3617 4562 3624 4568; x_wconf 82' lang='lat'><strong>&#39;</strong></span> 
     </span>
    </p>
   </div>
   <div class='ocr_carea' id='block_1_96' title="bbox 159 4638 1816 4713">
    <p class='ocr_par' dir='ltr' id='par_1_96' title="bbox 159 4638 1816 4713">
     <span class='ocr_line' id='line_1_96' title="bbox 159 4638 1816 4713; baseline 0.005 -19"><span class='ocrx_word' id='word_1_648' title='bbox 159 4644 363 4696; x_wconf 81' lang='lat' dir='ltr'>terras</span> <span class='ocrx_word' id='word_1_649' title='bbox 389 4653 419 4696; x_wconf 91' lang='lat' dir='ltr'>a</span> <span class='ocrx_word' id='word_1_650' title='bbox 450 4638 654 4695; x_wconf 91' lang='lat' dir='ltr'>Gothis</span> <span class='ocrx_word' id='word_1_651' title='bbox 685 4644 861 4710; x_wconf 91' lang='lat' dir='ltr'>atque</span> <span class='ocrx_word' id='word_1_652' title='bbox 912 4642 1067 4697; x_wconf 89' lang='lat' dir='ltr'>omni</span> <span class='ocrx_word' id='word_1_653' title='bbox 1116 4642 1378 4713; x_wconf 91' lang='lat' dir='ltr'>pernicie</span> <span class='ocrx_word' id='word_1_654' title='bbox 1424 4644 1816 4702; x_wconf 88' lang='lat' dir='ltr'>atrocioribus</span> 
     </span>
    </p>
   </div>
   <div class='ocr_carea' id='block_1_97' title="bbox 164 4726 1815 4800">
    <p class='ocr_par' dir='ltr' id='par_1_97' title="bbox 164 4726 1815 4800">
     <span class='ocr_line' id='line_1_97' title="bbox 164 4726 1815 4800; baseline 0.002 -15"><span class='ocrx_word' id='word_1_655' title='bbox 164 4728 351 4785; x_wconf 79' lang='lat' dir='ltr'>Hunis</span> <span class='ocrx_word' id='word_1_656' title='bbox 389 4731 450 4783; x_wconf 90' lang='lat' dir='ltr'>et</span> <span class='ocrx_word' id='word_1_657' title='bbox 498 4726 699 4785; x_wconf 84' lang='lat' dir='ltr'>Alanis</span> <span class='ocrx_word' id='word_1_658' title='bbox 745 4729 1054 4800; x_wconf 90' lang='lat' dir='ltr'>possideri,</span> <span class='ocrx_word' id='word_1_659' title='bbox 1107 4731 1458 4787; x_wconf 89' lang='lat' dir='ltr'>Pannoniam</span> <span class='ocrx_word' id='word_1_660' title='bbox 1509 4734 1684 4789; x_wconf 91' lang='lat' dir='ltr'>venit.</span> <span class='ocrx_word' id='word_1_661' title='bbox 1740 4736 1815 4790; x_wconf 87' lang='lat' dir='ltr'>Ea</span> 
     </span>
    </p>
   </div>
   <div class='ocr_carea' id='block_1_98' title="bbox 161 4816 1817 4894">
    <p class='ocr_par' dir='ltr' id='par_1_98' title="bbox 161 4816 1817 4894">
     <span class='ocr_line' id='line_1_98' title="bbox 161 4816 1817 4894; baseline 0.004 -21"><span class='ocrx_word' id='word_1_662' title='bbox 161 4820 516 4889; x_wconf 89' lang='lat' dir='ltr'>tempestate</span> <span class='ocrx_word' id='word_1_663' title='bbox 528 4816 903 4889; x_wconf 87' lang='lat' dir='ltr'>Theodosius,</span> <span class='ocrx_word' id='word_1_664' title='bbox 919 4818 1229 4876; x_wconf 89' lang='lat' dir='ltr'>Theodosii</span> <span class='ocrx_word' id='word_1_665' title='bbox 1246 4819 1423 4891; x_wconf 87' lang='lat' dir='ltr'>ﬁlius,</span> <span class='ocrx_word' id='word_1_666' title='bbox 1444 4824 1556 4876; x_wconf 91' lang='lat' dir='ltr'>tam</span> <span class='ocrx_word' id='word_1_667' title='bbox 1572 4828 1817 4894; x_wconf 90' lang='lat' dir='ltr'>propter</span> 
     </span>
    </p>
   </div>
   <div class='ocr_carea' id='block_1_99' title="bbox 167 4904 1812 4981">
    <p class='ocr_par' dir='ltr' id='par_1_99' title="bbox 167 4904 1812 4981">
     <span class='ocr_line' id='line_1_99' title="bbox 167 4904 1812 4981; baseline 0.003 -19"><span class='ocrx_word' id='word_1_668' title='bbox 167 4909 476 4978; x_wconf 89' lang='lat' dir='ltr'>parentum</span> <span class='ocrx_word' id='word_1_669' title='bbox 495 4904 886 4973; x_wconf 83' lang='lat' dir='ltr'>nobilitatem,</span> <span class='ocrx_word' id='word_1_670' title='bbox 905 4921 1075 4979; x_wconf 89' lang='lat' dir='ltr'>quam</span> <span class='ocrx_word' id='word_1_671' title='bbox 1092 4909 1389 4981; x_wconf 91' lang='lat' dir='ltr'>propriam</span> <span class='ocrx_word' id='word_1_672' title='bbox 1413 4909 1812 4968; x_wconf 87' lang='lat' dir='ltr'>fortitudinem</span> 
     </span>
    </p>
   </div>
   <div class='ocr_carea' id='block_1_100' title="bbox 166 4994 1814 5067">
    <p class='ocr_par' dir='ltr' id='par_1_100' title="bbox 166 4994 1814 5067">
     <span class='ocr_line' id='line_1_100' title="bbox 166 4994 1814 5067; baseline 0.006 -19"><span class='ocrx_word' id='word_1_673' title='bbox 166 4994 489 5051; x_wconf 84' lang='lat' dir='ltr'>habebatur</span> <span class='ocrx_word' id='word_1_674' title='bbox 519 4994 1034 5067; x_wconf 90' lang='lat' dir='ltr'>nominatissimus,</span> <span class='ocrx_word' id='word_1_675' title='bbox 1067 4996 1169 5052; x_wconf 92' lang='lat' dir='ltr'>sed</span> <span class='ocrx_word' id='word_1_676' title='bbox 1204 4997 1420 5054; x_wconf 91' lang='lat' dir='ltr'>invidia</span> <span class='ocrx_word' id='word_1_677' title='bbox 1450 4997 1814 5058; x_wconf 90' lang='lat' dir='ltr'>dissimilium</span> 
     </span>
    </p>
   </div>
   <div class='ocr_carea' id='block_1_101' title="bbox 169 5081 1814 5157">
    <p class='ocr_par' dir='ltr' id='par_1_101' title="bbox 169 5081 1814 5157">
     <span class='ocr_line' id='line_1_101' title="bbox 169 5081 1814 5157; baseline 0.004 -20"><span class='ocrx_word' id='word_1_678' title='bbox 169 5081 469 5154; x_wconf 86' lang='lat' dir='ltr'>fatigatus,</span> <span class='ocrx_word' id='word_1_679' title='bbox 491 5082 549 5138; x_wconf 92' lang='lat' dir='ltr'>in</span> <span class='ocrx_word' id='word_1_680' title='bbox 562 5082 854 5155; x_wconf 85' lang='lat' dir='ltr'>Hyspania</span> <span class='ocrx_word' id='word_1_681' title='bbox 868 5085 1230 5157; x_wconf 89' lang='lat' dir='ltr'>morabatur,</span> <span class='ocrx_word' id='word_1_682' title='bbox 1249 5086 1346 5144; x_wconf 92' lang='lat' dir='ltr'>ubi</span> <span class='ocrx_word' id='word_1_683' title='bbox 1367 5089 1425 5143; x_wconf 90' lang='lat' dir='ltr'>et</span> <span class='ocrx_word' id='word_1_684' title='bbox 1440 5091 1608 5143; x_wconf 87' lang='lat' dir='ltr'>ortus</span> <span class='ocrx_word' id='word_1_685' title='bbox 1623 5087 1814 5144; x_wconf 89' lang='lat' dir='ltr'>fuerat</span> 
     </span>
    </p>
   </div>
   <div class='ocr_carea' id='block_1_102' title="bbox 1928 4637 3569 4709">
    <p class='ocr_par' dir='ltr' id='par_1_102' title="bbox 1928 4637 3569 4709">
     <span class='ocr_line' id='line_1_102' title="bbox 1928 4637 3569 4709; baseline -0.002 -12"><span class='ocrx_word' id='word_1_686' title='bbox 1928 4642 2120 4698; x_wconf 90' lang='lat' dir='ltr'>tianos</span> <span class='ocrx_word' id='word_1_687' title='bbox 2134 4640 2492 4696; x_wconf 83' lang='lat' dir='ltr'>orthodoxos</span> <span class='ocrx_word' id='word_1_688' title='bbox 2506 4654 2618 4695; x_wconf 92' lang='lat' dir='ltr'>non</span> <span class='ocrx_word' id='word_1_689' title='bbox 2636 4637 2945 4709; x_wconf 88' lang='lat' dir='ltr'>prevaluit,</span> <span class='ocrx_word' id='word_1_690' title='bbox 2963 4638 3064 4693; x_wconf 91' lang='lat' dir='ltr'>sed</span> <span class='ocrx_word' id='word_1_691' title='bbox 3080 4653 3148 4695; x_wconf 87' lang='lat' dir='ltr'>eo</span> <span class='ocrx_word' id='word_1_692' title='bbox 3164 4641 3413 4705; x_wconf 88' lang='lat' dir='ltr'>mortuo,</span> <span class='ocrx_word' id='word_1_693' title='bbox 3437 4652 3569 4694; x_wconf 90' lang='lat' dir='ltr'>cum</span> 
     </span>
    </p>
   </div>
   <div class='ocr_carea' id='block_1_103' title="bbox 1928 4724 3571 4797">
    <p class='ocr_par' dir='ltr' id='par_1_103' title="bbox 1928 4724 3571 4797">
     <span class='ocr_line' id='line_1_103' title="bbox 1928 4724 3571 4797; baseline -0.002 -10"><span class='ocrx_word' id='word_1_694' title='bbox 1928 4731 2083 4787; x_wconf 77' lang='lat' dir='ltr'>filius</span> <span class='ocrx_word' id='word_1_695' title='bbox 2109 4732 2268 4786; x_wconf 90' lang='lat' dir='ltr'>esset</span> <span class='ocrx_word' id='word_1_696' title='bbox 2298 4728 2466 4785; x_wconf 88' lang='lat' dir='ltr'>valde</span> <span class='ocrx_word' id='word_1_697' title='bbox 2491 4726 2862 4797; x_wconf 88' lang='lat' dir='ltr'>juvenculus,</span> <span class='ocrx_word' id='word_1_698' title='bbox 2900 4724 3282 4782; x_wconf 83' lang='lat' dir='ltr'>Mediolanum</span> <span class='ocrx_word' id='word_1_699' title='bbox 3330 4725 3571 4783; x_wconf 84' lang='lat' dir='ltr'>veniens</span> 
     </span>
    </p>
   </div>
   <div class='ocr_carea' id='block_1_104' title="bbox 1929 4812 3568 4890">
    <p class='ocr_par' dir='ltr' id='par_1_104' title="bbox 1929 4812 3568 4890">
     <span class='ocr_line' id='line_1_104' title="bbox 1929 4812 3568 4890; baseline -0.002 -16"><span class='ocrx_word' id='word_1_700' title='bbox 1929 4818 2237 4874; x_wconf 77' lang='lat' dir='ltr'>Ambrosio</span> <span class='ocrx_word' id='word_1_701' title='bbox 2266 4817 2542 4890; x_wconf 90' lang='lat' dir='ltr'>episc0po</span> <span class='ocrx_word' id='word_1_702' title='bbox 2570 4818 2698 4871; x_wconf 88' lang='lat' dir='ltr'>erat</span> <span class='ocrx_word' id='word_1_703' title='bbox 2726 4814 2958 4883; x_wconf 84' lang='lat' dir='ltr'>infesta,</span> <span class='ocrx_word' id='word_1_704' title='bbox 2985 4812 3064 4868; x_wconf 92' lang='lat' dir='ltr'>ita</span> <span class='ocrx_word' id='word_1_705' title='bbox 3097 4813 3409 4883; x_wconf 87' lang='lat' dir='ltr'>utjuberct</span> <span class='ocrx_word' id='word_1_706' title='bbox 3436 4827 3568 4871; x_wconf 90' lang='lat' dir='ltr'>eum</span> 
     </span>
    </p>
   </div>
   <div class='ocr_carea' id='block_1_105' title="bbox 1926 4900 3568 4973">
    <p class='ocr_par' dir='ltr' id='par_1_105' title="bbox 1926 4900 3568 4973">
     <span class='ocr_line' id='line_1_105' title="bbox 1926 4900 3568 4973; baseline -0.004 -9"><span class='ocrx_word' id='word_1_707' title='bbox 1926 4906 2102 4964; x_wconf 85' lang='lat' dir='ltr'>exilio</span> <span class='ocrx_word' id='word_1_708' title='bbox 2140 4905 2441 4963; x_wconf 90' lang='lat' dir='ltr'>destinari.</span> <span class='ocrx_word' id='word_1_709' title='bbox 2479 4906 2736 4973; x_wconf 89' lang='lat' dir='ltr'>Cumque</span> <span class='ocrx_word' id='word_1_710' title='bbox 2766 4900 2834 4935; x_wconf 67' lang='lat'>“1°</span> <span class='ocrx_word' id='word_1_711' title='bbox 2860 4902 3093 4973; x_wconf 88' lang='lat' dir='ltr'>juberet</span> <span class='ocrx_word' id='word_1_712' title='bbox 3122 4914 3252 4957; x_wconf 90' lang='lat' dir='ltr'>eum</span> <span class='ocrx_word' id='word_1_713' title='bbox 3283 4900 3444 4956; x_wconf 89' lang='lat' dir='ltr'>exire</span> <span class='ocrx_word' id='word_1_714' title='bbox 3495 4901 3568 4958; x_wconf 92' lang='lat' dir='ltr'>de</span> 
     </span>
    </p>
   </div>
   <div class='ocr_carea' id='block_1_106' title="bbox 1927 4988 3571 5065">
    <p class='ocr_par' dir='ltr' id='par_1_106' title="bbox 1927 4988 3571 5065">
     <span class='ocr_line' id='line_1_106' title="bbox 1927 4988 3571 5065; baseline -0.005 -10"><span class='ocrx_word' id='word_1_715' title='bbox 1927 4995 2215 5065; x_wconf 68' lang='lat' dir='ltr'>tecclesia,</span> <span class='ocrx_word' id='word_1_716' title='bbox 2242 4993 2584 5052; x_wconf 86' lang='lat' dir='ltr'>Ambrosius</span> <span class='ocrx_word' id='word_1_717' title='bbox 2603 4992 2684 5050; x_wconf 90' lang='lat' dir='ltr'>ait</span> <span class='ocrx_word' id='word_1_718' title='bbox 2710 4993 2854 5063; x_wconf 78' lang='lat' dir='ltr'>:Ego</span> <span class='ocrx_word' id='word_1_719' title='bbox 2869 4994 3069 5062; x_wconf 80' lang='lat' dir='ltr'>sponte</span> <span class='ocrx_word' id='word_1_720' title='bbox 3090 4988 3197 5047; x_wconf 74' lang='grc' dir='ltr'>Ῑιοο</span> <span class='ocrx_word' id='word_1_721' title='bbox 3214 5002 3323 5045; x_wconf 81' lang='lat' dir='ltr'>non</span> <span class='ocrx_word' id='word_1_722' title='bbox 3342 5002 3470 5059; x_wconf 75' lang='lat' dir='ltr'>ago,</span> <span class='ocrx_word' id='word_1_723' title='bbox 3494 5002 3571 5046; x_wconf 82' lang='lat' dir='ltr'>ne</span> 
     </span>
    </p>
   </div>
   <div class='ocr_carea' id='block_1_107' title="bbox 1929 5078 3570 5159">
    <p class='ocr_par' dir='ltr' id='par_1_107' title="bbox 1929 5078 3570 5159">
     <span class='ocr_line' id='line_1_107' title="bbox 1929 5078 3570 5159; baseline -0.005 -16"><span class='ocrx_word' id='word_1_724' title='bbox 1929 5087 2086 5159; x_wconf 72' lang='lat' dir='ltr'>lupis</span> <span class='ocrx_word' id='word_1_725' title='bbox 2103 5085 2300 5142; x_wconf 74' lang='lat' dir='ltr'>aetum</span> <span class='ocrx_word' id='word_1_726' title='bbox 2308 5084 2474 5157; x_wconf 75' lang='lat' dir='ltr'>septa</span> <span class='ocrx_word' id='word_1_727' title='bbox 2486 5078 3152 5156; x_wconf 75' lang='lat' dir='ltr'>antblasphemantibus</span> <span class='ocrx_word' id='word_1_728' title='bbox 3164 5078 3570 5137; x_wconf 74' lang='lat' dir='ltr'>Demrtdear</span> 
     </span>
    </p>
   </div>
   <div class='ocr_carea' id='block_1_108' title="bbox 1519 5208 2213 5269">
    <p class='ocr_par' dir='ltr' id='par_1_108' title="bbox 1519 5208 2213 5269">
     <span class='ocr_line' id='line_1_108' title="bbox 1519 5208 2213 5269; baseline -0.006 -2"><span class='ocrx_word' id='word_1_729' title='bbox 1519 5210 1756 5269; x_wconf 69' lang='grc' dir='ltr'>νΑιωΕ</span> <span class='ocrx_word' id='word_1_730' title='bbox 1814 5208 2213 5269; x_wconf 86' lang='lat' dir='ltr'>LECTIONES.</span> 
     </span>
    </p>
   </div>
   <div class='ocr_carea' id='block_1_109' title="bbox 234 5328 3563 5395">
    <p class='ocr_par' dir='ltr' id='par_1_109' title="bbox 234 5328 3563 5395">
     <span class='ocr_line' id='line_1_109' title="bbox 234 5328 3563 5395; baseline -0.001 -6"><span class='ocrx_word' id='word_1_731' title='bbox 234 5329 306 5364; x_wconf 75' lang='grc'>⁸³⁸</span> <span class='ocrx_word' id='word_1_732' title='bbox 335 5330 439 5389; x_wconf 90' lang='lat' dir='ltr'>sed</span> <span class='ocrx_word' id='word_1_733' title='bbox 460 5360 537 5372; x_wconf 91' lang='lat'><strong><em>—</em></strong></span> <span class='ocrx_word' id='word_1_734' title='bbox 558 5330 842 5389; x_wconf 88' lang='lat' dir='ltr'>laboravit</span> <span class='ocrx_word' id='word_1_735' title='bbox 870 5332 1085 5391; x_wconf 74' lang='lat' dir='ltr'>desunt</span> <span class='ocrx_word' id='word_1_736' title='bbox 1112 5337 1161 5391; x_wconf 77' lang='grc'>5.</span> <span class='ocrx_word' id='word_1_737' title='bbox 1187 5347 1362 5393; x_wconf 77' lang='lat' dir='ltr'>erasa</span> <span class='ocrx_word' id='word_1_738' title='bbox 1390 5341 1456 5393; x_wconf 83' lang='lat' dir='ltr'>nt</span> <span class='ocrx_word' id='word_1_739' title='bbox 1482 5336 1737 5394; x_wconf 71' lang='lat' dir='ltr'>videtur.</span> <span class='ocrx_word' id='word_1_740' title='bbox 1774 5337 1842 5372; x_wconf 78' lang='grc'>⁸³⁷</span> <span class='ocrx_word' id='word_1_741' title='bbox 1875 5336 2040 5395; x_wconf 87' lang='lat' dir='ltr'>deest</span> <span class='ocrx_word' id='word_1_742' title='bbox 2065 5339 2114 5391; x_wconf 78' lang='grc'><strong>5.</strong></span> <span class='ocrx_word' id='word_1_743' title='bbox 2149 5330 2477 5390; x_wconf 90' lang='lat' dir='ltr'>anastasius</span> <span class='ocrx_word' id='word_1_744' title='bbox 2510 5332 2588 5388; x_wconf 73' lang='lat' dir='ltr'>Ib.</span> <span class='ocrx_word' id='word_1_745' title='bbox 2622 5329 2691 5365; x_wconf 72' lang='grc'>⁸⁸⁸</span> <span class='ocrx_word' id='word_1_746' title='bbox 2739 5333 2966 5388; x_wconf 62' lang='lat' dir='ltr'>XLIIIuel</span> <span class='ocrx_word' id='word_1_747' title='bbox 3015 5331 3095 5388; x_wconf 75' lang='lat' dir='ltr'>Ib.</span> <span class='ocrx_word' id='word_1_748' title='bbox 3146 5329 3215 5364; x_wconf 71' lang='lat'>&#39;9’</span> <span class='ocrx_word' id='word_1_749' title='bbox 3263 5344 3316 5387; x_wconf 92' lang='lat' dir='ltr'>a.</span> <span class='ocrx_word' id='word_1_750' title='bbox 3351 5328 3563 5387; x_wconf 85' lang='lat' dir='ltr'>claruit</span> 
     </span>
    </p>
   </div>
   <div class='ocr_carea' id='block_1_110' title="bbox 168 5399 3568 5484">
    <p class='ocr_par' dir='ltr' id='par_1_110' title="bbox 168 5399 3568 5484">
     <span class='ocr_line' id='line_1_110' title="bbox 168 5399 3568 5484; baseline -0.001 -24"><span class='ocrx_word' id='word_1_751' title='bbox 348 5403 522 5484; x_wconf 52' lang='lat' dir='ltr'>(gest</span> <span class='ocrx_word' id='word_1_752' title='bbox 548 5405 742 5484; x_wconf 39' lang='lat'>10...“,</span> <span class='ocrx_word' id='word_1_753' title='bbox 766 5403 862 5475; x_wconf 89' lang='lat' dir='ltr'>qui</span> <span class='ocrx_word' id='word_1_754' title='bbox 971 5403 1040 5484; x_wconf 68' lang='lat' dir='ltr'>“f1</span> <span class='ocrx_word' id='word_1_755' title='bbox 1061 5404 1383 5484; x_wconf 37' lang='lat' dir='ltr'>delectt-19.</span> <span class='ocrx_word' id='word_1_756' title='bbox 1410 5407 1471 5464; x_wconf 91' lang='lat' dir='ltr'>et</span> <span class='ocrx_word' id='word_1_757' title='bbox 1486 5407 1573 5464; x_wconf 77' lang='lat' dir='ltr'>ita</span> <span class='ocrx_word' id='word_1_758' title='bbox 1589 5409 1753 5484; x_wconf 68' lang='lat' dir='ltr'>deest</span> <span class='ocrx_word' id='word_1_759' title='bbox 1769 5415 1855 5466; x_wconf 82' lang='grc'>11.</span> <span class='ocrx_word' id='word_1_760' title='bbox 1876 5408 1949 5484; x_wconf 66' lang='grc' dir='ltr'>οοῖ</span> <span class='ocrx_word' id='word_1_761' title='bbox 1966 5422 2098 5482; x_wconf 64' lang='lat' dir='ltr'>qna</span> <span class='ocrx_word' id='word_1_762' title='bbox 2112 5406 2284 5464; x_wconf 77' lang='lat' dir='ltr'>uncis</span> <span class='ocrx_word' id='word_1_763' title='bbox 2300 5403 2539 5484; x_wconf 63' lang='lat' dir='ltr'>tnelnst,</span> <span class='ocrx_word' id='word_1_764' title='bbox 2563 5416 2640 5484; x_wconf 71' lang='lat' dir='ltr'>ea:</span> <span class='ocrx_word' id='word_1_765' title='bbox 2653 5402 2964 5484; x_wconf 61' lang='lat' dir='ltr'>Sigeberto</span> <span class='ocrx_word' id='word_1_766' title='bbox 2980 5408 3051 5484; x_wconf 56' lang='lat' dir='ltr'>3ft</span> <span class='ocrx_word' id='word_1_767' title='bbox 3077 5401 3320 5484; x_wconf 45' lang='lat' dir='ltr'>eg‘detm&quot;</span> <span class='ocrx_word' id='word_1_768' title='bbox 3343 5399 3568 5484; x_wconf 49' lang='lat' dir='ltr'>[tange</span> 
     </span>
    </p>
   </div>
   <div class='ocr_carea' id='block_1_111' title="bbox 164 5471 3560 5548">
    <p class='ocr_par' dir='ltr' id='par_1_111' title="bbox 164 5471 3560 5548">
     <span class='ocr_line' id='line_1_111' title="bbox 164 5471 3560 5548; baseline -0.002 -15"><span class='ocrx_word' id='word_1_769' title='bbox 164 5473 317 5548; x_wconf 65' lang='lat' dir='ltr'>Eu.</span> <span class='ocrx_word' id='word_1_770' title='bbox 353 5473 511 5532; x_wconf 86' lang='lat' dir='ltr'>Post</span> <span class='ocrx_word' id='word_1_771' title='bbox 534 5471 823 5548; x_wconf 61' lang='lat' dir='ltr'>adiecisse</span> <span class='ocrx_word' id='word_1_772' title='bbox 849 5476 1105 5548; x_wconf 68' lang='lat' dir='ltr'>ridetur.</span> <span class='ocrx_word' id='word_1_773' title='bbox 1137 5478 1214 5534; x_wconf 89' lang='lat' dir='ltr'>In</span> <span class='ocrx_word' id='word_1_774' title='bbox 1240 5479 1309 5533; x_wconf 89' lang='lat' dir='ltr'><strong>D?</strong></span> <span class='ocrx_word' id='word_1_775' title='bbox 1339 5479 1380 5533; x_wconf 86' lang='lat' dir='ltr'><strong>E</strong></span> <span class='ocrx_word' id='word_1_776' title='bbox 1410 5493 1543 5534; x_wconf 78' lang='lat' dir='ltr'>vero</span> <span class='ocrx_word' id='word_1_777' title='bbox 1572 5481 1793 5537; x_wconf 72' lang='lat' dir='ltr'><em>ultima</em></span> <span class='ocrx_word' id='word_1_778' title='bbox 1818 5471 2000 5538; x_wconf 59' lang='lat' dir='ltr'>reret?</span> <span class='ocrx_word' id='word_1_779' title='bbox 2030 5484 2274 5548; x_wconf 88' lang='lat' dir='ltr'>totoque</span> <span class='ocrx_word' id='word_1_780' title='bbox 2296 5505 2367 5514; x_wconf 96' lang='lat'><strong>—</strong></span> <span class='ocrx_word' id='word_1_781' title='bbox 2393 5471 2700 5548; x_wconf 78' lang='lat' dir='ltr'>radiabant</span> <span class='ocrx_word' id='word_1_782' title='bbox 2724 5471 2945 5548; x_wconf 58' lang='lat' dir='ltr'>omisit.</span> <span class='ocrx_word' id='word_1_783' title='bbox 2974 5472 3049 5548; x_wconf 25' lang='grc' dir='ltr'>Δ⁰⁰³</span> <span class='ocrx_word' id='word_1_784' title='bbox 3079 5471 3430 5548; x_wconf 71' lang='lat' dir='ltr'>alexandriae</span> <span class='ocrx_word' id='word_1_785' title='bbox 3462 5472 3560 5548; x_wconf 82' lang='lat' dir='ltr'>E_1.</span> 
     </span>
    </p>
   </div>
   <div class='ocr_carea' id='block_1_112' title="bbox 164 5542 3560 5624">
    <p class='ocr_par' dir='ltr' id='par_1_112' title="bbox 164 5542 3560 5624">
     <span class='ocr_line' id='line_1_112' title="bbox 164 5542 3560 5624; baseline -0.003 -18"><span class='ocrx_word' id='word_1_786' title='bbox 164 5547 225 5624; x_wconf 58' lang='grc' dir='ltr'>ξῗξ</span> <span class='ocrx_word' id='word_1_787' title='bbox 253 5561 390 5624; x_wconf 90' lang='lat' dir='ltr'>c_um</span> <span class='ocrx_word' id='word_1_788' title='bbox 412 5542 729 5624; x_wconf 45' lang='grc' dir='ltr'>Δι’ςξιιιλὶέδξςθι</span> <span class='ocrx_word' id='word_1_789' title='bbox 761 5547 832 5624; x_wconf 77' lang='lat' dir='ltr'>Et</span> <span class='ocrx_word' id='word_1_790' title='bbox 863 5546 932 5579; x_wconf 79' lang='grc'>⁹⁰⁵</span> <span class='ocrx_word' id='word_1_791' title='bbox 963 5547 1097 5604; x_wconf 88' lang='lat' dir='ltr'>fecit</span> <span class='ocrx_word' id='word_1_792' title='bbox 1133 5552 1209 5604; x_wconf 88' lang='lat'>9°.</span> <span class='ocrx_word' id='word_1_793' title='bbox 1241 5548 1311 5581; x_wconf 65' lang='lat'>9°“</span> <span class='ocrx_word' id='word_1_794' title='bbox 1337 5550 1903 5624; x_wconf 90' lang='lat' dir='ltr'>Constantinopolim</span> <span class='ocrx_word' id='word_1_795' title='bbox 1935 5585 1993 5593; x_wconf 92' lang='lat'><strong>—</strong></span> <span class='ocrx_word' id='word_1_796' title='bbox 2018 5542 2333 5607; x_wconf 82' lang='lat' dir='ltr'>honorifice</span> <span class='ocrx_word' id='word_1_797' title='bbox 2369 5544 2583 5603; x_wconf 71' lang='lat' dir='ltr'>desunt</span> <span class='ocrx_word' id='word_1_798' title='bbox 2610 5550 2686 5600; x_wconf 79' lang='lat'>9°.</span> <span class='ocrx_word' id='word_1_799' title='bbox 2722 5543 2790 5577; x_wconf 80' lang='grc'>⁹⁰⁷</span> <span class='ocrx_word' id='word_1_800' title='bbox 2825 5542 2986 5601; x_wconf 82' lang='lat' dir='ltr'>deest</span> <span class='ocrx_word' id='word_1_801' title='bbox 3008 5549 3084 5600; x_wconf 69' lang='lat'>9°.</span> <span class='ocrx_word' id='word_1_802' title='bbox 3135 5542 3207 5577; x_wconf 77' lang='grc'>⁹⁰⁸</span> <span class='ocrx_word' id='word_1_803' title='bbox 3254 5544 3305 5598; x_wconf 93' lang='lat' dir='ltr'>b.</span> <span class='ocrx_word' id='word_1_804' title='bbox 3351 5544 3439 5595; x_wconf 90' lang='lat' dir='ltr'>est</span> <span class='ocrx_word' id='word_1_805' title='bbox 3482 5545 3560 5597; x_wconf 66' lang='lat'>9&quot;.</span> 
     </span>
    </p>
   </div>
   <div class='ocr_carea' id='block_1_113' title="bbox 161 5611 894 5678">
    <p class='ocr_par' dir='ltr' id='par_1_113' title="bbox 161 5611 894 5678">
     <span class='ocr_line' id='line_1_113' title="bbox 161 5611 894 5678; baseline -0.012 2"><span class='ocrx_word' id='word_1_806' title='bbox 161 5618 222 5654; x_wconf 74' lang='grc' dir='ltr'>’θ’</span> <span class='ocrx_word' id='word_1_807' title='bbox 254 5617 425 5678; x_wconf 79' lang='lat' dir='ltr'>deest</span> <span class='ocrx_word' id='word_1_808' title='bbox 446 5618 528 5672; x_wconf 61' lang='lat'>96.</span> <span class='ocrx_word' id='word_1_809' title='bbox 554 5611 625 5648; x_wconf 67' lang='grc' dir='ltr'>ἰο</span> <span class='ocrx_word' id='word_1_810' title='bbox 647 5615 784 5672; x_wconf 83' lang='lat' dir='ltr'>Cum</span> <span class='ocrx_word' id='word_1_811' title='bbox 815 5622 894 5673; x_wconf 75' lang='lat' dir='ltr'>ac.</span> 
     </span>
    </p>
   </div>
  </div>
