3952 6318
368 347 489 416 ’759

1539 323 2024 400 EKKEHARDI
2063 320 2594 387 URAUGENSIS

3659 324 3769 394 ’760

373 485 724 547 contrudere
754 503 768 554 ;
801 483 918 556 hic,
939 481 997 543 si
1013 480 1235 558 placet,
1257 479 1477 551 occide,
1503 477 1610 537 hoc
1630 474 1750 536 loco
1777 465 2018 531 mortem

2152 488 2398 547 iartibus
2426 500 2526 543 sex
2549 483 2716 544 annis
2747 485 3022 544 Gratiano
3055 485 3288 544 vivente
3314 489 3647 558 regnasset,
3669 486 3766 545 Va-

373 592 563 651 prona
587 576 916 648 suscipiam
944 573 1268 631 voluntate.

447 666 525 724 Ea
551 668 902 738 tempestate
927 663 1228 731 Maximus,
1253 659 1343 716 vir
1373 659 1604 731 quidem
1628 663 1904 714 strenuus
1935 659 2021 710 at-

381 754 758 826 queimperio
790 753 1017 822 dignus,
1041 751 1087 807 si
1111 751 1312 806 contra
1341 747 1692 806 sacramenti
1715 746 1881 802 fidem
1916 757 2022 816 per

377 841 745 916 tyrannidem
779 855 891 897 non
924 839 1286 909 emersisset,
1321 838 1540 894 invitus
1572 837 1644 892 ab
1675 835 1940 892 exercitu
1963 833 2020 889 in

381 931 676 989 Britannia
717 930 1034 1001 imperator
1065 931 1254 985 factus
1285 928 1340 982 in
1361 925 1600 984 Galliam
1631 925 1888 993 transiit,
1927 937 2024 980 ex-

379 1025 706 1094 ceptusque
737 1034 765 1076 a
801 1019 1131 1090 legionibus
1161 1017 1436 1073 Gratiano
1467 1015 1728 1084 infensis,
1753 1013 2020 1083 eundem,

381 1110 574 1167 subita
593 1107 924 1165 incursione
941 1106 1320 1179 perterritum
1337 1111 1510 1176 atque
1526 1105 1581 1160 in
1595 1103 1818 1160 Italiam
1835 1108 2026 1160 trans-

380 1197 466 1254 ire
489 1194 1032 1260 meditantem,dolo
1055 1193 1435 1252 circumvenit
1467 1197 1528 1250 et
1558 1191 1772 1248 occidit
1803 1191 2026 1262 Lugdu-

2128 577 2508 635 lentinianum
2525 579 2737 647 tamen,
2757 576 2994 634 fratrem
3014 574 3586 647 Gratiani,quamdiu
3610 575 3760 642 vixit,

2131 681 2375 738 regnare
2402 665 2660 737 permisit
2689 682 2703 732 ;
2736 666 2858 738 ipse
2879 680 3020 722 vero
3047 664 3262 720 bellum
3287 665 3579 722 adversus
3607 665 3766 722 Maxi-

2132 769 2304 824 mum,
2337 753 2432 824 qui
2483 757 2622 810 tunc
2675 753 2957 825 Aquileia:
3004 751 3074 788 9“
3121 751 3443 821 insidebat,
3491 753 3758 824 suscepit,

2131 843 2410 913 illumque
2433 857 2462 898 a
2483 841 2766 899 militibus
2790 841 3068 913 propriis,
3094 855 3224 897 cum
3257 840 3374 896 vim
3399 840 3758 912 imperatoris

2131 932 2421 989 sustinere
2446 945 2558 987 non
2576 935 2838 1003 possent,
2857 934 3091 1002 captum
3107 945 3173 987 ac
3189 929 3472 986 traditum
3498 930 3761 1000 peremit;

2131 1021 2425 1077 Victorem
2459 1035 2688 1091 quoque
2719 1019 2806 1087 “9,
2834 1017 3011 1076 filium
3036 1019 3182 1090 ejus,
3211 1033 3384 1090 quem
3412 1023 3580 1090 pater
3603 1019 3763 1075 Gallis

2133 1108 2842 1166 adhucinzetateinfantili
2867 1109 3217 1179 profecerat,
3235 1107 3512 1163 extinxit.
3539 1109 3762 1165 Peracta

2133 1197 2768 1268 victoria,Theodosius
2787 1213 2914 1254 cum
2928 1196 3332 1254 Valentiniano
3348 1197 3508 1253 venit
3523 1197 3762 1266 Romam,

297 2298 310 2310 ο
384 2264 561 2332 atque
619 2263 682 2318 ut
741 2258 1130 2317 voluntariam
1192 2257 1303 2314 sibi
1369 2262 1618 2314 mortem
1677 2257 2040 2316 conscivisse

381 1284 1609 1357 no,fratremqueejusValentinianumcum
1639 1285 1821 1336 matre
1849 1281 2028 1336 Justi-

383 1390 454 1433 na
475 1374 704 1448 expulit
727 1375 799 1430 ab
821 1373 1004 1430 Italia.
1033 1373 1252 1445 (nam).
1283 1371 1388 1438 Qui
1423 1376 1612 1428 tamen
1641 1369 2026 1440 justissimam

2134 1290 2378 1360 eratque
2411 1303 2539 1344 cum
2573 1287 2656 1344 eis
2682 1285 2906 1359 pariter
2954 1291 3013 1342 et
3063 1287 3355 1343 Honorius
3405 1284 3571 1341 valde
3619 1301 3766 1358 puer,

2137 1392 2304 1448 quem
2329 1381 2496 1448 pater
2522 1381 2656 1448 post
2679 1381 2866 1434 actam
2890 1375 3196 1432 victoriam
3221 1390 3251 1432 a
3277 1375 3766 1448 ConstantinOpoli

386 1479 515 1521 cum
547 1467 733 1521 matre
765 1477 871 1520 sua
898 1462 1008 1519 luit
1039 1475 1425 1534 pmnam.QIlaB
1455 1465 1515 1516 et
1557 1460 1743 1532 ipsum
1786 1459 2027 1516 Arriana
2136 1469 2502 1523 evocaverat.
2527 1465 2883 1522 Theodosius
2910 1465 3089 1534 igitur
3119 1465 3337 1533 Romae,
3359 1464 3606 1534 positus,
3648 1463 3774 1521 mul-

381 1551 574 1610 heresi
623 1551 834 1625 polluit
863 1556 922 1608 et
969 1549 1491 1606 eminentissimum
1540 1547 1845 1606 catholicae
1895 1547 2026 1604 ﬁdei
2137 1553 2800 1628 tumprornitUrbi,alia
2822 1551 3265 1626 prehendo,alia
3290 1551 3632 1610 auferendo.
3651 1553 3770 1610 Post

383 1641 686 1698 doctorem
714 1639 1080 1696 Ambrosium
1113 1638 1455 1710 episcopum
1483 1636 1702 1708 perfida
1729 1636 2030 1694 Obsidione
2141 1645 2264 1701 haec
2299 1643 2509 1701 relicto
2543 1643 2944 1700 Valentiniano
2975 1643 3192 1699 Romae.
3229 1641 3358 1713 ipse
3375 1656 3508 1698 cum
3541 1643 3772 1698 Honorio

381 1729 635 1786 vexavit.
655 1729 757 1800 (II,
769 1729 872 1800 φη.)
887 1727 1324 1784 Valentinianus
1337 1730 1528 1782 autem
1545 1725 2034 1798 Constantinopo-
2144 1731 2712 1804 Constantinopolim
2738 1730 3016 1788 remeavit
3039 1730 3490 1787 Valentinianus
3505 1744 3640 1787 vero
3660 1745 3769 1789 cum

385 1817 482 1874 lim
515 1817 777 1887 veniens,
809 1831 840 1873 a
872 1815 1197 1873 Theodosio
1231 1820 1470 1888 paterna
1503 1815 1724 1888 pietate
1763 1819 1852 1872 est
1907 1830 2034 1872 sus-
2060 1812 2115 1875 B
2143 1821 2422 1879 transiret
2453 1821 2504 1876 in
2539 1820 2780 1877 Galliam
2814 1835 2987 1876 causa
3017 1819 3362 1876 ordinandze
3397 1819 3480 1876 rei
3523 1819 3767 1890 publica,

383 1911 615 1980 ceptus,
639 1909 696 1962 et
737 1905 984 1978 imperio
1007 1909 1098 1962 est
1131 1905 1486 1972 restitutus;
1530 1903 1632 1961 sed
1656 1904 1728 1961 ab
1775 1904 2034 1975 Eugenio
2144 1909 2350 1967 fraude
2374 1909 2690 1979 Arbogasti
2713 1909 2944 1965 comitis
2965 1907 3750 1977 suietEugeniigrammatici

385 1995 656 2068 quodam,
676 1994 844 2067 prius
860 1993 1264 2066 grammatiCO,
1287 1998 1433 2050 tunc
1459 1997 1651 2050 autem
1681 1985 1953 2049 militanti
1976 1993 2033 2048 in
2146 1999 2440 2056 dormiens
2453 1999 2525 2055 ab
2539 1997 2820 2056 eunuchis
2835 1995 3213 2054 cubiculariis
3229 1997 3486 2068 pecunia
3500 1995 3767 2068 corruptis

384 2083 690 2157 palatio,et
703 2085 776 2141 ab
791 2083 1119 2154 Arbogasto
1134 2082 1382 2154 quodam
1401 2083 1729 2140 facinoroso
1742 2081 2036 2154 corruptis
2147 2087 2469 2145 suffocatus
2493 2091 2604 2158 est,
2623 2099 2872 2157 moxque
2889 2085 3144 2155 Eugenio
3167 2085 3220 2141 in
3239 2084 3626 2156 principatum
3643 2083 3770 2140 elec-

385 2170 764 2229 cubiculariis
788 2173 883 2242 ,ab
906 2171 1126 2228 eisdem
1151 2170 1448 2227 dormiens
1480 2169 1882 2241 strangulatus
1921 2175 2034 2241 est,
2149 2179 2208 2232 to
2227 2175 2298 2232 ab
2317 2175 2661 2245 Arbogasto,
2725 2175 2970 2231 collecta
3007 2173 3402 2231 multidudine
3429 2174 3766 2244 [Francorum

2151 2269 2326 2336 atque
2351 2263 2646 2320 Gallorum
2675 2267 3133 2336 preparaverunt
3151 2276 3213 2318 se
3237 2261 3293 2317 in
3323 2276 3571 2333 pugnam
3593 2265 3768 2318 contra

2149 2351 2553 2409 Theodosium.
2587 2351 2748 2418 Quod
2785 2350 2882 2406 ille
2913 2350 3176 2420 audiens,
3203 2349 3585 2420 congregavit
3606 2349 3770 2407 multi-

2151 2441 2413 2498 tudinem
2439 2439 2771 2510 militarem,
2800 2439 3094 2511 ﬁliumque
3119 2455 3287 2496 suum
3309 2439 3622 2496 Honorium
3659 2453 3771 2495 con-

2154 2529 2349 2586 stituit
2382 2528 2815 2601 imperatorem.
2843 2528 2997 2584 Misit
3019 2533 3212 2584 autem
3231 2527 3572 2600 EutrOpium
3611 2528 3765 2584 Eunu.

2155 2620 2324 2676 chum
2358 2619 2472 2676 sibi
2507 2615 2904 2676 fidelissimum
2933 2617 3005 2652 °’°
3035 2617 3091 2673 in
3121 2617 3472 2674 Thebaidam
3499 2617 3566 2673 ad
3594 2617 3772 2672 Iohan-

2157 2723 2284 2764 nem
2316 2707 2657 2764 monachum
2690 2707 3059 2780 praescientia
3082 2706 3308 2763 clarum
3341 2706 3412 2763 de
3445 2721 3555 2778 quo
3585 2705 3768 2774 legitur

390 2351 722 2420 putaretur,
754 2347 962 2418 laqueo
993 2360 1318 2420 suspensus
1353 2351 1461 2404 est.

461 2472 513 2526 2.
550 2469 720 2539 (0hr.
764 2470 874 2540 W.)
908 2471 1072 2526 Anno
1105 2468 1412 2526 dominicas
1447 2468 1868 2527 incarnationis
1889 2471 2040 2537 383°,

406 2557 506 2628 qui
527 2561 624 2614 est
641 2557 900 2616 Gratiani
923 2556 1237 2628 secundus,
1253 2557 1604 2630 Theophilus
1617 2559 1641 2582 *
1656 2557 1924 2630 pascales
1943 2558 2049 2615 cir-

389 2644 560 2704 culos
590 2645 886 2704 inchoavit
913 2663 925 2702 :
1431 2659 1444 2669 ·

535 2769 783 2844 sanctus
815 2768 1067 2826 Basilius
1101 2769 1480 2844 caesariensis
1517 2769 1830 2844 episcopus
1878 2771 2042 2828 obiit.

535 2841 622 2895 ιη
651 2842 712 2898 Ε.
748 2843 782 2896 4
813 2871 876 2880 -
912 2845 996 2896 1ο.
1033 2853 1108 2896 ea;
1132 2839 1342 2912 Sigeb,

464 2966 514 3018 3.
557 2967 614 3018 Α.
649 2964 711 3020 D.
747 2965 869 3034 384,
907 2963 1173 3034 Synodus
1207 2967 1312 3019 160
1336 2963 1746 3036 episcoporum
1772 2965 2025 3022 Constan

391 3050 636 3124 tin0poli
660 3051 946 3110 adversus
969 3051 1369 3110 Macedonium
1391 3059 1788 3125 congregatur
1813 3056 1925 3112 sub
1948 3051 2052 3136 Da:

393 3155 552 3198 maso
581 3155 750 3213 papa,
787 3142 809 3164 "
840 3141 936 3213 qui
968 3145 1039 3198 26
1059 3139 1128 3176 “1
1156 3143 1324 3198 annis
1353 3143 1599 3212 regebat
1627 3143 1978 3203 ecclesiam.

466 3249 485 3268 '
513 3249 610 3322 D_?
635 3247 696 3304 E.
730 3247 844 3320 qui
867 3247 989 3306 Ιιωσ
1017 3263 1074 3306 α.
1125 3251 1229 3304 386
1283 3248 1522 3322 habent,
1577 3251 1838 3322 pergunt
1885 3271 1898 3307 :
1947 3253 2049 3310 Hic

538 3317 838 3394 decretum
862 3324 992 3394 est,
1017 3324 1099 3394 ut
1114 3317 1808 3394 Constantinopolitanus
1821 3328 1958 3394 post
1979 3325 2042 3380 Β.

539 3403 598 3516 ἢ.
651 3387 708 3469 h.
771 3405 825 3459 p.
862 3389 921 3444 In
954 3389 1136 3446 Gallia
1168 3387 1575 3472 Priscillianus
1609 3387 1929 3465 episcopus
1975 3410 2048 3450 ex

593 3457 980 3516 anicbteorum
994 3465 1056 3516 et
1070 3461 1480 3516 Gnostlcorum
1498 3461 1769 3516 dogmate
1786 3477 2045 3516 errorem

593 3461 980 3532 anicbreorum
994 3465 1056 3516 et
1070 3461 1480 3532 Gnosticorum
1498 3461 1769 3532 dogmate
1786 3461 2045 3521 errorem

542 3529 968 3606 sui___nominis
1025 3530 1302 3606 condens,
1338 3529 2046 3606 conciliisgepiscoporum

546 3599 860 3674 auditusi-
875 3616 1006 3674 cum
1023 3601 1156 3674 aliis
1171 3602 1520 3674 sequacibus
1535 3599 1686 3660 suisf
1698 3599 1956 3662 Itacliius
1977 3637 2048 3649 —

542 3669 744 3729 nolens
776 3672 1092 3730 Itachianis
1123 3669 1573 3731 communicare.
1610 3689 1686 3732 ex
1711 3675 1920 3748 Sigeo.

473 3761 523 3815 4.
560 3761 623 3816 Α.
655 3761 716 3816 D.
751 3762 854 3817 385
877 3761 930 3816 ’.

473 3866 562 3942 ’4.
595 3898 664 3908 -
728 3870 822 3942 11.
866 3865 1139 3942 addunt:
1207 3868 1753 3942 Priamusquidam
1803 3875 1864 3926 et
1938 3871 2050 3926 An-

542 3937 1222 4078 tseigggprincipabantur
1239 3939 1475 3997 Francis
1494 3937 1605 3998 hoc
1648 3945 1937 4013 tempore.
1977 3955 2051 3998 ea;

477 4118 528 4170 ti.
561 4111 784 4188 (Βεωι.)
819 4115 883 4170 Α.
917 4116 980 4171 Ι).
1016 4115 1138 4172 386.
1184 4113 1532 4174 Archadium
1581 4114 1650 4150 “’
1693 4116 2052 4176 Theodosius

408 4206 576 4274 pater
604 4205 934 4259 consortem
968 4203 1128 4274 regni
1163 4203 1318 4260 facit.

479 4293 530 4346 6.
558 4288 726 4360 (ϐῆν.
772 4290 879 4362 W.)
913 4291 976 4346 Α.
1011 4292 1074 4348 Ι).
1111 4295 1232 4350 387.
1267 4292 1546 4350 Maximus
1577 4307 1646 4350 ex
1670 4293 1967 4351 Britannia
1993 4295 2050 4352 in

410 4376 626 4436 Gallias
641 4377 878 4436 veniens
892 4393 1250 4452 regnumque
1264 4381 1374 4438 sibi
1395 4383 2050 4454 usurpans,Gratianum

410 4466 564 4541 apud
595 4465 932 4538 Lugdunum
963 4469 1200 4540 occidit,
1224 4469 1459 4528 fratrem
1485 4485 1623 4528 vero
1645 4470 1774 4542 ejus
1798 4472 2054 4529 Valenti-

409 4555 644 4614 nianum
673 4554 840 4614 Italia
871 4557 1117 4631 expulit.

552 4643 697 4701 Anni
729 4645 1058 4703 Theodosii.

483 4737 531 4788 1.
561 4731 664 4802 (Η.
689 4734 760 4792 R.
787 4738 846 4791 et
871 4734 950 4792 H.
973 4734 1078 4806 m.)
1105 4735 1266 4791 Anno
1296 4733 1600 4792 dominicae
1633 4733 2054 4795 incarnationis

411 4821 535 4891 388,
568 4822 741 4880 Urbis
766 4836 906 4879 vero
928 4821 1178 4879 conditae
1199 4821 1648 4896 millesim0139,
1673 4825 2052 4898 Theodosius,

410 4909 646 4980 genitus
691 4913 860 4983 patre
902 4909 1242 4982 Theodosio,
1296 4915 1480 4970 matre
1537 4912 1902 4970 Thermantia
1964 4913 2054 4986 ³1³,

413 4999 540 5054 ut"
567 4996 634 5033 “‘
661 4998 735 5054 ab
766 5000 1047 5070 Augusto,
1080 4999 1392 5058 interfecto
1423 5015 1528 5074 per
1574 5001 1879 5059 Maximum
1922 5005 2060 5061 Gra-

413 5083 592 5155 tiano,
627 5084 934 5158 imperium
968 5088 1287 5146 Romanum
1318 5088 1478 5148 solus
1507 5087 1576 5124 “'
1601 5089 1879 5161 obtinuit,
1904 5106 2063 5148 man-

414 5169 610 5242 sitque
635 5171 706 5210 ⁸³⁸
736 5173 792 5231 in
823 5188 894 5234 eo
923 5176 1091 5237 annis
1123 5181 1183 5236 11
1213 5175 1304 5250 ⁸³⁷,
1354 5191 1486 5236 cum
1531 5177 1649 5250 jam
1693 5177 1749 5234 in
1801 5177 2058 5237 Orientis

2079 4526 2133 4586 D

2159 2796 2214 2853 in
2247 2797 2376 2853 Vita
2412 2800 2663 2868 patrum,
2699 2800 2762 2852 ut
2795 2801 2895 2852 aut
2927 2811 3056 2852 eum
3088 2795 3290 2852 venire
3316 2794 3600 2852 volentem
3621 2792 3771 2850 dedu-

2157 2889 2340 2955 ceret,
2373 2887 2470 2942 aut
2509 2884 2800 2940 nolentem
2821 2884 2891 2941 de
2915 2882 3051 2940 belli
3078 2885 3296 2940 eventu
3324 2882 3658 2954 requireret.
3682 2880 3768 2945 Qui

2157 2974 2358 3032 venire
2377 2972 2598 3044 nolens,
2619 2972 2998 3039 mandavitei,
3019 2970 3189 3042 quod,
3209 2971 3768 3040 interfectotyranno,

2158 3062 2405 3143 victoria
2439 3061 2516 3118 sit
2550 3061 2868 3132 petiturus,
2904 3059 3004 3117 sed
3037 3059 3158 3132 ipse
3190 3058 3248 3114 in
3278 3058 3444 3116 Italia
3467 3057 3766 3114 moriturus.

2079 3169 2130 3234 ο
2159 3150 2402 3208 Relictis
2426 3149 2605 3220 igitur
2623 3149 2908 3206 ambobus
2923 3148 3059 3205 filiis
3082 3147 3136 3203 in
3162 3145 3771 3215 urbeConstantinopo-

2157 3239 2358 3307 litana,
2383 3239 2739 3295 Theodosius
2761 3241 2964 3294 contra
2985 3237 3304 3306 Eugenium
3324 3235 3530 3308 pergit,
3557 3245 3769 3302 moxque

2157 3327 2242 3384 illi
2272 3326 2341 3361 ⁸³³
2371 3327 2670 3383 exercitus
2699 3325 3151 3396 Wisigotharum
3186 3324 3320 3396 plus
3372 3338 3538 3395 quam
3593 3319 3767 3390 viginti

2157 3415 2400 3473 millium
2433 3414 2730 3478 occurrit;
2765 3414 3060 3484 Eugenius
3088 3413 3290 3484 itaque
3340 3418 3397 3470 et
3444 3412 3770 3480 Arbogastus

2157 3521 2287 3563 cum
2317 3504 2604 3560 transitus
2627 3503 2852 3575 Alpium
2880 3506 3170 3572 tenerent,
3204 3501 3560 3558 Theodosius
3582 3499 3630 3554 in
3644 3511 3771 3554 sum-

2157 3594 2265 3650 mis
2303 3591 2542 3664 Alpibus
2572 3591 2950 3660 constitutus,
2977 3590 3214 3663 jejuniis
3238 3595 3297 3646 et
3333 3586 3680 3646 orationibus
3705 3584 3770 3636 in-

2156 3684 2358 3738 tentus
2387 3684 2532 3736 erat.
2571 3680 2736 3736 Circa
2768 3679 3058 3750 gallorum
3079 3677 3308 3735 vero’”
3339 3679 3567 3735 cantum
3590 3684 3766 3744 sopore

2156 3769 2534 3837 constrictus,
2567 3767 2717 3824 vidit
2738 3767 2794 3823 in
2819 3767 3058 3837 somnis,
3086 3766 3247 3836 quasi
3267 3766 3492 3836 jaceret
3516 3762 3569 3818 in
3591 3772 3766 3828 campo

2157 3860 2217 3912 et
2246 3857 2505 3911 astarent
2538 3854 2588 3910 ei
2623 3855 2737 3910 duo
2769 3853 3004 3926 quidam
3055 3852 3164 3909 viri
3217 3853 3271 3908 in
3323 3851 3582 3910 vestibus
3623 3843 3762 3911 albis,

2157 3943 2324 4015 equis
2338 3941 2769 3999 candidissimis
2785 3941 3422 4010 residentes,jubentes
3435 3951 3559 3996 eum
3585 3933 3766 3990 habere

2160 4031 2425 4089 fiduciam
2459 4031 2762 4103 primoque
2795 4029 3056 4086 diluculo
3105 4043 3421 4102 preparare
3471 4024 3670 4081 milites
3706 4015 3764 4074 ad

2159 4119 2488 4190 victoriam,
2519 4133 2698 4190 seque
2729 4118 3000 4174 dicebant
3029 4116 3097 4173 ad
3119 4117 3394 4174 solatium
3416 4113 3524 4172 sibi
3547 4107 3765 4169 destina-

2159 4213 2272 4265 tos.
2310 4209 2562 4276 Quorum
2593 4207 2743 4264 alter
2776 4206 3028 4276 dicebat,
3065 4221 3126 4263 se
3148 4220 3280 4263 esse
3300 4205 3603 4262 Iohannem
3623 4207 3766 4254 evan-

2159 4297 2449 4368 gelistam,
2500 4296 2651 4352 alter
2685 4295 3012 4367 Philippum
3066 4294 3412 4366 apostolum.
3463 4291 3594 4358 Quae
3639 4280 3762 4340 visio

2161 4384 2336 4442 etiam
2387 4383 2559 4440 alicui
2611 4383 2779 4438 militi
2826 4381 2895 4417 ⁰²³
2945 4381 3202 4439 revelata
3254 4385 3364 4438 est.
3419 4377 3530 4445 Qua
3575 4369 3763 4428 visione

2161 4476 2480 4544 comperta,
2515 4471 2819 4528 uberiores
2852 4471 2907 4527 in
2941 4469 3206 4528 oratione
3239 4467 3502 4526 lacrimas
3533 4458 3682 4526 fudit,
3713 4453 3760 4508 ei

2164 4563 2220 4618 in
2252 4560 2574 4617 crastinum
2607 4560 2757 4615 facta
2787 4559 3228 4630 congressione,
3279 4557 3450 4614 turbo
3495 4551 3760 4630 ventorum

2164 4651 2450 4706 maximus
2469 4663 2498 4704 a
2523 4651 2690 4721 parte
2710 4627 3015 4704 Theodosii
3041 4647 3097 4703 in
3125 4662 3224 4704 ora
3248 4643 3488 4702 hostium
3517 4627 3757 4721 surrexit,

2165 4737 2429 4810 quiotela,
2465 4717 2592 4809 quae
2627 4737 2737 4809 ipsi
2764 4738 3093 4806 mittebant,
3123 4735 3174 4791 in
3210 4735 3372 4807 ipsos
3401 4717 3758 4793 retorquebat.

2163 4841 2231 4884 ea
2264 4841 2424 4895 vero,
2455 4841 2584 4897 quae
2613 4827 2684 4882 ab
2715 4827 2843 4898 ejus
2878 4830 3044 4898 parte
3077 4824 3250 4881 missa
3285 4823 3432 4888 sunt,
3463 4813 3602 4872 ultra
3629 4816 3760 4898 men-

2165 4930 2361 4972 suram
2391 4893 2622 4971 humani
2647 4893 2844 4986 jactus
2877 4893 2981 4986 per
3039 4925 3304 4982 magnum
3349 4908 3510 4964 inane
3555 4893 3754 4970 portata

2166 5003 2432 5062 valenter
2461 5003 2735 5059 hostibus
2767 5001 3062 5071 infigebat.
3095 4998 3385 5070 Eugenius
3431 4992 3609 5058 itaque
3652 4991 3756 5071 cor-

2169 5106 2346 5150 ruens
2377 5091 2450 5148 ad
2484 5090 2661 5163 pedes
2690 5063 3080 5162 imperatoris,
3107 5063 3331 5144 veniam
3354 5063 3712 5163 rogabat,seti
3731 5073 3754 5114 a

2170 5179 2453 5236 militibus
2483 5154 2637 5237 circa
2662 5154 2840 5251 pedes
2861 5177 2990 5250 ejus
3011 5154 3206 5250 capite
3227 5172 3523 5233 truncatus
3541 5162 3650 5220 est;
3671 5154 3756 5208 Ar-

1772 5345 2010 5402 VARLE
2050 5345 2452 5404 LECTIONES.

486 5505 555 5542 '“
584 5509 680 5569 XX
709 5507 904 5568 tribus
931 5511 991 5572 ιιι
1015 5513 1206 5572 XVIII.
1241 5519 1294 5572 ti.
1329 5518 1413 5572 10.
1445 5516 1532 5572 tl.
1566 5513 1635 5549 ἰ’
1684 5515 1829 5573 Haec
1873 5529 1914 5572 α
1960 5519 2082 5576 385.
2131 5516 2200 5571 D?
2245 5516 2305 5570 E.
2357 5513 2427 5548 ’1³
2471 5513 2856 5570 theremantia
2905 5515 2983 5568 9°.
3036 5505 3406 5568 terremantia
3451 5498 3524 5554 ιδ·
3567 5481 3754 5576 “in:

417 5575 488 5632 D?
517 5577 577 5634 E.
610 5581 672 5638 et
696 5579 792 5638 ita
815 5580 1086 5644 deinceps
1113 5583 1183 5618 '"
1219 5600 1267 5644 s.
1326 5587 1391 5642 Β.
1455 5590 1505 5640 5.

1684 5553 2370 5658 aiuqte°az§z°v_‘n.
2431 5553 2998 5656 gsr'"sa‘";;anegis
3041 5553 3114 5638 "gr
3133 5553 3657 5634 ·τίῖ’;ίεῖοι;οωριιε
3705 5553 3748 5604 υ-

418 5599 488 5678 gf,
517 5599 792 5703 ﬁat-1.6;)”
815 5599 1086 5690 annos?
1114 5599 1183 5618 ’¹⁹
1219 5600 1267 5644 8.
1326 5599 1391 5642 Κ.
1455 5599 1505 5640 5.
1564 5599 1634 5620 '“
1689 5599 1952 5658 vrxntque
2007 5599 2082 5642 υτ.
2140 5599 2205 5619 ’³⁸
2265 5599 2370 5642 λι..
2431 5599 2452 5642 h

599 5663 862 5708 lSSlmllm
893 5653 987 5710 El.
1047 5653 1092 5688 ἰ
1123 5654 1288 5714 deest
1311 5657 1354 5712 E
1387 5657 1432 5712 ι.
1467 5654 1536 5688 ⁹⁹²
1567 5659 1803 5713 cantum
1829 5671 1886 5712 v.
1915 5669 1970 5727 g.
2003 5662 2054 5713 5.
2089 5655 2160 5691 ³³⁸
2189 5655 2354 5715 deest
2375 5661 2452 5714 9°.
