3952 6310
136 328 253 398 761

118 559 289 621 latus
321 566 593 623 Archadii
627 583 777 627 anno
805 573 989 629 tercio
1020 579 1078 630 et
1109 578 1348 633 Honorii
1382 559 1655 637 secundo.
1690 581 1773 637 Ad

115 649 364 710 laudem
389 669 529 713 vero
550 658 853 716 Theodosii
875 664 949 718 ob
974 663 1253 734 insignem
1276 668 1581 725 victoriam
1605 673 1776 742 poeta

121 741 369 811 quidam
403 746 634 803 nomine
668 749 1037 822 Claudianus,
1075 754 1175 810 sed
1205 771 1488 829 paganus,
1513 741 1666 815 inter
1693 776 1780 817 ce-

120 833 259 886 tera
282 832 614 904 hujusmodi
640 840 911 897 versibus
930 844 1046 897 Deo
1065 848 1123 899 et
1143 844 1366 903 homini
1384 849 1779 908 testimonium

119 920 350 978 cecinit
383 943 395 978 :
1414 1004 1417 1005 ν

282 1014 335 1095 ρ
351 1013 615 1095 nimi-um
644 1016 856 1095 dilecte
884 1021 1020 1095 Deo,
1058 1022 1155 1095 cui
1181 1024 1419 1081 militat
1440 1026 1638 1095 aether,

276 1084 368 1139 Et
389 1085 693 1155 coniurati
720 1090 972 1146 veniunt
997 1093 1078 1148 ad
1102 1095 1359 1151 classica
1388 1099 1568 1154 senti.

123 1169 318 1239 Igitur
350 1173 711 1231 Theodosius
740 1177 1123 1236 Mediolanum
1154 1184 1411 1248 veniens,
1450 1192 1581 1256 post
1630 1187 1789 1243 labo-

124 1273 252 1315 rem
279 1260 841 1336 publicumcorpore
859 1268 1159 1336 fatigatus,
1176 1274 1583 1337 mgritudiucm
1603 1277 1788 1332 ineur'

125 1347 229 1417 rit,
262 1353 591 1421 etsperans
624 1368 688 1408 se
713 1355 1078 1421 moriturum,
1112 1361 1307 1428 potius
1329 1362 1400 1416 de
1447 1378 1508 1418 re
1558 1353 1788 1434 publica

122 1436 436 1507 cogitavit,
471 1441 854 1497 considerans
887 1460 1013 1514 quae
1045 1448 1240 1503 solent
1274 1450 1608 1509 hominibus
1660 1469 1788 1510 eve-

122 1525 279 1591 nire,
308 1526 665 1598 imperatore
690 1532 994 1588 moriente.
1026 1535 1226 1592 Filium
1252 1538 1449 1608 itaque
1475 1542 1786 1598 Honorium

119 1611 199 1667 de
234 1614 745 1687 Constantinopoli
767 1619 1051 1676 velociter
1075 1626 1361 1695 evocavit,
1396 1632 1455 1682 et
1479 1628 1789 1699 imperato-

118 1715 257 1755 rem
287 1703 486 1760 Romae
513 1703 822 1761 ordinavit.
872 1709 1127 1779 Cumque
1177 1714 1466 1771 Honorius
1516 1717 1787 1775 Mediola-

116 1802 271 1844 num
299 1791 575 1860 venisset,
604 1798 769 1863 pater
784 1810 855 1850 cx
869 1797 1216 1865 aegritudine
1231 1801 1543 1873 relevatus,
1563 1805 1785 1862 circum

117 1877 197 1932 de
211 1877 472 1936 victoria
487 1880 845 1949 celebrabat,
861 1889 920 1939 ct
937 1890 1068 1942 ante
1084 1889 1387 1958 prandium
1407 1893 1638 1962 quidem
1656 1910 1790 1966 spc'

118 1967 426 2024 ctaculum
463 1970 626 2039 quasi
650 1985 829 2029 sanus
845 1974 1131 2045 exhibuit,
1158 1987 1293 2049 post
1319 1982 1623 2050 prandium
1648 1999 1784 2040 vero

120 2060 377 2124 repente
408 2064 819 2130 pregravatus,
854 2061 925 2117 ad
973 2067 1371 2134 spectaculum
1423 2071 1621 2127 venire
1669 2087 1780 2129 non

132 2144 354 2213 potuit,
390 2144 570 2203 ﬁlium
597 2149 790 2206 tamen
824 2148 977 2207 ludis
1010 2154 1218 2211 adesse
1249 2159 1508 2228 precepit
1538 2177 1551 2225 ;
1585 2175 1785 2231 super-

127 2232 410 2289 veniente
442 2249 582 2290 vero
615 2243 806 2307 nocte,
843 2239 1154 2298 delunctus
1186 2248 1297 2309 est,
1334 2249 1398 2301 16
1440 2248 1558 2305 Kal.
1613 2251 1777 2305 Febr.

129 2335 284 2377 anno
316 2321 549 2393 imperii
586 2328 699 2396 17°,
730 2326 865 2384 vitae
898 2334 1089 2386 autem
1124 2334 1233 2387 4οη.
1268 2334 1393 2389 Fuit
1428 2342 1618 2394 autem
1653 2354 1783 2410 pro-

127 2415 390 2481 pagator
412 2412 494 2468 rei
521 2414 771 2484 publicas
795 2420 849 2472 et
876 2417 1143 2475 defensor
1167 2423 1431 2483 eximius.
1449 2424 1701 2483 clemens
1724 2432 1783 2484 et

52 2498 59 2503 ”
128 2499 503 2571 misericors,
526 2504 848 2561 communis
870 2509 1116 2575 cunctis,
1145 2510 1268 2566 solo
1293 2512 1491 2569 habitu
1509 2514 1781 2572 differens

127 2600 158 2642 a
189 2588 438 2659 ceteris,
476 2589 533 2645 in
566 2605 766 2648 omnes
798 2592 1172 2667 honorificus,
1208 2598 1263 2652 in
1299 2601 1482 2657 bonos
1525 2616 1666 2658 vero
1714 2603 1781 2636 ⁹²¹

129 2677 462 2746 profusius.
498 2677 739 2744 Quantae
772 2684 963 2738 autem
1000 2687 1465 2743 mansuetudinis
1494 2691 1645 2761 apud
1686 2691 1782 2747 ho-

128 2765 325 2821 mines
350 2765 480 2835 fuit,
505 2772 686 2825 tantae
709 2768 1054 2827 humilitatis
1081 2789 1275 2830 coram
1300 2777 1537 2834 Domino
1561 2780 1776 2835 extitit.

128 2852 332 2919 Quod'
365 2854 422 2910 in
456 2854 555 2911 illo
586 2857 934 2917 obedientize
965 2862 1234 2933 exemplo
1282 2865 1426 2920 satis
1477 2866 1777 2937 probatur,

129 2956 309 3012 quam
352 2947 557 3000 sancto
590 2946 898 3003 Ambrosio
943 2949 1240 3022 episcopo,
1278 2953 1449 3009 immo
1479 2969 1585 3026 per
1622 2955 1777 3013 illum

132 3032 255 3086 Deo
288 3030 632 3089 exhibuisse
663 3040 956 3093 narratur.
993 3037 1156 3103 Quod
1191 3041 1323 3109 quia
1370 3046 1458 3096 est
1495 3042 1681 3099 relatu
1715 3057 1782 3100 ac

130 3119 421 3175 memoria
453 3120 687 3190 dignum
719 3122 855 3179 licet
890 3140 997 3181 non
1031 3142 1138 3183 suo
1172 3127 1320 3199 loco,
1357 3132 1537 3186 statui
1588 3136 1778 3188 tamen

130 3208 603 3279 memorandum,
636 3214 694 3265 et
715 3226 821 3281 pro
845 3212 1100 3271 utilitate
1119 3198 1432 3284 legentium
1456 3223 1515 3274 et
1534 3235 1638 3290 pro
1660 3220 1781 3291 opi-
1812 3198 1859 3258 υ

130 3295 309 3351 nione
342 3295 648 3353 virtutum.

282 3366 447 3442 Quod
483 3367 537 3423 in
574 3368 681 3442 illo
730 3374 1145 3442 comprobatur
1195 3375 1545 3433 obedientiie
1591 3394 1782 3433 citem~

282 3436 402 3508 plo,
435 3438 588 3512 quod
625 3442 837 3510 passim
864 3436 1083 3512 legitur
1114 3450 1168 3499 ct
1205 3460 1307 3502 nos
1349 3448 1440 3503 hic
1473 3448 1781 3505 brevitatis

279 3521 458 3587 causa
502 3511 1071 3587 subtrahimgus,’quo
1104 3516 1291 3587 beato
1342 3519 1640 3587 subjectus
1688 3525 1776 3575 est

285 3578 616 3662 Ambrosio,
650 3578 990 3662 prohibenti
1030 3578 1466 3662 scilicetilluni
1501 3590 1781 3646 mcclesiie

282 3648 510 3727 ingredi
543 3648 737 3708 limina
771 3660 1031 3727 propter,
1066 3657 1496 3715 inconsiderata
1531 3676 1784 3727 quorun-

284 3718 416 3774 dam
450 3718 821 3780 innocentum
848 3718 1171 3783 homicidia.
1202 3729 1459 3786 Habebat
1483 3718 1656 3786 etiam
1681 3732 1784 3786 im-

286 3796 524 3861 perator
555 3801 613 3848 et
647 3795 836 3861 aliam,
870 3798 971 3853 etc.
1007 3799 1091 3852 D?

210 3860 589 3919 Thesalonica
603 3860 917 3922 estcivitas
930 3868 1169 3936 grandis
1190 3874 1250 3925 et
1268 3870 1565 3942 populosa,
1592 3872 1644 3927 in
1673 3887 1784 3943 qua

133 3950 279 4007 dum
308 3955 463 4007 esset
495 3951 873 4025 Theodosius,
912 3956 990 4011 ibi
1026 3957 1238 4013 seditio
1268 3963 1355 4014 est
1388 3965 1537 4030 orta,
1573 3965 1633 4017 et
1665 3963 1786 4032 qui-

133 4038 273 4096 dam
303 4053 375 4095 ex
401 4039 700 4109 judicibus
735 4045 909 4099 tracti
943 4047 1000 4100 et
1032 4044 1273 4117 lapidati
1306 4057 1461 4115 sunt,
1498 4064 1781 4121 unusque,

133 4131 204 4184 ut
228 4127 394 4185 aiunt
419 4128 640 4200 (Ηυξ-ω.
661 4146 737 4202 χι,
759 4136 843 4201 18,
869 4163 937 4173 -
958 4134 1181 4204 H.m.),
1198 4149 1269 4190 ex
1292 4135 1598 4206 militibus,
1616 4153 1784 4208 quem

132 4214 242 4272 ille
271 4214 577 4287 diligebat,
607 4219 840 4275 occisus
872 4223 982 4275 est.
1009 4221 1151 4278 Hine
1180 4221 1515 4292 indignatus
1536 4225 1785 4281 Theodo-

134 4304 288 4373 sius,
320 4304 477 4361 sicut
510 4319 573 4362 se
603 4305 820 4363 habent
838 4307 1105 4366 humanae
1129 4311 1453 4381 passiones,
1478 4327 1588 4367 non
1613 4314 1790 4369 refre-

132 4391 304 4448 navit
330 4392 649 4450 iracundiaa
680 4395 1099 4465 inﬁrmitatem,
1133 4398 1234 4454 sed
1257 4398 1416 4467 justo
1458 4400 1638 4456 furori
1690 4400 1790 4457 im-

134 4493 400 4537 mensam
430 4482 779 4552 permiscuit
810 4484 1243 4542 crudelitatem.
1282 4486 1365 4543 Ad
1398 4486 1570 4545 ludos
1611 4488 1789 4558 igitur

130 4568 443 4626 circenses
462 4570 636 4641 jussit
662 4570 897 4628 invitari
921 4572 1169 4644 cives,et
1191 4579 1433 4647 repente
1467 4591 1643 4648 super
1672 4592 1789 4634 om-

132 4670 247 4713 nes
261 4656 516 4727 injustos
528 4657 754 4728 gladios
769 4674 942 4731 prece
951 4661 1285 4732 pitevagina
1296 4662 1342 4718 ri
1357 4667 1413 4719 et
1430 4679 1540 4720 una
1554 4680 1684 4721 cum
1709 4666 1790 4720 in—

134 4745 498 4802 nocentibus
527 4751 807 4804 nocentes
838 4748 1062 4819 perimi.
1099 4750 1331 4822 Septem
1377 4751 1591 4824 quippe
1634 4753 1790 4809 milia

130 4833 439 4890 hominum
472 4834 741 4891 feruntur
772 4835 850 4891 ibi
882 4837 1101 4907 occisa,
1125 4852 1236 4893 non
1272 4839 1623 4910 precedente
1642 4842 1794 4913 judi-

133 4924 255 4993 cio,
294 4922 395 4979 sed
430 4921 745 4980 furibundo
777 4923 1037 4981 dictante
1066 4927 1275 4983 animo.
1310 4927 1653 4997 liujusmodl
1676 4930 1793 4988 ela-

134 5012 274 5068 dem
296 5010 552 5080 gemitus
569 5009 797 5082 plenam
826 5013 1070 5070 audiens
1094 5015 1456 5083 Ambrosius,
1475 5032 1601 5072 cum
1637 5019 1792 5089 prin-

134 5113 284 5171 ecps
313 5098 699 5155 Mediolanum
720 5100 977 5157 venisset
1001 5106 1056 5158 et
1078 5102 1402 5160 mcclesiam
1427 5104 1791 5163 sollemniter

133 5186 367 5241 intrare
394 5184 704 5254 voluisset,
741 5186 883 5242 foris
920 5186 990 5242 ad
1032 5186 1243 5257 januas
1288 5189 1340 5244 ei
1386 5189 1453 5223 ⁸³⁸
1504 5194 1786 5264 occurrit,

132 5274 350 5345 hisque
374 5272 539 5330 illum
572 5274 937 5331 sermonibus
971 5289 999 5329 a
1045 5276 1198 5331 sacri
1252 5276 1468 5333 liminis
1518 5278 1785 5349 ingressu

141 5361 449 5434 prahibuit
480 5379 493 5416 ³
517 5361 584 5421 Ν
577 5362 745 5431 “ei”
766 5362 1473 5435 έωρπαιοννρωφεινατιε
1493 5379 1531 5422 a
1554 5367 1608 5423 te
1626 5371 1790 5427 necis

1022 346 1461 419 CHRONICA.
1495 388 1574 404 -—
1603 348 2080 426 CHRONICON
2121 362 2672 438 UNIVERSALE.

120 468 418 562 bogastus
437 489 581 535 vero
602 477 837 554 prepria
861 496 925 541 se
944 480 1013 520 ⁸⁸⁸
1034 500 1204 545 manu
1229 487 1543 562 interfecit,
1569 505 1776 550 consu-
1806 489 1862 551 A

3427 377 3544 441 762

1892 501 2123 569 quanta
2134 503 2221 562 sit
2235 508 2606 581 magnitudo,
2628 523 2817 582 neque
2821 504 2969 583 post
2986 522 3198 569 ausum
3220 508 3377 571 tanti
3374 513 3554 588 fin-o-

1889 591 1982 649 ris
2000 607 2163 652 mens
2186 596 2287 653 tua
2310 599 2518 654 molem
2543 600 2721 656 tanta
2735 601 3225 671 praesumptionis
3256 603 3549 673 agnoscit.

1889 680 2014 737 .S'ed
2008 683 2177 754 forte
2188 689 2644 755 recognitionem
2644 690 2881 759 peccati
2890 690 3035 759 proli
3046 690 3165 746 ibet
3172 690 3434 760 potestas
3446 690 3553 747 im-

1886 771 2080 839 perii;
2090 774 2251 830 decet
2269 776 2560 842 tamen,ut
2568 778 2727 834 ratio
2744 778 2949 835 vincat
2951 778 3319 848 potestatem.
3345 777 3551 835 Scien-

1885 856 1973 921 ,da
1986 861 2299 934 estquippe
2318 867 2544 921 natura
2566 868 2811 936 ejusque
2830 867 3174 925 mortalitas
3197 868 3378 937 atque
3393 881 3555 923 reso-

1898 947 2046 1004 lutio
2060 950 2323 1021 etpulris
2332 956 2873 1023 progenitorum,em
2884 957 3265 1028 quofacti,art
3275 970 3447 1027 quem
3459 970 3549 1014 re-

1896 1037 2140 1107 (ligendi
2155 1056 2375 1109 sumus,
2395 1043 2454 1098 et
2469 1046 2736 1114 non/lore
2735 1060 2780 1115 ρ
2790 1060 2896 1113 urp
2905 1046 3211 1115 areo/idea
3220 1046 3349 1113 tem,
3375 1046 3445 1113 in
3454 1046 3548 1101 fir-

1895 1127 2045 1182 mila
2053 1129 2161 1183 tem
2176 1133 2363 1201 operti
2375 1134 2634 1203 corporis
2648 1135 2940 1205 ignorare.
2954 1134 3361 1203 C'orequalium
3373 1148 3431 1190 es
3444 1136 3549 1190 im-

1887 1229 2040 1285 pera
2048 1218 2134 1273 tor
2156 1221 2211 1273 et
2223 1234 2629 1277 conservorum
2643 1242 2666 1291 ,ο
2687 1236 2838 1277 unus
2863 1222 2951 1278 est
2962 1223 3115 1277 enim
3131 1223 3419 1279 Dominus
3432 1236 3546 1277 om-

1898 1306 2082 1373 nium,
2100 1321 2209 1362 rex
2221 1309 2418 1366 etcrea
2427 1311 2515 1366 tor
2528 1313 2887 1367 cunctorum.
2914 1310 3136 1376 Quibus
3150 1312 3344 1381 igitur
3357 1311 3547 1368 oculis

1898 1395 2153 1462 aspicies
2165 1400 2485 1455 communis
2500 1402 2638 1455 Dom
2650 1400 2737 1455 ini
2753 1402 2900 1469 temp
2910 1398 3275 1469 lunaquibus
3287 1398 3548 1457 calcabis

1886 1482 2068 1551 qia/lib
2078 1498 2142 1539 us
2156 1483 2222 1516 ⁰²⁶
2232 1488 2505 1542 sanctum
2524 1488 2618 1543 illi
2628 1503 2776 1559 uspa
2786 1490 2841 1543 ei
2849 1503 2975 1544 men
2985 1490 3133 1544 tum?
3144 1489 3432 1553 Quomodo
3446 1502 3543 1544 ex-

1901 1571 2097 1627 tendes
2118 1588 2347 1643 manus,
2369 1577 2438 1631 (te
2458 1576 2673 1645 quibus
2695 1577 3364 1646 ali/iucstillatsanguis
3376 1575 3544 1632 inno-

1897 1658 2040 1715 xius
2059 1668 2084 1716 .9
2107 1661 2394 1725 Quomodo
2417 1664 2759 1735 lii/jusmodi
2780 1665 3055 1722 manibus
3076 1664 3364 1735 suscipies
3377 1678 3543 1721 sanc-

1902 1746 2024 1802 tum
2055 1750 2292 1806 Domini
2307 1763 2535 1823 corpus!
2556 1754 2599 1818 ρ
2608 1767 2683 1808 ua
2690 1767 2826 1821 pres
2836 1767 2966 1823 amp
2973 1753 3127 1809 tione
3135 1752 3545 1823 poculumpre-

1820 1844 1871 1902 B
1901 1838 1954 1892 ci
1960 1838 2046 1893 osi
2066 1841 2384 1909 sanguinsz
2390 1842 2688 1911 percipies
2708 1855 2804 1897 ore
2828 1842 2941 1903 tuo,
2961 1842 3541 1912 dieiizfui'Oi'esernto-

1897 1939 2036 1980 num
2053 1927 2281 1983 tuorum
2298 1929 2397 1983 tan
2407 1931 2498 1985 tus
2511 1929 2736 2000 injuste
2745 1930 2985 1999 sitsang
2998 1931 3088 1984 uis
3104 1929 3253 2000 ejus
3261 1931 3361 1986 us?
3374 1931 3543 1987 Rece-

1897 2013 1967 2067 de
1982 2014 2189 2084 igitur,
2203 2018 2423 2081 recede,
2443 2032 2544 2073 nec
2556 2018 2807 2074 secundo
2816 2020 3051 2088 peccato
3054 2018 3319 2089 priorem
3334 2018 3543 2088 nequi-

1896 2103 2051 2158 ciam
2063 2105 2379 2160 contendas
2391 2120 2425 2161 a
2436 2107 2886 2177 ngereIS'uscipe
2899 2106 3222 2174 uinculum,
3240 2119 3353 2177 quo
3368 2105 3421 2160 te
3432 2119 3541 2161 anz-

1893 2191 2059 2245 nium
2074 2193 2361 2249 Dominus
2373 2208 2529 2251 nunc
2543 2196 3033 2265 ligarit;estenim
3045 2193 3258 2251 medici
3268 2208 3342 2249 na
3352 2194 3543 2249 maxi-

1891 2292 1991 2335 ma
2017 2282 2322 2338 sanitatis.
2360 2283 2457 2337 llis
2489 2283 2855 2339 sermonibus
2888 2284 3204 2353 imperator
3236 2281 3541 2337 oboediens

1899 2372 2087 2422 —-erat
2114 2369 2261 2423 enim
2289 2370 2500 2425 divinis
2522 2372 2953 2427 eruditionibus
2972 2371 3539 2440 nutritus,etaperte

1892 2457 2083 2512 sciens
2116 2473 2241 2527 quae
2273 2465 2462 2513 essent
2497 2460 2729 2531 propria
2766 2460 3159 2526 sacerdotum,
3187 2473 3315 2528 qua;
3342 2471 3538 2526 regum

1894 2551 2266 2612 —gemenset
2282 2547 2577 2603 dcilensae
2596 2548 2809 2617 regalia
2828 2548 3539 2616 remeavit.Cumqueoeto

1896 2633 2170 2689 mensium
2204 2636 2477 2691 continua
2514 2639 3162 2706 transisseuttcmpora,
3193 2635 3545 2707 propinqua’

1892 2721 1973 2776 vit
1990 2722 2316 2777 nativitatis
2334 2723 2653 2779 Salvatoris
2677 2725 2862 2779 nostri
2892 2724 3198 2780 festivitas.
3223 2726 3543 2793 Imperator

1893 2814 2084 2864 autem
2119 2810 2638 2867 lamentationibus
2662 2812 2911 2867 assiduis
2937 2813 2990 2866 in
3017 2811 3233 2883 palatio
3255 2810 3539 2877 residens,

1892 2898 2200 2955 continuas
2234 2899 2506 2955 lacrimas
2545 2900 2977 2956 incessabiliter
3015 2898 3403 2970 expendebat.
3456 2898 3545 2953 In-

1890 2999 2132 3054 gressus
2165 2992 2355 3042 autem
2389 2992 2527 3044 tunc
2569 2988 2847 3057 magister
2898 2987 3121 3043 militia;
3173 2987 3430 3055 Ruﬁnus,
3482 2990 3542 3041 et

1893 3074 2247 3143 singularem
2280 3076 2431 3145 apud
2463 3077 2783 3147 principem
2815 3076 3084 3133 ﬁduciam
3107 3076 3346 3144 habens,
3374 3078 3434 3130 et
3456 3072 3539 3130 vi-

1892 3161 2035 3220 dens
2067 3177 2193 3221 eum
2230 3165 2285 3220 in
2319 3164 2733 3221 lamentatione
2764 3170 3143 3237 prostratum,
3178 3163 3426 3221 accessit
3478 3166 3539 3219 et

1891 3250 2261 3308 lacrimarum
2292 3268 2503 3309 causas
2538 3254 2798 3324 inquirit.
2835 3257 2906 3310 At
2943 3252 3041 3309 ille
3069 3252 3432 3309 amarissime
3467 3250 3551 3306 in°

1889 3341 2215 3407 gemiscens
2244 3344 2298 3397 et
2330 3342 2732 3398 vehementius
2780 3342 3049 3399 lacrimas
3090 3341 3337 3398 fundens
3370 3358 3382 3397 :
3433 3339 3541 3414 Tu,

1894 3428 2103 3498 inquit,
2138 3430 2369 3498 Rufine,
2403 3428 2584 3498 ludis,
2621 3430 2681 3486 et
2700 3444 2833 3487 mea
2859 3429 3025 3486 mala
3046 3442 3161 3484 non
3179 3427 3366 3486 sentis
3385 3445 3410 3497 ;
3441 3439 3544 3497 ego

1892 3512 2089 3569 autem
2101 3513 2391 3571 lamentor
2401 3516 2628 3585 etgemo
2641 3514 3420 3585 calamitatemmeam,quia
3432 3527 3550 3571 ser-

1890 3602 1984 3659 τίς
1995 3605 2235 3673 quidem
2247 3604 2789 3663 etmcndicantibus
2801 3606 3010 3675 aperta
3021 3605 3165 3662 sunt
3177 3603 3394 3674 templa
3408 3600 3542 3673 Dei,

1893 3690 1953 3745 et
1973 3692 2283 3762 proprium
2311 3693 2614 3749 dominum
2636 3693 3033 3765 ingredientes
3052 3691 3120 3725 "7
3146 3692 3391 3748 licenter
3412 3703 3547 3746 eaeo-

1891 3778 2074 3849 rant;
2099 3780 2285 3837 michi
2304 3793 2436 3837 vero
2458 3782 2765 3850 ingressus
2788 3780 2868 3837 ad
2890 3794 3019 3836 eum
3040 3793 3157 3837 non
3174 3780 3277 3846 est,
3297 3778 3545 3849 insuper

1894 3867 2080 3923 etiam
2108 3868 2237 3924 cali
2267 3869 2461 3925 clausi
2489 3869 2645 3925 sunt.
2680 3870 2808 3924 Haec
2843 3868 3065 3937 dicens,
3101 3867 3279 3922 verba
3314 3863 3543 3934 singula

1895 3954 2248 4023 singultibus
2279 3956 2660 4027 irrumpebat.
2696 3956 2940 4013 Ruﬁnus
2961 3954 3029 3989 9³⁸
3051 3975 3070 4012 .·
3096 3954 3302 4023 Curre,
3330 3952 3540 4024 inquit,

1893 4044 1948 4100 si
1964 4040 2073 4098 tibi
2076 4057 2121 4113 ρ
2129 4043 2294 4113 tacet,
2307 4044 2476 4113 ponti
2468 4044 2713 4116 ficique
2722 4043 2995 4113 precibus
2994 4041 3346 4115 persuadeo.
3361 4046 3427 4097 ut
3440 4039 3548 4097 sol-

1895 4132 2001 4189 eat
2016 4132 2320 4189 einculum
2341 4132 2501 4204 quod
2524 4133 2752 4204 ligavit.
2782 4132 2877 4188 Ait
2899 4132 3213 4203 imperator
3238 4150 3250 4184 :
3268 4131 3397 4188 Non
3409 4143 3546 4186 sua-

1898 4219 2058 4278 ciebis
2071 4220 2539 4289 Ambrosiomoei
2554 4236 2655 4292 ego
2683 4221 3162 4279 decretumillius
3188 4233 3307 4277 esse
3307 4218 3547 4290 justum

1897 4323 2086 4380 neque
2111 4309 2479 4366 recerebitur
2504 4310 2875 4381 imperialem
2891 4310 3244 4382 potentiam,
3270 4307 3338 4363 ut
3363 4308 3546 4378 legem

1887 4398 2087 4470 possit
2093 4398 2484 4469 preearicare
2507 4398 2792 4455 divinam.
2821 4400 2898 4455 Cu
2910 4413 3077 4468 mque
3090 4396 3333 4453 Ruﬁnus
3349 4394 3547 4450 verbis

1903 4485 2168 4557 plurimis
2200 4491 2468 4542 uteretur
2496 4492 2555 4542 et
2589 4487 2957 4558 promitteret
3001 4484 3364 4541 Ambrosium
3413 4496 3545 4538 esse

1902 4574 2275 4645 ﬂectendum,
2290 4575 2607 4646 imperator
2621 4590 2749 4631 eum
2767 4588 3009 4646 pergere
3024 4588 3150 4630 eum
3174 4570 3547 4627 festinatione

1904 4663 2163 4734 prccepit
2191 4680 2205 4729 ;
2242 4662 2366 4734 ipse
2397 4678 2535 4719 vero
2564 4678 2665 4734 spe
2697 4664 2830 4718 data
2863 4664 2990 4732 post
3025 4660 3321 4732 paululum
3345 4660 3434 4712 est
3460 4671 3548 4713 se-

1902 4755 2096 4821 cutus,
2120 4750 2365 4807 credens
2387 4750 2575 4807 Ruﬁni
2600 4749 3109 4821 promissionibus.
3138 4749 3318 4802 Porro
3340 4744 3547 4799 v1rmi-

1902 4839 2119 4895 randus
2153 4839 2491 4894 Ambrosius
2521 4852 2653 4893 mox
2683 4842 2743 4892 ut
2779 4836 3044 4892 Ruﬁnum
3078 4835 3240 4903 vidit,
3273 4832 3353 4888 ait
3390 4833 3546 4888 :Im-

1896 4926 2244 4999 patientiam
2256 4939 2466 4982 canum
2487 4925 2764 4981 imitatus
2779 4938 2856 4993 es,
2874 4938 2904 4978 ο
2922 4923 3134 4993 Ruﬁne
3152 4921 3239 4985 "9,
3263 4920 3444 4976 tanta
3456 4919 3546 4976 ei-

1902 5015 2115 5072 delicet
2138 5015 2299 5071 necis
2324 5013 2530 5069 auctor
2560 5012 2841 5080 existens,
2875 5012 2932 5067 et
2954 5010 3234 5081 pudorem
3258 5022 3331 5065 ea:
3329 5008 3545 5080 fronte

1901 5104 2224 5173 detergens,
2248 5094 2352 5158 nec
2368 5100 2679 5157 erubescis.
2704 5113 2808 5155 nec
2832 5099 3065 5156 metuis.
3096 5098 3301 5155 contra
3328 5096 3548 5167 imagi-

1898 5205 2029 5250 nem
2042 5191 2272 5248 latrare
2283 5188 2567 5246 dioinam.
2588 5188 2842 5258 Cumque
2859 5188 3098 5244 Ruﬁnus
3111 5185 3471 5258 supplicaret
3485 5189 3546 5240 et

1900 5287 2309 5353 imperatorem
2340 5284 2650 5336 venturum
2683 5292 2812 5333 esse
2841 5276 3085 5347 diceret,
3128 5289 3384 5348 superno
3418 5272 3546 5330 zelo

1899 5382 2178 5425 accensus
2203 5368 2563 5437 Ambrosius,
2587 5366 2664 5422 ait
2701 5367 2856 5437 :Ego
2879 5364 3011 5434 tibi,
3036 5361 3544 5436 Ruﬁne,predico,

1531 5515 1765 5575 VARLE
1814 5471 2207 5574 LECTlOl‘lES.

210 5653 278 5690 "‘
310 5667 377 5711 se
411 5668 467 5725 p.
504 5656 558 5710 5.
635 5651 704 5686 ⁸³⁸
737 5653 774 5710 f.
808 5652 863 5709 ei
893 5651 964 5709 ad
995 5652 1030 5709 i.
1065 5657 1115 5709 5.
1194 5651 1263 5687 ’³⁸
1295 5669 1349 5726 p.
1384 5669 1435 5711 c.
1472 5660 1522 5711 :5.
1601 5655 1668 5690 ⁸³⁷
1696 5658 1925 5729 ingress
1954 5657 2134 5717 litera
2161 5668 2339 5714 erasa
2358 5660 2432 5713 9°.
2511 5654 2581 5690 ⁹²⁸
2612 5670 2657 5711 r.
2695 5671 2834 5714 vero
2866 5662 2897 5713 5
2971 5656 3041 5691 ’³³
3060 5670 3124 5714 es
3147 5658 3378 5714 ordinet
3418 5661 3475 5711 9°
