3952 6342
393 373 510 442 768

1557 369 1892 440 EKKEHA
1900 371 2038 440 RD!
2079 371 2634 443 URAUGIENSIS

3653 359 3755 432 764

387 511 698 586 quoniam”
716 509 955 584 ingredi
975 524 1154 571 sacra
1165 509 1381 570 limina
1401 525 1532 570 eum
1545 511 1856 584 prohibebo
1874 510 1964 582 “0,
1975 512 2033 572 si
2060 509 2117 574 A
2147 511 2316 571 nibus
2349 513 2587 570 barbam
2619 507 2978 585 capillosque
2997 504 3258 566 evellens
3276 502 3627 576 frontemque
3647 519 3754 577 per-

386 617 522 660 eero
550 601 866 674 imperium
889 601 960 658 in
985 601 1368 674 tyrannidem
1387 602 1725 671 mutaverit,
1750 617 1941 660 necem
1963 603 2033 660 li-

391 691 585 749 benter
612 691 873 764 suscipio
901 690 988 746 ³³³.
1025 693 1156 747 Haec
1187 696 1244 746 et
1270 691 1378 746 alia
1402 691 1647 762 plurima
1673 691 1916 749 Ruﬁnus
1939 708 2038 748 au-

390 780 578 851 diens,
613 781 910 838 nunciavit
937 780 1298 851 imperatori,
1333 795 1574 836 monens
1605 796 1674 837 ne
1707 781 1778 837 de
1816 781 2037 852 palatio

390 869 756 940 procederet.
775 872 848 926 At
862 869 1179 940 imperator
1193 870 1312 926 haec
1328 869 1385 924 in
1403 868 1714 938 mediajam
1737 868 1923 940 platea
1942 884 2040 924 co-

391 973 677 1025 gnoscens
702 977 714 1012 :
743 958 953 1028 Pergo,
983 957 1192 1028 inquit,
1219 957 1490 1028 etjustas
1512 958 1762 1029 infacie
1781 957 2042 1028 suscipio

389 1045 791 1104 contumelias.
827 1048 1082 1117 Cumque
1111 1047 1182 1102 ad
1215 1060 1380 1102 sacra
1415 1047 1609 1102 limina
1647 1046 2022 1118 pervenisset

393 1133 449 1188 in
481 1140 742 1189 sanctam
774 1134 1004 1205 quidem
1036 1134 1334 1190 basilicam
1387 1150 1499 1190 non
1552 1135 1913 1206 presumpslt
1963 1124 2050 1201 in:

390 1225 570 1292 trare,
605 1223 705 1278 sed
739 1223 1037 1280 inveniens
1066 1224 1388 1280 antistitem
1422 1224 1478 1278 in
1501 1223 1852 1279 salutatorio
1907 1222 2049 1278 resi-

392 1309 647 1382 dentem,
684 1311 1073 1384 supplicabat,
1110 1316 1174 1368 ut
1195 1312 1322 1381 ejus
1349 1312 1572 1368 vincula
1595 1311 1942 1368 resolveret.
1975 1315 2047 1368 At

395 1395 492 1452 ille
527 1401 884 1468 tyrannicam
915 1399 1146 1455 dicebat
1179 1399 1304 1467 ejus
1324 1414 1456 1454 esse
1482 1399 1854 1469 presentiam,
1880 1414 2039 1454 eum-

397 1500 509 1555 que
535 1491 736 1542 contra
763 1489 938 1543 Deum
962 1487 1227 1542 vesanirc
1247 1492 1301 1542 et
1332 1487 1488 1555 leges
1511 1487 1636 1556 ejus
1659 1487 1906 1544 calcare.
1938 1489 2048 1543 Ve-

399 1589 524 1630 rum
557 1575 872 1645 imperator
905 1595 916 1632 :
949 1577 1095 1644 Non,
1134 1575 1339 1646 inquit.
1371 1577 1616 1645 insurgo
1638 1577 1922 1633 adversus
1941 1590 2049 1633 tec-

393 1663 1460 1734 clesiasticassanctiones,necinique
1477 1665 1715 1736 ingredi
1731 1665 1946 1723 limina
1959 1679 2031 1722 sa

393 1765 496 1808 cra
525 1752 824 1822 contendo,
857 1754 962 1810 sed
993 1754 1047 1809 te
1074 1753 1297 1810 soluere
1317 1753 1560 1809 uincula
1583 1768 1711 1810 mea
1738 1755 1975 1826 deposco
1993 1763 2055 1820 et

2145 601 2850 675 cutiensetpavimentum
2865 593 3746 666 lacrimarumguttisaSpergens,

2146 691 2370 748 veniam
2403 691 2702 764 poscebat.
2737 693 2990 760 Cumque
3023 693 3253 756 tempus
3300 683 3619 750 accederet,
3656 698 3750 754 quo

2149 795 2356 836 munus
2386 781 2456 837 ad
2489 780 2674 836 altare
2707 779 2930 836 solebat
2981 775 3212 844 offerre,
3261 786 3506 841 surgens
3531 785 3650 828 cum
3687 771 3752 829 la-

2151 869 2368 938 crimis,
2403 869 2704 939 ingressus
2725 871 2835 924 est.
2865 869 3003 923 Cum
3026 879 3163 921 vero
3185 861 3498 920 obtulisset
3521 860 3658 916 sicut
3676 875 3752 918 so-

2156 957 2294 1014 litus
2325 963 2470 1027 erat,
2500 959 2650 1013 intra
2679 955 2972 1012 cancellos
2991 953 3176 1012 stetit.
3204 953 3426 1008 Rursus
3450 954 3628 1006 autem
3647 952 3754 1005 Am-

2159 1046 2385 1102 brosius
2409 1061 2519 1102 non
2545 1045 2854 1116 acquievit,
2873 1037 3756 1100 seddiﬂ‘erentiamlocorumedo—
3838 1085 3843 1090 .

2157 1135 2298 1204 cuit,
2330 1138 2386 1190 et
2423 1134 2606 1205 primo
2639 1133 2868 1204 quidem
2903 1129 3211 1201 requisivit
3243 1126 3381 1198 quid
3416 1124 3492 1180 ibi
3521 1129 3759 1196 expecta-

2160 1229 2266 1277 ret.
2290 1225 2646 1294 lmperatore
2671 1221 2920 1290 dicente,
2945 1219 3236 1276 sustinere
3259 1229 3323 1272 se
3346 1229 3631 1272 sacrorum
3650 1228 3757 1284 per-

2159 1311 2486 1382 ceptionem
2519 1310 2946 1381 mysteriorum,
2982 1305 3346 1368 remandavit
3378 1303 3429 1359 ei
3483 1316 3578 1373 per
3617 1316 3756 1358 suum

2158 1399 2628 1456 archidiaconum
2655 1419 2667 1453 :
2697 1402 2742 1456 0
2763 1397 3102 1469 imperator,
3117 1393 3414 1451 interiora
3427 1391 3548 1448 loca
3561 1390 3757 1447 tantum

2156 1490 2452 1546 sacerdoti
2459 1488 2562 1546 bus
2572 1488 2784 1545 suntco
2793 1487 2963 1554 tlata,
2981 1497 3112 1556 gnte
3125 1482 3304 1542 ceteri
3315 1494 3420 1537 nec
3437 1479 3662 1551 ingredi
3675 1491 3760 1535 nec

2158 1577 2497 1647 contingere
2514 1576 2968 1648 permittuntur.
3002 1573 3304 1644 Egredere
3331 1569 3540 1642 igitur,
3561 1567 3614 1624 et
3630 1565 3757 1624 hanc

2159 1666 2651 1737 exspectationem
2679 1678 2810 1722 cum
2838 1663 3044 1720 ceteris
3075 1660 3224 1718 habe
3244 1670 3608 1716 communem.
3631 1655 3757 1710 Pur-

2153 1769 2312 1825 pura
2341 1767 2596 1826 namque
2623 1753 3009 1824 imperatores
3024 1749 3112 1820 ⁸³⁸,
3137 1763 3255 1806 non
3273 1743 3595 1804 sacerdotes
3599 1743 3752 1816 facit.

397 1841 720 1898 communis
747 1841 989 1898 Domini
1004 1855 1111 1912 pro
1134 1855 1222 1896 me
1252 1831 1507 1899 exorare
1525 1842 1919 1910 clementiam,
1942 1857 2049 1902 nec
2075 1872 2130 1932 Β
2159 1844 2313 1900 Tunc
2348 1841 2722 1898 ﬁdelissimus
2753 1841 3072 1912 imperator
3116 1837 3294 1894 etiam
3341 1835 3487 1932 hanc
3531 1830 3758 1932 traditio-

400 1930 586 1986 micbi
607 1933 866 2001 januam
896 1930 1118 1999 claudi,
1163 1944 1346 2000 quam
1376 1931 1599 1987 cunctis
1625 1932 2047 2003 penitentiam

399 2017 712 2088 agentibus
742 2019 1032 2076 Dominus
1060 2019 1256 2075 noster
1284 2021 1540 2090 aperuit.
1573 2021 1727 2078 Tunc
1755 2021 2004 2078 antistes
2031 2041 2043 2076 :

403 2104 1236 2176 Quam,inquit,panitentiam
1247 2106 1562 2163 ostendisti
1561 2109 1920 2178 posttantas
1933 2109 2052 2166 ini-

394 2193 676 2263 gu-itates,
684 2193 902 2266 quibus
911 2193 1406 2252 medicaminibus
1418 2195 1693 2253 incurabi
1701 2197 1786 2254 lia
1798 2199 2051 2254 uulnera

389 2281 727 2352 plagasque
757 2283 988 2340 curasti
1007 2289 1034 2340 Ρ
1059 2313 1129 2322 -
1157 2284 1345 2340 Tuum
1367 2284 1473 2354 est,
1499 2283 1688 2354 inquit
1707 2285 2044 2356 imperator,

395 2369 629 2427 edocere
643 2370 1129 2428 et-medicamenta
1142 2372 1483 2444 temperare,
1497 2387 1692 2430 meum
1701 2388 1835 2430 vero
1848 2374 2050 2432 oblata

393 2459 712 2529 suscipere.
744 2459 898 2514 Tune
925 2462 1165 2516 sanctus
1199 2461 1540 2516 Ambrosius
1587 2461 1706 2516 ait:
1761 2463 2049 2529 Quoniam

388 2546 604 2620 furori
613 2545 920 2618 judicium
939 2548 1100 2604 tuum
1118 2548 1468 2607 commisisti
1486 2550 1667 2606 etnon
1679 2551 1838 2608 ratio
1846 2553 2047 2623 protu-

406 2633 482 2691 lit
496 2635 848 2693 sententiam
867 2636 972 2693 sed
991 2637 1334 2706 iracundia,
1359 2637 1550 2696 scribe
1575 2639 1775 2710 legem,
1803 2654 1937 2710 quae
1953 2641 2046 2698 de-

399 2724 561 2782 creta
558 2723 804 2797 furoris
815 2727 1060 2782 eoacuet
1072 2745 1098 2796 ;
1107 2725 1165 2781 et
1173 2730 1240 2782 30
1262 2725 1468 2783 diebus
1477 2727 1773 2786 sententia
1786 2729 1944 2787 necis
1957 2731 2047 2786 at-

401 2825 518 2884 gue
515 2813 978 2885 proscriptionis
993 2813 1391 2871 tantummodo
1403 2814 1798 2874 982maneatin
1821 2817 2044 2876 litteris

401 2901 491 2972 etj
494 2901 761 2959 udicium
773 2903 1316 2974 expectetrationis,
1332 2904 1547 2976 quibus
1561 2905 1765 2962 diebus
1779 2906 2044 2966 transac-

406 2989 503 3060 tis,
521 2990 756 3062 irajam
767 2991 1048 3059 cessante,
1062 2991 1224 3049 ratio
1237 3006 1480 3049 causam
1486 2995 1518 3064 7'
1520 2993 1772 3051 udicans
1793 2995 1954 3067 apud
1957 3009 2043 3054 se-

403 3079 734 3151 metipsam,
765 3095 897 3152 qua
935 3081 1271 3151 cognoverit
1307 3081 1414 3138 sub
1451 3083 1707 3140 ueritate
1743 3083 2036 3154 disponat.

397 3169 475 3225 In
495 3167 586 3226 bis
603 3169 759 3225 enim
779 3169 984 3226 diebus
1003 3183 1329 3239 cognosces,
1359 3169 1474 3240 anj
1480 3169 1612 3226 usta
1640 3169 1724 3227 sit
1747 3172 2042 3230 sententia

400 3270 582 3328 quam
608 3257 952 3328 protuleris,
973 3272 1055 3314 an
1079 3258 1168 3328 ing'
1176 3258 1308 3316 usta
1325 3277 1352 3330 ,-
1379 3260 1439 3315 et
1452 3259 1506 3315 si
1521 3261 1683 3317 ratio
1694 3261 2046 3331 probaverit

399 3344 637 3416 injuste
664 3359 798 3415 qua
821 3345 962 3402 sunt
975 3346 1228 3416 prolata,
1253 3347 1599 3418 disrumpet,
1623 3348 1679 3406 si
1697 3351 2036 3422 oerojusta,

403 3433 686 3504 firmabit,
713 3433 943 3490 dierum
963 3449 1095 3490 vero
1115 3449 1394 3493 numerus
1410 3437 1491 3492 ad
1502 3437 1623 3494 hac
1633 3438 2040 3497 examinanda

396 3521 682 3594 sufﬁciet.
713 3523 870 3578 Hanc
903 3523 1368 3578 ammonitionem
1408 3523 1727 3596 imperator
1754 3527 1944 3582 animo
1975 3527 2040 3582 li-

405 3608 562 3665 benti
593 3611 914 3682 suscipiens
952 3616 1010 3668 et
1047 3612 1323 3684 Optimam
1355 3627 1487 3669 esse
1505 3614 1824 3685 conﬁdens,
1852 3615 2035 3686 legem

400 3699 690 3754 conscribi
715 3703 953 3770 repente
976 3701 1237 3772 precepit
1261 3705 1320 3756 et
1338 3702 2036 3774 prepriaemanuslitteris

400 3787 784 3842 conﬁrmavit.
822 3788 944 3856 Quo
978 3789 1150 3861 facto,
1201 3789 1492 3848 vinculum
1530 3790 1656 3860 ejus
1698 3793 2038 3852 Ambrosius

398 3875 671 3932 absolvit.
693 3875 830 3942 Quae
845 3875 940 3932 lex
963 3877 1245 3935 hactenus
1264 3881 1611 3936 observatur
1633 3881 2040 3940 Constantino-

398 3960 536 4033 poli.
568 3965 666 4020 Est
700 3970 893 4020 autcm
923 3965 1246 4036 hujusmodi
1280 3986 1296 4024 :

471 4068 499 4101 ς(
527 4052 914 4123 Imperatores
945 4055 1273 4126 Gratianus,
1301 4055 1762 4128 Valentinianus,
1784 4058 2040 4116 Theodo-

401 4139 525 4196 sius
558 4141 792 4210 augusti
826 4142 1096 4199 Flaviano
1128 4145 1388 4216 profecto
1420 4145 1662 4216 pretorii
1691 4145 1760 4178 ⁸⁸⁸
1797 4145 2036 4204 Yllirici.

476 4248 504 4278 α
533 4227 589 4283 Si
617 4227 897 4286 vindicari
929 4231 985 4286 in
1018 4230 1247 4302 aliquos
1269 4233 1531 4290 severius
1555 4237 1760 4290 contra
1780 4240 2038 4292 nostram

402 4317 882 4374 consuetudinem
914 4333 1020 4391 pro
1051 4334 1243 4377 causae
1273 4319 1488 4377 intuitu
1527 4321 1894 4394 jusserimus,
1943 4339 2041 4380 no-

400 4402 594 4462 lumus
626 4405 823 4462 statim
855 4422 956 4464 eos
979 4413 1080 4464 aut
1109 4407 1306 4465 subire
1352 4423 1578 4480 poenam
1620 4414 1719 4468 aut
1767 4411 2039 4484 excipere

401 4493 786 4561 sententiam;
817 4495 918 4552 sed
950 4510 1055 4566 per
1085 4495 1210 4552 dies
1239 4501 1310 4552 30
1354 4512 1530 4568 super
1571 4502 1791 4556 statuta
1839 4515 2037 4556 eorum

2162 1947 2286 1988 nem
2323 1932 2510 1988 animo
2535 1929 2791 2002 gratanti
2839 1927 3186 1999 suscipiens,
3231 1921 3586 1980 remandavit
3613 1939 3626 1974 :
3654 1921 3759 1978 Non

2159 2021 2430 2079 audacia
2440 2034 2622 2078 causa
2636 2019 2805 2076 intra
2815 2017 3104 2076 cancellos
3113 2013 3317 2072 mansi
3328 2012 3431 2070 sed
3439 2013 3506 2068 in
3523 2009 3759 2066 Constan-

2161 2110 2558 2182 tinopolitana
2574 2109 2718 2166 urbe
2738 2109 2894 2165 lianc
2903 2103 3388 2164 consuetudinem
3396 2113 3516 2158 esse
3526 2097 3759 2170 cognovi;

2157 2200 2314 2255 unde
2325 2198 2568 2270 gratias
2585 2211 2696 2268 ago
2708 2211 2820 2266 pro
2841 2189 3510 2268 hujusmodimedicina.
3525 2185 3756 2255 Taliergo

2161 2291 2437 2358 tantaque
2468 2291 2527 2344 et
2556 2285 2751 2358 presul
2784 2289 2844 2340 et
2877 2285 3195 2355 imperator
3223 2279 3449 2336 virtute
3476 2275 3753 2333 clarebant.

2159 2379 2277 2446 Ego
2300 2379 2492 2432 autem
2515 2374 2824 2444 utriusque
2846 2386 2994 2442 opus
3019 2369 3317 2440 ammiror,
3342 2363 3754 2425 illiusﬁdueiam,

2159 2466 2328 2536 hujus
2357 2463 2792 2532 obmdientiam,
2827 2461 2984 2516 illius
3017 2457 3125 2514 zeli
3162 2458 3472 2524 fervorem,
3517 2451 3672 2521 hujus
3710 2447 3758 2502 tl-

2157 2554 2252 2610 dei
2288 2553 2620 2626 puritatem.
2657 2553 2840 2606 Porro
2870 2547 3105 2618 regulas
3138 2543 3383 2620 pietatis
3423 2555 3560 2614 quas
3600 2555 3625 2596 a
3669 2551 3760 2592 ma-

2154 2658 2268 2713 gno
2297 2641 2599 2699 sacerdote
2629 2639 2871 2710 recepit,
2906 2650 3183 2692 reversus
3215 2634 3394 2690 etiam
3423 2633 3478 2687 in
3529 2631 3760 2686 Constan-

2155 2730 2536 2802 tinopolitana
2569 2729 2716 2786 urbe
2766 2726 3041 2784 servavit.
3092 2725 3232 2778 Nam
3282 2723 3416 2778 dum
3467 2713 3760 2775 festivitatis

2155 2826 2417 2893 tempore
2447 2819 2515 2875 ad
2547 2817 2858 2875 ecclesiam
2894 2813 3313 2886 processisset,
3355 2808 3563 2866 oblatis
3608 2807 3654 2861 in
3693 2803 3753 2858 al-

2155 2909 2265 2966 tari
2295 2908 2364 2943 9“
2394 2907 2751 2976 muneribus,
2789 2919 2922 2960 mox
2951 2915 3228 2973 egressus
3261 2903 3374 2956 est.
3409 2900 3646 2966 Cumque
3674 2893 3754 2947 Ne-

2152 2997 2394 3067 ctarius,
2421 3001 2558 3052 tunc
2583 2993 2778 3066 presul
2795 2991 3082 3060 ecclesias,
3108 2988 3192 3044 illi
3211 2979 3566 3052 mandasset,
3589 2981 3754 3039 curin-

2151 3093 2250 3143 tus
2281 3089 2439 3142 stare
2471 3083 2778 3151 noluisset,
2811 3077 3175 3136 remandavit
3203 3077 3260 3134 ei
3308 3076 3574 3150 princeps
3602 3090 3614 3128 :
3669 3070 3756 3126 Via:
3846 3101 3850 3104 -

2140 3175 2316 3248 potui
2347 3172 2582 3243 discere,
2607 3183 2738 3242 quae
2761 3171 2825 3228 di
2819 3168 3109 3242 ferentia
3125 3166 3210 3224 sit
3225 3163 3600 3238 imperatoris
3618 3159 3754 3248 etsc-

2152 3245 2406 3323 cerdotis
2423 3279 2448 3332 ,-
2475 3262 2584 3318 cio:
2613 3261 2769 3318 enim
2789 3259 2992 3317 inveni
3009 3255 3297 3314 ueritatis
3309 3251 3652 3323 magistram:
3667 3245 3753 3312 ’“i

2150 3351 2517 3411 Ambrosium
2545 3361 2802 3422 namque
2827 3346 3018 3406 solum
3044 3346 3183 3403 novi
3213 3344 3392 3416 digne
3413 3337 3606 3400 vocari
3639 3350 3752 3410 pon-

2152 3441 2390 3514 tiﬂcem.
3605 3498 3615 3510 ,

2219 3527 2481 3585 Habebat
2513 3527 2694 3596 igitur
2715 3525 3034 3597 imperator
3055 3526 3113 3578 et
3139 3520 3314 3579 aliam
3337 3518 3603 3578 utilitatis
3621 3526 3755 3572 occa-

2147 3617 2390 3686 sionem,
2425 3632 2526 3688 per
2559 3628 2730 3686 quam
2761 3614 2832 3670 de
2865 3611 3032 3669 bonis
3061 3610 3348 3684 operibus
3389 3605 3750 3677 triumpharet.

2147 3705 2409 3776 Conjunx
2437 3704 2588 3760 enim
2621 3704 2748 3774 ejus
2776 3701 3007 3757 divinas
3037 3699 3198 3770 leges
3239 3714 3372 3756 eum
3422 3695 3621 3768 saepius
3662 3703 3754 3746 am-

2148 3795 2440 3861 monebat,
2476 3807 2540 3849 se
2574 3791 2758 3864 ipsam
2792 3795 2982 3847 tamen
3015 3787 3181 3860 prius
3214 3787 3474 3860 perfecte
3494 3780 3750 3841 erudiens.

2148 3885 2270 3938 Non
2283 3881 2435 3938 enim
2453 3880 2612 3950 regni
2629 3878 2881 3949 fastigiis
2896 3877 3123 3934 elevata
3136 3881 3253 3948 est,
3271 3875 3376 3934 sed
3390 3873 3575 3946 potius
3595 3881 3754 3926 amore

2148 3971 2344 4028 divino
2367 3983 2676 4027 succensa.
2704 3965 2976 4024 Beneﬁcii
3001 3979 3249 4036 namque
3263 3963 3590 4034 magnitudo
3602 3955 3753 4025 majus

2147 4060 2201 4117 ei
2225 4058 2583 4117 desiderium
2610 4053 3356 4112 benefactorisexhibebat.
3373 4052 3752 4122 Repentenam-

2151 4163 2261 4220 que
2296 4151 2356 4204 ut
2387 4147 2546 4204 venit
2581 4144 2652 4202 ad
2689 4158 3027 4217 purpuram,
3061 4141 3404 4216 claudorum
3435 4144 3600 4210 atque
3625 4131 3754 4220 debi-

2150 4219 2290 4294 lium
2323 4235 2628 4292 maximam
2659 4233 2863 4290 habuit
2895 4247 3118 4302 curam,
3148 4246 3266 4287 non
3296 4229 3502 4299 servis,
3525 4237 3627 4282 non
3648 4219 3752 4278 aliis

2151 4323 2435 4382 ministris
2465 4321 2534 4358 ⁸³⁷
2563 4325 2772 4390 utens;
2804 4319 2905 4378 sed
2939 4335 3042 4392 per
3071 4323 3256 4378 semet
3289 4319 3475 4391 ipsam
3503 4325 3677 4384 agens,
3705 4311 3751 4364 et

2152 4413 2223 4470 ad
2254 4427 2453 4470 eorum
2483 4409 2815 4468 habitacula
2847 4409 3108 4476 veniens,
3141 4407 3455 4478 unicuique
3476 4401 3614 4476 quod
3630 4409 3750 4469 opus

2152 4502 2392 4559 haberet
2426 4501 2729 4572 prebebat.
2757 4499 2848 4556 Sic
2875 4498 3050 4555 etiam
3074 4511 3179 4570 per
3202 4495 3589 4554 ecclesiarum
3608 4498 3750 4572 xeno-

397 4597 527 4641 sors
554 4587 614 4640 et
647 4583 875 4640 fortuna
907 4598 1188 4656 suspensa
1217 4585 1314 4641 sit.
1365 4587 1518 4644 Reos
1566 4601 1704 4644 sane
1751 4589 2035 4660 accipiant
2065 4591 2122 4653 D
2153 4589 2360 4647 dochia
2391 4571 2748 4658 discurrens,
2779 4585 2901 4644 suis
2931 4585 3198 4642 manibus
3227 4581 3578 4640 ministrabat
3622 4571 3750 4660 inﬁr-

397 4671 650 4742 vincula,
677 4677 854 4744 atque
875 4672 1142 4729 custodia
1165 4678 1221 4729 et
1245 4675 1511 4732 excubiis
1532 4675 1878 4734 sollertibus
1901 4677 2043 4748 vigi-

396 4759 587 4816 lanter
615 4761 1026 4816 observentur.
1053 4782 1078 4808 ι

469 4848 559 4906 Sic
590 4849 770 4919 igitur
795 4848 1232 4908 sacratissimus
1255 4850 1574 4922 imperator
1595 4846 1827 4923 ingredi
1844 4851 2040 4912 limina

399 4950 570 4996 sacra
588 4949 952 5008 presumens,
977 4951 1090 4994 non
1113 4943 1277 4996 stans
1297 4939 1537 4997 Domino
1559 4941 1930 5012 supplicavit,
1948 4957 2045 4999 ne-

399 5039 512 5097 que
544 5039 730 5096 genua
762 5025 945 5097 ﬂexit,
979 5027 1084 5083 sed
1115 5041 1335 5098 pronus
1373 5029 1432 5084 in
1459 5029 1792 5100 pavimento
1819 5031 2040 5104 jacens,

397 5113 717 5172 Daviticam
749 5113 1132 5186 proclamavit
1163 5131 1364 5174 vocem
1399 5136 1412 5172 :
1447 5117 2044 5191 Adltesitpaoimento

404 5201 615 5259 anima
621 5213 769 5274 mea,
783 5201 1023 5279 eiciﬂca
1030 5216 1124 5262 me
1133 5204 1456 5264 secundum
1471 5204 1716 5264 verbum
1734 5207 1920 5277 tum,
1935 5221 2046 5264 ma-

2153 4677 2282 4748 mis,
2315 4677 2463 4734 ollas
2494 4690 2696 4732 eorum
2725 4679 2984 4744 tergens,
3005 4673 3101 4744 jus
3120 4677 3385 4743 gustaris,
3408 4663 3661 4728 coclearia
3683 4659 3752 4714 of-

2155 4767 2368 4837 ferens,
2401 4779 2607 4838 panem
2637 4764 2928 4834 frangens,
2969 4763 3252 4832 cibosque
3300 4759 3628 4822 ministrans,
3671 4759 3752 4803 ca-

2155 4853 2298 4912 lices
2328 4853 2589 4923 abluens,
2623 4855 2680 4908 et
2714 4851 2826 4908 alia
2856 4854 3068 4908 cuncta
3100 4849 3322 4907 faciens
3351 4861 3472 4919 qua
3496 4839 3666 4900 servis
3701 4838 3748 4890 et

2155 4941 2441 5000 ministris
2471 4955 2593 4999 mos
2623 4943 2716 4997 est
2747 4939 3068 4998 celebrare.
3105 4938 3208 4994 His
3225 4941 3437 5006 autem,
3461 4931 3550 5004 qui
3563 4940 3672 4985 eam
3691 4923 3748 4978 de

2154 5030 2336 5088 rebus
2349 5029 2570 5087 talibus
2583 5029 2924 5086 nitebantur
2936 5025 3266 5100 prohibere,
3283 5023 3506 5082 dicebat
3531 5019 3748 5111 {Aurum

2155 5118 2511 5178 ἀίδίνίῦπιθνθ
2528 5131 2666 5190 opus
2681 5117 2920 5191 imperii
2937 5116 3029 5174 est
3041 5135 3067 5186 ,-
3085 5129 3188 5188 ego
3205 5113 3404 5173 autem
3407 5123 3518 5183 pro
3536 5107 3647 5199 ipso
3661 5107 3749 5199 int-

2142 5207 2318 5282 perio
2339 5207 2443 5267 hoc
2459 5188 2604 5282 opus
2621 5188 2802 5281 olera
2824 5205 2973 5265 bona
2997 5204 3186 5266 michi
3211 5203 3414 5262 omnia
3437 5188 3744 5272 conferenti-

1761 5415 2000 5472 VARIIE
2040 5415 2125 5472 LE
2135 5415 2442 5476 CTIONES.

482 5571 1022 5654 ξθθμριιοιιῇὶηεο-ξὶ..Δ
1051 5575 1120 5610 ⁸³³
1168 5579 1486 5654 suscipiam
1519 5585 1568 5635 5.
1637 5579 1714 5654 ff}
1762 5580 1816 5635 in
1856 5584 2023 5654 _t_.__9°.
2101 5550 2176 5616 ⁸³³,
2209 5581 2474 5654 pretorio
2518 5584 2594 5639 9°.
2671 5579 3163 5653 "‘imperatorem
3203 5591 3316 5634 non
3352 5570 3687 5632 sacerdotem
3707 5563 3746 5614 5.

441 5639 488 5674 "
525 5639 708 5703 alt'are
737 5651 812 5704 9°.
844 5647 916 5704 ad
947 5645 1132 5703 altare
1160 5651 1210 5704 4.
1253 5639 1423 5704 “Vm.
1455 5665 1508 5706 v.
1543 5655 1594 5707 5.
1634 5649 1703 5684 ⁸³⁷
1740 5650 1971 5710 ancillis
1998 5657 2072 5710 9°.
