3952 6320
234 339 362 407 ’165

232 584 472 643 δεητρθν
493 573 775 643 cogitare,
807 576 914 645 qui
942 575 1161 632 eliadum
1176 579 1392 650 fuisti,
1434 582 1541 651 qui
1570 581 1735 636 modo
1781 584 1887 639 sis.

236 661 390 719 Haec
415 663 473 718 si
515 675 742 732 semper
788 665 1150 735 cogitaveris,
1200 669 1480 739 ingratus
1532 669 1895 743 bene/actori

235 764 362 806 non
391 751 533 815 eris,
563 752 669 808 sed
692 753 1034 825 imperium,
1069 757 1229 828 quod
1251 759 1584 829 suscepisti,
1622 759 1897 830 legaliter

230 838 630 911 gubernatis,
657 843 717 897 et
734 843 950 899 Icarum
967 859 1168 901 rerum
1180 848 1475 905 auctorem
1481 848 1776 919 placabis.
1798 848 1895 904 His

238 929 619 986 sermonibus
641 930 805 987 velut
827 933 1102 1003 optimam
1128 937 1410 1005 quandam
1439 938 1753 994 utilitatem
1787 938 1898 995 vir-

234 1018 507 1088 tutisque
537 1020 953 1089 abundantiam
985 1023 1213 1093 conjugi
1251 1027 1555 1082 offerebat.

312 1108 601 1164 Defuncto
631 1114 823 1165 autem
855 1112 1177 1169 Theodosio
1212 1120 1276 1169 16
1308 1116 1429 1170 Kal.
1470 1117 1661 1184 Febr.,
1683 1132 1898 1189 corpus

233 1195 367 1265 ejus
398 1197 967 1270 Constantinopolim
1002 1200 1256 1257 delatum
1285 1208 1375 1259 est
1405 1209 1436 1258 6
1462 1206 1596 1261 ldus
1621 1207 1897 1261 Novemb.

232 1290 299 1340 et
331 1286 404 1341 ab
433 1286 724 1342 Arehadio
756 1287 874 1342 ﬁlio
902 1304 1009 1345 suo
1038 1290 1107 1323 ⁸³⁸
1137 1292 1452 1363 sepulturzc
1484 1295 1786 1349 traditum.
1815 1294 1903 1349 Di-

235 1373 398 1429 misit
432 1380 628 1431 autem
663 1390 905 1446 regnum
944 1377 1174 1435 duobus
1208 1381 1341 1437 ﬁliis
1366 1383 1508 1451 suis,
1540 1383 1824 1440 Archadio
1850 1384 1903 1437 in

237 1463 503 1532 Oriente,
538 1465 795 1521 Honorio
828 1466 881 1521 in
917 1467 1254 1539 Occidente,
1294 1486 1495 1526 curam
1539 1488 1679 1527 vero
1710 1472 1909 1527 ammi-

237 1553 616 1609 nistrationis
630 1554 771 1609 viris
785 1555 1218 1625 potentissimis
1242 1558 1909 1627 mandavithabereﬁn‘

241 1641 365 1698 fino
397 1641 543 1697 aulae
573 1642 900 1711 orientalis,
946 1643 1253 1700 Stiliclioni
1304 1647 1710 1702 occidentalis.
1768 1631 1904 1704 Post

247 1745 473 1801 paucos
498 1736 686 1787 autem
720 1731 846 1787 dies
876 1733 1106 1803 quando
1136 1735 1483 1792 translatum
1533 1742 1621 1791 est
1675 1752 1901 1808 corpus

245 1817 576 1912 Theodosii,
612 1818 668 1874 id
698 1824 790 1875 est
820 1824 885 1875 15
917 1820 1155 1877 Kalend.
1191 1824 1485 1893 Deccmb.,
1521 1825 1696 1879 etiam
1742 1840 1907 1881 exer-
1938 1854 1989 1912 Β

238 1906 425 1976 citus,
455 1908 703 1977 quicum
728 1924 798 1964 eo
830 1910 1017 1965 fuerat
1040 1915 1243 1967 contra
1269 1913 1609 1981 Eugenium,
1631 1929 1904 1971 reversus

239 2000 357 2065 est,
396 2000 453 2050 et
485 1995 617 2052 dum
653 1996 969 2067 imperator
1002 1999 1324 2057 Archadins
1364 2003 1432 2057 ad
1469 2009 1669 2073 portas
1700 2019 1908 2059 occur-

246 2084 433 2140 risset
454 2084 763 2153 exercitui,
789 2086 1007 2142 milites
1030 2088 1297 2145 Ruﬁnum
1318 2091 1639 2160 prefectum
1662 2091 1906 2163 mpcre-

244 2176 503 2228 merunt.
529 2174 664 2227 Erat
690 2173 841 2228 enim
867 2180 1195 2246 suspectus,
1220 2178 1384 2247 quasi
1404 2178 1767 2248 tyrannidem
1795 2196 1909 2236 me-

244 2260 549 2317 ditaretur
578 2276 877 2318 assumere
905 2266 962 2317 et
992 2266 1187 2320 Hunos
1216 2266 1307 2321 vel
1343 2267 1557 2323 Gothos
1612 2268 1667 2323 in
1693 2269 1761 2301 ⁰⁴⁰
1806 2271 1913 2325 Ro-

254 2364 562 2405 manorum
598 2350 927 2421 provincias
959 2356 1164 2408 contra
1201 2353 1613 2425 imperatorem
1638 2372 1908 2419 evocare.

329 2439 605 2510 Ejusdem
639 2453 776 2495 vero
808 2439 1111 2496 Theodosii
1158 2444 1526 2514 temporibus
1568 2445 1718 2516 apud
1772 2446 1914 2500 Pale

253 2529 473 2584 stinam
492 2528 845 2599 provinciam
863 2529 915 2585 in
933 2530 1177 2586 castello
1192 2533 1459 2589 Eunnaus
1476 2539 1646 2590 natus
1664 2538 1752 2590 est
1767 2550 1913 2606 puer

261 2617 497 2686 integer
527 2621 587 2671 et
618 2618 936 2689 perfectus,
977 2619 1079 2674 sed
1110 2621 1180 2675 ab
1215 2621 1486 2677 umbilico
1519 2638 1748 2679 sursum
1774 2623 1915 2677 divi-

263 2721 389 2775 sus,
427 2705 505 2760 ita
541 2709 604 2762 ut
636 2707 878 2762 haberet
913 2706 1026 2762 duo
1060 2713 1296 2778 pectora
1345 2714 1402 2763 et
1448 2711 1563 2766 duo
1613 2711 1804 2781 capita
1853 2716 1908 2765 ct

266 2808 671 2864 quoscumque
692 2809 898 2850 sensus
922 2813 936 2860 ;
958 2799 1017 2851 et
1038 2812 1166 2851 cum
1190 2812 1337 2853 unus
1352 2798 1560 2853 edebat
1578 2802 1636 2854 et
1654 2798 1909 2867 bibebat,

268 2881 426 2938 alter
459 2897 572 2936 non
606 2882 815 2938 edebat
843 2900 857 2948 ;
893 2898 1042 2939 unus
1073 2884 1139 2917 9”
1164 2884 1507 2955 dormiebat,
1541 2886 1691 2941 alter
1715 2887 1913 2955 vigila—

267 2971 369 3026 bat
396 2988 411 3037 ;
446 2985 859 3041 nonnunquam
893 2972 1127 3029 insimul
1158 2973 1542 3044 dormiebant,
1571 2975 1803 3031 insimul
1829 2976 1913 3031 lu-

266 3059 491 3115 debant
513 3059 582 3115 ad
610 3058 958 3117 alterutrum
977 3067 1034 3117 et
1051 3061 1117 3094 9"
1132 3062 1368 3133 ﬁebant,
1385 3068 1443 3118 et
1460 3064 1691 3134 utrique
1707 3080 1911 3136 percn-

261 3147 490 3203 tiebant
524 3162 587 3203 se
627 3148 891 3205 invicem.
942 3150 1226 3207 Vixerunt
1271 3157 1465 3208 autem
1513 3154 1679 3208 annis
1731 3156 1909 3209 ferme

263 3235 518 3305 duobus,
553 3240 609 3291 et
644 3251 792 3292 unus
824 3237 1055 3307 quidem
1088 3242 1354 3296 mortuus
1386 3245 1496 3310 est,
1532 3240 1684 3297 alter
1716 3248 1909 3298 autem

263 3323 591 3395 supervixit
624 3325 833 3383 diebus
861 3329 911 3381 4.

339 3415 391 3467 2.
426 3415 588 3468 Anno
622 3412 925 3471 dominicae
955 3415 1373 3473 incarnationis
1402 3421 1553 3488 389°,
1583 3419 1678 3489 qui
1710 3424 1797 3475 est
1826 3435 1914 3475 se-

266 3498 498 3557 cundus
514 3500 818 3558 Theodosii
847 3507 977 3574 post
1003 3510 1248 3560 mortem
1266 3506 1545 3575 Gratiani,
1565 3507 1713 3562 idem
1737 3510 1915 3564 Theo-

268 3587 496 3658 dosius,
522 3589 610 3645 vir
634 3590 951 3647 virtutibus
979 3591 1207 3662 plenus,
1233 3594 1720 3663 Valentinianum,
1750 3595 1913 3651 Italia

266 3676 579 3748 expulsum
599 3692 629 3732 a
649 3678 911 3742 Maximo,
939 3680 996 3734 in
1015 3695 1253 3750 regnum
1277 3682 1531 3738 restituit
1550 3684 1600 3752 (c
1611 3685 1643 3739 f.
1668 3685 1909 3753 lienam).

265 3764 444 3837 (Chr,
484 3768 565 3823 W.
590 3798 654 3807 —
683 3768 880 3840 Buna.)
905 3768 1185 3841 Reliquiae
1208 3774 1540 3828 sanctorum
1569 3774 1825 3829 Gervasii
1858 3778 1917 3829 et

270 3854 572 3910 Prothasii
602 3856 674 3912 ab
707 3858 1014 3914 Ambrosio
1046 3863 1296 3929 repertae
1346 3863 1499 3915 sunt.

344 3946 396 3999 4.
431 3941 660 4011 (Pnosr.
699 3943 838 4002 0hr.
868 3946 1038 4016 imp.)
1071 3949 1134 4003 A.
1172 3949 1232 4001 D.
1261 3952 1382 4017 391,
1408 3949 1794 4016 Augustinns'
1819 3949 1916 4005 ad‘

273 4029 445 4086 ﬁdem
478 4046 817 4102 conversus,
853 4036 925 4090 ab
959 4036 1266 4091 Ambrosio
1295 4035 1649 4109 baptizatur,

417 4128 812 4204 ’Angnstiuus
835 4146 869 4204 a_
893 4130 1315 4204 Manicheorum
1340 4133 1530 4189 heresi
1554 4148 1657 4204 per
1680 4134 1925 4191 Ambro-

488 4198 638 4254 sium
662 4198 732 4255 ad
757 4201 1108 4258 catholicam
1132 4202 1301 4259 fidem
1323 4198 1708 4262 convertitur.
1747 4208 1790 4261 D
1814 4210 1836 4263 ?
1860 4207 1921 4262 E.

484 4269 588 4326 Ea:
607 4270 813 4341 Sigeb.

347 4352 399 4413 6.
431 4358 496 4413 A.
526 4357 590 4413 D.
622 4361 746 4414 393.
777 4359 1068 4417 Iohannes
1096 4361 1380 4418 heremita
1415 4361 1649 4420 claruit.

345 4446 398 4499 7.
432 4446 497 4501 Α.
531 4447 595 4501 D.
632 4450 754 4504 394.
786 4449 1040 4521 Syricius
1071 4464 1218 4522 papa
1253 4454 1396 4523 40m,
1451 4452 1601 4508 sedit
1655 4452 1822 4509 annis
1868 4455 1923 4510 8,

276 4531 652 4605 decessitque
684 4540 716 4593 6
744 4537 983 4594 Kalend.
1026 4540 1323 4595 Decemb‘.

420 4623 623 4700 ‘D}_E._
658 4626 796 4682 add.
832 4648 851 4683 .-
876 4626 1057 4700 Paula
1091 4633 1145 4683 et
1178 4628 1491 4700 Eustochia
1524 4627 1592 4662 ⁹⁴³
1635 4628 1751 4686 illia
1801 4629 1927 4700 ejus

492 4694 727 4752 Christo
758 4696 1115 4754 ancillantur
1154 4698 1507 4755 Bethlehem.

348 4782 401 4837 8.
427 4781 596 4851 (0hr.
637 4786 747 4853 W.)
774 4787 838 4842 A.
870 4788 933 4841 D.
962 4788 1082 4843 395.
1110 4787 1480 4843 Hieronimns
1505 4787 1923 4860 librum,quem

282 4867 353 4924 de
386 4870 720 4931 illustribus
749 4874 891 4931 viris
919 4874 1180 4947 scripsit,
1214 4875 1514 4949 hucusque
1545 4877 1841 4949 perduxit,

352 4960 403 5014 9.
439 4960 504 5015 Α.
538 4962 602 5016 D.
637 4963 791 5019 396.‘

428 5047 495 5102 Ἰ)
516 5050 539 5101 ?
560 5050 622 5103 E.
654 5052 687 5105 4
718 5053 845 5107 -Ἠ.
873 5051 1013 5107 add.
1041 5050 1337 5107 :Didimus
1362 5050 1725 5108 Alexandriae
1752 5051 1919 5108 obiit.

494 5118 579 5174 9“.
617 5121 871 5192 Corpora
908 5122 1143 5179 Abacue
1165 5127 1225 5178 et
1247 5122 1480 5179 Micheze
1505 5122 1923 5194 prophetarum

1118 349 1555 418 CHRONICA.
1593 390 1660 403 -
1701 351 2177 423 CHRONICON
2219 358 2764 425 UNIVERSALE.

234 477 385 537 Viro
417 483 611 538 autem
646 495 753 539 suo
788 497 927 557 sepe
956 482 1225 543 dicebat:
1264 489 1503 560 Oportet
1547 488 1620 561 te,
1652 490 1887 563 marite,
1922 492 1977 554 A

3531 355 3653 422 766

2221 494 2575 551 revelantur.
2609 509 2682 551 ea;
2710 492 2914 566 Sigeb.
2946 494 3032 549 D?
3063 495 3123 549 Ε.
3161 493 3460 566 pergunt:
3504 496 3650 552 Con-

2221 567 2929 637 stantinopolis—eversa.
2964 579 3039 637 ea:
3066 567 3274 637 eodem.

2081 641 2163 691 10.
2196 638 2256 691 Α.
2286 640 2344 691 D.
2373 634 2497 691 397.‘
2518 638 2959 693 Valentinianus
2985 636 3116 689 dolo
3138 636 3446 704 Arbogasti
3469 634 3644 692 Μορ-

2005 725 2243 795 ciditur,
2275 726 2521 797 ejusque
2556 727 2744 782 locum
2779 725 3069 795 Eugenius
3104 724 3342 780 invadit.

2078 819 2163 869 ΙΙ.
2200 817 2260 868 Α.
2298 817 2357 869 Ι).
2392 819 2512 870 398.
2556 815 2915 871 Theodosius
2966 812 3280 882 Eugenium
3335 817 3643 884 tyrannum

2008 903 2326 973 superavit.
2356 905 2713 972 Arbogastus
2733 904 2801 937 9‘“
2824 919 2925 959 sua
2953 918 3079 957 man
3092 918 3122 957 u
3146 916 3207 957 se
3231 901 3297 933 9‘7
3324 901 3641 970 interfecit,

2007 991 2362 1047 Theodosius
2386 1008 2521 1048 vero
2546 992 2864 1047 lllediolano
2890 993 2941 1046 in
2960 1006 3097 1063 pace
3116 991 3353 1061 quievit.
3376 990 3653 1059 Augusti-

2012 1096 2136 1149 nus,
2173 1080 2376 1135 doctor
2411 1081 2881 1150 facundissimus,
2918 1080 3174 1151 Ilypponi
3200 1079 3506 1135 ordinatur
3532 1078 3652 1149 epi-

2013 1183 2246 1237 scopus.

2086 1260 2393 1328 llucusque
2426 1258 2904 1315 meclcsiastieam
2942 1256 3259 1328 bystoriam
3282 1253 3656 1311 Enseliius°‘°

2016 1347 2254 1401 Ruﬁnus
2285 1348 2577 1418 perduxit.

2018 1435 2161 1489 Anni
2197 1437 2469 1491 Archadii
2501 1444 2558 1491 ct
2592 1437 2847 1491 Honorii.

2093 1525 2252 1578 Anno
2287 1526 2590 1580 dominica)
2624 1525 3043 1580 incarnationis
3075 1529 3197 1594 309,
3248 1523 3421 1579 Urbis
3462 1521 3658 1578 condi-

2020 1616 2094 1665 t;e
2119 1612 2423 1667 millesimo
2450 1618 2567 1669 150.
2594 1614 2949 1687 Archardius
2963 1620 3017 1668 et
3036 1614 3341 1680 Honorius,
3363 1611 3658 1667 filii’l‘lico-

2021 1700 2187 1769 dosii,
2226 1704 2319 1755 460
2349 1702 2473 1757 loco
2506 1703 2577 1757 ab
2612 1706 2871 1771 Angusto
2894 1717 3197 1758 commune
3220 1701 3543 1772 imperium,
3574 1699 3657 1754 di-

2021 1789 2162 1843 visis
2198 1795 2419 1846 tantnm
2452 1791 2520 1824 9‘9
2551 1792 2806 1859 sedibus,
2840 1794 3175 1860 tenuerunt,
3227 1788 3551 1845 Arehadins
3600 1788 3654 1842 in

2022 1877 2277 1943 Oriente,
2314 1881 2602 1936 Honorius
2634 1880 2688 1934 in
2724 1879 3080 1948 Occidente‘,
3128 1880 3311 1947 (Jonn.
3347 1880 3433 1933 De
3476 1891 3528 1931 φ.
3580 1876 3657 1944 s.)

2018 1970 2171 2023 Tunc
2195 1969 2435 2024 Rufinus
2455 1970 2734 2040 patricius
2749 1970 3034 2024 Arehadio
3054 1968 3298 2039 principi
3322 1968 3559 2025 tendens
3577 1967 3660 2022 in-

2022 2056 2219 2126 sidias,
2256 2058 2545 2113 Alaricum
2580 2074 2769 2126 regem
2802 2058 3139 2125 Gothorum,
3176 2061 3239 2111 ut
3282 2056 3514 2111 Grecias
3563 2070 3659 2110 va-

2022 2149 2227 2214 staret,
2252 2146 2444 2201 missis
2467 2146 2612 2202 elam
2641 2146 2920 2217 pecuniis,
2948 2145 3211 2201 invitavit
3234 2144 3365 2209 ;scd
3387 2144 3656 2200 detectus

2024 2236 2264 2291 Ruﬁnus
2295 2238 2427 2289 ante
2461 2240 2660 2305 portas
2692 2237 2852 2292 urbis
2881 2233 3558 2304 ConstantinOpolitanm,
3597 2236 3658 2287 ut

2024 2340 2198 2396 supra
2232 2326 2451 2381 dictum
2484 2328 2594 2393 est,
2632 2340 2661 2380 a
2708 2325 2990 2380 militibus
3035 2322 3359 2378 dccollatns
3407 2326 3521 2391 est,
3568 2336 3660 2377 ca-

2025 2421 2244 2487 putque
2276 2416 2402 2484 ejus
2434 2431 2563 2471 cum
2596 2415 2835 2470 dextera
2865 2428 3033 2469 manu
3074 2412 3144 2467 ad
3192 2410 3507 2466 ludibrium
3561 2426 3660 2480 per

2026 2502 2227 2556 urbem
2261 2501 2724 2557 circumductum
2760 2504 2893 2565 est;
2936 2512 3235 2567 uxoreque
3282 2495 3350 2529 95°
3398 2493 3656 2563 cxulata,

2024 2605 2165 2661 opes
2190 2591 2316 2658 ejus
2339 2595 2581 2645 cunctas
2606 2590 2918 2658 Eutropius
2944 2587 3123 2658 spado
3148 2585 3467 2657 promeruit
3493 2587 3528 2604 “
3554 2586 3658 2654 (Η.

2020 2687 2123 2746 m.)
2161 2679 2324 2734 Gildo
2355 2683 2546 2735 autem
2580 2679 2786 2733 Africae
2819 2692 3014 2733 comes
3044 2692 3072 2731 a
3096 2675 3421 2730 Theodosio
3444 2674 3660 2730 dudum

2022 2768 2346 2837 ordinatus,
2381 2766 2613 2836 cognita
2655 2770 2840 2821 morte
2887 2765 3033 2833 ejus,
3088 2763 3410 2818 arbitratus
3459 2776 3658 2833 parum

2023 2857 2144 2928 spei
2188 2857 2239 2911 in
2269 2857 2488 2927 pueris,
2511 2856 2689 2927 accpit
2714 2855 2962 2910 Africam
2990 2852 3100 2908 sibi
3123 2851 3450 2907 vcndicare.
3480 2851 3658 2921 Cujus

2026 2948 2205 3002 frater
2223 2944 2501 3001 Maseezel
2526 2960 2653 3001 cum
2679 2946 2832 2999 esset
2858 2941 3066 3011 ﬁdelis,
3083 2938 3661 3011 germaniperﬁdiam

2024 3035 2278 3099 detexit;
2313 3033 2413 3089 ille
2444 3037 2636 3089 autem
2670 3033 2815 3088 duos
2849 3030 3000 3087 ﬁlios
3034 3030 3256 3099 fratris,
3303 3043 3435 3084 eum
3488 3031 3657 3099 pater

2024 3124 2232 3193 abiret,
2268 3123 2583 3178 interfecit.
2610 3124 2819 3177 Contra
2845 3134 3013 3190 quem
3032 3121 3147 3189 jam
3171 3124 3233 3175 ut
3254 3118 3481 3173 hostem
3507 3116 3660 3171 idem

1946 3211 1992 3272 Ο
2024 3212 2303 3267 Mascezel
2324 3226 2453 3267 cum
2478 3209 2744 3265 exercitu
2768 3209 2978 3265 missus
2999 3222 3129 3264 cum
3152 3222 3280 3262 eum
3307 3205 3473 3261 valde
3499 3218 3661 3260 coar-

2022 3305 2197 3370 taret,
2233 3300 2285 3354 in
2318 3300 2507 3368 fugam
2537 3312 2765 3367 versus,
2800 3300 2931 3369 post
2966 3310 3183 3368 paucos
3213 3294 3337 3350 dies
3385 3298 3655 3363 strangu-

2024 3388 2370 3513 ωηιῗὲ
2406 3456 2544 3515 add.
2580 3478 2599 3515 .-
2620 3454 3333 3527 Imperatores—destrui.
3356 3467 3435 3527 ex
3450 3450 3654 3527 3590b-

2169 3531 2303 3584 "D?
2333 3531 2391 3585 E.
2426 3528 2560 3585 add.
2595 3548 2614 3583 .-
2647 3525 3183 3584 Romae-removit.
3219 3540 3293 3581 ea:
3319 3525 3517 3595 Sigeb.

2099 3616 2312 3689 (Ιοιιο.)
2345 3618 2680 3688 Hesperiam
2710 3632 2851 3673 vero
2884 3616 3107 3687 plagam
3137 3615 3191 3670 in
3224 3628 3403 3684 regno
3427 3611 3664 3670 Honorii

2028 3706 2401 3777 imperatoris
2434 3706 2679 3776 primum
2710 3704 3068 3774 Radagaisus
3098 3701 3166 3737 ⁹⁸ί
3200 3703 3412 3774 Scytha
3460 3700 3667 3758 crude-

2028 3795 2291 3851 lissimus
2314 3810 2444 3851 cum
2464 3794 2733 3850 ducentis
2758 3793 2993 3848 milibus
3007 3793 3324 3848 Gothorum
3340 3789 3663 3858 inundavit,

2031 3883 2125 3953 qui
2150 3897 2375 3937 onmem
2395 3882 2632 3937 Romani
2656 3880 2851 3952 populi
2878 3880 3214 3949 sanguinem
3241 3878 3552 3949 propinare
3571 3876 3669 3931 de-

2030 3971 2208 4027 vovit.
2246 3972 2349 4036 (H.
2381 3976 2486 4038 m.)
2524 3973 2736 4026 Contra
2770 3984 2937 4040 quem
2969 3968 3081 4024 duo
3111 3966 3320 4039 pagani
3346 3966 3525 4022 duces
3557 3966 3668 4021 Hu-

2033 4075 2235 4116 norum
2268 4058 2550 4116 Hnldinus
2566 4064 2625 4114 et
2647 4058 2824 4116 Sarus
2847 4073 2874 4113 a
2899 4057 3171 4114 Romanis
3193 4054 3467 4113 conducti
3492 4057 3623 4111 sunt
3652 4071 3667 4118 ;

2035 4148 2137 4205 sed
2166 4147 2393 4203 nolente
2424 4150 2537 4203 Deo
2559 4162 2793 4203 causam
2821 4147 3095 4218 potentiae
3119 4160 3238 4202 suae
3264 4160 3365 4216 per
3386 4142 3666 4201 virtutem

2034 4236 2328 4291 hominum
2359 4250 2660 4306 superare,
2693 4235 2974 4291 divinitus
3006 4234 3250 4291 territus
3271 4237 3361 4289 est
3393 4230 3671 4298 Radagai-

2037 4340 2160 4394 sus,
2196 4324 2536 4395 fugiensque
2570 4324 2624 4379 in
2658 4324 3010 4381 Pccnlanum
3035 4327 3307 4391 montem,
3332 4321 3552 4391 ingenti
3574 4334 3673 4375 un-

2038 4415 2212 4485 dique
2246 4413 2454 4470 timore
2485 4412 2553 4446 ⁰⁵²
2584 4413 2990 4478 concluditur;
3024 4417 3081 4467 et
3115 4412 3248 4468 dum
3281 4413 3425 4467 fame
3455 4409 3672 4479 sitique

2038 4502 2287 4573 laborat,
2322 4501 2526 4558 volens
2559 4503 2778 4571 fugere,
2805 4501 2966 4558 solus
2987 4500 3484 4571 conprehenditur
3513 4512 3543 4552 a
3567 4498 3676 4552 R0-

1953 4564 2008 4628 D
2040 4591 2223 4648 manis
2252 4589 2338 4661 9‘3,
2373 4591 2699 4661 missusque
2730 4590 2787 4645 in
2818 4604 3135 4654 carcerem,
3160 4588 3238 4642 ibi
3272 4590 3537 4641 mortuus
3558 4589 3668 4641 cst.

2036 4682 2213 4736 Tanta
2245 4695 2384 4735 vero
2418 4678 2729 4735 multitudo
2761 4678 2830 4733 de
2864 4676 3064 4731 Gothis
3107 4674 3523 4744 comprehensa
3557 4678 3671 4741 est,

2040 4772 2097 4825 ut
2134 4770 2287 4826 sicut
2315 4767 2450 4824 vilia
2484 4779 2693 4837 pecora
2725 4764 3119 4820 venderentur
3144 4776 3305 4829 ;nam
3330 4761 3542 4830 singuli
3570 4762 3675 4815 Go-

2036 4857 2118 4912 thi
2154 4855 2400 4926 singulis
2431 4854 2622 4911 aureis
2663 4853 3067 4910 vendebantur
3116 4848 3326 4919 (Jonn.)
3379 4850 3515 4904 Post
3564 4849 3675 4902 Ra-

2036 4945 2333 5015 dagaisum
2381 4942 2644 4999 Alaricns
2694 4955 2795 4995 rex
2854 4938 3168 4994 Gothorum
3224 4936 3447 4991 Italiam
3498 4935 3677 4991 intra-

2033 5034 2139 5104 vit,
2172 5037 2230 5090 et
2266 5036 2327 5089 ut
2359 5031 2627 5104 superius
2662 5029 2715 5085 in
2748 5027 2932 5100 gestis
2960 5026 3274 5082 Gothorum
3302 5024 3369 5057 ⁰³⁴
3393 5023 3675 5096 scriptum
3704 5050 3707 5051 ν

2035 5126 2145 5192 est,
2180 5121 2361 5177 multa
2391 5120 2537 5177 mala
2560 5118 2834 5175 Roman's
2862 5115 3190 5184 ceterisque
3224 5114 3493 5183 inferens,
3521 5111 3674 5185 apud

1634 5291 1871 5346 VARIrE
1912 5288 2311 5344 LECTIONES.

351 5428 421 5461 ’³⁸
451 5430 577 5499 ejus
607 5434 681 5486 9°.
758 5428 827 5462 ⁰³⁹
857 5430 1019 5489 deest
1045 5436 1119 5487 9°.
1198 5430 1267 5462 ⁹²⁰
1294 5431 1459 5488 deest
1481 5438 1556 5488 9ο.
1634 5430 1701 5465 9“
1732 5430 1883 5487 alter
1910 5435 1960 5485 5.
2039 5429 2106 5461 ⁵⁸³
2164 5428 2327 5486 deest
2350 5433 2425 5483 96.
2503 5427 2571 5460 ⁵⁸³
2610 5428 2974 5499 eustochium
3005 5428 3101 5482 E1.

1047 5501 1115 5535 9“
1145 5503 1236 5558 ita
1264 5503 1358 5557 ΕΙ.
1396 5504 1740 5572 arbogastes
1776 5503 1907 5558 rell.
1986 5499 2054 5532 "7
2086 5500 2250 5556 deest
2276 5504 2351 5553 9".
2389 5512 2491 5553 sua
2524 5513 2688 5578 se_m.
2718 5500 2811 5554 ΕΙ.

1101 5571 1170 5604 ⁰⁸⁹
1201 5576 1390 5627 tamen
1426 5573 1501 5629 ib.
1580 5572 1649 5606 ⁰⁸⁰
1682 5588 1945 5643 uxorque
1972 5571 2099 5641 ejus
2139 5573 2233 5627 El.
2314 5568 2381 5602 “1
2414 5568 2721 5637 radagisus
2773 5570 2805 5622 4

286 5500 620 5569 arbogastis
649 5504 723 5555 9°.
762 5506 845 5557 10.
885 5505 967 5557 ΙΙ.

285 5601 358 5641 —;
384 5570 661 5641 perduxit
690 5571 904 5629 desunt
926 5574 1021 5627 ΕΙ.

286 5638 357 5674 ’⁸³
385 5638 438 5697 a.
473 5655 578 5698 r.c.
615 5644 665 5696 5.
745 5641 811 5674 ⁸⁸⁸
843 5643 1004 5701 deest
1030 5648 1106 5700 9°.

3180 5425 3246 5457 9“
3270 5424 3433 5481 deest
3456 5429 3531 5479 9c.
3610 5423 3677 5457 968

2890 5497 2958 5530 ⁸⁸⁸
2988 5495 3211 5553 ensebii
3244 5501 3316 5550 9C.
3333 5563 3347 5564 η
3367 5496 3676 5564 Hucusque

2314 5568 2381 5602 πί
2414 5568 2721 5637 radagisus
2773 5570 2823 5622 4.
2859 5572 2936 5624 9°.
2986 5580 3228 5637 semper.
3308 5563 3374 5601 ⁸⁵³
3425 5569 3465 5621 t.
3520 5563 3671 5620 11.5.
