3952 6314
280 349 396 419 767

1445 367 1930 436 EKKEHARDI
1969 369 2522 446 URAUGIENSIS

3565 338 3690 449 ’108

287 485 656 594 Consentiam
687 455 955 554 mortuus
986 503 1094 556 est.
1139 501 1243 572 (Η.
1289 508 1394 574 m.)
1452 505 1552 563 Cui
1603 506 1924 567 succedens
1955 509 2010 570 A
2111 515 2195 569 13.
2233 511 2402 581 (Chr.
2443 515 2560 587 W.)
2592 519 2656 574 A.
2700 517 2762 574 D.
2815 515 2935 576 411.
2990 516 3316 577 Archadius
3361 517 3690 594 imperator

285 579 610 652 Athaulfus,
647 587 1116 656 consanguineus
1145 591 1289 663 ejus,
1323 594 1597 666 quicquid
1650 597 1746 655 ille
1795 599 1926 656 reli-

291 669 437 740 quit,
473 671 717 744 abrasit,
751 679 808 730 et
838 676 1152 749 Placidam,
1185 683 1416 738 Honorii
1450 699 1735 758 sororem,
1777 688 1929 745 aufe-

285 771 442 828 rens,
478 759 534 816 in
563 763 991 820 matrimonium
1023 769 1266 840 accepit.

357 849 458 915 (H.
493 864 570 905 m.
604 855 663 906 et
689 853 881 925 Jonn.)
917 857 1156 912 Stilicho
1191 874 1419 932 quoque
1442 877 1654 935 eomes,
1678 867 1926 937 quierat.

283 935 353 992 de
387 937 603 1008 perfida
663 943 720 995 et
755 941 955 999 dolosa
985 952 1158 1014 gente
1201 951 1610 1009 Wandalorum
1643 935 1834 1024 natus,
1866 963 1925 1012 et

281 1029 407 1080 erat
446 1040 617 1082 socer
646 1030 904 1102 Honorii,
940 1035 1107 1105 cujus
1142 1035 1272 1093 ﬁlia-1
1301 1039 1429 1096 dum
1461 1043 1632 1097 Maria
1681 1048 1740 1098 et
1789 1047 1926 1100 [ier-

283 1113 495 1169 Inantia
513 1115 695 1172 altera
714 1123 845 1188 po.-t
871 1121 1112 1178 alteram
1140 1127 1386 1199 principi
1411 1130 1924 1205 Honorio_dcspon-

284 1206 428 1256 satze
453 1210 606 1273 sunt,
627 1205 726 1261 sed
753 1213 1013 1280 utrmque
1029 1214 1280 1282 virgines
1306 1217 1924 1284 defunctzesunt,obli-

283 1293 376 1344 tus
408 1291 846 1366 beneﬁciorum,
882 1299 1100 1355 oblitus
1148 1305 1693 1377 consanguinitatis,
1745 1324 1922 1378 regno

279 1375 407 1444 ejus
431 1377 695 1451 inhiavit,
720 1389 778 1438 et
801 1384 1243 1445 Alamannorum
1267 1392 1921 1464 SucvoruInquegentes

279 1463 432 1521 datis
455 1470 720 1538 pecuniis
750 1487 926 1544 super
957 1490 1084 1531 eum
1117 1483 1515 1551 congregavit,
1545 1463 1679 1552 quia
1705 1463 1922 1540 Euche-

281 1553 426 1607 rium
461 1555 640 1612 iilium
674 1573 860 1629 suum,
898 1563 1235 1622 christianis
1267 1583 1495 1640 semper
1527 1587 1554 1625 a
1580 1586 1759 1641 puero
1785 1573 1922 1629 insi-

280 1639 405 1694 dias
442 1644 792 1714 molientem,
831 1666 1105 1707 carsarem
1136 1656 1322 1710 facere
1350 1639 1626 1726 cogitavit
1652 1678 1665 1724 ;
1693 1661 1793 1716 sed
1814 1663 1922 1716 Ilo-

277 1729 478 1786 norius
503 1742 854 1804 congregato
878 1741 1138 1797 exercitu
1161 1758 1288 1798 eum
1315 1744 1400 1799 eis
1425 1762 1707 1816 pugnans,
1732 1753 1922 1805 utres-

277 1831 408 1914 que,
454 1822 694 1878 occidit.
748 1825 870 1890 Quo
918 1843 1064 1884 anno
1114 1835 1169 1884 et
1224 1833 1567 1906 Arehadius,
1619 1837 2003 1923 orientalisB

286 1903 606 1977 imperator
638 1926 882 1982 regnans
907 1923 1036 1986 post
1059 1918 1279 1976 obitum
1309 1923 1490 1992 patris
1513 1903 1694 1981 annos
1715 1930 1800 1995 13,
1825 1927 1922 1983 de-

278 1993 512 2051 functus
547 2004 640 2054 est
673 2016 820 2056 anno
853 2005 1048 2061 zelatis
1079 2011 1193 2076 31°,
1229 2008 1562 2080 relinquens
1610 1993 1794 2069 filium
1835 2031 1923 2071 no-

275 2083 424 2139 mine
455 2087 831 2148 Theodosium
865 2109 1144 2152 annorum
1173 2101 1224 2152 8.
1273 2114 1440 2169 quem
1491 2106 1624 2158 ante
1676 2110 1918 2161 mortem

275 2186 436 2229 suam
463 2177 781 2248 appellavit
808 2181 1218 2254 imperatorem
1244 2204 1257 2251 ;
1285 2188 1379 2257 qui
1405 2190 1724 2247 succedens
1740 2193 1914 2264 patri,

278 2264 545 2330 regnavit
575 2268 740 2325 annis
772 2273 858 2342 41,
897 2287 1026 2328 cum
1057 2278 1265 2344 patruo
1295 2277 1543 2334 Honorio
1577 2281 1661 2349 15,
1717 2286 1916 2351 postea

270 2352 359 2420 26,
394 2351 492 2420 qui
531 2353 676 2411 (lunt
707 2360 790 2414 41.
829 2361 1010 2431 Ilujus
1043 2367 1306 2434 tempore
1330 2363 1676 2424 Claudianus
1698 2375 1756 2424 et
1779 2371 1918 2428 Pru-

273 2436 507 2524 dentius
539 2448 726 2513 poetae
760 2447 1016 2518 insignes
1034 2449 1324 2508 habentur
1346 2453 1440 2524 (cf.
1463 2455 1666 2512 Paosr.
1697 2458 1910 2516 Chron.

269 2523 440 2596 imp.)

272 2631 417 2686 Anni
449 2635 744 2694 Archadii.

345 2723 393 2776 1.
427 2722 598 2792 (Chr.
637 2727 755 2796 W.)
789 2731 982 2789 Primo
1013 2739 1204 2791 autem
1237 2751 1386 2794 anno
1415 2741 1688 2798 Arehadii
1717 2749 1773 2798 et
1808 2746 1916 2801 Ho-

272 2807 440 2880 norii,
479 2813 576 2883 qui
607 2825 699 2872 est
743 2831 927 2876 annus
981 2821 1282 2882 dominicae
1329 2827 1748 2887 incarnationis
1788 2836 1910 2903 399,

267 2897 556 2960 Johannes
585 2903 864 2964 heremita
896 2910 1061 2967 obiit.

340 2990 390 3042 2.
422 2991 494 3078 νΑ.
526 2992 590 3048 D.
623 2996 744 3052 400.
780 2997 1028 3055 Sanctus
1072 2973 1356 3058 Martinus
1399 3003 1471 3060 ad
1517 3020 1767 3078 superna
1815 3009 1914 3065 mi-

267 3077 478 3144 gravit.

341 3347 390 3400 4.
457 3348 518 3402 Α.
574 3349 635 3402 D.
683 3352 804 3405 402.
855 3352 1200 3412 Anastasius
1248 3372 1393 3430 papa
1445 3363 1566 3416 4t“I
1607 3362 1914 3422 ordinatus

268 3437 380 3502 est,
423 3435 750 3507 sedensque
780 3440 946 3496 annis
976 3442 1184 3514 tribus,
1221 3447 1490 3516 migravit
1512 3448 1579 3483 9“
1609 3455 1640 3506 5
1671 3451 1906 3509 Kalend.

269 3521 396 3578 Mai.

344 3617 395 3668 5.
428 3615 494 3670 A.
530 3616 591 3671 D.
627 3619 773 3674 403'.
809 3620 978 3676 Gothi
1009 3620 1332 3693 Radagaiso
1379 3629 1437 3682 et
1485 3626 1715 3684 Alarico
1765 3629 1914 3700 regi-

274 3698 381 3756 bus
414 3700 636 3759 ltaliam
668 3706 893 3775 predati
927 3713 1078 3764 sunt.

411 3807 519 3862 ’111
547 3810 606 3866 Ε.
643 3811 781 3868 add.
823 3831 835 3866 :
869 3815 931 3868 111
959 3815 1253 3872 Britannia
1285 3819 1348 3873 P.
1384 3818 1438 3874 d.
1474 3833 1524 3876 e.
1559 3835 1608 3876 e.
1637 3835 1709 3876 111.
1738 3822 1917 3880 11.οο-

480 3881 1350 3959 0008111101,0010181101111110111
1379 3904 1424 3945 8.
1459 3904 1514 3959 g.
1559 3893 1612 3947 d.
1663 3909 1716 3959 p.
1769 3908 1815 3950 8.
1863 3909 1910 3950 8.

485 3965 554 4006 In.
591 3955 648 4008 et
682 3953 970 4012 hominem
1005 3957 1130 4014 sine
1158 3974 1212 4030 p.
1245 3974 1298 4015 ο.
1333 3953 1512 4017 nasci.
1545 3975 1621 4019 ea:
1637 3953 1840 4036 Sigeo.

343 4057 394 4109 6.
433 4057 495 4110 A.
532 4057 594 4112 D.
647 4061 767 4115 404.
821 4061 1075 4134 (Pnosr.)
1125 4064 1390 4135 Synodus
1436 4067 1801 4128 Alexandriae
1851 4071 1912 4127 ﬁt

279 4146 520 4214 propter
551 4145 875 4205 doctrinam
916 4151 1204 4221 Origenis.

429 4235 492 4289 A.
529 4235 594 4290 D.
629 4238 749 4292 405.
806 4239 1176 4298 Innocentius
1224 4257 1368 4314 papa
1415 4247 1539 4300 42‘"
1585 4246 1909 4320 ordinatus,

278 4319 433 4376 sedit
465 4323 630 4379 annis
657 4329 740 4396 15,
776 4325 1145 4400 decessitque
1174 4333 1206 4385 4
1231 4330 1368 4388 Idus
1398 4332 1634 4390 Martii.’

412 4426 526 4481 'D?
556 4428 615 4499 E.
651 4431 842 4488 4—11.
876 4433 1014 4489 add.
1052 4454 1071 4490 .-
1099 4433 1202 4488 Hic
1232 4437 1537 4494 constituit
1585 4439 1656 4496 ad
1706 4441 1916 4499 missas

489 4498 651 4569 pacis
683 4501 946 4560 osculum
977 4503 1124 4559 dari.
1155 4518 1232 4561 ea:
1255 4506 1458 4578 Sigeo.

347 4607 398 4658 9.
436 4603 694 4679 (Pnosr.)
728 4609 790 4663 A.
825 4609 888 4664 D.
923 4611 1046 4666 407.
1083 4609 1331 4668 Severus
1359 4613 1535 4670 vitam
1559 4617 1742 4673 sancti
1774 4619 1914 4674 Mar-

274 4691 378 4746 tini
401 4691 706 4751 describit.

345 4802 428 4855 10.
467 4801 531 4856 Α.
566 4803 628 4856 D.
665 4803 815 4858 408.‘

413 4908 530 4990 'D_?_
553 4909 613 4990 E_.
643 4907 784 4990 add.
818 4927 838 4964 .·
866 4908 1175 4990 Iohannes
1209 4913 1620 4990 Crisostomus,
1669 4924 1914 4990 urgente

487 4977 746 5056 ljjudpxia
779 4986 1050 5056 augusta,
1085 4983 1423 5056 episcopatu
1468 4977 1790 5056 abdicatus,
1841 4977 1913 5050 ab

489 5049 1136 5126 Archadio—i’ntentatf
1161 5068 1237 5110 ea:
1261 5049 1462 5126 Sigeo.
1496 5061 1687 5116 4—11.
1723 5049 1862 5118 add.
1893 5083 1914 5119 .-

479 5120 774 5178 Johannes
836 5123 1234 5181 Crisostomus
1299 5120 1355 5182 iii
1405 5128 1580 5185 exilio
1625 5131 1790 5187 obiit.
1844 5134 1914 5190 Et

485 5191 955 5264 morsEudoxize
1007 5201 1269 5264 augusta;
1315 5197 1628 5257 subsecuta
1676 5205 1788 5258 est.
1839 5217 1916 5261 ea:

477 5258 685 5331 Sigeo.

2039 601 2538 677 Constantinopoli
2570 607 2865 666 moritur.‘

2180 710 2286 764 ‘D?
2308 712 2368 766 E.
2393 713 2528 768 add.
2597 715 2904 798 i‘lestorius
2945 717 3546 798 Constantinopolith
3563 717 3692 788 epi-

2251 785 2584 856 scopusad
2632 785 2883 841 heresim
2936 802 3063 856 quae
3113 787 3170 842 in
3223 785 3458 846 Christo
3504 785 3686 844 Deum

2250 853 2322 907 ab
2354 853 2582 910 homine
2615 861 2847 928 separat
2883 853 3152 914 vertitur.

2037 938 2180 992 Anni
2216 941 2466 997 Honorii.

2109 1028 2210 1091 (H.
2245 1043 2318 1084 111.
2355 1033 2410 1085 et
2451 1033 2645 1103 Jonn.)
2695 1037 2858 1089 Anno
2909 1033 3212 1092 dominicae
3260 1035 3686 1094 incarnationis

2036 1118 2157 1185 412,
2191 1118 2363 1173 Urbis
2393 1121 2644 1178 condita}
2677 1123 2984 1179 millesimo
3035 1128 3156 1180 163.
3213 1125 3499 1182 Honorius
3548 1133 3687 1197 post

2037 1210 2276 1260 mortem
2310 1208 2509 1263 fratris
2539 1223 2668 1266 eum
2701 1211 3040 1283 Theodosio,
3075 1212 3195 1268 lilio
3232 1213 3451 1283 fratris,
3489 1214 3685 1272 adhuc

2036 1307 2284 1363 regnans
2315 1296 2481 1351 annis
2517 1301 2596 1368 15,
2632 1314 2760 1353 cum
2793 1300 3013 1356 videret
3051 1316 3169 1356 rem
3195 1301 3486 1374 publicam
3511 1303 3688 1358 cotti-

2034 1380 2127 1434 die
2160 1381 2518 1454 decrescere,
2545 1385 2720 1456 elegit
2747 1388 2929 1444 virum
2959 1389 3164 1444 fortem
3189 1394 3247 1446 et
3272 1397 3680 1462 pugnatorein,

2035 1471 2438 1526 Constantium
2473 1475 2765 1544 comitem,
2799 1481 2852 1531 et
2889 1475 3221 1532 transmisit
3252 1492 3382 1534 eum
3432 1479 3503 1534 ad
3556 1479 3688 1535 Gal-

2033 1555 2159 1611 lias.
2199 1561 2619 1616 Constantinus
2652 1563 2802 1618 enim
2835 1564 3086 1636 quidam,
3121 1565 3322 1623 Galliis
3349 1569 3680 1640 occupatis,

2034 1644 2116 1699 im
2134 1645 2244 1700 asit
2281 1647 2620 1720 imperium;
2654 1653 2821 1722 cujus
2853 1653 3054 1709 hostes
3087 1654 3200 1710 duo
3226 1654 3472 1726 juvenes
3524 1657 3686 1714 locu-

2035 1732 2244 1805 pletes,
2280 1735 2537 1794 Didimus
2568 1743 2627 1793 ct
2658 1740 3015 1812 V'iridianus,
3059 1744 3376 1816 assumptis
3426 1745 3683 1816 propriis

2035 1822 2223 1878 servis
2245 1829 2303 1879 et
2327 1826 2685 1897 vernaculis,
2706 1843 2840 1884 sese
2862 1829 3228 1902 patriamque
3241 1830 3549 1890 defensare
3564 1849 3685 1890 mo-

2034 1910 2122 1966 liti
2145 1918 2300 1984 sunt,
2327 1915 2744 1988 capientesque
2770 1918 2948 1976 illium
2973 1919 3100 1990 ejus
3134 1922 3534 1994 Constantem,
3563 1939 3686 1980 mo-

3305 938 3335 954 J

2031 2002 2276 2058 naehum
2307 2003 2586 2061 fecerunt.
2625 2005 2802 2072 Quem
2843 2013 3013 2078 pater
3060 2023 3130 2064 ex
3176 2010 3458 2066 monacho
3503 2027 3684 2068 08188-

2029 2104 2149 2145 10111
2186 2091 2320 2146 fecit
2351 2098 2636 2150 etcontra
2664 2093 2796 2152 illos
2821 2095 2996 2152 misit.
3034 2097 3142 2154 Sed
3185 2098 3567 2156 Constantius
3607 2101 3682 2157 ab

2027 2178 2279 2234 Honorio
2337 2181 2567 2252 missus,
2629 2196 2757 2239 mox
2809 2188 2870 2239 ut
2923 2183 3162 2252 Galliam
3217 2185 3521 2256 ingressus
3566 2194 3680 2257 est,

2028 2265 2467 2322 Constantinum
2503 2271 2656 2340 apud
2688 2270 2981 2326 Arelatem
3017 2271 3249 2329 inclusit
3274 2278 3328 2329 et
3354 2274 3593 2343 occidit,
3621 2275 3682 2330 ii-

2026 2351 2164 2408 lium
2198 2369 2336 2410 vero
2365 2357 2494 2428 ejus
2538 2358 2908 2414 Constantem
2962 2359 3019 2414 in
3068 2359 3287 2418 Vienna
3338 2363 3676 2434 Gerontius,

2025 2456 2222 2498 comes
2252 2444 2596 2517 Constantii,
2630 2447 2898 2518 peremit.
2952 2448 3206 2516 Quorum
3259 2451 3431 2506 exicii
3487 2452 3682 2508 imme-

2025 2545 2238 2602 mores,
2271 2533 2548 2590 Jovianus
2575 2539 2631 2590 et
2664 2536 3041 2594 Sebastianus
3074 2537 3208 2594 item
3240 2538 3295 2594 in
3345 2539 3548 2598 Galliis
3593 2547 3681 2613 ty-

2025 2620 2323 2676 rannidem
2349 2622 2690 2695 moliuntur,
2718 2625 2819 2680 sed
2845 2629 2904 2681 et
2929 2626 3036 2698 ipsi
3063 2641 3195 2684 mox
3216 2627 3673 2688 interﬁciuntur.

2024 2708 2402 2766 Heraclianus
2433 2725 2666 2782 quoque
2696 2729 2895 2770 comes
2927 2715 3134 2772 Africae
3161 2731 3293 2772 cum
3318 2719 3511 2774 tribus
3535 2719 3681 2776 mili-

2025 2796 2135 2852 bus
2153 2798 2392 2854 armatis
2411 2797 2464 2854 el
2487 2800 2872 2872 septingentis
2894 2803 3140 2860 navibus
3155 2803 3224 2860 ad
3241 2803 3675 2876 depredandam

2023 2883 2259 2940 Romam
2291 2887 2438 2942 venit
2468 2905 2482 2954 ;
2515 2891 2717 2944 contra
2749 2904 2916 2960 quem
2951 2891 3206 2948 Marinus
3233 2907 3432 2950 comes
3480 2909 3679 2965 egres-

2024 2986 2147 3044 sus,
2181 2973 2264 3030 sic
2292 2989 2421 3032 eum
2453 2977 2799 3047 perterruit,
2833 2983 2898 3034 ut
2937 2995 3066 3035 cum
3112 2994 3222 3036 una
3266 2988 3494 3040 tantum
3546 2985 3678 3040 navi

2023 3061 2389 3132 Kartaginem
2423 3063 2492 3096 9“
2525 3065 2774 3137 fugeret,
2821 3067 2916 3123 ubi
2947 3071 3004 3124 et
3037 3083 3171 3124 mox
3203 3070 3440 3128 occisus
3470 3079 3583 3130 est.
3615 3075 3676 3130 In

2023 3148 2113 3206 his
2143 3165 2280 3220 ergo
2315 3150 2540 3222 diebus,
2581 3153 2945 3224 precipientc
2986 3157 3239 3214 Honorio
3269 3161 3326 3214 et
3361 3159 3678 3231 adjuvante

2026 3239 2386 3310 Constantio,
2423 3239 2584 3296 firma
2619 3255 2730 3312 pax
2761 3242 3029 3300 omnibus
3053 3244 3362 3303 catholicis
3385 3248 3680 3308 aecclesiis

2025 3340 2128 3398 per
2159 3327 2488 3384 universam
2519 3328 2768 3386 Africam
2803 3331 3030 3388 reddita
3061 3337 3172 3404 est,
3218 3335 3496 3405 quamdiu
3545 3353 3679 3410 pre-

2023 3414 2385 3473 clarissimus
2415 3417 2693 3488 magister
2731 3419 3014 3477 :ecelesiae
3057 3421 3210 3492 apud
3257 3423 3559 3495 Ypponem
3607 3427 3680 3462 ⁸⁸⁷

2022 3503 2263 3574 Regium
2300 3505 2542 3562 ﬂorebat
2577 3507 2958 3576 Augustinus.
2993 3510 3150 3566 Inter
3177 3510 3302 3568 haec
3332 3513 3541 3586 Vallia,
3571 3531 3674 3572 rex

2025 3592 2361 3664 Gothorum,
2397 3608 2598 3666 pacem
2629 3595 2765 3652 fecit
2789 3594 2858 3629 ’⁵³
2879 3611 3008 3654 cum
3031 3599 3306 3670 Honorio,
3331 3605 3390 3656 et
3416 3601 3672 3660 reddidit

2024 3681 2076 3738 ei
2106 3680 2421 3738 Placidiam
2456 3697 2718 3740 sororem
2752 3699 2934 3756 suam,
2970 3701 3138 3757 quam
3169 3687 3294 3760 ipse
3327 3690 3674 3750 Constantio

2025 3770 2294 3841 patricio,
2321 3770 2417 3841 qui
2441 3785 2564 3826 eam
2590 3778 2991 3845 revocaverat,
3021 3774 3076 3832 in
3104 3776 3540 3851 matrinonium,
3577 3781 3675 3837 de-

2027 3857 2132 3913 dit.
2165 3858 2456 3914 Honorius
2484 3873 2624 3915 vero
2657 3865 2968 3932 postquam
3007 3878 3138 3920 cum
3179 3865 3524 3939 Theodosio,
3569 3869 3672 3925 fra-

2028 3944 2135 4001 tris
2167 3945 2254 4002 sui
2287 3945 2426 4024 ﬁlio,
2455 3948 2718 4018 regnavit
2740 3949 2904 4007 annis
2926 3955 3010 4020 15,
3036 3955 3098 4007 et
3119 3966 3238 4008 rem
3265 3953 3556 4026 publicam
3577 3971 3671 4030 pa-

2025 4033 2315 4090 ciﬂcatam
2350 4033 2592 4106 dimisit,
2623 4037 2818 4093 Romae
2850 4042 3116 4096 mortuus
3145 4044 3257 4097 est.
3455 4089 3458 4092 .

2096 4125 2146 4178 4.
2183 4123 2351 4193 (Chr.
2392 4124 2510 4193 W,)
2545 4127 2608 4181 A.
2642 4125 2702 4180 D.
2741 4129 2860 4183 415.
2887 4126 3173 4200 Alarieus,
3201 4143 3304 4187 rex
3327 4130 3664 4205 Gothorum,

2023 4211 2258 4268 Romam
2292 4211 2520 4270 invasit.

2093 4304 2146 4357 7.
2184 4302 2250 4356 A.
2284 4301 2346 4356 D.
2381 4302 2502 4356 418.
2539 4301 2796 4374 Corpora
2848 4305 3184 4362 sanctorum
3246 4305 3548 4381 Stephani,
3581 4309 3667 4364 Ni-

2024 4388 2289 4446 chodemi
2325 4392 2383 4444 et
2411 4389 2656 4446 aliorum
2691 4390 2947 4449 revelata
2977 4397 3116 4450 sunt
3143 4392 3231 4450 ³⁸³.

2095 4481 2146 4533 0.
2184 4479 2245 4532 Α.
2279 4479 2340 4532 1).
2390 4479 2510 4534 420.
2561 4479 2828 4537 Zosimus
2874 4493 3020 4552 papa
3053 4483 3179 4536 43M
3221 4481 3292 4516 ”°
3339 4484 3660 4542 ordinatus.

1943 4565 1994 4626 D
2025 4565 2178 4622 sedit
2208 4579 2418 4622 annum
2449 4581 2646 4638 unum,
2679 4566 3048 4640 decessitque
3078 4575 3128 4627 7.
3163 4569 3286 4627 Kal.
3309 4573 3544 4630 Ianuar.
3567 4573 3664 4629 Hie

2024 4654 2355 4724 constituit,
2384 4658 2444 4711 ut
2473 4653 2754 4712 diaconus
2783 4655 2981 4713 lmvam
3022 4660 3202 4728 tegat.

2095 4747 2179 4798 10.
2217 4744 2280 4798 A.
2313 4744 2374 4798 Ι).
2411 4745 2531 4800 421.
2561 4745 2892 4802 Bonifacius
2931 4759 3077 4820 papa
3126 4749 3252 4804 44“!
3297 4749 3447 4806 sedit
3497 4747 3658 4806 annis

2024 4832 2237 4903 tribus,
2271 4845 2502 4888 menses
2527 4834 2578 4887 8.

2095 4924 2181 4977 12.
2219 4919 2386 4988 (Chr.
2427 4919 2546 4987 W.)
2573 4921 2635 4976 A.
2671 4921 2732 4976 D.
2759 4923 2878 4978 423.
2905 4922 3154 4980 Sanctus
3179 4924 3548 4984 Hicronimus
3571 4924 3664 4982 mi-

2021 5008 2212 5080 gravit
2245 5021 2395 5064 anno
2425 5009 2563 5066 vitae
2592 5011 2706 5065 91°.

2097 5099 2180 5151 13.
2209 5097 2272 5152 A.
2308 5096 2370 5152 D.
2402 5098 2523 5152 424.
2551 5095 2842 5153 Honorius
2863 5096 3016 5169 apud
3038 5099 3370 5157 Ravennam
3391 5101 3662 5159 Constan-

2023 5185 2167 5242 tium
2201 5187 2534 5242 consortem
2566 5185 2730 5256 regni
2761 5185 2914 5242 fecit.

2095 5277 2182 5332 14.
2219 5277 2284 5332 A.
2319 5275 2380 5330 D.
2415 5276 2538 5331 425.
2575 5273 2902 5332 Celestinus
2929 5288 3079 5348 papa
3125 5278 3254 5334 43“
3298 5277 3454 5336 sedit
3502 5278 3660 5336 annis

1618 5446 1856 5504 VARUS
1917 5448 2312 5506 LECTIONES.

347 5573 437 5667 '3,
464 5579 611 5667 οξῖίξί
654 5583 748 5667 Ρξέι
771 5583 896 5667 nm,
925 5585 1322 5656 carthagine!!!
1364 5595 1413 5645 δ.
1490 5590 1558 5632 ⁵⁸⁷
1596 5595 1922 5667 hypponem
1959 5601 1992 5654 5
2027 5595 2110 5654 El.
2189 5597 2258 5636 ⁸⁵⁸
2298 5598 2465 5657 deest
2496 5603 2574 5657 9°.
2651 5599 2720 5638 9"
2748 5600 3085 5661 revelantur
3113 5600 3199 5660 El.
3277 5603 3346 5641 κο
3381 5605 3562 5663 XLIIm
3605 5610 3654 5661 5.

273 5639 456 5702 XLIII.
489 5662 640 5710 corr.
656 5639 834 5711 11011.
869 5657 920 5710 ι.
