3952 6308
247 280 371 349 ’769

1139 290 1569 361 CHRONICA.
1604 335 1681 348 —-
1711 300 2184 371 CHRONICON
2235 309 2780 383 UNIVERSALE.

3530 339 3650 400 7'70

248 422 374 479 fere
399 421 470 456 9“
499 424 553 493 9,
586 421 966 498 decessitque
993 432 1026 486 8
1060 428 1297 487 Kalend.
1336 433 1553 504 Aprilis
1585 435 1679 506 (cf.
1730 438 1897 494 Bson:
1926 441 1979 501 A
2008 446 2214 501 etocto
2235 461 2418 505 annos
2441 458 2751 523 morantes,
2769 455 3102 517 Occidentis
3124 477 3355 535 quoque
3379 470 3643 529 obtinue-

243 511 483 583 Mart.).
512 512 615 569 Hic
634 511 706 546 ⁸⁸³
726 516 1036 573 constituit
1059 519 1323 591 Sanctus,
1349 521 1617 594 Sanctus,
1650 524 1897 583 Sanctus

242 601 494 656 cantari.
522 603 546 625 δ

389 691 412 711 '
434 690 601 770 υἱζλΕἶ
634 705 730 770 :_c.
764 692 1010 770 sanctus
1041 697 1264 770 cantari
1297 702 1354 753 et
1390 703 1449 754 ut
1479 699 1681 770 psalmi
1710 732 1772 740 ——
1808 716 1894 756 re-

461 760 777 817 citabatur.
818 764 917 819 Hic
944 780 1176 890 cinoque
1199 767 1267 821 ad
1292 760 1529 824 Scottos
1556 803 1613 811 —
1641 771 1709 826 ad
1736 773 1893 853 Chri-

462 836 634 886 stum.
688 846 762 887 ea:
808 836 958 890 Sine
1001 878 1012 890 .
1066 842 1097 890 5
1120 871 1186 879 —~
1214 843 1293 890 1L
1348 840 1486 890 add.
1517 860 1529 890 :
1584 848 1890 890 constituit.

462 836 634 904 stum.
688 846 762 887 ea:
808 836 1012 904 Sigeo.
1066 842 1293 893 δ-ηη.
1348 840 1529 896 add.:
1584 844 1890 898 constituit

455 900 638 1028 gyan;
679 909 743 958 ut
782 900 989 975 psalmi
1040 909 1218 964 David
1278 910 1345 942 9”
1397 916 1749 978 cantentur;
1807 915 1888 986 of

511 985 602 1028 tae
645 1014 657 1027 .

511 985 657 1042 meo.

318 1062 404 1113 15.
442 1060 505 1113 Α.
542 1061 604 1115 D.
632 1063 753 1118 426.
784 1064 1073 1121 Ilonorius
1103 1067 1298 1124 Romaa
1329 1070 1593 1141 moritur,
1619 1087 1768 1128 anno
1790 1074 1890 1129 im-

239 1145 393 1215 perii
427 1147 518 1202 sui
553 1152 621 1203 30
651 1148 741 1221 °°‘,
763 1166 1004 1221 quorum
1025 1153 1175 1211 duos
1198 1158 1456 1225 regnavit
1482 1160 1590 1215 sub
1612 1166 1797 1231 patre,
1826 1166 1886 1218 l3

233 1248 373 1290 cum
406 1235 609 1307 fratre,
651 1242 713 1294 15
746 1254 875 1295 cum
909 1240 1027 1297 ﬁlio
1060 1242 1259 1301 fratris
1288 1246 1609 1304 Theodosio
1662 1248 1756 1318 (cf.
1805 1251 1882 1307 H.

232 1325 363 1394 πμ).
400 1326 814 1399 Faramundus,
857 1327 1011 1386 ﬁlius
1060 1332 1460 1407 Mal-comedis,
1516 1338 1781 1407 regnavit
1830 1340 1886 1395 in

233 1412 480 1469 Francia
515 1414 610 1485 (cf.
647 1416 853 1472 Pnosr.
894 1417 1034 1475 σήν.
1066 1420 1253 1492 imp).

306 1499 528 1558 Paulus
559 1500 627 1535 ’°‘
657 1503 898 1563 Orosius
928 1509 1234 1579 presbyter
1258 1509 1470 1569 librum
1500 1528 1667 1571 suum
1691 1515 1887 1587 hysto-

235 1587 425 1644 ricum
455 1603 485 1644 a
516 1590 853 1649 conditione
888 1595 1061 1651 mund
1115 1597 1415 1671 hucusque
1448 1603 1739 1674 perduxit.

312 1678 458 1733 Anni
490 1679 795 1738 Theodosii
818 1682 1087 1752 junioris.

315 1765 419 1836 (H.
442 1767 545 1837 φη.)
567 1769 732 1825 Anno
764 1770 1071 1830 dominicas
1105 1774 1523 1835 incarnationis
1552 1782 1674 1851 427,
1709 1783 1882 1840 Urbis

230 1852 489 1910 conditae
513 1856 818 1915 millesimo
844 1863 962 1917 178.
988 1863 1577 1939 Theodosiusjunior,
1606 1872 1878 1928 Archadii

230 1940 408 2012 ﬁlius,
447 1959 627 2016 nepos
654 1947 952 2006 Theodosii
989 1954 1177 2022 magni
1229 1959 1324 2010 470
1344 1955 1471 2013 loco
1496 1959 1567 2015 ab
1591 1962 1873 2034 Augusto,

227 2029 395 2088 solus
430 2035 616 2090 tenuit
647 2035 971 2110 imperium,
1022 2056 1152 2098 cum
1203 2048 1375 2100 antea
1422 2029 1702 2117 regnaret:
1744 2066 1873 2108 cum

213 2124 436 2190 patruo
470 2122 724 2180 Honorio
753 2141 935 2185 annos
968 2133 1070 2196 15;
1106 2131 1411 2203 imperavit
1442 2143 1635 2193 autem
1666 2146 1870 2209 postea

209 2208 381 2264 annis
411 2212 501 2279 26,
537 2211 633 2281 qui
667 2219 804 2269 sunt
835 2217 965 2272 anni
1000 2220 1084 2273 41.
1123 2220 1305 2290 (Ione.
1334 2254 1395 2264 --
1421 2224 1500 2280 Η.
1532 2228 1636 2297 m.)
1668 2208 1871 2284 iHono-

211 2294 300 2350 rio
334 2302 537 2353 autem
572 2300 865 2373 defuncto,
889 2306 1180 2364 Iohannes
1200 2310 1433 2380 quidam
1458 2294 1697 2384 regnum
1715 2319 1869 2374 occi-

210 2382 453 2442 dentale
476 2387 712 2456 invasit,
738 2391 1008 2465 misitque
1031 2394 1378 2466 legationem
1394 2400 1463 2456 ad
1480 2382 1863 2462 Theodosium

208 2471 653 2548 imperatorem,
685 2481 903 2553 suscipi
950 2482 1287 2556 deprecans.
1352 2488 1481 2561 Qui,
1548 2491 1758 2562 legatis
1807 2495 1860 2550 in

204 2577 511 2620 carcerem
544 2568 754 2639 trusis,
781 2570 1169 2631 Arduharium
1192 2584 1485 2647 pretorem
1503 2589 1707 2638 contra
1731 2598 1861 2640 eum

209 2650 394 2723 misit,
434 2668 604 2724 quem
638 2655 737 2712 ille
769 2659 920 2730 apud
954 2662 1285 2721 Ravennam
1318 2681 1653 2741 aggressus,
1681 2672 1863 2729 inclu-

206 2739 302 2795 sit.
333 2740 471 2807 Quo
502 2743 862 2805 Theodosius
893 2750 1111 2823 agnito,
1145 2739 1646 2830 Valentinianum,
1670 2761 1862 2819 amita

202 2843 321 2885 sum
355 2829 642 2889 Placidia?
670 2848 741 2890 ex
774 2837 1115 2896 Constantio
1147 2841 1349 2915 ﬁlium,
1383 2860 1659 2904 caasarem
1703 2850 1858 2922 fecit,

202 2920 258 2972 et
288 2933 433 2974 cum
470 2925 656 2977 matre
689 2937 792 2980 sua
826 2924 896 2981 ad
929 2929 1327 3000 recipiendum
1361 2935 1728 2993 occidentale
1776 2920 1863 2995 re-

198 3019 370 3076 gnum
417 3006 651 3080 direxit,
678 3016 737 3067 et
760 3016 1058 3087 Asparem,
1087 3019 1396 3078 Ardubarii
1419 3022 1488 3056 9“
1506 3023 1706 3098 ﬁlium,
1728 3033 1862 3085 ante

200 3107 324 3150 cum
357 3100 577 3152 contra
607 3099 921 3157 Iohannem
941 3104 1118 3160 misit.
1148 3109 1403 3178 Angelus
1425 3116 1618 3170 autem
1641 3117 1859 3173 Domini

197 3184 250 3237 in
282 3182 505 3241 habitu
541 3190 797 3257 pastoris
830 3205 1140 3265 apparens,
1185 3163 1754 3275 dedunithspar'em
1802 3212 1859 3262 et
1896 3163 1944 3226 Ο

197 3271 291 3341 qui
322 3287 469 3330 cum
503 3289 574 3331 eo
603 3282 768 3365 erant
803 3294 906 3350 per
930 3281 1220 3356 paludem,
1247 3301 1375 3357 quae
1398 3271 1686 3351 Ravennae
1709 3295 1863 3365 adja-

201 3359 318 3415 cuit
348 3361 529 3432 prius
558 3363 709 3420 invia
740 3364 827 3436 "7,
861 3382 1031 3438 quam
1066 3375 1204 3428 tunc
1234 3375 1385 3431 Deus
1416 3378 1556 3435 fecit
1580 3359 1858 3454 perviam,

203 3449 632 3522 venientesque
647 3453 997 3528 Ravennam,
1024 3449 1858 3543 portasinveneruntapertas,

202 3541 260 3592 et
308 3537 732 3613 ingredientes,
778 3546 1086 3614 tyrannum
1134 3550 1447 3610 Iohannem
1497 3537 1857 3632 occiderunt,

204 3624 632 3684 Ardurbarium
658 3645 686 3685 a
710 3631 958 3690 vinculis
988 3636 1385 3697 absolverunt.
1423 3624 1862 3706 Valentinianus

203 3712 380 3782 igitur
411 3716 659 3774 veniens
687 3719 933 3794 Italiam,
969 3739 1261 3785 consensu
1285 3731 1539 3788 omnium
1565 3734 1753 3793 factus
1770 3742 1857 3793 est

202 3800 549 3876 imperator,
586 3806 836 3879 ideoque
868 3825 937 3867 ex
966 3811 1204 3872 decreto
1234 3817 1537 3877 Theodosii
1572 3829 1860 3893 angustus

201 3891 558 3961 appellatur.

268 3979 488 4037 Eodem
518 3986 784 4055 tempore
807 3993 974 4045 erant
998 3989 1165 4046 Gothi
1192 3998 1251 4049 et
1273 3994 1398 4052 aliae
1417 4001 1623 4066 gentes
1655 4001 1857 4060 multae

200 4080 263 4124 ac
294 4084 525 4141 magnae
550 4074 715 4130 trans
743 4075 1084 4151 Danubium,
1116 4082 1509 4153 Hyperboreis
1533 4087 1677 4145 locis
1700 4090 1858 4147 inha-

202 4154 484 4230 bitantes,
519 4175 591 4217 ex
624 4163 836 4233 quibus
864 4168 1334 4229 rationabiliores
1366 4180 1531 4231 crant
1581 4185 1854 4253 quatuor,

204 4244 391 4319 Gothi,
428 4251 807 4339 AHypogothi,
862 4257 958 4326 qui
1005 4262 1063 4314 et
1107 4259 1464 4335 Wisigothae,
1516 4244 1748 4339 Gepida:
1797 4244 1856 4327 et

203 4334 488 4409 Wandali,
522 4355 731 4398 nomen
765 4347 989 4409 tantum
1030 4353 1086 4405 et
1138 4350 1317 4407 nichil
1359 4334 1517 4411 aliud
1563 4334 1858 4419 mutantes

205 4437 435 4497 unaque
468 4426 665 4499 lingua
700 4437 972 4502 utentes;
1009 4452 1211 4496 omnes
1260 4444 1452 4499 autem
1501 4451 1667 4502 erant
1720 4448 1853 4506 ﬁdei

2010 538 2139 588 runt
2174 534 2500 606 imperium.
2536 541 2718 597 Porro
2742 543 3024 617 Wandali,
3059 534 3303 607 sociatis
3331 556 3646 617 sibiAlanis

2006 623 2063 673 et
2105 622 2425 696 Germanis,
2460 628 2555 698 qui
2593 634 2725 685 tunc
2766 632 2965 689 Franci
3016 638 3393 713 vocabantur,
3420 648 3646 703 transe-

2010 711 2178 765 untes
2224 712 2431 768 Ninum
2477 716 2711 773 fluvium
2763 720 3100 791 Modigisclo
3129 726 3296 798 duce,
3347 711 3647 791 habitave-

2007 800 2141 851 runt
2176 797 2229 852 in
2262 800 2551 872 Hispania.

2075 886 2153 940 Eo
2187 891 2450 960 tempore
2486 893 2718 949 fuerunt
2755 897 2871 954 duo
2905 904 3195 974 prctores,
3220 907 3428 964 Accius
3450 915 3509 965 et
3542 913 3645 968 Bo-

2002 973 2270 1046 nifaeius,
2308 993 2450 1049 quos
2476 981 2852 1057 Theodosius,
2892 973 3223 1059 postulante
3275 996 3638 1071 Valentiano,

1998 1061 2233 1119 Romam
2281 1064 2516 1124 direxit.
2570 1072 2824 1145 Cumque
2884 1077 3214 1137 Bonifacius
3255 1061 3641 1157 principatum

1997 1151 2208 1208 Africa}
2238 1158 2599 1229 percepisset
2631 1162 2826 1234 ibique
2853 1165 3107 1235 gloriose
3153 1151 3373 1243 ageret,
3426 1151 3641 1233 invidia

1997 1237 2208 1297 ductus
2242 1246 2450 1302 Accius
2483 1252 2779 1309 accusavit
2812 1269 2939 1311 eum
2974 1260 3124 1328 apud
3158 1237 3492 1334 Pilacidiam,
3529 1281 3643 1321 ma-

1998 1330 2144 1382 trem
2177 1330 2583 1409 Valentiniani,
2614 1342 2767 1410 quod
2793 1344 3231 1403 rebellationem
3259 1330 3641 1410 meditaretur

1995 1421 2254 1474 eeterum
2273 1422 2565 1481 Bonifacio
2587 1430 2828 1501 scripsit
2853 1451 2863 1485 :
2886 1434 2963 1491 Si
2976 1437 3301 1495 accersitus
3297 1439 3529 1512 fueris,
3547 1456 3643 1500 ac-

1994 1505 2196 1563 cedere
2224 1509 2374 1577 noli;
2406 1514 2719 1574 incusatus
2746 1521 2903 1577 enim
2928 1535 3005 1592 es,
3029 1525 3088 1579 et
3114 1505 3314 1583 dolose
3337 1505 3551 1587 vocant
3588 1532 3641 1587 te

1994 1594 2397 1665 imperatores.
2434 1602 2535 1658 Cui
2566 1605 2813 1664 credens
2845 1609 3190 1682 Bonifacius,
3224 1616 3503 1673 accedere
3554 1619 3637 1673 di-

1997 1682 2165 1738 stulit
2198 1690 2540 1747 accersitus.
2576 1694 2727 1751 Tunc
2766 1696 3153 1769 Imperatores
3196 1705 3431 1761 Accium
3472 1709 3636 1778 quasi

1995 1772 2267 1843 devotum
2301 1788 2675 1853 acceperunt,
2708 1790 2766 1840 et
2801 1786 3081 1845 adversus
3112 1792 3469 1851 Bonifacium
3519 1798 3633 1854 duo

1993 1861 2191 1935 duces,
2225 1867 2541 1927 Mavortius
2569 1876 2626 1927 et
2663 1874 2883 1945 Galbio,
2917 1878 3074 1934 missi
3109 1886 3264 1953 sunt,
3309 1883 3411 1938 sed
3454 1886 3526 1940 ab
3566 1902 3635 1941 co

1989 1951 2321 2026 interempti
2355 1963 2511 2013 sunt.
2546 1961 2769 2019 Rursus
2798 1970 3004 2023 contra
3061 1983 3191 2024 eum
3250 1951 3633 2040 Sigiswaldus

1986 2056 2181 2098 comes
2215 2044 2503 2115 dirigitur.
2545 2049 2868 2110 Bonifacius
2899 2069 3035 2110 vero
3063 2071 3329 2129 cernens,
3373 2076 3434 2115 se
3484 2062 3634 2117 Afri-

1984 2144 2106 2184 cam
2142 2137 2341 2189 tenere
2373 2150 2482 2190 non
2519 2154 2710 2210 posse,
2746 2143 3145 2201 transfretavit
3176 2147 3231 2201 in
3283 2149 3629 2219 Hyspaniam

1984 2217 2053 2273 ad
2085 2221 2398 2280 Wandalos
2430 2229 2487 2279 et
2521 2226 2756 2299 Alanos,
2800 2235 2860 2286 et
2915 2248 3046 2289 eum
3103 2217 3476 2305 ModigiSclus
3513 2239 3629 2309 jam

1980 2310 2248 2365 mortuus
2262 2318 2442 2378 esset,
2470 2313 2620 2371 ﬁlios
2642 2317 2768 2386 ejus
2789 2320 3172 2378 Guntharium
3194 2330 3252 2378 et
3271 2324 3627 2382 Geisericum

1977 2396 2165 2452 suasit
2196 2397 2251 2453 in
2284 2401 2534 2458 Africam
2568 2406 2764 2463 venire
2787 2421 3029 2480 eamque
3053 2412 3374 2483 possidere.
3402 2414 3509 2480 Qui
3538 2431 3636 2471 ve-

1976 2483 2223 2556 nientes,
2261 2492 2437 2545 totam
2472 2506 2618 2562 pene
2647 2493 2716 2527 9“
2747 2496 3000 2553 Africam
3033 2499 3188 2556 ferro
3210 2506 3266 2556 et
3293 2502 3517 2559 ﬁamma
3540 2519 3634 2561 ra-

1976 2572 2242 2644 pinisque
2265 2575 2718 2649 dissipaverunt.
2736 2584 2977 2642 Subhoc
2994 2589 3228 2645 turbine
3253 2591 3628 2650 beatissimus

1976 2662 2336 2730 Augustinus
2357 2668 2756 2738 Hypponensis
2774 2673 3110 2745 episcOpus,
3131 2692 3198 2732 ne
3220 2678 3477 2737 civitatis
3505 2696 3626 2739 suae

1975 2750 2201 2807 ruinam
2234 2758 2523 2825 cerneret,
2559 2758 2747 2815 tercio
2778 2775 2973 2818 mense
3004 2764 3325 2822 obsidionis
3353 2767 3480 2837 ejus
3526 2770 3628 2825 mi-

1973 2838 2166 2907 gravit
2194 2842 2264 2896 ad
2296 2842 2616 2915 Dominum,
2648 2850 3020 2918 septuaginta
3050 2858 3110 2908 et
3141 2868 3243 2909 sex
3277 2856 3410 2912 vitae
3459 2858 3626 2915 annis

1975 2927 2243 2999 expletis,
2279 2946 2348 2985 ex
2383 2932 2594 3002 quibus
2624 2937 2694 2990 40
2722 2936 2779 2991 in
2810 2938 3091 2997 clericatu
3143 2942 3229 2998 vel
3279 2944 3624 3016 episcopatu

1977 3020 2363 3087 transegerat.
2392 3021 2621 3077 Interea
2646 3024 2877 3093 quidam
2901 3033 3256 3100 senatorum,
3275 3032 3627 3089 amiciBoni-

1978 3105 2129 3175 facii,
2156 3106 2357 3163 falsam
2400 3111 2826 3169 accusationem
2867 3115 3026 3172 Aecii
3052 3117 3469 3176 intimaverunt
3498 3121 3626 3177 Pla-

1974 3193 2163 3264 cidizc,
2195 3197 2573 3255 ostendentes
2594 3200 2646 3255 ei
2677 3202 2987 3272 epistolam
3020 3206 3092 3261 ab
3122 3206 3324 3262 eodem
3354 3208 3426 3264 ad
3458 3209 3626 3264 Boni-

1973 3282 2183 3339 facium
2207 3284 2505 3356 scriptam.
2537 3291 2604 3344 At
2632 3288 2728 3344 illa
2751 3294 3100 3364 stupefacta,
3130 3294 3361 3351 Accium
3386 3296 3617 3367 quidem

1973 3386 2085 3427 non
2110 3371 2278 3444 laesit,
2306 3375 2600 3433 Bonifacio
2621 3393 2759 3435 vero
2781 3382 3023 3438 verbum
3046 3383 3531 3457 exhortatoriam,
3560 3391 3621 3442 ut

1972 3473 2215 3519 securus
2248 3463 2494 3534 veniret,
2525 3466 3023 3535 cumjuramentis
3045 3473 3222 3528 misit.
3247 3473 3354 3539 Qui
3382 3475 3624 3535 veniens

1972 3550 2363 3621 suspicionem
2380 3552 2703 3625 disssolvit,
2721 3562 2781 3612 et
2795 3559 3074 3628 magister
3094 3562 3343 3619 militum
3357 3563 3619 3635 effectus,

1972 3654 2085 3695 non
2101 3640 2284 3697 multo
2302 3644 2648 3713 postmorbo
2671 3646 2966 3703 extinctus
2978 3653 3090 3705 est.
3134 3651 3350 3707 Deinde
3381 3653 3622 3709 Romani

1972 3727 2259 3787 dederunt
2282 3731 2578 3787 Wandalis
2608 3740 2835 3804 partem
2866 3737 3074 3792 Africae
3104 3738 3176 3793 ad
3216 3739 3618 3811 habitandum,

1971 3818 2121 3874 facta
2152 3834 2293 3889 pace
2321 3836 2451 3876 cum
2489 3820 2595 3875 eis.
2646 3822 2873 3879 Mortuo
2917 3827 3110 3880 autem
3157 3824 3226 3858 πο
3275 3827 3616 3899 Guntbario,

1970 3905 2296 3963 Geisericus
2325 3907 2638 3964 Alanorum
2668 3913 2727 3965 et
2762 3911 3258 3969 Wandalorum“7°
3297 3915 3619 3986 imperator

1971 3994 2162 4051 factus
2186 4000 2298 4051 est.
2327 3996 2432 4063 Qui
2459 3997 2729 4066 quoniam
2753 3999 3035 4057 Arrianus
3056 4006 3203 4073 erat,
3225 4002 3371 4059 infra
3398 4002 3616 4062 limites

1966 4082 2349 4140 habitationis
2396 4100 2518 4142 suae
2550 4086 2603 4142 in
2655 4088 2846 4146 Africa
2899 4092 3363 4162 persecutionem
3413 4096 3620 4150 contra

1966 4172 2316 4230 christianos
2346 4174 2504 4245 fecit,
2534 4177 2880 4234 catholicam
2912 4178 3082 4236 ﬁdem
3115 4180 3356 4253 cupiens
3382 4181 3623 4240 subver.

1965 4266 2113 4334 tere,
2139 4262 2471 4335 multosque
2492 4266 2807 4340 episcopos
2829 4268 3150 4328 catholicos
3170 4271 3226 4326 in
3241 4274 3467 4329 tantum
3490 4286 3622 4343 per-

1968 4353 2208 4408 secutus
2225 4359 2335 4423 est,
2361 4353 2702 4424 utprivatos
2715 4356 3116 4415 aecclesiarum
3136 4358 3518 4430 suarumjure
3545 4359 3617 4416 de

1964 4438 2304 4499 civitatibus
2327 4442 2667 4514 expelleret.
2700 4445 2917 4502 Deinde
2947 4447 3315 4518 Kartaginem
3344 4447 3616 4504 simulata

201 4513 482 4573 Αι-ι-ίεηω,
514 4519 616 4575 [sti
650 4522 759 4578 sub
791 4524 1080 4583 Archadio
1120 4533 1177 4584 ει
1228 4532 1484 4591 Honorio
1528 4537 1852 4597 Danubium
1883 4524 1937 4584 D
1966 4543 2109 4600 pace
2136 4513 2441 4601 invadens,
2475 4548 2677 4594 omnes
2708 4534 2943 4594 divitias
2972 4540 3030 4596 et
3066 4536 3622 4598 ornamentaaeccle-

199 4602 597 4679 transeuntes,
630 4607 805 4666 locati
839 4618 975 4670 sunt
1006 4616 1062 4671 in
1093 4618 1410 4688 provinciis
1440 4623 1851 4703 Romanorum,

198 4694 252 4744 et
280 4690 518 4764 Gepidaa
544 4696 797 4769 quidem,
821 4716 895 4757 ex
917 4704 1129 4773 quibus
1145 4709 1514 4779 postmodum
1529 4714 1700 4774 divisi
1716 4690 1851 4777 sunt

201 4780 216 4833 l
240 4782 563 4879 ongobardi
589 4787 897 4879 etAvares,
922 4791 1091 4850 villas
1115 4810 1241 4867 quae
1265 4805 1403 4856 sunt
1426 4801 1580 4860 circa
1606 4806 1830 4879 Sygedo

198 4880 324 4967 nem
345 4874 405 4925 et
427 4869 712 4942 Syrmium
736 4876 1146 4939 habitaverunt
1174 4901 1188 4951 ;
1204 4887 1547 4961 Wisigothae
1563 4869 1711 4951 vero
1714 4905 1853 4967 post

198 4955 493 5017 Alaricum
518 4958 1299 5046 depopulantesRomam,in
1333 4955 1548 5039 Gallias
1581 4955 1853 5044 abierunt

198 5048 254 5145 et
289 5062 421 5118 quae
453 5050 531 5107 ibi
562 5058 699 5122 sunt
730 5057 1131 5135 obtinuerunt,
1165 5066 1333 5123 Gothi
1374 5076 1589 5144 autem,
1644 5076 1740 5145 qui
1792 5081 1853 5134 et

200 5131 596 5241 9strogothaa,
678 5147 1029 5209 Pannoniam
1101 5131 1348 5227 primum
1413 5131 1847 5241 habitaverunt,

197 5218 408 5323 deinde
431 5243 584 5288 nono
608 5232 831 5294 decimo
850 5253 998 5297 anno
1022 5218 1247 5314 imperii
1274 5246 1580 5309 Theodosii
1597 5218 1849 5323 junioris

199 5309 417 5373 Traciaa
440 5318 611 5378 villas
634 5324 1079 5403 habitaverunt,
1101 5309 1298 5405 ibique
1316 5351 1420 5408 per
1453 5309 1878 5416 quinquaginta

1963 4621 2200 4680 siastica
2229 4625 2494 4684 abstulit.

2033 4712 2477 4773 Valentinianus
2489 4721 2685 4775 autem
2700 4721 3009 4788 augustus,
3026 4717 3351 4775 Constantii
3366 4722 3423 4774 et
3440 4716 3615 4775 Gallaa

1964 4800 2141 4875 ﬁlius,
2176 4803 2248 4860 ad
2278 4805 2661 4863 Theodosium
2692 4806 3105 4864 consobrinum
3135 4822 3305 4863 suum
3336 4809 3615 4864 Constan-

1963 4890 2265 4963 tinopolim
2300 4895 2619 4966 profectus,
2674 4894 2827 4952 ﬁlius
2875 4895 3003 4965 ejus
3050 4894 3386 4964 Eudoxiam,
3440 4910 3610 4966 quam

1962 4980 2073 5038 sibi
2103 4981 2362 5039 Eudoxia
2392 4983 2615 5053 genuit,
2648 4984 2705 5038 in
2735 4983 3166 5041 matrimonium
3197 4983 3446 5055 accepit,
3499 4985 3610 5041 Ro-

1961 5087 2227 5144 mamque
2259 5072 2453 5129 rediit.

2029 5161 2343 5219 Tricesimo
2377 5166 2571 5219 autem
2605 5175 2754 5219 anno
2792 5161 3019 5234 imperii
3069 5162 3375 5220 Theodosii
3428 5168 3611 5221 terre-

1960 5254 2153 5310 motus
2170 5252 2362 5322 magni
2388 5252 2527 5310 facti
2549 5258 2683 5310 sunt
2714 5252 3217 5325 Constantinopoli
3235 5268 3339 5326 per
3357 5258 3609 5326 quatuor

1960 5356 2207 5415 menses,
2239 5342 2319 5400 ita
2349 5346 2414 5400 ut
2442 5342 2721 5400 timentes
2751 5342 3020 5414 Bizantii,
3045 5345 3211 5400 extra
3234 5342 3531 5401 civitatem
3557 5343 3612 5398 in

1543 5439 1781 5502 VARle
1838 5445 2243 5506 LECTIONES'

267 5499 552 5593 Ὗτξίέθέί
580 5510 673 5593 1⁵⁸.
700 5517 787 5593 ΒῩ·
822 5512 899 5593 ἶἚῖ
932 5515 1034 5593 Ηίς
1073 5550 1152 5593 _—
1187 5525 1514 5593 cantentur
1569 5540 1690 5589 aes.
1721 5499 1802 5590 ἱ.
1838 5499 1854 5567 Ῑ

2012 5499 2267 5593 tam.
2324 5531 2392 5566 σοι
2445 5531 2592 5588 XXIo
2644 5532 2740 5589 Ei.
2796 5536 2846 5588 δ.
2898 5530 2978 5588 9ο.
3036 5531 3221 5588 ΧΧΧΙ.
3279 5533 3313 5587 4
3384 5535 3469 5588 ιο.
3522 5534 3606 5587 ιι.

202 5566 677 5665 ξοδθξωξ-ιίεεαηι
699 5566 797 5643 Et.
831 5585 900 5621 9“
924 5566 1502 5650 εἶῖῖᾶοιηηνὶἷῗεῖἐἴδετ’⁸
1537 5566 1899 5665 iﬁ'J'i'ém'ai.

202 5643 228 5698 1
244 5642 368 5714 fol.
399 5650 487 5707 87.

1963 5605 2032 5641 ³⁸⁸
2087 5606 2209 5662 fere
2266 5608 2325 5661 9°
2376 5602 2446 5639 ⁸⁸⁸
2495 5602 2660 5663 deest
2702 5606 2780 5660 9°.
2843 5601 2914 5637 ’το
2963 5600 3229 5663 dalorum
3278 5602 3373 5661 ita
3412 5599 3587 5677 perii
