3952 6320
136 324 282 391 773

1040 320 1476 390 GHRONICA.
1513 360 1587 374 -—
1625 324 2102 395 CHRONICON
2150 330 2712 399 UNIVERSALE.

3472 340 3588 409 774

143 462 532 538 conspiratio
565 462 719 520 facta
750 465 844 520 est
873 458 1159 519 adversus
1207 475 1358 518 eum.
1397 460 1521 528 Qua
1562 461 1821 532 detecta,
1851 466 1906 527 A
1935 463 2127 523 diﬂ‘usi
2160 473 2295 525 sunt
2323 468 2629 541 omniaque
2663 470 2817 529 ferro
2839 478 2896 529 et
2923 473 3053 545 igne
3080 485 3449 536 consumunt.
3488 482 3597 538 Ca-

148 555 391 612 multos
430 568 503 609 ex
533 554 620 610 eis
653 568 755 625 per
788 552 1017 608 diversa
1049 551 1266 607 occidit
1297 552 1603 623 supplicia.
1633 554 1816 624 (Jonn.

144 644 249 700 De
272 658 327 699 τ.
355 641 1052 713 3.8.)Marcianusautem
1084 640 1390 695 admodum
1422 640 1825 713 religiosus,et

156 731 494 802 egentibus
529 729 710 786 multa
744 728 1022 784 beneficia
1057 731 1345 799 prestans,
1383 743 1643 800 regnum,
1672 730 1823 800 quod

156 820 420 876 delicati
448 819 794 875 decessores
815 822 870 872 et
890 817 1339 887 predecessores
1352 817 1497 887 ejus,
1519 832 1620 889 per
1644 833 1826 875 annos

148 911 293 965 fere
322 913 393 964 60
415 907 677 964 vicissim
711 907 1083 976 imperantes,
1113 905 1458 975 minuerant,
1488 906 1677 962 divina
1701 923 1828 978 pro—

144 997 397 1053 visione
423 995 508 1051 sic
528 997 846 1066 reparavit,
867 993 1231 1049 utexultatio
1250 994 1449 1062 ingens
1473 996 1703 1051 cunctis
1735 1012 1825 1054 ξιο-

147 1088 467 1141 cresceret
499 1083 588 1137 ’7'.
627 1083 766 1138 Nam
800 1096 930 1138 cum
964 1081 1196 1137 Parthis
1243 1087 1302 1135 et
1351 1082 1661 1153 Wandalis,
1711 1083 1833 1141 om"

152 1175 314 1229 nino
348 1185 593 1241 regnum
627 1170 1062 1239 infestantibus,
1096 1184 1293 1241 pacem
1317 1168 1595 1241 instituit,
1628 1173 1824 1229 Attilae

161 1262 367 1317 minas
394 1258 783 1332 compescuit,
812 1257 1079 1314 Novades
1108 1256 1180 1291 ’⁸ο
1210 1257 1611 1329 Blemnesque,
1645 1274 1716 1316 ex
1738 1262 1825 1317 ΑΞ-

149 1349 404 1420 thiopia
441 1346 771 1419 prolapsos,
805 1360 909 1418 per
941 1345 1192 1414 Florum,
1226 1345 1630 1405 Alexandrinae
1660 1349 1823 1405 urbis

170 1439 647 1509 procuratorem,
666 1448 697 1489 a
712 1434 923 1490 finibus
935 1434 1323 1491 Romanorum
1337 1436 1583 1508 expulit.
1602 1437 1701 1509 (H.
1716 1438 1818 1507 φη.)

156 1527 334 1581 Inter
361 1525 487 1581 tunc
518 1523 687 1579 beata
721 1521 788 1555 ³⁸³
819 1522 1126 1579 Pulcheria
1161 1524 1434 1581 dormivit
1471 1526 1523 1581 in
1563 1526 1814 1596 Christo,

150 1629 296 1686 quae
330 1613 509 1669 multa
546 1613 694 1668 bona
722 1612 860 1668 fecit
886 1616 946 1666 et
966 1611 1154 1667 omnia
1180 1626 1289 1668 sua
1331 1614 1687 1685 pauperibus
1724 1614 1819 1671 de-

157 1703 459 1773 reliquit;
492 1717 616 1773 quae
648 1701 969 1772 imperator
992 1701 1335 1772 Marcianus,
1361 1718 1491 1758 cum
1519 1703 1697 1759 multa
1728 1718 1818 1760 es-

152 1796 323 1862 sent,
358 1791 628 1885 alacriter
657 1788 1015 1885 diSpertivit.
1052 1791 1162 1845 Per
1192 1790 1317 1846 haec
1340 1794 1816 1885 temporaHuno-
1843 1823 1898 1885 B

152 1895 290 1936 rum
323 1894 427 1934 rex
458 1878 635 1934 Attila
674 1877 887 1933 Gallias
917 1878 1231 1934 devastans
1261 1883 1320 1933 et
1345 1879 1568 1934 Italiam
1610 1880 1815 1936 irrum-

155 1982 304 2039 pere
335 1968 624 2037 cogitans,
659 1968 731 2021 ab
765 1966 940 2022 Aeeio
973 1973 1032 2021 et
1066 1967 1383 2023 Gothorum
1406 1982 1543 2037 rege
1563 1968 1816 2025 Theode-

152 2057 305 2126 rico,
336 2055 476 2112 utin
499 2055 756 2126 hysteria
780 2055 1096 2112 Gothorum
1115 2056 1399 2127 scriptum
1423 2061 1537 2127 est,
1562 2057 1815 2113 devinci-

157 2150 283 2200 tur.
318 2144 431 2198 Sed
466 2143 598 2214 quia
635 2157 863 2214 semper
895 2142 1087 2200 virtus
1118 2142 1390 2199 invidiam
1415 2144 1587 2215 parit,
1613 2145 1817 2201 Valen-

152 2232 424 2288 tinianus
447 2232 768 2303 imperator
798 2231 1011 2287 timens
1041 2246 1360 2303 prosperos
1392 2232 1550 2288 Aecii
1590 2248 1817 2290 succes-

158 2335 284 2390 sus,
341 2319 557 2375 occidit
608 2334 760 2390 eum,
813 2319 1100 2390 simulque
1157 2320 1429 2377 Boecium
1486 2325 1815 2377 senatorem

158 2408 617 2465 nobilissimum.
654 2410 790 2464 Cum
833 2409 1046 2479 quibus
1078 2409 1300 2480 pariter
1334 2410 1671 2467 Occidentis
1717 2411 1819 2466 im-

162 2498 394 2570 perium
430 2496 709 2568 salusque
742 2497 825 2554 rei
860 2497 1110 2569 publicae
1142 2496 1215 2531 ⁹⁸²
1242 2498 1488 2570 corruit,
1520 2513 1625 2555 nec
1662 2500 1817 2557 ultra

158 2586 417 2643 relevari
452 2586 661 2658 potuit.
698 2586 807 2642 Sed
840 2586 1244 2642 Valentiniano
1296 2602 1452 2642 mors
1500 2588 1655 2643 Aecii
1704 2604 1818 2648 non

165 2675 407 2747 impune
439 2674 660 2741 cessit;
694 2690 822 2731 nam
855 2675 1121 2745 sequenti
1154 2690 1303 2731 anno
1332 2691 1362 2731 a
1390 2676 1677 2733 Transtila
1728 2676 1816 2748 ⁸⁸³,

159 2764 323 2820 Aecii
355 2764 561 2835 milite,
600 2779 703 2836 per
734 2764 1038 2821 consilium
1069 2764 1295 2819 Maximi
1324 2764 1557 2835 patricii
1586 2769 1644 2821 et
1694 2766 1820 2838 ipse

157 2853 475 2910 confossus
501 2852 749 2924 interiit,
784 2868 933 2909 anno
969 2852 1194 2925 imperii
1229 2853 1316 2910 sui
1348 2856 1461 2924 30°,
1496 2868 1568 2909 ex
1610 2854 1821 2924 quibus

159 2958 295 2999 cum
324 2941 650 2998 Theodosio
684 2957 889 2998 socero
924 2956 1030 2998 suo
1063 2942 1324 3012 regnavit
1366 2947 1455 3013 25,
1502 2958 1632 3000 cum
1678 2945 1823 2999 Mar-

158 3030 331 3087 ciano
363 3036 417 3087 5.
453 3030 577 3095 Quo
608 3034 862 3101 mortuo,
911 3031 1190 3087 Maximus
1235 3031 1447 3088 invasit
1491 3032 1817 3104 imperium,

158 3127 219 3177 et
245 3120 547 3188 Eudoxize,
591 3119 979 3177 Valentiniani
1028 3120 1196 3177 uxori
1245 3120 1298 3176 vi
1350 3120 1631 3178 sociatur.
1683 3122 1820 3188 Qum

1937 569 2107 625 puam
2136 557 2433 613 civitatem
2468 558 2892 616 nobilissimam
2916 562 3358 636 destruxerunt,
3389 568 3586 623 Nolam

1939 658 2168 715 quoque
2200 648 2402 702 urbem
2437 647 2786 704 ditissimam
2820 655 2877 705 et
2928 651 3071 707 alias
3103 653 3315 711 multas
3351 656 3593 713 subver-

1937 737 2155 803 terunt,
2184 735 2478 806 Neapolim
2500 751 2659 807 vero,
2687 738 2817 809 quia
2842 744 2966 794 erat
2996 740 3346 813 firmissima,
3373 758 3585 815 capere

1939 835 2049 876 non
2084 822 2375 893 valebant,
2412 825 2598 881 omnia
2634 831 2823 884 tamen
2858 841 2888 882 a
2921 828 3059 883 foris
3085 828 3471 901 dissipabant.
3500 835 3586 889 In-

1939 914 2030 965 ter
2050 910 2155 966 has
2173 912 2471 980 angustias
2499 913 2585 968 vir
2606 916 3325 991 sanctissimusPaulinus,
3352 921 3582 980 Nolana:

1938 999 2099 1055 urbis
2129 1000 2441 1072 episcopus
2463 1004 2737 1073 expensis
2759 1019 2863 1075 pro
2897 1005 3294 1078 redemptione
3327 1011 3584 1081 captivo-

1939 1102 2063 1142 rum
2097 1088 2364 1145 omnibus
2393 1104 2522 1161 quze
2552 1090 2773 1161 habuit,
2811 1108 2872 1148 se
2898 1093 3083 1163 ipsum
3109 1111 3213 1166 pro
3244 1097 3583 1156 redimendo

1938 1175 2055 1231 filio
2084 1175 2273 1233 viduae
2299 1178 2566 1250 tradidit,
2601 1179 2751 1235 sicut
2779 1181 2985 1237 beatus
3012 1184 3327 1252 Gregorius
3350 1185 3407 1241 in
3431 1186 3584 1242 mli-

1936 1263 2040 1318 bro
2075 1263 2438 1335 dialogorum
2472 1271 2574 1338 (III,
2609 1284 2659 1323 c.
2688 1270 2740 1340 1)
2774 1268 3003 1340 plenius
3024 1272 3251 1328 scribit.
3290 1277 3362 1329 At
3394 1275 3584 1332 Geise-

1935 1352 2090 1408 rieus
2111 1359 2416 1425 postquam
2439 1355 2661 1413 ditatus
2682 1357 2867 1415 Italia:
2891 1359 3103 1430 opibus
3126 1361 3193 1416 ad
3220 1362 3475 1420 Africam
3495 1381 3583 1421 re-

1932 1440 2058 1511 diit,
2096 1442 2269 1499 filiam
2299 1444 2366 1477 9“
2416 1443 2807 1502 Valentiniani
2857 1448 3139 1521 principis
3188 1452 3581 1511 Trasamundo

1932 1528 2050 1584 filio
2070 1544 2176 1586 suo
2200 1547 2438 1587 uxorem
2460 1532 2644 1605 dedit,
2663 1549 2735 1590 ex
2759 1551 2868 1606 qua
2894 1537 3222 1595 Hildericus
3270 1546 3443 1598 natus
3467 1548 3577 1614 est,

1931 1617 2027 1687 qui
2059 1622 2303 1688 quartus
2336 1625 2468 1691 post
2514 1622 2870 1680 Geisericum
2902 1625 3090 1697 Vsuper
3120 1628 3430 1687 Wandalos
3458 1648 3584 1703 reg-

1930 1706 2106 1761 navit.
2133 1708 2271 1763 Tres
2296 1708 2509 1780 quippe
2533 1709 2683 1767 ﬁlios
2719 1712 3051 1770 Geisericus
3099 1716 3322 1788 habuit,
3370 1719 3582 1790 quibus

1930 1798 2063 1848 ante
2094 1795 2316 1851 obitum
2348 1811 2516 1853 suum
2551 1797 2629 1854 ita
2664 1814 2903 1870 regnum
2955 1803 3269 1876 ordinavit,
3320 1812 3382 1863 ut
3432 1807 3585 1867 alius

1928 1888 2059 1953 post
2090 1882 2264 1939 alium
2283 1884 2448 1955 juxta
2470 1886 2662 1943 aetatis
2686 1888 2949 1945 ordinem
2976 1898 3268 1961 regnaret.
3296 1897 3581 1965 Regnavit

1928 1969 2105 2038 igitur
2136 1971 2356 2042 primus
2387 1980 2516 2045 post
2547 1990 2676 2031 eum
2710 1978 3058 2050 Hunericus,
3096 1983 3390 2039 secundus
3432 1986 3583 2041 Gun-

1926 2058 2292 2130 themandus,
2326 2062 2545 2119 tercius
2576 2066 3021 2138 Trasamundus,
3061 2075 3187 2139 post
3214 2086 3382 2142 quem
3424 2072 3582 2130 filius

1926 2144 2052 2215 ejus
2075 2147 2406 2205 Hildericus
2431 2156 2677 2221 quartus
2698 2155 2985 2225 regnavit,
3014 2159 3109 2228 qui
3136 2160 3339 2216 matris
3362 2162 3579 2217 monita

1929 2248 2201 2304 sequens,
2235 2237 2565 2295 catholicus
2599 2241 2707 2297 fuit
2742 2241 2836 2310 (cf.
2869 2245 3035 2300 Jonn.
3071 2248 3157 2302 De
3182 2262 3236 2302 γ.
3274 2246 3341 2305 G.
3381 2264 3431 2304 c.
3463 2252 3574 2322 33).

2001 2322 2101 2393 (Η.
2132 2328 2235 2397 m.)
2292 2327 2613 2384 Marcianus
2664 2344 2802 2386 vero
2854 2331 3194 2406 imperator,
3249 2352 3379 2392 cum
3427 2338 3580 2409 apud

1932 2412 2502 2485 Constantinopolim
2529 2421 2752 2488 septem
2777 2420 2943 2476 annis
2960 2426 3250 2495 regnaret,
3279 2424 3429 2482 facta
3447 2441 3582 2483 suo-

1932 2515 2058 2557 rum
2095 2502 2535 2573 conspiratione
2568 2513 2909 2579 peremptus
2940 2515 3053 2565 est.

2004 2590 2103 2660 (Η.
2136 2605 2211 2645 m.
2236 2622 2302 2632 —
2322 2593 2521 2663 Bson.)
2556 2594 2739 2665 Hujus
2769 2601 3030 2669 tempore
3046 2602 3297 2657 Joannes
3324 2602 3578 2674 baptista

1932 2682 2104 2748 caput
2141 2694 2331 2750 suum,
2359 2680 2527 2749 juxta
2560 2684 2810 2740 Herodis
2843 2687 3129 2756 quondam
3161 2689 3317 2759 regis
3355 2689 3581 2748 habita—

1933 2765 2127 2822 culum
2144 2768 2525 2841 reconditum,
2545 2771 2825 2827 revelavit
2842 2773 3070 2831 duobus
3087 2778 3383 2835 monachis
3396 2780 3581 2837 orien—

1934 2853 2170 2925 talibus,
2197 2856 2293 2926 qui
2314 2857 2753 2915 Hierosolimam
2776 2876 2950 2918 causa
2964 2865 3245 2922 orationis
3268 2873 3577 2940 venerunt,

1934 2943 2088 3014 quod
2121 2943 2688 3029 deincepsjdissam
2740 2950 2965 3008 Fenicis
3014 2954 3214 3009 urbem
3258 2955 3570 3028 perlatum,

1933 3029 2106 3101 digno
2134 3031 2297 3089 cultu
2330 3039 2417 3090 est
2450 3035 2819 3095 honoratum.

2004 3121 2148 3177 Anni
2182 3122 2472 3179 Marciani.

158 3209 385 3267 nullum
411 3182 833 3265 fore'auxilium
857 3223 886 3265 a
913 3209 1425 3280 Constantinpoli
1448 3182 1816 3278 existimans,
1853 3182 1901 3243 Ο
1997 3192 2254 3280 νίσῖινο
2290 3195 2404 3265 W-l
2437 3195 2629 3251 Primo
2663 3212 2811 3254 θηΠο
2840 3199 3132 3271 Mal‘Ciani,
3169 3202 3265 3273 qui
3297 3206 3386 3261 est
3421 3203 3573 3261 ado-

158 3297 489 3355 Theodosio
512 3301 679 3369 patre
698 3299 755 3353 et
779 3297 1088 3354 Pulcheria
1113 3298 1287 3353 amita
1313 3297 1627 3369 defunctis,
1644 3299 1819 3358 missa

160 3386 463 3458 legatione
488 3387 846 3443 Geisericum
872 3402 943 3442 ex
962 3387 1151 3443 Africa
1178 3386 1464 3458 invitavit,
1502 3387 1598 3458 qui
1622 3387 1818 3444 subito

161 3490 272 3549 per
305 3490 463 3532 mare
493 3490 623 3532 cum
654 3490 857 3545 magna
888 3474 1263 3532 multitudine
1300 3474 1526 3532 Italiam
1577 3475 1818 3533 intravit

158 3577 291 3620 cum
328 3562 512 3618 adhuc
545 3560 755 3618 beatus
784 3561 896 3618 Leo
920 3562 1239 3618 Romanum
1262 3565 1494 3631 regeret
1514 3562 1819 3634 pontiﬁca—

159 3655 308 3709 tum.
341 3650 639 3708 Perculsis
669 3648 737 3683 ’⁸⁸
769 3650 965 3721 itaque
988 3650 1261 3707 Romanis
1286 3665 1390 3722 pro
1413 3650 1663 3707 adventu
1693 3652 1820 3708 Gei-

159 3739 362 3810 serici,
399 3738 633 3811 plurimi
662 3754 734 3796 ex
766 3739 918 3795 Urbe
953 3740 1245 3809 fugerunt,
1285 3739 1437 3795 inter
1470 3754 1617 3809 quos
1644 3738 1713 3772 ⁹⁸⁸
1758 3744 1813 3796 et

156 3829 446 3886 Maximus
470 3829 720 3899 fugiens,
747 3828 1114 3885 membratim
1138 3843 1167 3884 a
1190 3827 1464 3884 Romanis
1480 3828 1816 3901 discerptus

161 3923 279 3989 est,
315 3932 515 3974 mense
548 3917 736 3975 tercio
755 3917 1082 3989 tyrannidis
1104 3932 1243 3974 suze.
1269 3918 1603 3974 Geisericus
1625 3922 1816 3975 autem

167 4006 476 4065 inveniens
505 4007 717 4063 Urbem
739 4021 1003 4077 vacuam,
1042 4005 1252 4062 invasit
1282 4019 1429 4062 eam.
1464 4007 1563 4063 Cui
1608 4008 1816 4065 beatus

160 4098 279 4153 Leo
300 4110 452 4168 papa
475 4099 644 4152 extra
673 4100 903 4168 portam
921 4095 1201 4167 occurrit,
1227 4099 1284 4151 et
1305 4093 1501 4151 divino
1520 4100 1667 4153 nutu
1690 4110 1819 4168 pre-

160 4182 333 4243 cibus
363 4199 495 4242 eum
526 4185 584 4241 in
614 4188 840 4242 tantum
873 4184 1161 4256 deliuivit,
1197 4189 1257 4240 ut
1297 4198 1427 4240 cum
1476 4185 1666 4241 omnia
1717 4200 1817 4257 po-

160 4275 373 4334 testati
402 4274 533 4346 ejus
565 4279 762 4332 essent
799 4275 1036 4347 tradita,
1060 4275 1133 4330 ab
1156 4273 1423 4330 incendio
1444 4277 1504 4330 et
1526 4274 1816 4332 occisione

163 4369 340 4437 atque
363 4362 674 4437 suppliciis
696 4363 1043 4421 abstineret.
1070 4364 1182 4419 Per
1198 4364 1416 4419 lavero
1430 4362 1557 4420 dies
1579 4363 1815 4420 Romam

162 4452 434 4510 omnibus
450 4451 675 4510 divitiis
692 4451 893 4509 suism
905 4450 1628 4522 evacuabant,multosque
1641 4453 1819 4525 capti-

162 4557 269 4637 vos
292 4541 505 4637 exinde
528 4542 885 4637 auferentes,
902 4540 1221 4637 Eudoxiam
1237 4554 1469 4637 quos“?
1485 4541 1818 4637 αυαῖςθξδθ·
1846 4550 1899 4612 D

162 4630 349 4688 ricum
368 4631 438 4687 ad
454 4630 566 4686 hoc
582 4628 794 4687 malam
810 4629 1318 4700 invitaverat,cum
1333 4630 1561 4687 duabus
1584 4630 1816 4690 filiabus

160 4717 230 4753 ’³⁷
251 4718 372 4777 suis
395 4718 651 4776 Africam
676 4717 1065 4790 deportabant
1085 4717 1173 4775 ⁵³⁸⁸.
1198 4719 1317 4777 Hoc
1340 4717 1510 4778 modo
1528 4724 1699 4794 capta
1722 4727 1813 4779 est

162 4807 337 4866 Roma
369 4807 632 4867 secundo
664 4814 972 4881 postquam
1006 4825 1133 4868 eam
1165 4809 1435 4867 Alaricus
1457 4810 1692 4882 invasit,
1718 4826 1814 4868 ex-

162 4898 336 4972 pletis
365 4901 441 4958 ab
473 4914 544 4956 eo
578 4902 839 4970 tempore
870 4900 1035 4956 annis
1069 4902 1157 4969 43,
1191 4914 1223 4955 a
1254 4899 1589 4956 conditione
1621 4915 1722 4956 sua
1746 4899 1815 4934 93°

1932 3279 2576 3351 minicaIincarnatione
2606 3288 2767 3341 452ιιε
2794 3286 2881 3359 9”,
2915 3288 3124 3347 Accius
3147 3290 3387 3349 Attilam
3406 3307 3575 3365 supe-

1932 3368 2102 3425 ravit.
2136 3371 2157 3393 *
2650 3429 2659 3439 ,

2074 3459 2098 3480 ¹
2127 3459 2211 3513 D?
2241 3460 2301 3514 E.
2336 3460 2475 3517 add.
2511 3481 2524 3517 :
2557 3464 2930 3522 Terremotus
2956 3468 3480 3541 —consequentia.

2143 3543 2218 3586 ea:
2245 3530 2448 3588 Sioeb.

2296 3545 2448 3602 zgeo.

2000 3622 2050 3673 3.
2088 3620 2151 3674 A.
2184 3619 2248 3673 D.
2294 3621 2415 3675 453.
2469 3621 2732 3691 Synodus
2777 3629 2982 3695 quarta
3030 3631 3134 3683 630
3162 3627 3231 3661 ⁸⁸³
3268 3628 3576 3701 episcopo-

1931 3721 2058 3763 rum
2090 3706 2146 3761 in
2179 3706 2501 3764 Calcedone
2532 3716 2887 3782 congregata
2916 3712 2985 3746 ’9‘
3034 3714 3144 3771 sub
3190 3716 3377 3773 Leone
3424 3732 3573 3790 papa

1927 3800 2130 3852 contra
2164 3796 2426 3852 Euticen.
2447 3798 2471 3821 *

2069 3886 2091 3908 "
2120 3884 2206 3938 D?
2250 3885 2316 3963 ρ.
2363 3884 2502 3963 add.
2543 3904 2555 3939 :
2601 3886 2705 3943 Hic
2737 3886 3034 3947 decretum
3062 3893 3151 3946 est
3180 3893 3566 3963 —genuisse.

2140 3968 2216 4011 σω
2237 3955 2444 4025 Sigeb.

1997 4044 2148 4188 4.dA.
2184 4044 2247 4099 D.
2298 4045 2421 4099 456.
2475 4044 2916 4108 Valentinianus
2963 4049 3199 4108 Accium
3259 4052 3570 4124 patricium

1998 4131 2049 4188 ei
2098 4132 2161 4187 it.

1926 4131 2161 4189 occidit.

1928 4223 2049 4364 (fit.
2086 4221 2152 4277 A.
2186 4222 2249 4278 Ι).
2286 4225 2408 4279 457.
2444 4220 2888 4284 Valentinianus
2918 4226 2989 4284 ab
3016 4226 3220 4287 amicis
3241 4228 3574 4289 Aeciioeci-

1969 4325 1986 4363 1
2019 4324 2107 4364 lll'.
3234 4352 3237 4355 ν

1969 4324 2107 4367 ιιιΙΓ.
3234 4352 3237 4355 ν

1999 4403 2049 4455 6.
2089 4397 2314 4471 (ΒευΑ.)
2346 4401 2411 4455 Α.
2445 4402 2507 4457 Ι).
2549 4404 2672 4459 458.
2724 4404 2995 4477 Hylarius
3040 4421 3190 4480 papa
3238 4410 3366 4465 48ιι⁵
3418 4409 3576 4467 ordi-

1928 4491 2122 4559 natur,
2158 4489 2306 4545 sedit
2337 4489 2502 4547 annis
2528 4494 2579 4546 7.
2614 4491 2987 4566 decessitque
3018 4498 3051 4552 4
3080 4494 3217 4553 Idus
3248 4497 3406 4570 Sept.
3458 4498 3573 4555 Per

2144 4579 2350 4655 cripsit
2384 4580 2680 4641 Victurius
2709 4583 3042 4657 paschalem
3074 4586 3304 4658 cyclum
3334 4590 3438 4645 532
3477 4600 3577 4643 an-

1927 4683 2247 4825 ηοῗιῗέλν.
2283 4752 2398 4824 W.)
2428 4754 2493 4811 Α.
2527 4755 2590 4810 D.
2623 4752 2747 4810 459.
2790 4754 3117 4811 Marcianus
3165 4755 3422 4812 Orientis
3468 4755 3573 4812 im-

1923 4836 2167 4903 perator
2196 4832 2506 4889 occiditur.

1997 4910 2209 4983 (1030.)
2244 4914 2406 4966 Anno
2437 4912 2741 4969 dominica;
2768 4912 3185 4969 incarnationis
3216 4913 3367 4983 460°,
3394 4913 3565 4971 Urbis

164 4990 312 5046 1207.
339 4989 572 5047 Relicta
598 4989 797 5059 itaque
820 4990 995 5061 Urbe,
1020 4987 1282 5046 Wandali
1309 5004 1412 5062 per
1443 4988 1810 5061 Campaniam
1921 4991 2175 5048 condita:
2207 4990 2516 5047 millesimo
2546 4996 2694 5048 211ο.
2726 4991 2826 5060 (Η.
2860 4992 2965 5064 m.)
2988 4992 3121 5063 Leo,
3147 4991 3381 5050 Bessica
3402 4997 3571 5051 ortus

1515 5177 1751 5234 VARUE
1807 5177 2101 5235 LECTION
2107 5178 2208 5233 ES.

221 5366 289 5401 '7’
351 5368 664 5424 cresceret
726 5364 830 5444 9°._
873 5361 944 5396 ⁰⁸⁰
1007 5362 1287 5421 nomades
1350 5368 1427 5420 9°.
1493 5362 1561 5397 ³⁸³
1608 5364 1790 5446 .deest
1849 5367 1901 5421 4.
1972 5369 2023 5420 5.
2093 5362 2161 5398 ’⁸³

221 5453 281 5467 κ..
337 5442 399 5467 ΑΔ
466 5431 538 5467 984
569 5447 863 5467 nonmmam
897 5438 954 5467 nc
1006 5432 1076 5467 085
1112 5449 1257 5467 ηιιηη
1312 5439 1366 5467 οι
1430 5449 1619 5467 νηηηηι
1677 5438 1729 5467 οι
1798 5449 1855 5467 ηι-
1930 5440 2000 5467 Αη
2081 5440 2137 5467 44
2247 5433 2280 5467 8t

157 5431 866 5505 οωγ.11.ί9⁸⁴ᾼρθιήοιιεεὶε
897 5432 1076 5505 95°”
1112 5449 1259 5505 quo;
1312 5439 1388 5505 et
1428 5434 1624 5505 magni
1676 5438 1734 5492 et
1797 5449 1870 5491 nr.
1930 5440 2015 5493 10.
2081 5440 2167 5492 11.
2223 5431 2292 5468 ⁵⁸⁸

157 5515 288 5567 runt
320 5514 374 5565 5.
412 5504 489 5540 ³⁸⁸
519 5503 680 5562 deest
705 5505 800 5561 Ε1.
836 5509 885 5560 5.
920 5504 991 5538 ⁰⁹⁰
1010 5503 1220 5577 ρεγρἱ
1243 5512 1293 5577 ’1.
1328 5503 1765 5577 "fﬂEudoxiam,
1799 5506 1864 5561 V.

1899 5522 1954 5579 p.
1991 5507 2028 5563 f.

2351 5364 2440 5419 rei
2504 5366 2580 5418 9°.
2652 5368 2738 5418 10.
2807 5367 2892 5418 11.
2959 5358 3028 5397 9⁸³
3096 5365 3372 5421 strantila
3412 5372 3496 5425 10.
3540 5384 3572 5427 e

2348 5432 2512 5508 deost
2559 5437 2625 5508 5._
2672 5431 2740 5508 {’37
2789 5434 2933 5508 filiis
2989 5440 3039 5491 5.
3099 5434 3169 5508 99°
3226 5436 3574 5508 deportave-

2131 5521 2260 5564 uam
2292 5507 2446 5563 Urbe
2471 5504 2835 5577 captivitatis
2873 5509 3039 5563 sorte
3083 5504 3431 5566 abduxerat.
3487 5511 3566 5567 1b.

157 5521 288 5567 runt
320 5521 374 5565 5.
412 5521 489 5540 ’θ’
519 5521 679 5562 aus;
705 5521 800 5561 ω.
836 5521 885 5560 5.
922 5521 991 5538 ἐν
1010 5521 1220 5577 pergat
1243 5521 1293 5561 τι.
1425 5521 1765 5576 nuaoxiam,
1806 5521 1864 5561 ν.
1899 5522 1954 5579 p.
1991 5521 2054 5577 1.,
2089 5521 2260 5609 quam
2295 5521 2446 5563 urbe
2471 5521 2835 5592 capuvnans
2873 5521 3057 5589 sorte.
3083 5521 3431 5592 abduxerat.
3487 5521 3562 5567 1ο.

155 5580 218 5615 ⁸⁸³
242 5580 347 5638 451
382 5582 469 5635 9°.
510 5577 632 5631 452.
668 5589 817 5633 corr.
862 5579 982 5650 453.
1015 5580 1065 5632 5.
1090 5580 1211 5633 453.
1246 5576 1323 5632 1b.
1359 5575 1430 5611 ⁹⁹³
1455 5580 1577 5650 530.
1614 5581 1665 5633 5.
1697 5581 1774 5633 9°.
1810 5580 1895 5650 10.
1927 5582 2016 5650 11.
2050 5576 2129 5650 ’ζ
2137 5580 2506 5650 congregato
2565 5574 2687 5650 legi
2737 5576 2980 5639 vadatur
3034 5592 3101 5637 ιη
3154 5580 3205 5636 1.
3262 5578 3324 5637 et
3365 5578 3458 5636 ita
3511 5586 3562 5637 5.

150 5669 179 5713 ε
211 5666 370 5714 corr.
410 5652 771 5718 congregata
798 5654 887 5706 est
919 5648 996 5705 1δ.
1028 5652 1422 5720 congregatur
1452 5649 1548 5705 Ε1.
1580 5652 1669 5706 10.
1700 5651 1786 5705 11.
1820 5648 1881 5707 et
1908 5646 2048 5707 0hr.
2079 5647 2169 5706 W.
