3952 6304
446 345 564 419 7'79

451 493 596 550 Anni
641 492 953 549 Anastasii.

521 591 570 637 1.
605 582 706 652 (Η.
735 583 830 652 Ii.)
866 583 1028 637 Anno
1059 581 1362 638 dominica:
1396 579 1818 637 incarnationis
1838 583 1942 636 492
1972 578 2085 650 ίοοο,

448 671 618 726 Urbis
657 676 849 726 autem
897 669 1150 726 conditae
1200 669 1507 726 millesimo
1554 673 1708 739 243°,
1745 668 2090 724 Anastasius

448 759 748 832 imperium
779 759 1026 830 accepit,
1053 763 1196 815 et27
1228 758 1395 814 annis
1419 757 1706 828 regnavit,
1733 757 2092 828 quinquage-

444 849 590 904 simo
623 848 810 919 primo
839 847 970 904 loco
1000 849 1073 903 ab
1105 850 1397 916 Augusto;
1432 846 1533 917 (Η.
1557 849 1662 917 m.)
1697 844 2094 902 Theodericus

447 950 585 992 vero
637 951 767 992 cum
813 936 1017 992 Gothis
1063 937 1320 994 Romano
1370 935 1634 1007 presedit
1686 935 1967 1006 imperio;
1999 933 2090 989 hic

444 1025 748 1096 Arrianus,
767 1025 864 1080 ille
883 1025 1264 1081 Eutbieianus
1281 1022 2092 1094 hereticus.Histemporibus

443 1128 646 1184 magna
678 1113 972 1172 discordia
1006 1115 1154 1170 facta
1187 1119 1281 1170 est
1313 1114 1508 1169 Romae
1562 1116 1804 1184 propter
1835 1113 2092 1182 Symma-

442 1203 611 1259 chum
644 1207 703 1258 et
737 1203 1136 1271 Laurencium,
1172 1201 1518 1272 quibusdam
1560 1199 1917 1269 eligentibus
1950 1201 2090 1255 Lau-

442 1291 692 1348 rentium
727 1297 926 1364 preter
973 1289 1455 1347 consuetudinem
1507 1289 1917 1356 Romanorum,
1950 1287 2088 1344 aliis

440 1395 580 1437 vero
610 1380 861 1437 sanioris
891 1379 1118 1437 consilii
1168 1379 1568 1449 Symmachum
1613 1377 1940 1432 diaconum.
1974 1378 2088 1434 Pro

442 1482 554 1539 qua
585 1483 759 1526 causa
795 1469 945 1524 facta
967 1476 1102 1524 sunt
1125 1467 1304 1524 multa
1323 1465 1632 1522 homicidia
1657 1466 1852 1522 Romaa
1873 1465 2086 1522 civnum

441 1556 847 1626 Romanorum,
878 1557 1223 1613 clericorum
1255 1556 1430 1611 etiam
1462 1559 1522 1610 et
1562 1554 1935 1610 sacerdotum
1985 1568 2089 1625 per

439 1646 564 1698 tres
587 1643 824 1699 circiter
838 1657 1036 1714 annos,
1055 1657 1239 1713 usque
1263 1657 1376 1712 quo
1397 1641 1788 1697 Theodericus
1813 1641 2088 1711 princeps

440 1731 674 1787 Romam
708 1731 903 1797 venit;
937 1732 1034 1802 qui
1067 1730 1328 1801 quamvis
1359 1731 1640 1786 Arrianus
1667 1733 1848 1800 esset,
1883 1729 2086 1784 habito

1621 345 2101 420 EKKEHAHDI
2144 349 2568 420 URAUGIER
2577 353 2701 419 SIS

3736 347 3859 416 780

2121 495 2176 552 Α
2207 489 2342 548 dum
2376 490 2432 546 in
2460 489 2676 561 heresi,
2711 503 2825 562 qua
2875 485 3142 560 dilapsus
3173 487 3383 559 fuerat,
3420 495 3855 561 perseveraret,

2207 579 2476 635 Ormisda
2510 593 2677 650 papa,
2709 577 3029 650 Symmachi
3059 591 3389 646 successor,
3422 577 3579 633 misit
3623 577 3696 633 ad
3724 593 3856 635 eum

2205 667 2526 724 Ennodium
2553 666 2909 723 Ticinensem
2939 665 3276 737 episcopum
3311 679 3443 722 cum
3477 664 3612 722 aliis
3658 667 3857 723 catho-

2203 755 2357 828 licis,
2394 763 2456 813 ut
2487 770 2617 813 eum
2649 755 3000 812 reducerent
3043 753 3115 810 ad
3164 753 3425 824 regulam
3477 753 3611 811 ﬁdei
3656 755 3859 811 catho-

2203 843 2352 914 licae,
2368 845 2472 902 sed
2496 845 2595 902 ille
2618 859 2729 900 non
2752 842 2941 900 solum
2965 841 3179 898 monita
3203 856 3404 898 eorum
3421 842 3687 900 salubria
3701 858 3858 915 spre-

2201 933 2306 1003 vit,
2335 947 2534 989 verum
2567 933 2742 988 etiam
2771 945 2802 987 a
2835 930 3252 1002 conspectihus
3276 929 3398 987 suis
3421 945 3531 986 non
3556 930 3686 987 sine
3710 930 3856 1000 injuo

2201 1022 2290 1078 ria
2319 1020 2566 1093 expulit,
2590 1020 2839 1092 navique
2867 1024 3051 1077 veteri
3083 1019 3392 1090 fragilique
3425 1019 3758 1092 impositos,
3785 1035 3855 1076 ne

2203 1109 2423 1181 uspiam
2440 1125 2542 1182 per
2555 1114 2739 1166 totam
2755 1109 3015 1164 Greciam
3032 1108 3330 1165 civitatem
3343 1107 3519 1165 ullam
3534 1108 3852 1180 intrarent,

2201 1197 2483 1268 precepit.
2526 1196 2706 1264 Quam
2761 1197 2888 1268 ejus
2936 1195 3169 1267 impiam
3217 1197 3612 1253 temeritatem
3655 1197 3854 1254 divina

2203 1300 2332 1342 mox
2355 1284 2502 1342 ultio
2523 1286 2835 1342 subsecuta
2852 1289 2964 1341 est.
2984 1285 3120 1340 Nam
3145 1299 3276 1340 cum
3301 1289 3370 1341 27
3392 1285 3623 1358 imperii
3647 1291 3853 1356 ageret

2199 1387 2434 1445 annum,
2496 1371 2767 1431 mortuus
2824 1376 2934 1430 est.
2997 1371 3241 1438 Quidam
3298 1388 3438 1430 vero
3484 1375 3672 1445 aiunt,
3700 1374 3854 1445 quod

2200 1461 2440 1517 fulmine
2470 1477 2783 1534 percussus
2821 1461 2918 1518 sit.

2269 1551 2318 1604 4.
2355 1548 2520 1620 (ΟΙιν.
2572 1550 2679 1622 W.)
2728 1551 2792 1606 A.
2839 1551 2903 1604 Ι).
2958 1551 3078 1604 495.
3140 1548 3532 1606 Theodericus
3590 1548 3853 1608 Odoaca-

2198 1652 2318 1693 rem
2351 1637 2668 1708 interemit,
2693 1644 2754 1694 et
2781 1638 2908 1710 ipse
2940 1635 3276 1693 Occidentis
3307 1651 3549 1708 regnum
3582 1641 3644 1694 31
3681 1639 3849 1694 annis

2197 1725 2404 1782 tenuit.
2807 1723 2825 1745 '

439 1775 903 1891 tam-eiimsvno-do:
1359 1775 2086 1889 "siin-1'23};
2114 1845 2168 1904 Β
2468 1815 2549 1904 ‘D.
2589 1817 2724 1904 4498.
2771 1814 3202 1904 Trasemundus
3249 1828 3354 1870 rex
3407 1775 3846 1885 Wandalorum,

439 1907 635 1976 mavit,
655 1906 1023 1962 Laurentium
1051 1921 1186 1962 vero
1211 1907 1265 1960 in
1289 1905 1530 1962 civitate
1555 1903 1839 1960 Nucerina
1864 1903 2086 1974 episco-

441 2010 572 2066 pum
606 1994 783 2050 locari
820 1996 1102 2067 precepit.
1139 1994 1245 2060 Qui
1279 2000 1472 2049 tamen
1507 1993 1668 2050 nullo
1709 1997 1878 2064 pacto
1923 1993 2086 2063 quie-

434 2098 625 2154 scens,
651 2083 754 2139 sed
787 2084 1114 2140 scdicioncs
1145 2097 1532 2152 commovens,
1561 2097 1591 2136 a
1617 2082 1955 2152 Symmacho
1988 2081 2084 2136 de-

438 2171 673 2244 ponitur
703 2177 764 2228 et
795 2173 850 2227 in
881 2172 1118 2228 exilium
1165 2171 1503 2228 Dalmatiam
1537 2169 1810 2225 mittitur.
1847 2172 1868 2193 ‘

577 2264 599 2285 "
623 2261 708 2316 D?
739 2261 798 2316 E.
842 2261 982 2318 add.
1019 2263 1130 2316 Pro
1161 2260 1331 2330 cujus
1360 2291 1423 2300 —
1454 2259 1706 2316 excelsis
1757 2257 2075 2314 decantari.

646 2346 722 2388 ea:
747 2332 951 2402 Siyeb.

505 2421 719 2476 Eodem
781 2425 1044 2492 tempore
1091 2418 1539 2488 Trasamundus,
1575 2417 1849 2474 Geiserici
1899 2416 2074 2487 illius,

438 2506 536 2576 qui
563 2507 680 2577 jam
703 2521 881 2578 super
901 2506 1216 2563 Wandalos
1234 2505 1519 2575 regnavit,
1546 2510 1785 2561 secutus
1809 2503 1993 2576 patris
2017 2509 2075 2560 et

435 2594 635 2651 fratris
665 2593 992 2672 perﬁdiam,
1015 2593 1311 2652 azcclesias
1340 2594 1439 2648 Dei
1469 2593 1707 2663 clausit,
1734 2599 1794 2649 et
1822 2596 1928 2649 220
1957 2591 2077 2664 epi-

431 2698 642 2756 scopos
673 2685 728 2740 in
760 2684 1080 2740 Sardiniam
1115 2682 1400 2752 exiliavit,
1433 2682 1646 2752 quibus
1685 2683 1894 2738 beatus
1925 2681 2076 2752 Sym-

431 2773 670 2830 machus
703 2787 847 2845 papa
875 2773 1192 2830 cottidiana
1227 2771 1491 2828 subsidia
1527 2769 1899 2827 ministravit.

499 2863 658 2918 Inter
683 2861 788 2917 has
815 2864 1202 2932 tempestates
1239 2861 1448 2915 beatus
1481 2857 1817 2927 Fulgentius
1849 2855 2073 2928 episco-

426 2965 537 3022 pus
565 2950 621 3006 in
652 2950 1016 3006 confessione
1055 2949 1188 3005 ﬁdei
1219 2951 1277 3004 et
1307 2947 1554 3004 scicntia
1585 2947 1818 3003 claruit.

495 3039 594 3096 His
650 3039 792 3111 ipsis
849 3039 1056 3095 diebus
1105 3037 1257 3109 apud
1307 3035 1557 3092 Africam
1609 3035 1743 3092 dum
1789 3033 2071 3090 Arrianus

424 3127 676 3200 quidam,
713 3128 999 3200 Oliinpius
1033 3127 1284 3198 nomine,
1317 3127 1373 3181 in
1427 3125 1633 3181 balneo
1683 3125 1982 3182 lavaretur
2011 3129 2070 3180 et

2197 1901 2352 1960 ﬁlius
2381 1902 2679 1973 Geiserici,
2711 1901 3034 1959 catholicas
3059 1901 3360 1960 aecclesias
3390 1901 3626 1974 clausit,
3658 1907 3718 1958 et
3745 1907 3854 1959 220

2195 1991 2508 2063 episcopos
2540 1991 2594 2047 in
2624 1990 2862 2048 exilium
2895 1991 3070 2048 misit.

2268 2084 2353 2136 12.
2389 2083 2452 2136 Α.
2507 2083 2569 2137 D.
2619 2084 2740 2137 503.
2798 2081 3044 2136 Boecius
3091 2079 3296 2138 consul
3346 2081 3543 2137 Romae
3593 2081 3848 2152 plurima

2194 2169 2408 2240 ingenii
2438 2173 2528 2228 sui
2564 2171 2911 2227 monimenta
2941 2170 3259 2227 scribendo
3290 2170 3558 2242 reliquit.

2265 2261 2350 2316 14.
2404 2261 2468 2316 Α.
2522 2261 2586 2316 D.
2638 2264 2759 2317 505.
2811 2259 3206 2316 Theodericus
3260 2260 3498 2316 Romam
3550 2259 3735 2331 venit,
3789 2265 3850 2316 et

2192 2347 2371 2405 multa
2403 2349 2664 2406 miranda
2692 2348 2938 2406 aediﬁcia
2968 2347 3024 2403 in
3055 2362 3122 2404 ea
3159 2347 3512 2404 construxit.

2262 2443 2346 2494 15.
2381 2440 2444 2494 Α.
2477 2438 2540 2495 Ι).
2575 2442 2698 2494 506.
2749 2436 3051 2494 Hormisda
3098 2450 3245 2509 papa
3295 2439 3423 2493 54ιιε
3472 2435 3627 2494 sedit
3676 2437 3845 2494 annis

2186 2531 2238 2597 9,
2274 2526 2646 2598 decessitque
2672 2530 2705 2582 8
2735 2526 2874 2583 ldus
2904 2526 3168 2596 Augusti.

2255 2619 2342 2672 20.
2378 2618 2441 2672 Α.
2475 2617 2541 2672 D.
2573 2620 2694 2672 511.
2729 2617 2752 2639 ⁶

2328 2705 2590 2762 ’5-11.
2649 2704 2789 2761 add.
2844 2723 2857 2758 :
2917 2703 3202 2760 Genovefa
3258 2703 3838 2774 virgoiParisiensis

2397 2774 2771 2846 octogenaria
2800 2774 3070 2845 migravit
3091 2774 3164 2831 ad
3188 2773 3369 2832 Deum
3391 2773 3502 2830 1°".
3528 2788 3607 2833 ea:
3625 2774 3832 2848 Siysb.

2253 2863 2714 3009 ἳίῇῒὲλαῖῗζ
2741 2952 3030 3009 Genovefa
3051 2967 3106 3009 v.
3127 2953 3192 3008 P.
3215 2967 3269 3008 ο.
3295 2951 3511 3008 transit
3542 2951 3618 3008 ad
3646 2953 3836 3010 Domi-

2393 3055 2549 3097 num.
2583 3055 2660 3097 ex
2693 3040 2898 3113 Sigsb.

2248 3133 2336 3184 22.
2371 3131 2436 3184 A.
2479 3131 2542 3186 D.
2590 3133 2714 3185 513.
2746 3129 3072 3186 Clodovens
3119 3143 3222 3188 rex
3271 3129 3443 3200 obiit,
3479 3129 3832 3202 relinquens

422 3199 658 3286 indigna
689 3199 951 3288 quaedam
973 3219 1034 3272 et
1059 3215 1392 3288 blasphema
1417 3215 1592 3271 verba
1617 3213 1687 3270 de
1710 3219 1929 3270 sanctas
1950 3211 2070 3268 Tri-
2097 3199 2149 3264 Ο
2179 3222 2432 3290 quatuor
2465 3218 2616 3276 alios
2657 3219 2904 3276 heredes
2955 3217 3118 3290 regni
3149 3219 3244 3288 (cf.
3280 3220 3348 3281 θ’.
3383 3218 3536 3292 Fr.).

425 3306 628 3362 nitatis
650 3305 761 3362 ﬁde
784 3305 1148 3376 loqueretur,
1166 3304 1360 3361 subito
1375 3303 1578 3374 igneus
1592 3302 1823 3374 gladius
1837 3301 1907 3358 de
1921 3300 2068 3358 caelo

424 3395 585 3451 venit
605 3407 854 3465 eumque
881 3393 1191 3466 percussit.
1211 3393 1518 3450 Deuterius
1539 3398 1731 3448 autem
1755 3389 2066 3462 episcopus

423 3483 802 3540 Arrianorum
847 3482 1152 3556 baptizans
1202 3481 1486 3553 quendam
1541 3478 1785 3536 Bizantii
1835 3478 2066 3534 nomine

423 3572 688 3644 Barbam,
719 3571 854 3628 dum
883 3577 1086 3630 contra
1120 3570 1379 3642 regulam
1413 3569 1546 3626 fidei
1581 3569 1860 3624 minorem
1891 3569 2065 3626 Patre

421 3660 627 3718 Filium
659 3666 718 3718 et
747 3661 1022 3734 Spiritum
1057 3667 1320 3718 sanctum
1354 3673 1644 3729 asserens,
1669 3658 1890 3714 diceret
1917 3675 1930 3712 :
1953 3657 2049 3715 Ba

415 3751 596 3824 ptizo,
631 3752 684 3809 te
709 3751 966 3821 Barbas,
1001 3753 1067 3808 iu
1095 3753 1332 3809 nomine
1367 3750 1580 3807 Patris
1597 3761 1710 3821 per
1741 3747 1970 3805 Filium
1997 3748 2066 3804 iu

417 3841 661 3912 Spiritu
677 3841 902 3910 sancto,
918 3839 1114 3896 subito
1137 3853 1307 3911 aqua,
1324 3839 1380 3894 in
1396 3853 1506 3908 qua
1523 3836 1822 3910 baptizare
1836 3835 2060 3906 debuit,

421 3944 702 4000 nusquam
729 3929 1076 4001 comparuit.
1113 3929 1273 3995 Quod
1305 3925 1512 3983 videns
1543 3926 1637 3997 qui
1675 3923 2064 3995 baptizandus

419 4022 569 4087 crat,
603 4018 912 4075 confestim
944 4017 1015 4074 ad
1043 4017 1366 4074 :ecclesiam
1396 4015 1745 4072 catholicam
1785 4028 2062 4086 propera-

419 4106 522 4176 vit,
553 4111 609 4162 et
637 4107 804 4178 juxta
827 4122 1044 4164 morem
1067 4109 1246 4162 rectm
1273 4104 1403 4162 ﬁdei
1428 4104 1781 4176 baptismum
1805 4103 2054 4174 accepit.

489 4193 720 4252 Hisdem
757 4196 1120 4268 temporibus
1155 4192 1543 4250 Alamundaro
1578 4193 1839 4264 principe
1861 4191 2060 4248 Sarra-

2247 3310 2334 3363 23.
2368 3309 2431 3363 A.
2467 3309 2529 3363 D.
2567 3311 2688 3365 514.
2726 3307 3055 3378 Lotharius,
3091 3306 3361 3364 Clodovei
3413 3307 3592 3378 ﬁlius,
3627 3323 3831 3380 regna-

2175 3395 2262 3452 vit
2288 3395 2456 3454 annis
2492 3399 2577 3451 51.

2244 3487 2333 3542 24.
2370 3488 2433 3540 Α.
2466 3486 2530 3542 D.
2566 3489 2689 3542 515.
2719 3484 3011 3543 Iohannes
3044 3499 3191 3558 papa
3219 3489 3348 3542 35‘"
3379 3484 3542 3543 sedit
3573 3486 3743 3544 annis
3769 3491 3820 3557 2,

2175 3587 2356 3631 mens.
2390 3577 2442 3630 9.
2487 3576 2509 3598 ·

2307 3671 2440 3726 'D?
2469 3673 2531 3728 E.
2571 3671 2710 3730 add.
2758 3691 2770 3726 :
2820 3673 2943 3728 Rex
2991 3670 3394 3742 Sigismundus
3435 3705 3472 3714 ε
3503 3672 3824 3730 sanitatum

2385 3743 2594 3814 gratia.
2627 3757 2702 3800 ea:
2724 3743 2930 3816 Siysb.

2240 3838 2331 3896 25.
2366 3838 2534 3911 (C'ltr.
2605 3841 2713 3914 W.)
2768 3851 2833 3897 Α.
2893 3842 2957 3896 D.
3018 3843 3140 3895 516.
3196 3837 3592 3898 Theodericus
3650 3839 3821 3900 ﬁliam

2173 3943 2338 3986 suam
2371 3928 2838 3986 Amalasuindam
2870 3928 3032 3986 dedit
3053 3926 3388 3985 Eutharico.

2240 4021 2330 4074 27.
2382 4019 2562 4074 A.‘D.
2615 4019 2738 4074 518.
2793 4017 2952 4074 Felix
3008 4030 3155 4089 papa
3209 4015 3337 4072 56‘"
3385 4017 3540 4074 sedit
3571 4019 3739 4076 annis
3765 4022 3816 4091 4,

2168 4107 2406 4164 transiit
2441 4111 2496 4163 11
2533 4105 2656 4163 Kal.
2689 4109 2813 4164 Jan.

2242 4197 2344 4267 (H.
2378 4211 2456 4252 φη.
2492 4201 2551 4252 et
2581 4197 2774 4268 Jonn.)
2829 4199 2992 4254 Anno
3041 4197 3346 4254 dominica:
3396 4197 3817 4255 incarnationis

416 4296 692 4340 canorum
721 4285 1042 4356 baptizato,
1067 4287 1353 4339 venerunt
1383 4281 1456 4338 ad
1485 4296 1618 4336 eum
1650 4281 1766 4336 duo
1797 4280 2058 4351 episcopi
2168 4289 2319 4357 519ο,
2352 4286 2526 4343 Urbis
2570 4285 2822 4343 conditae
2873 4285 3178 4343 millesimo
3217 4291 3369 4357 270°,
3396 4287 3692 4359 Justinus,
3722 4303 3818 4359 ge-

416 4371 665 4444 Arriani,
689 4373 1006 4429 suadentes
1025 4373 1100 4437 ei,
1119 4376 1181 4428 ut
1202 4386 1324 4428 suze
1347 4375 1527 4426 secta)
1545 4368 2056 4436 consentiret.Qui
2169 4388 2306 4430 nere
2338 4375 2632 4448 Illyricus,
2665 4374 2754 4432 vir
2783 4374 3108 4432 catholicus
3133 4379 3196 4432 et
3223 4374 3422 4432 senior
3453 4375 3815 4448 multumque

413 4464 487 4519 ab
515 4461 862 4519 orthodoxis
895 4462 1227 4533 baptizatus
1257 4467 1317 4516 et
1349 4459 1697 4530 instructus,
1723 4458 2058 4514 memorabi-
2171 4463 2416 4534 peritus,
2449 4478 2647 4520 comes
2675 4464 3106 4535 excubitorum,
3131 4478 3161 4520 a
3193 4463 3482 4521 militibus
3505 4465 3814 4538 proﬁciens

409 4551 548 4609 liter
573 4565 676 4609 eos
703 4550 1006 4622 redarguit
1035 4548 1438 4621 hujuscemodi
1477 4547 1689 4605 fabula.
1725 4547 1823 4603 Ait
1848 4547 2000 4604 enim
2037 4567 2050 4602 :
2081 4555 2139 4620 ι)
2169 4549 2240 4606 ad
2273 4555 2558 4623 senatum,
2583 4557 2679 4608 52°
2706 4551 2834 4610 loco
2856 4551 2926 4609 ab
2954 4555 3238 4624 Augusto,
3263 4557 3506 4610 senatus
3525 4553 3815 4617 electione

409 4642 672 4699 Litteras
697 4640 896 4712 accepi
927 4639 1116 4709 hodie,
1143 4639 1292 4711 quia
1318 4637 1632 4696 ΜὶσΙιαΙισΖ
1655 4635 2056 4709 archangeli“

2260 4639 2392 4712 :epit
2442 4639 2770 4713 imperium,
2822 4641 3201 4714 regnavitque
3247 4641 3414 4698 annis
3455 4645 3507 4699 8.
3540 4642 3632 4698 Ad
3664 4642 3813 4701 hunc

403 4731 676 4788 mortuus
704 4729 808 4786 est.
845 4729 966 4786 Illis
991 4743 1127 4785 vero
1157 4727 1510 4798 dicentibus,
1544 4727 1655 4782 hoc
1688 4725 2054 4798 impossibile

407 4819 554 4889 fore,
579 4817 662 4874 ait
693 4818 962 4891 princeps
985 4837 999 4873 :
1019 4818 1102 4874 Et
1121 4815 1406 4888 quomodo
1431 4815 1712 4874 Christus
1730 4815 2056 4873 secundum

402 4923 506 4967 vos
525 4908 699 4965 vicus
719 4908 1049 4968 cruci/imus
1070 4907 1176 4976 est,
1199 4907 1324 4963 uisi
1344 4905 1704 4962 naturarum
1734 4905 1888 4962 esset
1914 4905 2055 4964 dua-

400 4998 920 5070 r-um,qaaudogui
929 4997 1055 5054 dem
1075 5009 1180 5053 nec
1198 4994 1450 5068 aiiyelus
1469 5001 1738 5052 mortuus
1750 4995 1866 5053 est?
1876 4995 1945 5050 Et
1971 4995 2051 5053 ita

403 5101 536 5143 cum
559 5085 900 5142 confusione
922 5082 1596 5156 recesseruntepisCOpi.
1613 5083 2052 5156 IlujusAnasta-

403 5174 474 5231 sii
498 5174 862 5246 temporibus
887 5173 1216 5231 Clodovens
1237 5173 1294 5228 in
1318 5173 1557 5229 Francia
1571 5173 1858 5246 regnavit,
1879 5175 2048 5246 quiet

407 5263 695 5322 Alaricum
727 5279 921 5334 regem
954 5264 1273 5321 Gothorum
1305 5262 1624 5330 interfecit,
1655 5267 1716 5320 et
1743 5264 1816 5320 ab
1845 5267 2046 5322 eodem

402 5352 716 5410 Anastasio
755 5351 1039 5424 epistolas
1087 5368 1194 5424 pro
1236 5351 1583 5412 consulatus
1626 5350 1911 5423 dignitate
1955 5369 2048 5412 ac-

2163 4730 2238 4786 ob
2266 4743 2502 4788 causam
2533 4728 3000 4801 redintegrandae
3033 4730 3166 4787 ﬁdei
3197 4729 3456 4788 directus
3483 4743 3516 4786 a
3546 4729 3813 4789 Romano

2163 4817 2402 4890 presule
2449 4819 2542 4877 vir
2587 4819 2902 4876 sanctitate
2950 4819 3270 4892 precipuus
3315 4819 3664 4892 Germanus,
3715 4821 3813 4877 Ca-

2163 4922 2370 4979 puanze
2398 4907 2566 4965 urbis
2585 4907 2920 4980 episcopus,
2945 4907 3118 4978 digne
3145 4907 3218 4964 ab
3247 4922 3318 4964 eo
3347 4911 3440 4964 est
3471 4913 3805 4982 susceptus,

2164 4997 2598 5069 multorumque
2627 4996 2808 5054 corda
2838 4995 3015 5052 dubia
3047 4996 3102 5052 in
3135 4995 3248 5053 ﬁde
3291 4993 3593 5053 solidavit.

2233 5087 2313 5142 Eo
2345 5088 2607 5158 tempore
2637 5089 2870 5142 mortuo
2914 5084 3068 5156 apud
3113 5083 3366 5142 Africam
3413 5083 3807 5143 Trasemundo

2161 5189 2299 5247 rege
2345 5173 2778 5246 Wandalorum,
2819 5171 3173 5245 Hildericus,
3203 5172 3364 5231 ﬁlius
3411 5173 3543 5245 ejus
3587 5187 3665 5232 ex
3702 5173 3807 5231 Eu-

2158 5263 2332 5322 doxia
2361 5263 2593 5337 captiva
2621 5261 3010 5320 Valentiniani
3043 5261 3180 5334 ﬁlia,
3214 5276 3459 5333 regnum
3499 5261 3801 5335 suscepit;

2159 5354 2258 5427 qui
2285 5367 2397 5410 non
2430 5356 2652 5426 patrem
2674 5367 2962 5425 avumque
2989 5352 3289 5426 Arrianos,
3314 5351 3421 5411 sed
3445 5357 3695 5412 matrem
3714 5365 3802 5411 ca-

399 5439 560 5514 cepit
589 5438 686 5514 (cf.
717 5441 899 5502 Gesta
926 5440 1174 5515 liram.)
1206 5441 1435 5516 (Em)
1467 5440 1814 5500 Anastasius
1844 5441 2045 5514 itaque
2154 5442 2433 5502 tholicam
2484 5445 2750 5512 secutus,
2795 5446 2972 5503 recta:
3020 5440 3156 5502 ﬁdei
3203 5439 3400 5501 cultor
3446 5439 3670 5504 extitit.
3700 5438 3802 5501 Hic

1756 5547 1994 5609 VARIIE
2033 5549 2434 5612 LECTIONES.

467 5641 560 5679 ¹⁰⁰⁶
589 5646 710 5704 493.
743 5649 793 5704 5.
827 5649 906 5704 9ο.
943 5648 1030 5702 11.
1061 5647 1186 5704 492.
1218 5657 1370 5705 corr.
1403 5646 1528 5705 493.
1561 5649 1649 5706 10.
1707 5644 1800 5684 ¹⁰⁰⁷
1827 5647 2123 5710 dominum
2153 5653 2232 5714 9°.
