3952 6336
127 339 222 399 781
968 330 1407 395 CHBONICA.
1441 364 1519 375 —
1557 328 2034 395 CHRONICON
2078 334 2626 401 UNIVERSALE.

3378 333 3496 399 782

129 466 728 538 universosepiscopos
744 466 840 538 qui
865 467 919 522 in
935 465 1111 522 ex1|i0
1133 469 1300 521 erant
1326 462 1729 534 regredifecit,
1763 464 1822 525 Α
1852 481 1912 523 se
1943 466 1997 523 in
2029 469 2299 527 omnibus
2345 468 2638 526 auxiliari.
2673 469 2886 524 Eodem
2919 482 3068 524 anno
3127 469 3353 526 adhesit
3386 473 3497 527 no-

124 561 300 630 eisque
325 556 621 613 tecelesias
656 557 967 612 reformare
1000 554 1296 627 praecepit,
1323 569 1450 624 quae
1486 568 1515 607 a
1546 552 1739 607 Gcisc-

125 651 228 706 rico
257 661 428 719 usque
484 649 554 705 ad
613 646 963 704 llildericum
1010 661 1108 718 per
1140 649 1211 700 70
1266 658 1450 700 annos
1510 642 1738 698 fuerant

120 742 204 796 dst
243 743 439 795 ruetze.

184 826 428 883 Iustinus
453 840 683 896 quoque
709 830 992 893 angustus
1014 828 1181 879 sexto
1223 821 1450 892 imperii
1482 820 1568 876 sui
1593 833 1741 873 anno

129 932 218 988 pro
238 915 434 971 ardore
457 913 762 969 catholicae
789 913 919 969 fidei
943 913 1284 968 deccrtabat
1309 910 1604 965 hereticos
1628 909 1744 965 dis-

128 1006 316 1076 sipare,
365 1002 740 1074 precepitque
789 1008 854 1058 ut
885 1002 1101 1072 ubique
1158 1000 1386 1057 illarum
1445 998 1744 1056 :ecclesias

128 1092 374 1149 catholici
398 1092 653 1162 episcopi
670 1097 1103 1148 consecrarent.
1124 1089 1286 1157 Quod
1303 1088 1546 1145 audiens
1566 1088 1746 1143 Theo-

129 1181 358 1249 dcrieus,
395 1180 491 1250 qui
522 1186 580 1236 et
613 1178 736 1250 ipse
772 1180 878 1235 fuit
910 1180 1208 1248 Arrianus,
1241 1177 1396 1233 misit
1426 1178 1741 1232 Iohannem

134 1278 248 1326 tunc
272 1268 547 1339 temporis
570 1282 773 1340 papam
799 1268 867 1323 ad
890 1268 1203 1337 Iustinum,
1238 1271 1299 1322 ut
1333 1269 1430 1322 aut
1466 1264 1743 1320 hcreticis

130 1357 397 1415 :ecclesias
442 1372 580 1413 suas
628 1355 1028 1425 rcdderetm“,
1076 1361 1172 1411 aut
1206 1356 1328 1426 ipse
1351 1354 1535 1410 totius
1564 1352 1744 1408 Italia;

133 1446 378 1517 populum
406 1445 605 1516 gladio
637 1445 859 1501 feriret.
896 1444 1018 1510 Quo
1052 1446 1324 1513 abeunte,
1360 1443 1483 1514 ipse
1513 1441 1745 1497 interim

127 1534 499 1605 Symmachum
533 1535 840 1605 patricium
890 1541 949 1589 et
978 1533 1237 1589 Boetium
1267 1537 1596 1589 senatorem
1627 1529 1746 1600 gla-

125 1623 208 1680 dio
228 1623 486 1694 peremit,
522 1624 978 1694 redeuntemque
1013 1638 1216 1694 papam
1250 1622 1394 1677 fame
1427 1619 1740 1675 interfecit.

124 1712 269 1768 Unde
320 1712 523 1767 divinze
556 1711 880 1781 1mjudicio
939 1711 1206 1768 vindicia:
1258 1714 1355 1767 99°
1386 1708 1592 1765 dehinc
1650 1707 1744 1762 die

1853 557 2035 613 manis
2069 559 2278 615 mulier
2342 558 2707 629 qumdamcx
2767 558 2963 627 llunis,
3025 558 3216 627 vidua,
3279 560 3498 617 habens

1852 658 2047 700 secum
2093 648 2389 703 Hunorum
2422 653 2655 702 centum
2689 646 2863 702 milia.
2901 648 3054 704 Tunc
3086 655 3143 702 et
3180 665 3279 703 rex
3310 650 3499 717 lluno-

1854 748 1999 803 rum,
2035 735 2130 805 qui
2164 740 2295 792 sunt
2354 736 2521 806 juxta
2567 737 2942 806 Bosphorum,
3000 737 3229 792 nomine
3285 738 3495 807 Corda,

1852 823 2103 879 accessit
2135 823 2201 879 ad
2239 825 2672 896 imperatorem,
2700 828 2757 879 et
2786 827 2973 882 factus
2999 824 3088 858 ¹⁰ί⁵
3116 826 3496 896 Christianus,

1852 918 2167 982 susceptus
2197 917 2282 968 est
2318 915 2389 969 ab
2423 928 2512 984 eo,
2567 915 2883 986 multisque
2907 913 3073 970 ei1016
3107 916 3374 986 prestitis
3403 916 3500 971 do-

1852 996 1961 1066 nis,
1980 998 2138 1054 misit
2170 1016 2300 1056 eum
2344 1001 2398 1055 in
2446 1004 2741 1071 regionem
2763 1005 2945 1075 ipsius
2977 1006 3045 1060 ad
3080 1007 3368 1062 Romanas
3403 1020 3500 1060 res

1851 1086 2265 1145 custodiendas
2296 1094 2352 1145 et
2386 1093 2748 1162 Bosphorum
2781 1094 3099 1163 civitatem,
3135 1111 3261 1165 qum
3296 1110 3400 1165 pro
3432 1108 3499 1149 eo

1853 1178 2184 1251 Bosphorus
2238 1184 2329 1234 est
2359 1177 2536 1248 dicta,
2572 1179 2724 1250 quod
2781 1183 3052 1238 Romanis
3085 1197 3185 1254 per
3242 1182 3503 1251 singulos

1853 1281 2034 1323 annos
2067 1270 2245 1324 boves
2276 1283 2383 1338 pro
2414 1269 2680 1338 pecuniis
2714 1269 3021 1325 inferebat.
3058 1271 3374 1326 Renovavit
3412 1270 3501 1302 ίοιτ

1854 1355 2170 1427 imperator
2202 1357 2381 1428 leges,
2410 1357 2626 1413 faciens
2659 1358 2920 1413 codicem
2946 1359 3298 1427 singularem
3325 1365 3383 1415 et
3407 1378 3501 1415 νος

1852 1458 1991 1502 cans
2044 1460 2174 1501 eum
2226 1446 2486 1502 novellas
2540 1447 3016 1504 constitutiones.
3080 1449 3293 1504 Eodem
3355 1466 3502 1507 anno

1853 1547 2021 1604 passa
2072 1539 2162 1589 est
2198 1535 2501 1590 Antiochia
2549 1539 2903 1593 terremotus
2933 1553 3169 1607 magnos
3197 1544 3250 1592 et
3288 1545 3503 1610 tempe-

1854 1626 2060 1692 states,
2085 1627 2142 1677 et
2168 1623 2459 1677 faciebant
2504 1622 2768 1680 laztanias
2789 1640 2989 1681 omnes
3011 1626 3358 1697 discalciati,
3389 1628 3504 1682 cla-

1858 1714 2083 1766 mantes
2114 1711 2273 1782 kyrie
2305 1711 2557 1782 eleyson.
2595 1715 2876 1784 Apparuit
2910 1721 3099 1770 autem
3136 1716 3190 1771 in
3225 1716 3350 1771 visu
3384 1718 3502 1773 cui—

124 1801 404 1857 subitanea
457 1804 638 1857 morte
672 1801 912 1855 interiit.
972 1800 1236 1856 Justinus
1263 1814 1402 1855 vero
1462 1800 1744 1866 angustus
1772 1824 1828 1886 B
1858 1798 1986 1853 dam
2019 1799 2120 1854 Dei
2148 1800 2383 1869 cultori,
2421 1805 2478 1857 ut
2524 1801 2743 1858 diceret
2779 1803 3066 1871 omnibus,
3104 1805 3257 1874 quod
3289 1807 3504 1862 scribe-

122 1906 238 1947 cum
263 1891 371 1961 jam
404 1895 614 1946 octavo
643 1903 793 1945 anno
822 1888 1188 1959 augustalem
1213 1887 1553 1956 dignitatem
1588 1890 1745 1940 tene-

112 1988 221 2051 ret,
251 1995 434 2037 mense
462 1980 669 2051 Aprili,
701 1979 1019 2036 indietione
1042 1981 1269 2049 quarta,
1296 1979 1584 2045 aegrotare
1608 1973 1745 2045 inci-

125 2070 288 2141 piens,
328 2070 621 2141 provexit,
656 2069 791 2125 dum
838 2068 1024 2125 adhuc
1056 2066 1311 2137 viveret,
1337 2064 1390 2120 in
1441 2063 1743 2135 imperium

121 2159 511 2229 Iustinianum,
557 2158 774 2215 sororis
806 2172 925 2213 suae
960 2156 1159 2225 lilium,
1195 2155 1290 2225 qui
1320 2159 1380 2209 et
1429 2152 1746 2224 coimpera-

121 2250 191 2305 vit
219 2248 303 2282 ¹⁰¹⁰
327 2249 377 2305 ei
424 2248 727 2305 mensibus
774 2250 1055 2318 quatuor;
1091 2258 1284 2300 mense
1312 2258 1451 2299 vero
1485 2245 1745 2313 Augusto

120 2338 228 2408 ipse
247 2337 390 2410 apud
408 2335 977 2407 Constantinopolim
994 2334 1168 2390 rebus
1180 2331 1434 2389 excessit
1454 2331 1739 2389 humanis.

119 2426 244 2482 Anni
271 2426 508 2483 Iustini.

174 2520 215 2570 1.
248 2516 466 2589 (Ιοιω.)
502 2516 602 2572 Hic
648 2530 796 2572 anno
828 2513 988 2584 regni
1023 2512 1113 2569 sui
1173 2512 1358 2584 primo
1416 2511 1742 2568 Amantium

111 2606 459 2676 prepositum
495 2603 695 2677 palatii
725 2607 785 2660 et
815 2602 959 2659 alios
991 2617 1171 2671 regno
1204 2617 1311 2658 suo
1343 2601 1634 2657 inhiantes
1663 2600 1744 2655 in-

112 2694 340 2751 terfecit.

176 2786 220 2839 4.
250 2786 315 2839 A.
344 2786 412 2840 D.
461 2788 593 2840 522.
634 2780 723 2816 ¹⁰¹¹
757 2781 1085 2838 Bonifacius
1139 2794 1282 2853 papa
1315 2785 1442 2836 57"
1464 2778 1619 2835 sedit
1648 2792 1745 2834 an-

118 2873 195 2929 nis
218 2877 272 2929 2.

179 2968 230 3020 6.
258 2965 319 3018 A.
346 2964 404 3019 D.
428 2966 557 3019 524.
583 2962 894 3033 Iohannes,
920 2960 1018 3031 qui
1047 2965 1105 3017 et
1129 2959 1465 3029 Mercurius,
1490 2971 1637 3029 papa
1655 2955 1744 2989 ¹⁰¹²

121 3055 230 3107 58mi
258 3053 406 3110 sedit
436 3052 612 3109 annis
640 3055 692 3122 2,
747 3050 1113 3121 decessitque
1145 3055 1176 3105 5
1206 3047 1333 3105 Kal.
1391 3048 1577 3104 Iunii.
1642 3047 1743 3103 Hic

121 3141 313 3199 missus
362 3140 930 3211 Constantinopolim
959 3140 1029 3196 ad
1087 3139 1377 3195 Iustinum
1409 3153 1440 3194 a
1490 3137 1744 3194 Theode-
1775 3178 1820 3215 η

120 3230 385 3301 rico,cum
413 3230 676 3289 venisset
711 3229 781 3285 ad
817 3235 1043 3301 portam
1076 3243 1330 3301 auream,
1363 3242 1581 3284 caecum
1615 3226 1744 3284 illu-
1778 3216 1823 3241 υ

117 3319 329 3376 minavit
358 3322 452 3393 (cf.
490 3322 733 3393 BEDAM).

172 3414 218 3464 7.
248 3413 316 3465 A.
353 3412 422 3465 D.
482 3414 614 3465 525.
672 3408 1056 3466 Theodericus
1110 3423 1215 3465 rex
1242 3407 1332 3441 ¹⁰¹³
1360 3408 1628 3465 Boeeium
1682 3413 1740 3463 et

115 3498 493 3567 Symmachum
545 3498 740 3569 gladio
770 3497 1113 3565 trucidavit,
1167 3499 1478 3555 Iohannem
1534 3511 1740 3570 papam

114 3588 242 3643 fame
271 3590 323 3644 in
354 3603 600 3646 carcere
659 3588 910 3661 necavit,
946 3589 1187 3660 ipseque
1241 3591 1339 3645 99°
1367 3588 1459 3645 die
1517 3588 1740 3645 interiit

111 3681 226 3744 post
259 3677 397 3735 haec.

172 3770 218 3822 8.
253 3766 414 3838 (01w.
462 3766 577 3839 W.)
608 3768 678 3823 A.
708 3769 778 3822 D.
819 3768 1227 3824 526.1ustinus
1244 3767 1635 3824 Iustinianum
1655 3782 1743 3824 re-

110 3854 195 3922 gni
220 3864 558 3914 consortem
590 3861 649 3912 et
678 3871 1079 3914 successorem
1112 3857 1349 3928 faciens,
1384 3858 1556 3914 obiit.
1599 3860 1742 3928 Aga-

114 3943 254 4012 pitus
279 3946 366 3979 1°“
418 3961 570 4019 papa
614 3950 741 4002 59“
769 3946 921 4004 sedit
976 3962 1158 4003 annos
1215 3947 1436 4018 decem,
1471 3946 1621 4003 obiit
1676 3951 1744 4003 10

110 4029 218 4088 Kal.
251 4034 383 4093 Mai.

172 4121 264 4189 (Η.
297 4128 402 4199 m.)
438 4128 608 4181 Anno
659 4126 729 4181 ab
762 4125 1161 4182 incarnatione
1205 4125 1427 4181 Domini
1486 4129 1636 4195 527°,
1668 4126 1741 4181 ab

110 4209 246 4268 Urbe
266 4216 506 4271 condita
531 4213 836 4271 millesimo
865 4218 1016 4283 278°,
1048 4213 1434 4285 Justinianus,
1469 4213 1622 4270 filius
1652 4228 1741 4270 so-

107 4303 246 4359 roris
262 4305 475 4360 Iustini
516 4303 905 4375 imperatoris,
939 4308 1035 4360 53°
1056 4304 1184 4360 loco
1208 4305 1279 4361 ab
1326 4306 1607 4373 Augusto,
1643 4303 1743 4358 im-

105 4393 315 4461 perium
349 4393 517 4450 solus
575 4393 851 4463 obtinuit,
886 4396 942 4448 et
973 4396 1043 4448 28
1070 4393 1237 4449 annis
1296 4392 1578 4463 regnavit.
1638 4393 1740 4450 Hic

105 4496 224 4537 mox
246 4488 309 4539 ut
336 4480 666 4556 imperialia
691 4481 822 4552 jura
841 4482 1126 4553 suscepit,
1153 4482 1222 4537 ad
1247 4480 1634 4552 reparandum
1657 4481 1742 4537 rei

1860 1892 1990 1942 rent
2020 1888 2075 1943 in
2109 1889 2655 1960 superliminaribus
2682 1892 2806 1946 suis
2841 1909 2853 1948 :
2892 1891 3170 1950 Christus
3200 1893 3503 1951 nobiscum

1855 1976 2027 2033 state.
2060 1977 2183 2043 Quo
2216 1978 2388 2049 facto,
2423 1979 2589 2035 stetit
2624 1979 2706 2034 ira
2738 1980 2858 2035 Dei.

1930 2067 2154 2122 Interea
2178 2066 2565 2137 Athalaricus,
2592 2084 2771 2140 nepos
2793 2070 3152 2142 Theoderici,
3169 2088 3267 2129 rex
3291 2076 3503 2132 Gotho~

1858 2169 2004 2227 rum,
2041 2171 2170 2213 cum
2220 2159 2423 2228 paucis
2454 2159 2619 2215 annis
2651 2165 2942 2231 regnaret,
2977 2159 3283 2219 immatura
3316 2168 3501 2219 morte

1859 2251 2176 2315 preventus
2201 2252 2309 2304 est.
2337 2249 2513 2319 Cujus
2536 2254 2721 2305 mater
2747 2249 3121 2308 Amalsuinda
3144 2252 3500 2309 Theodatum

1855 2337 2266 2393 consobrinum
2314 2353 2481 2394 suum
2533 2338 2647 2393 sibi
2703 2339 2947 2394 asscivit
2980 2340 3033 2395 in
3068 2356 3329 2411 regnum.
3390 2342 3499 2396 Sed

1856 2431 1990 2498 post
2015 2427 2140 2484 dies
2158 2426 2382 2497 aliquot
2407 2427 2609 2497 isdem,
2644 2427 2943 2485 immemor
2974 2429 3174 2485 collati
3210 2430 3496 2501 beneficii,

1855 2531 1981 2572 eam
2014 2516 2070 2571 in
2124 2516 2332 2573 balneo
2361 2517 2721 2587 strangulari
2752 2516 2842 2550 ίοίε
2873 2519 3157 2589 precepit.
3192 2518 3331 2585 Quia
3362 2534 3500 2575 vero

1857 2605 1977 2676 ipsa
2011 2606 2145 2661 dum
2189 2605 2410 2661 viveret
2444 2620 2506 2661 se
2550 2620 2835 2677 suumque
2866 2606 3042 2662 filium
3078 2608 3326 2679 principi
3357 2623 3503 2663 eom-

1855 2692 2251 2763 mendaverat,
2314 2693 2510 2749 audita
2544 2694 2671 2763 ejus
2702 2700 2910 2765 morte,
2970 2695 3288 2766 imperator
3336 2698 3501 2764 gravi

1854 2782 2078 2837 exarsit
2101 2781 2403 2838 iracundia
2427 2781 2481 2837 in
2504 2783 2876 2839 Theodatum.
2906 2782 3065 2848 Quod
3094 2783 3190 2838 ille
3214 2786 3493 2854 sentiens,

1856 2871 2164 2941 Agapitum
2196 2885 2401 2942 papam
2426 2871 2871 2927 intercessorem
2903 2871 3063 2926 misit
3096 2873 3499 2931 Constantino-

1856 2959 2320 3031 polim.Quicum
2347 2960 2606 3016 venisset
2637 2964 2696 3015 et
2718 2958 3069 3030 colloquium
3094 2976 3221 3016 cum
3255 2961 3499 3032 impera-

1855 3051 1981 3104 tore
2012 3050 2228 3104 habere
2252 3047 2342 3082 1°“
2368 3048 2664 3119 coepisset,
2696 3049 2916 3120 reperit
2947 3064 3076 3104 eum
3108 3050 3163 3103 in
3217 3050 3498 3106 Euticetis

1854 3138 2059 3211 dogma
2090 3138 2405 3195 corruisse.
2461 3137 2586 3203 Quo
2618 3138 2689 3193 ad
2723 3138 2853 3193 fidei
2907 3139 3165 3208 regulam
3200 3147 3496 3209 revocato,

1856 3227 2006 3283 idem
2038 3226 2322 3298 Agapitus
2355 3241 2499 3299 papa
2530 3227 2861 3283 Anthimum
2912 3229 3501 3299 Constantinopolita-

1854 3331 1989 3373 num
2019 3317 2377 3388 episcopum,
2430 3317 2528 3387 qui
2558 3317 2796 3372 eandem
2844 3317 3091 3374 heresim
3124 3318 3496 3388 defendebat,

1852 3405 2087 3477 publice
2118 3406 2391 3476 convicit,
2421 3420 2671 3477 eumque
2701 3407 3105 3463 communione
3138 3408 3408 3479 privavit,
3441 3414 3498 3464 ct

1855 3500 1918 3552 ut
1950 3496 2198 3551 eundem
2225 3495 2462 3551 exilium
2495 3496 2777 3565 mitteret,
2813 3496 3152 3567 imperatori
3186 3499 3496 3569 persuasit.

1853 3585 1973 3641 Hoc
2006 3585 2182 3655 facto,
2218 3599 2331 3640 non
2365 3583 2547 3640 multo
2582 3589 2713 3655 post
2748 3584 2897 3641 idem
2926 3587 3185 3657 pontifex
3217 3589 3502 3659 Agapitus

1854 3673 1933 3728 ibi
1964 3671 2054 3709 ¹⁰²⁰
2086 3674 2400 3731 defunctus
2430 3679 2538 3729 est.

1926 3764 2152 3818 Interea
2179 3778 2310 3820 cum
2333 3763 2455 3834 jam
2489 3777 2593 3834 per
2622 3762 2836 3819 multos
2864 3776 3045 3819 annos
3065 3764 3331 3820 Wandali
3355 3767 3503 3822 Afri-

1852 3865 1978 3906 cam
1999 3856 2291 3923 tenerent,
2317 3852 2476 3906 misit
2496 3852 2811 3923 imperator
2836 3852 3163 3908 Bilisarium
3189 3854 3498 3924 patricium

1854 3957 1985 4000 cum
2017 3941 2283 3998 exercitu
2340 3944 2546 3997 contra
2575 3954 2695 3996 eos.
2756 3940 2863 4006 Qui
2892 3941 3133 3997 veniens
3189 3944 3500 4014 tribusque

1854 4031 2173 4102 mensibus,
2209 4029 2265 4085 id
2313 4033 2405 4085 est
2436 4044 2466 4085 a
2500 4029 2776 4087 Kalendis
2823 4031 3181 4101 Septembris
3213 4048 3395 4104 usque
3426 4038 3498 4092 ad

1852 4120 2142 4177 Kalendas
2174 4119 2531 4190 Decembris,
2593 4134 2694 4175 eos
2726 4119 3086 4191 impugnans,
3121 4122 3319 4179 multis
3350 4126 3503 4181 oeci-

1853 4211 1953 4281 sis,
1988 4208 2219 4266 tandem
2252 4223 2354 4266 eos
2388 4208 2548 4279 vicit,
2582 4210 2949 4279 Kartaginem
3008 4210 3268 4283 intravit,
3306 4228 3500 4283 regem

1852 4298 2265 4357 Wandalorum
2298 4298 2674 4355 Gelismerem
2724 4299 2917 4355 vivum
2947 4300 3122 4371 cepit,
3157 4317 3502 4373 omnemque

1855 4389 2129 4458 Africam,
2156 4392 2290 4460 post
2308 4387 2617 4457 nonaginta
2641 4401 2744 4444 sex
2760 4402 2943 4445 annos
2965 4403 2994 4444 a
3018 4391 3504 4461 Wandalieojure

1855 4478 2184 4547 liberatam,
2210 4477 2465 4534 Romano
2489 4477 2736 4549 imperio
2757 4477 3028 4547 subjecit.
3057 4481 3271 4538 Deinde
3293 4493 3499 4547 contra

106 4571 343 4642 publicae
368 4545 592 4629 statum
617 4545 868 4628 animum
894 4545 1163 4640 intendit,
1189 4586 1255 4626 ac
1278 4545 1524 4642 primum
1545 4571 1744 4629 Bilisa—
1768 4545 1825 4608 D
1854 4545 2211 4625 Theodatum
2243 4567 2476 4637 missus,
2513 4545 2643 4624 eum
2668 4545 2892 4623 veniret
2910 4568 3183 4643 Siciliam,
3207 4545 3503 4638 Theodato

104 4662 239 4717 rium
266 4662 583 4736 patricium
610 4661 901 4730 ingentem
949 4660 1133 4717 virum
1157 4664 1359 4717 contra
1382 4661 1609 4731 Persas,
1644 4663 1742 4733 qui

104 4747 383 4808 Romanos
413 4751 562 4806 lines
594 4750 945 4819 invaserant,
979 4749 1214 4820 direxit,
1242 4748 1342 4820 qui
1364 4748 1433 4805 de
1465 4748 1581 4807 illis
1610 4751 1744 4808 viri-

102 4833 228 4895 liter
253 4839 666 4911 triumphavit.
714 4842 940 4894 Interea
969 4853 1072 4894 rex
1131 4839 1499 4909 Herulorum,
1537 4841 1742 4898 Gretes

101 4930 341 5002 nomine,
379 4945 516 4987 eum
564 4928 777 5001 populo
807 4923 912 4986 Suo
970 4928 1529 5001 (cnstantmOpolim
1561 4930 1739 5001 venit,

100 5021 300 5087 petens
316 5024 386 5076 ut
407 5019 834 5091 baptizaretur.
861 5019 1039 5085 Quem
1062 5018 1117 5074 in
1140 5019 1463 5091 epyphania
1488 5019 1744 5091 baptiza-

97 5108 212 5163 tum
242 5109 574 5183 imperator
603 5110 674 5168 de
725 5111 881 5168 fonte
913 5109 1193 5183 suscepit,
1227 5110 1660 5182 promittentem
1691 5109 1744 5167 ei

1857 4658 2190 4728 interfecto,
2248 4657 2479 4726 Witigis
2513 4671 2750 4726 regnum
2785 4658 2913 4727 ejus
2965 4658 3198 4731 invasit,
3234 4664 3335 4718 sed
3365 4682 3505 4724 eun-

1855 4748 1984 4805 dem
2014 4751 2248 4819 captum
2281 4745 2586 4802 Bilisarius
2611 4747 3168 4819 Constantinopolim
3201 4754 3496 4822 perduxit.
3528 4806 3534 4812 .

1854 4838 1940 4909 (P.
1971 4838 2034 4893 D.
2071 4853 2108 4906 ι,
2141 4836 2261 4906 25.)
2305 4834 2429 4889 Alia
2463 4848 2692 4904 quoque
2723 4834 2923 4904 praelia
2959 4837 3136 4893 multa
3184 4839 3333 4895 idem
3368 4844 3502 4901 Bili-

1854 4926 2044 4984 sarius
2077 4923 2166 4959 ¹⁰²¹
2188 4923 2499 4993 commisit,
2526 4923 2858 4994 multasque
2889 4929 3094 4993 gentes
3114 4927 3385 4986 bellando
3404 4932 3502 4990 de-

1854 5015 2213 5082 vicit;unde
2244 5018 2305 5070 et
2358 5016 2601 5083 prepter
2659 5012 2874 5069 multas
2932 5013 3211 5072 victorias
3267 5019 3499 5081 diversa

1860 5105 2166 5180 agnomina
2196 5103 2433 5175 meruit,
2483 5101 2564 5159 ita
2597 5107 2662 5160 ut
2692 5107 3008 5161 vocaretur
3068 5105 3499 5186 Alamannicus,

1458 5286 1695 5344 VARUE
1735 5281 2134 5340 LECTIONES.

160 5410 252 5487 “3”
267 5413 517 5487 [olim
542 5414 609 5471 in
635 5411 757 5472 cod.
817 5420 874 5472 1.
913 5412 1180 5472 excisum
1224 5413 1327 5487 est.
1411 5410 1503 5446 ¹⁰⁰⁹
1533 5410 1739 5487 divino
1777 5405 2071 5487 vincdjcte
2097 5410 2175 5466 9ο.
2260 5402 2353 5487 ίῗίο
2369 5406 2746 5487 comparavit
2772 5410 2822 5487 4_.
2856 5414 2932 5487 9°.

3022 5405 3113 5445 ίθίί
3143 5415 3271 5486 ῤ23.
3307 5417 3357 5470 4.
3392 5410 3503 5486 qui

92 5482 229 5543 inde
254 5480 328 5543 ᾱῦ
359 5489 575 5558 αλδ-2ο.
594 5516 665 5527 -
687 5488 817 5543 527.
845 5485 1469 5558 anmzmjorgm
1489 5482 1753 5558 exitiost.
1796 5553 1806 5558 _
1834 5482 1924 5558 ‘°_“
1942 5484 1983 5539 ῐ.
2021 5496 2168 5558 papa
2201 5481 2301 5553 qui
2327 5484 2386 5539 et
2406 5480 2577 5558 _m._‘5.
2657 5480 2749 5558 {‘f‘ff
2773 5483 2937 5558 deest
2961 5484 3003 5539 E
3035 5488 3083 5540 1.
3101 5483 3239 5558 βψ
3257 5480 3417 5558 Ηωὸ
3438 5499 3497 5543 α.

95 5558 211 5613 525.
246 5558 311 5614 Ε.

93 5622 180 5660 ¹⁰²¹
212 5628 316 5689 hic
341 5627 554 5699 vergit
574 5632 623 5683 1.

404 5554 502 5589 ιοιι
528 5557 564 5613 r.
598 5559 688 5614 est
716 5560 797 5614 9°.
875 5555 1208 5617 detE
1238 5553 1288 5613 1:
1367 5554 1457 5590 1°"
1488 5557 1556 5615 Β.
1590 5553 1967 5626 ίςίιιινί-Ε1ο

2047 5551 2587 5625 ιοίδιινέιηεειιιεινὶδ.
2663 5553 3027 5614 ¹⁰¹⁹άθθδι9ο.
3096 5554 3418 5613 1mibidcm
3444 5560 3497 5613 5-
