3952 6362
427 347 546 434 1'33

1591 352 2070 426 EKKEHARDI
2117 347 2672 424 URAUGIENSIS
3683 358 3778 425 784

429 498 730 575 Gothicus,
763 499 1096 573 Francicus,
1147 497 1542 571 Germanicus,
1582 499 1878 570 Alanicus,
1915 499 2080 555 Wan-
2106 498 2165 560 A
2194 497 2284 554 hic
2316 493 2600 554 habitare.
2627 515 2656 549 »
2707 493 2962 551 Veniens
2995 499 3186 551 autem
3221 499 3452 551 sanctus
3481 493 3778 557 Benedictus

429 593 670 664 dalicus,
701 593 1024 649 Africanus.
1054 591 1309 661 Magnam
1337 603 1566 660 quoque
1615 589 1859 659 gloriam
1893 593 1954 644 et
1981 587 2080 644 ho-

430 697 628 740 norem
653 683 805 754 apud
834 682 1245 752 imperatorem
1274 683 1332 734 et
1365 693 1564 734 omnes
1597 678 1912 749 eptimates
1933 676 2081 733 obti-

430 770 576 826 nuit.
606 770 834 840 (ΗΑη.)
861 768 1120 834 Quicum
1162 768 1358 822 Romae
1397 769 1748 835 moraretur,
1783 765 2079 820 Theodora

430 864 677 930 augusta
711 858 763 912 ei
798 855 1191 926 demandavit,
1227 860 1291 912 ut
1321 853 1626 911 Silverium
1662 869 1888 926 papam,
1917 851 2084 910 falso-

432 963 558 1004 rum
593 947 830 1003 testium
877 944 1252 1002 accusatione
1311 943 1664 1012 convictum,
1727 943 1991 999 truderet
2025 941 2082 997 in

429 1035 689 1106 exilium,
723 1049 792 1091 eo
821 1034 974 1105 quod
1021 1032 1383 1105 Anthimum;
1399 1031 1721 1088 hereticum
1757 1029 2084 1086 Constanti-

433 1123 833 1197 nopolitanum
876 1121 1236 1194 episcopum,
1269 1136 1438 1191 quem
1495 1121 1779 1191 Agapitus
1813 1134 1957 1190 papa
1988 1132 2084 1173 ex-

430 1211 902 1279 communicavit,
951 1209 1260 1265 absolvere
1309 1208 1610 1264 noluisset.
1671 1206 1835 1275 Quod
1886 1206 2084 1262 Bilisa-

433 1303 574 1372 rius,
601 1300 731 1356 licet
761 1299 986 1368 nolens,
1011 1297 1224 1368 ell‘ecit,
1265 1312 1513 1368 eumque
1537 1298 1604 1352 ad
1630 1297 1969 1352 Pontianam
2001 1296 2086 1350 in-

431 1390 618 1447 sulam
649 1388 932 1458 exiliavit,
996 1387 1090 1443 ubi
1123 1393 1183 1442 et
1212 1386 1385 1441 obiit.
1443 1385 1721 1442 Similiter
1748 1389 1809 1440 et
1840 1383 2085 1454 Vigilius

431 1493 601 1550 papa,
637 1490 946 1534 successor
977 1475 1128 1546 ejus,
1161 1488 1337 1530 causa
1370 1473 1631 1543 ejusdem
1667 1471 2084 1544 indignationis

430 1582 536 1639 per
556 1565 888 1623 Anthimum
909 1564 1235 1620 scribonem
1261 1561 1820 1632 Constantinopolim
1845 1561 2080 1631 ductus,

431 1655 564 1712 inde
595 1655 648 1710 in
707 1653 944 1710 exilium
991 1656 1084 1708 est
1141 1651 1356 1707 missus
1388 1651 1478 1721 (P.
1520 1652 1588 1706 D.
1630 1649 1676 1706 Ζ.
1717 1650 1790 1715 ι.)
1827 1651 1944 1706 Sub
1973 1651 2083 1706 hoc

433 1761 582 1819 papa
633 1743 843 1816 Vigilio
897 1747 1108 1800 Arator
1163 1740 1562 1798 subdiaconus
1610 1743 1806 1798 Romae
1862 1740 2076 1812 lloruit,

431 1839 728 1904 Actnsque
761 1830 1160 1904 apostolorum
1194 1829 1464 1886 versibus
1497 1831 1754 1902 scripsit.

501 1922 600 1978 His
632 1935 863 1992 quoque
911 1919 1277 1991 temporibus
1311 1917 1696 1975 Cassiodorus
1737 1919 1932 1974 Romae
1963 1922 2079 1973 tam

429 2009 681 2068 seculari
717 2023 886 2081 quam
908 2008 1100 2063 divina
1127 2007 1370 2063 scientia
1401 2007 1636 2078 claruit,
1663 2007 1759 2078 qui
1786 2007 1938 2062 inter
1969 2005 2080 2061 alia

431 2097 578 2154 bona
612 2111 739 2166 quae
765 2095 1002 2166 scripsit
1027 2093 1379 2166 psalmorum
1413 2099 1642 2150 secreta
1665 2094 1884 2165 optime
1907 2094 2084 2149 inter-

430 2190 698 2258 pretatus
732 2189 842 2240 est.
877 2185 995 2240 Iste
1015 2191 1186 2238 antea
1209 2182 1412 2239 consul
1435 2182 1566 2252 fuit,
1593 2181 1800 2238 deinde
1823 2187 2078 2254 senator,

429 2274 500 2330 ad
533 2274 800 2330 ultimum
834 2272 1172 2328 monachus.

502 2364 618 2418 lloc
647 2361 822 2418 etiam
856 2365 1116 2430 tempore
1149 2359 1440 2415 Dionisius
1497 2359 1680 2414 abbas
1715 2358 1770 2414 in
1827 2361 2082 2416 Romana

429 2451 574 2507 urbe
593 2450 844 2522 positus.
866 2447 1066 2519 cyclos
1087 2447 1390 2518 paschales
1411 2448 1707 2518 sapienter
1720 2449 2082 2521 composuit;

426 2539 528 2596 sed
557 2545 620 2596 et
669 2538 1007 2594 Priscianus
1053 2536 1428 2593 Caesariensis
1487 2537 1830 2607 profundum
1861 2552 2084 2608 grama-

427 2629 559 2686 ticze
588 2627 913 2698 inquisivit.

500 2718 608 2789 (In.
647 2732 706 2786 ιι,
748 2717 840 2787 9.)
892 2715 1051 2771 Felix
1081 2729 1311 2786 quoque
1361 2714 1750 2772 Tharvisianaa
1798 2715 2080 2772 zecclesize

425 2803 714 2876 presulet
762 2804 1121 2858 Fortunatus
1169 2800 1610 2872 condiscipulus
1663 2802 1791 2872 ejus
1820 2802 2076 2858 fuerunt.

423 2892 526 2950 Hic
558 2893 918 2949 Fortunatus
963 2890 1070 2946 fuit
1103 2891 1176 2946 de
1206 2889 1335 2946 loco
1361 2891 1456 2961 qui
1489 2889 1705 2947 dicitur
1733 2890 2076 2964 Duplabilis,

425 2995 536 3037 non
567 2980 740 3050 longe
769 2994 798 3035 a
827 2979 1152 3046 Tharvisio,
1177 2979 1554 3048 gramatieam
1580 2993 1721 3035 vero
1749 2982 1810 3035 et
1832 2979 2083 3036 rethori-

421 3082 546 3126 cam
601 3067 808 3124 didicit
863 3065 1017 3138 apud
1076 3067 1424 3122 Ravennam.
1488 3067 1759 3134 Quicum
1819 3067 2076 3124 dolorem

422 3161 731 3230 pateretur
786 3154 1070 3225 dentium,
1125 3154 1412 3226 simulque
1467 3155 1660 3211 socius
1714 3155 1842 3225 ejus
1897 3155 2074 3225 Felix,

423 3244 694 3302 abierunt
727 3244 896 3300 ambo
928 3243 999 3298 ad
1051 3243 1376 3299 accclesiam
1407 3249 1740 3300 sanctorum
1803 3243 2082 3302 Johannis

423 3340 484 3391 et
513 3333 696 3403 Pauli,
749 3347 875 3403 qua}
904 3337 996 3387 est
1056 3331 1112 3386 in
1142 3331 1343 3388 eadem
1403 3331 1643 3388 civitate
1699 3333 1988 3405 Ravenna,
2023 3334 2078 3389 in

425 3437 536 3494 qua
569 3427 659 3478 cst
689 3425 749 3477 et
791 3419 977 3476 altare
1010 3421 1195 3476 sancti
1229 3421 1474 3490 Martini,
1519 3421 1682 3490 juxta
1743 3423 1896 3494 quod
1931 3423 2082 3480 fene-

424 3515 546 3568 stra
569 3513 678 3579 est,
705 3508 758 3564 in
785 3523 894 3580 qua
931 3507 1166 3564 lucerna
1201 3509 1333 3579 poni
1382 3507 1630 3580 solebat,
1651 3509 1721 3566 de
1751 3511 1918 3581 cujus
1947 3511 2079 3568 oleo

424 3611 603 3671 super
632 3595 838 3654 oculos
875 3611 1014 3653 suos
1041 3601 1386 3668 posuerunt,
1413 3603 1471 3652 et
1516 3599 1820 3654 sanitatem
1845 3613 2082 3672 recepe-

423 3692 580 3744 runt.
618 3689 730 3742 Pro
763 3701 873 3756 qua
907 3699 1083 3742 causa
1117 3687 1472 3742 Fortunatus
1506 3685 1739 3743 beatum
1773 3688 2077 3745 Martinam

422 3777 476 3832 in
511 3779 735 3832 tantum
771 3773 1001 3844 dilexit,
1038 3779 1095 3830 ut
1135 3773 1379 3845 patriam
1423 3774 1749 3845 dimittens,
1785 3777 1852 3832 ad
1889 3775 2080 3848 sepul-

419 3865 620 3922 chrum
645 3864 771 3935 ejus
791 3865 1082 3920 Turonum
1107 3864 1356 3933 veniret,
1380 3867 1690 3934 antequam
1713 3864 2079 3934 Longobardi

421 3953 642 4011 Italiam
679 3955 1000 4020 intrarent;
1048 3952 1297 4023 indeque
1345 3951 1664 4008 Pictavium
1697 3953 1945 4010 tendens
1975 3955 2082 4010 ibi-

421 4057 532 4114 que
583 4056 839 4111 manens,
896 4040 1110 4098 multas
1167 4041 1476 4111 passiones
1529 4048 1894 4113 sanctorum,
1935 4043 2080 4100 alias

420 4145 525 4204 per
561 4145 787 4198 versus,
807 4129 953 4186 alias
976 4145 1080 4202 per
1108 4145 1320 4200 prosas
1350 4131 1706 4202 composuit,
1746 4131 1942 4202 ibique
1964 4133 2080 4205 pri-

421 4235 576 4276 mum
610 4219 925 4292 presbiter,
961 4225 1156 4290 postea
1181 4220 1496 4292 episcopus
1528 4221 1718 4276 factus
1745 4225 1857 4277 est.

491 4309 604 4381 (la.
627 4322 666 4379 ι,
695 4310 822 4381 26.)
847 4309 1079 4365 Hisdem
1115 4309 1481 4380 temporibus
1519 4313 1758 4366 sanctus
1789 4314 1956 4382 pater
1987 4309 2080 4346 ¹⁰²²

421 4396 784 4455 Benedictus
808 4400 939 4470 post
963 4397 1361 4454 heremiticam
1387 4398 1587 4470 vitam,
1629 4413 1798 4470 quam
1823 4399 1988 4458 duxit
2021 4402 2076 4458 in

420 4485 554 4546 loco
575 4487 671 4544 cui
693 4487 980 4544 Sublacus
1014 4487 1360 4544 vocabulum
1385 4490 1498 4557 est,
1525 4487 1582 4542 in
1605 4493 1802 4546 monte
1834 4490 2078 4548 Cassino

2109 1856 2166 1918 B

2194 588 2248 643 in
2279 586 2672 644 summitatem
2693 585 2928 654 montis,
2952 585 3006 639 in
3025 598 3226 655 magna
3249 598 3314 640 se
3337 583 3782 645 constrinxitabs

2192 675 2470 742 tinentia;
2507 676 2780 746 factoque
2822 673 3196 744 monasterio,
3232 672 3510 729 habitavit
3538 674 3628 744 ibi,
3657 676 3780 734 sicut

2193 764 2246 820 in
2281 763 2512 835 dialogo
2541 765 2622 835 (Il,
2657 768 2708 836 1)
2741 763 2974 834 legitur.

2263 851 2363 921 (H.
2395 857 2500 926 φη.)
2534 855 2653 908 Hoc
2698 851 2905 909 eodem
2942 857 3204 922 tempore
3234 863 3378 920 gens
3434 851 3778 920 Longobardo-

2192 955 2339 1010 rum,
2375 942 2556 998 amica
2584 944 2725 998 tunc
2755 942 3014 996 Romano
3060 937 3295 1010 populo,
3331 937 3385 994 in
3412 939 3674 996 Pannonia
3706 941 3780 996 ba-

2193 1030 2438 1100 bitabat,
2463 1031 2556 1088 cui
2579 1037 2718 1086 tunc
2751 1031 2808 1085 in
2841 1028 3003 1098 regni
3037 1026 3432 1098 gubernaculo
3463 1028 3662 1084 Audoin
3687 1045 3786 1099 pre-

2191 1123 2341 1189 erat,
2372 1118 2646 1190 omnique
2677 1123 2962 1188 tempore,
3000 1131 3115 1187 quo
3151 1115 3502 1185 Longobardi
3529 1115 3580 1171 in
3608 1117 3788 1174 Panno-

2193 1207 2283 1263 nia
2301 1207 2942 1276 hahitabantﬁomanaa
2959 1205 3040 1261 rei
3056 1203 3309 1276 publicae
3321 1205 3594 1260 adversus
3605 1205 3786 1262 emulos

2193 1296 2495 1366 adjutores
2516 1299 2703 1352 erant.
2740 1293 2902 1351 Unde
2929 1298 2989 1350 et
3019 1293 3248 1364 Alboin,
3283 1291 3526 1349 Audoini
3550 1291 3696 1363 ﬁlius,
3716 1309 3784 1350 ro-

2191 1389 2364 1454 gatus
2397 1399 2427 1440 a
2453 1385 2714 1454 Narsete,
2742 1397 2912 1454 quem
2933 1382 3300 1439 Justinianns
3321 1380 3620 1438 exarchum
3639 1381 3784 1439 Italia:

2195 1473 2332 1528 fecit
2359 1477 2416 1529 et
2449 1473 2502 1528 in
2537 1473 2931 1529 defensionem
2950 1473 3337 1528 Romanorum
3362 1473 3556 1526 contra
3585 1471 3782 1525 Totilam

2193 1562 2507 1619 Gothorum
2536 1576 2725 1631 regem
2755 1560 2991 1631 direxit,
3028 1558 3279 1616 validam
3313 1559 3368 1614 ei
3402 1574 3615 1615 manum
3643 1559 3691 1614 in
3713 1574 3784 1616 au-

2193 1649 2395 1706 xilium
2429 1649 2608 1720 misit,
2644 1663 2759 1720 qua
2792 1649 2976 1705 fretus
2997 1649 3230 1719 Narses,
3261 1646 3501 1704 Totilam
3523 1646 3668 1718 vicit,
3696 1662 3784 1704 om.

2193 1753 2439 1808 nemque
2463 1737 2688 1792 Italiam
2712 1752 2742 1793 a
2761 1741 3056 1809 potestate
3080 1737 3402 1793 Gothorum
3421 1737 3647 1792 liberam
3665 1735 3790 1792 dein-

2193 1841 2333 1898 ceps
2369 1827 2526 1882 fecit.

2268 1914 2569 1972 Bilisarius
2603 1919 2796 1972 autem
2821 1914 3106 1987 patricius
3134 1917 3452 1971 accusatus
3481 1913 3622 1985 apud
3651 1913 3794 1986 impe-

2195 2008 2469 2074 ratorem,
2507 2005 2661 2076 quod
2692 2003 2978 2060 adversus
3007 2019 3138 2060 eum
3173 2003 3590 2074 conspirasset,
3623 2002 3795 2058 ablatis

2194 2094 2484 2164 omnibus,
2537 2093 2748 2150 missus
2794 2097 2886 2149 est
2917 2093 2974 2148 in
3003 2092 3370 2158 custodiam;
3421 2091 3522 2148 sed
3552 2097 3669 2164 post
3709 2105 3794 2146 non

2195 2182 2439 2239 multum
2475 2187 2706 2254 tempus
2735 2181 3032 2252 dimissus,
3067 2181 3258 2238 omnia
3291 2181 3534 2254 recepit.

2262 2270 2626 2328 Iustinianus
2650 2286 2788 2328 vero
2809 2270 3130 2342 imperator
3153 2275 3464 2341 postquam
3490 2271 3556 2325 38
3569 2267 3712 2326 annis
3728 2264 3798 2300 ¹⁰²³

2195 2359 2482 2430 regnavit,
2513 2361 2692 2416 rebus
2724 2357 2987 2416 humanis
3018 2358 3296 2416 excessit.

2195 2449 2341 2504 Anni
2372 2449 2702 2504 Iustiniani.

2266 2535 2367 2607 (Η.
2397 2535 2497 2608 m.)
2531 2537 2724 2593 Primo
2755 2537 2930 2608 hujus
2953 2551 3102 2592 anno
3130 2535 3356 2592 missus
3401 2539 3595 2592 contra
3621 2535 3796 2590 Persas

2193 2623 2498 2681 Bilisarius
2528 2625 2814 2696 patricius
2846 2625 3070 2695 magnis
3098 2639 3200 2682 eos
3229 2624 3456 2697 praeliis
3482 2623 3638 2693 fudit,
3667 2625 3715 2677 et
3739 2634 3793 2674 ex

2190 2712 2494 2770 voluntate
2543 2713 2820 2786 principis
2857 2713 3422 2786 Constantinopolim
3477 2709 3792 2784 triumphans

2192 2801 2453 2858 intravit.

2260 2895 2312 2948 2.
2345 2895 2390 2947 Α
2423 2893 2484 2949 D.
2517 2895 2639 2948 528.
2689 2895 3060 2950 Terremotus
3109 2906 3358 2964 magnus
3413 2887 3792 2948 Antiochiam-

2187 2985 2322 3038 οιιιε
2349 2985 2456 3037 est.

2261 3075 2311 3124 3.
2339 3072 2404 3126 A.
2429 3072 2494 3126 D.
2517 3073 2638 3126 529.
2663 3071 3027 3128 Justinianus
3044 3070 3397 3128 sententiam
3421 3065 3788 3143 promulgavit,

2190 3173 2261 3214 ne
2285 3157 2606 3216 militarent
2627 3161 2834 3232 pagani
2857 3160 2949 3216 vel
2973 3159 3236 3230 heretici,
3263 3160 3413 3216 dans
3436 3159 3518 3215 illi
3541 3164 3653 3214 tres
3671 3170 3792 3212 men-

2192 3261 2289 3304 ses
2319 3246 2388 3302 ad
2423 3246 2688 3304 inducias
2720 3249 3140 3306 conversionis.

2260 3340 2312 3392 6.
2347 3335 2513 3406 (0hr.
2572 3337 2676 3404 W.)
2704 3340 2773 3392 A.
2805 3340 2876 3394 D.
2933 3343 3062 3395 532.
3100 3338 3395 3396 Dionisins
3427 3337 3604 3394 abbas
3629 3335 3791 3392 Roma-

2191 3438 2300 3481 nus
2331 3424 2634 3496 paschales
2665 3425 2863 3496 cyclos
2895 3429 2968 3482 ab
3009 3428 3117 3486 hoc
3149 3426 3448 3484 inchoavit
3477 3441 3643 3483 anno.

2261 3517 2320 3570 8.
2354 3513 2443 3586 (Η
2449 3557 2460 3570 .
2480 3517 2596 3577 m.)
2618 3517 2663 3569 A
2710 3515 2781 3571 D.
2803 3519 2930 3571 534.
2959 3517 3020 3570 In
3048 3515 3451 3587 Pompeiopoli
3482 3515 3661 3585 Misym
3687 3507 3800 3566 civi-

2189 3607 2314 3658 tate
2337 3603 2516 3659 scissa
2539 3605 2631 3658 est
2655 3607 2813 3658 terra
2831 3607 3223 3674 aterremotu,
3239 3609 3299 3660 et
3320 3605 3592 3660 obrutum
3613 3605 3799 3656 estme-

2191 3691 2347 3746 dium
2379 3691 2639 3748 civitatis
2677 3707 2810 3748 cum
2840 3693 3296 3764 habitatoribus,
3347 3697 3406 3749 et
3437 3706 3605 3749 voces
3631 3701 3800 3746 eorum

2191 3779 2408 3836 auditas
2431 3785 2566 3837 sunt
2583 3779 2654 3836 de
2667 3781 2879 3838 subtus
2892 3787 3045 3838 terra
3070 3781 3468 3854 clamantium,
3495 3785 3556 3838 ut
3574 3778 3674 3836 sibi
3694 3790 3803 3832 suc-

2189 3874 2565 3938 curreretur;
2596 3874 2653 3926 et
2701 3869 3018 3942 imperator
3048 3873 3121 3929 ad
3151 3871 3490 3928 educendos
3519 3885 3618 3928 eos
3649 3863 3801 3924 multa

2193 3957 2450 4027 donavit,
2477 3957 2859 4030 viventesque
2881 3959 3206 4018 liberaliter
3223 3961 3516 4018 liberavit.
3536 3990 3600 4000 —
3620 3954 3800 4014 Eodem

2192 4061 2341 4103 anno
2364 4047 2984 4108 tradiditlustinianus
3003 4051 3074 4107 ad
3099 4051 3460 4122 psallendum
3476 4041 3810 4107 aecclesiasil.

2191 4133 2288 4193 lud
2305 4135 2459 4207 quod
2476 4136 2734 4194 canitur:
2755 4138 2905 4210 Unig
2917 4139 3112 4197 enitus
3125 4139 3322 4198 Filius
3335 4141 3397 4197 et
3435 4135 3798 4196 VerbumDei.

2265 4222 2356 4282 10.
2380 4226 2452 4280 Α.
2481 4227 2554 4281 D.
2582 4228 2711 4281 536.
2743 4225 3026 4284 Silverius
3049 4242 3192 4300 papa
3226 4232 3352 4284 60“
3384 4227 3538 4285 sedit
3567 4237 3736 4281 annos
3757 4223 3802 4292 2,

2191 4313 2340 4371 obiit
2373 4318 2436 4370 12
2465 4314 2596 4372 Kal.
2627 4313 2790 4370 Julii.
3456 4377 3463 4384 ,

2261 4407 2320 4460 11
2387 4405 2460 4459 Α.
2489 4405 2558 4460 D.
2587 4409 2718 4461 537.
2764 4405 3176 4476 Theodericus,
3209 4405 3362 4462 ﬁlius
3395 4401 3679 4472 Clodovei,
3711 4397 3806 4453 fra-

2195 4495 2284 4547 ter
2307 4491 2583 4563 I.otharii,
2607 4492 2754 4549 obiit
2777 4507 2925 4548 anno
2947 4493 3110 4564 regni
3145 4495 3231 4551 sui
3263 4497 3381 4564 23°,
3409 4492 3728 4562 relinquens
3755 4484 3804 4539 ﬁ-

419 4576 690 4634 doctrina
743 4580 802 4632 et
852 4575 1152 4632 miraculis
1183 4575 1417 4632 claruit.
1479 4576 1604 4644 Quo
1640 4592 1772 4634 cum
1830 4579 2077 4650 primum
2108 4567 2164 4628 D
2194 4579 2334 4636 lium
2362 4571 2824 4638 Theodebertum
2854 4581 2950 4652 (cf.
2985 4581 3054 4641 θ.
3079 4584 3238 4656 Ρη).

417 4667 712 4736 tenderet,
744 4663 949 4722 relicta
985 4664 1178 4736 priore
1211 4663 1580 4722 habitatione
1633 4682 1708 4722 ex
1741 4667 1934 4724 divina
1961 4669 2080 4740 jus-

417 4757 604 4828 sione,
631 4761 756 4812 tres
781 4753 964 4825 corvi,
987 4767 1132 4824 quos
1161 4752 1408 4810 cottidie
1431 4755 1754 4824 nutriebat,
1789 4773 1971 4828 prope
1999 4757 2082 4830 ip-

417 4859 543 4903 sum
576 4857 811 4916 semper
833 4841 1088 4900 volando
1123 4842 1310 4898 secuti
1335 4851 1473 4900 sunt
1495 4859 1648 4916 eum,
1679 4849 1742 4902 ut
1777 4844 1832 4900 in
1865 4847 2084 4917 Longo-

416 4933 732 4992 bardorum
765 4931 1025 5004 hysteria
1087 4931 1394 4988 scribitur.
1433 4933 1691 5004 Cumque
1747 4934 1972 4991 veniret
2007 4936 2080 4992 ad

416 5021 706 5094 quoddam
734 5021 974 5091 bivium,
993 5019 1110 5078 duo
1128 5019 1320 5091 angeli
1341 5023 1700 5093 apparebant
1722 5027 1782 5079 et
1802 5022 2080 5095 inspecie

417 5108 668 5169 duorum
694 5109 995 5180 juvenum,
1047 5109 1430 5166 ostendentes
1461 5109 1534 5179 ei,
1571 5125 1676 5182 per
1726 5125 1894 5182 quam
1926 5113 2078 5170 viam

417 5197 502 5256 ire
528 5198 794 5256 deberet.
833 5200 891 5255 In
929 5199 1060 5256 loco
1089 5202 1286 5254 autem
1317 5197 1443 5270 ipso
1475 5199 1708 5269 quidam
1739 5201 1837 5257 Dei
1871 5217 2080 5260 servus

417 5284 744 5356 habitabat,
776 5287 872 5343 cui
905 5302 1016 5344 vox
1048 5287 1120 5344 de
1150 5285 1297 5344 casio
1346 5287 1618 5344 dicebat:
1667 5289 1790 5347 His
1811 5290 1878 5346 tu
1897 5305 2080 5362 per“

418 5373 584 5446 locis,
615 5375 774 5434 alter
823 5377 1056 5435 amicus
1083 5375 1272 5433 adest.
1316 5374 1480 5442 Quod
1509 5376 1776 5448 apertius
1807 5377 2028 5438 dicitur
2062 5400 2075 5437 :

421 5483 448 5511 ι
478 5463 698 5535 Amice,
723 5462 818 5520 exi
868 5463 938 5520 de
975 5463 1106 5522 loco
1130 5465 1266 5535 isto,
1300 5463 1432 5535 quia
1467 5463 1617 5522 alter
1650 5465 1872 5524 amicus
1902 5467 2080 5526 debet

2263 4672 2358 4724 12.
2399 4671 2469 4724 A.
2499 4669 2570 4724 Ι).
2603 4673 2732 4726 538.
2762 4669 3009 4740 Vigilius
3037 4686 3182 4743 papa
3207 4676 3334 4728 61m
3356 4667 3508 4727 sedit
3539 4664 3699 4722 annis
3725 4662 3799 4718 lt.

2263 4761 2358 4812 12.
2389 4756 2499 4826 (Η.
2527 4757 2644 4829 m.)
2669 4760 2736 4813 Α.
2765 4759 2836 4814 D.
2859 4761 2988 4814 539.
3012 4757 3258 4815 Mundus
3276 4756 3503 4830 quidam
3525 4768 3595 4810 ex
3612 4759 3807 4822 genere

2191 4844 2543 4916 Gepidarum
2573 4846 2835 4904 sociatus
2864 4852 2952 4905 est
2983 4848 3282 4904 Romanis.

2263 4934 2411 4990 Anni
2443 4934 2517 4991 ab
2547 4935 2724 4992 inicio
2757 4936 2952 4993 mundi
2986 4939 3144 4994 4500.

2263 5027 2356 5080 15.
2386 5025 2460 5078 Α.
2488 5025 2559 5079 D.
2601 5025 2732 5082 541.
2763 5025 3049 5097 Ypapanti
3073 5024 3291 5082 Domini
3314 5022 3566 5096 sumpsit
3595 5015 3802 5082 iniciam

2192 5117 2258 5169 ut
2286 5111 2692 5170 celebraretur
2713 5114 2868 5186 apud
2890 5113 3234 5185 Bizantium,
3257 5118 3392 5170 cum
3410 5115 3567 5170 esset
3589 5122 3655 5166 eo
3674 5115 3804 5163 anno

2191 5201 2271 5259 ibi
2302 5216 2507 5273 magna
2538 5201 2892 5260 mortalitas.

2263 5293 2358 5348 17.
2383 5293 2455 5348 A.
2485 5291 2557 5347 D.
2587 5293 2720 5348 543.
2753 5293 2964 5349 Factus
2993 5294 3086 5348 est
3117 5294 3480 5348 terremotus
3509 5297 3732 5357 magnus
3754 5279 3802 5334 iu

2191 5379 2466 5438 universo
2498 5379 2744 5448 mundo;
2777 5381 3096 5452 eodemque
3125 5393 3274 5436 anno
3294 5376 3576 5453 apparuit
3604 5369 3804 5447 quidam

2189 5484 2263 5526 ex
2293 5467 2532 5540 regione
2543 5468 2845 5543 Italorum,
2861 5468 3089 5526 nomine
3102 5465 3392 5540 Andreas,
3415 5462 3694 5543 pervillas
3713 5455 3808 5514 dis-

1787 5591 2023 5651 VARIA‘I
2064 5592 2464 5656 LECTIONES.

497 5653 587 5697 tua
617 5674 674 5738 ρ,
710 5660 916 5715 noster
945 5659 1026 5722 1b,
1106 5657 1202 5696 “3’
1230 5657 1398 5718 ἀϐϐϐι
1423 5665 1476 5720 1.
