3952 6332
170 281 298 346 789

1068 273 1508 343 CHRONICA.
1544 306 1621 321 —
1654 268 2135 337 CHRONICON
2177 273 2727 340 UNIVERSALE.

3478 279 3604 344 790

176 414 434 477 Godeoc.
490 412 618 484 Quo
670 416 921 486 mortuo,
973 411 1127 472 illius
1158 411 1283 486 ejus
1312 410 1529 485 Calpho
1568 407 1833 481 regnavit
1866 407 1918 467 A
1952 416 2085 476 dum
2106 413 2340 474 brachia
2362 418 3110 489 extenderent,crudeliter
3128 421 3199 476 ab
3218 419 3489 477 hostibus
3505 431 3599 476 ce-

178 512 407 566 sextus.
459 507 528 564 Et
577 505 692 563 isto
745 508 996 575 mortuo,
1043 503 1311 573 regnavit
1344 501 1629 575 septimus
1657 499 1829 556 Tado.

175 599 324 653 Post
352 596 473 653 hac
506 594 729 666 egressi
764 592 1125 663 Longobardi
1158 591 1230 650 de
1258 591 1552 663 Rugilant,
1588 603 1716 661 quas
1739 589 1838 645 La-

176 686 309 742 tino
336 684 574 756 eloquio
604 686 901 755 Rugorum
931 683 1116 755 patria
1150 681 1388 752 dicitur,
1424 680 1833 737 habitaverunt

177 775 240 832 in
266 774 490 847 apertis
518 773 760 847 campis,
794 771 891 844 qui
914 786 1177 829 sermone
1207 770 1513 828 barbarico
1545 766 1841 841 appellan-

176 869 289 921 tur
319 863 441 922 felt.
486 864 548 919 In
580 878 697 935 quo
729 861 856 919 loco
886 862 1021 919 dum
1056 876 1159 933 per
1193 865 1318 916 tres
1360 874 1542 915 annos
1585 858 1839 914 habitas-

182 956 346 1022 sent,
383 966 573 1024 pugna
606 951 868 1008 surrexit
898 950 1051 1007 inter
1077 949 1362 1007 Tadonem
1395 953 1455 1005 et
1486 946 1837 1005 Ruodolfum

180 1056 383 1112 regem
414 1040 785 1109 Herulorum,
821 1039 916 1110 qui
953 1039 1116 1111 prius
1147 1038 1312 1093 amici
1348 1038 1608 1099 fuerunt;
1641 1039 1702 1091 et
1730 1035 1838 1091 hoc

182 1130 297 1187 fuit
331 1129 565 1198 malum,
600 1128 753 1185 unde
787 1128 840 1184 in
873 1142 974 1184 eos
1005 1126 1295 1183 discordia
1334 1125 1593 1181 intravit.
1636 1125 1838 1180 Frater

181 1217 459 1275 Ruodolﬂ
487 1216 644 1288 regis
664 1232 769 1289 pro
791 1230 964 1273 causa
988 1216 1149 1288 pacis
1172 1216 1240 1272 ad
1264 1215 1550 1271 Tadonem
1571 1217 1834 1284 venerat,

180 1310 241 1362 et
270 1321 401 1363 cum
425 1306 498 1363 ad
525 1320 687 1363 suam
713 1305 958 1378 patriam
986 1304 1200 1361 reverti
1224 1303 1423 1374 vellet,
1448 1308 1583 1359 ante
1606 1301 1836 1360 domum

177 1395 587 1466 Rumetrudaa,
624 1394 756 1451 filiae
788 1394 966 1464 regis,
997 1393 1255 1450 transiit.
1288 1392 1390 1449 llla
1422 1406 1562 1449 vero
1595 1405 1723 1448 cum
1756 1390 1839 1447 vi-

182 1488 360 1546 deret
385 1487 602 1545 multos
626 1487 786 1544 viros
811 1486 1034 1544 nobiles
1056 1486 1140 1543 ire
1157 1500 1287 1544 cum
1309 1500 1398 1555 eo,
1426 1484 1834 1555 interrogavit,

184 1578 322 1647 quis
350 1579 533 1647 esset,
565 1576 903 1647 dictumque
924 1580 1017 1633 est
1040 1575 1145 1647 illi,
1175 1574 1329 1647 quod
1361 1575 1541 1631 frater
1568 1572 1834 1630 Ruodolfl

179 1666 353 1735 regis
384 1665 610 1722 fuisset.
643 1666 798 1721 Tunc
823 1664 920 1720 illa
945 1664 1104 1721 misit
1136 1662 1407 1736 puellam,
1440 1676 1567 1733 qum
1595 1677 1725 1719 eum
1757 1660 1839 1715 in-

1951 508 2257 565 debantur.
2301 509 2663 580 Langobardi
2705 511 2903 581 itaque
2933 508 3190 566 victores
3220 508 3431 577 effecti,
3465 522 3600 580 pre-

1951 595 2080 653 dam
2102 612 2361 668 magnam
2382 598 2537 655 inter
2552 613 2614 655 se
2630 599 2954 655 diviserunt
2971 615 2985 663 ;
3001 598 3156 654 Tado
3169 612 3307 653 vero
3320 596 3596 653 vexillum

1948 689 2009 741 et
2029 686 2252 757 galeam
2277 687 2542 745 Buodolfl
2568 688 2724 758 regis
2749 688 2997 760 accepit,
3029 701 3197 758 quam
3221 690 3425 758 postea
3451 700 3599 742 sem-

1952 790 2055 846 per
2084 776 2138 832 in
2168 776 2323 833 bello
2365 776 2641 848 portavit.
2677 779 2760 836 Ex
2801 775 2900 833 illo
2938 781 3205 847 tempore
3245 774 3593 831 llerulorum

1949 863 2140 920 virtus
2172 866 2254 921 sic
2287 865 2587 923 humiliata
2617 871 2729 933 est,
2765 872 2827 923 ut
2849 880 3027 937 super
3048 880 3109 921 se
3133 878 3324 931 regem
3349 862 3598 934 amplius

1950 968 2062 1010 non
2086 954 2154 1010 ha
2167 956 2400 1023 herent;
2425 957 2787 1025 Longobardi
2812 972 2950 1012 vero
2972 971 3043 1013 ex
3064 956 3175 1011 hoc
3198 954 3412 1009 divites
3434 952 3595 1021 facti,

1947 1049 2255 1116 coeperunt
2287 1045 2357 1101 de
2394 1046 2623 1118 propria
2664 1045 2967 1103 voluntate
3000 1059 3224 1115 pugnas
3256 1056 3505 1114 querere
3534 1045 3593 1098 et

1946 1132 2192 1201 gloriam
2220 1134 2619 1206 virtutemque
2650 1150 2812 1192 suam
2842 1135 3058 1205 ubique
3085 1132 3421 1190 extendere.
3452 1133 3596 1187 Post

1949 1220 2069 1278 haec
2099 1223 2252 1279 Tado
2285 1223 2355 1279 de
2380 1238 2480 1280 sua
2516 1224 2760 1281 victoria
2793 1238 2905 1279 non
2939 1223 3183 1279 multum
3212 1222 3448 1278 ltetatus
3469 1223 3592 1285 est;

1949 1326 2076 1367 nam
2110 1312 2279 1369 irruit
2314 1328 2490 1386 super
2521 1329 2651 1371 eum
2682 1315 2918 1385 Wacho,
2955 1311 3107 1368 illius
3141 1311 3342 1367 fratris
3372 1310 3460 1366 sui
3491 1310 3597 1365 Zu-

1947 1400 2218 1470 chilonis,
2249 1406 2309 1457 et
2337 1403 2554 1459 occidit
2589 1417 2748 1460 eum.
2793 1405 2948 1459 Tunc
2990 1400 3271 1469 Hildcgis,
3319 1398 3470 1454 illius
3495 1399 3598 1453 Ta-

1950 1487 2136 1553 donis,
2172 1492 2448 1562 pugnavit
2472 1491 2754 1549 adversus
2774 1492 3146 1553 Wacbonem,
3174 1487 3275 1545 sed
3299 1487 3438 1544 vicit
3462 1500 3592 1542 cum

1948 1578 2185 1635 Wacho.
2228 1579 2333 1646 Qui
2378 1580 2523 1650 fugit
2555 1580 2624 1636 ad
2660 1580 2927 1652 Gepidos,
2971 1583 3026 1635 et
3068 1578 3145 1634 ibi
3187 1582 3451 1633 mortuus
3482 1578 3590 1631 est.

1950 1666 2061 1721 Pro
2093 1682 2202 1738 qua
2229 1682 2400 1726 causa
2432 1669 2799 1738 Longobardi
2828 1684 2958 1725 cum
2987 1666 3224 1739 Gepidis
3254 1681 3325 1721 ex
3355 1680 3426 1720 co
3454 1668 3600 1720 tem-

177 1754 435 1825 vitaret,
461 1758 521 1808 ut
542 1753 881 1823 dignaretur
903 1768 1033 1809 cum
1056 1767 1121 1809 ea
1148 1752 1365 1809 bibere.
1394 1752 1498 1818 Qui
1526 1755 1590 1808 ut
1611 1750 1718 1807 hoc
1741 1765 1839 1806 au-
1865 1768 1922 1831 Β
1954 1768 2094 1823 pore
2145 1755 2429 1813 inimicias
2480 1756 2830 1812 habuerunt.
2881 1756 3094 1812 Habuit
3141 1758 3329 1810 autem
3380 1752 3595 1807 Wacho

178 1842 361 1912 divit,
393 1858 519 1899 cum
552 1841 798 1914 simplici
830 1842 1008 1898 corde
1037 1841 1214 1898 venit.
1251 1840 1360 1899 Sed
1391 1841 1521 1912 quia
1555 1839 1835 1896 modicam

177 1932 475 1983 staturam
501 1927 773 1998 habebat,
794 1927 986 1999 puella
1010 1928 1261 1999 superba
1286 1931 1347 1983 et
1367 1926 1624 1997 gloriosa
1648 1925 1839 1996 despi-

179 2017 387 2073 ciebat
416 2030 544 2072 eum
570 2021 629 2072 et
649 2016 974 2073 deridebat.
1009 2017 1112 2073 llle
1144 2020 1337 2073 autem
1360 2015 1532 2071 talem
1560 2028 1838 2071 verecun-

183 2105 347 2162 diam
389 2120 503 2161 non
546 2105 866 2176 sustinens,
911 2105 1158 2177 amplius
1195 2120 1319 2161 eam
1362 2103 1684 2176 injuriavit.
1734 2102 1833 2159 Illa

179 2207 332 2249 vero
373 2206 616 2250 accensa
657 2192 740 2249 ira
785 2193 1049 2261 feminea,
1092 2192 1325 2265 malum,
1370 2192 1610 2264 quodin
1646 2196 1835 2248 mente

182 2287 568 2353 conceperat,
613 2282 945 2354 complevit.
990 2282 1182 2339 Finxit
1210 2283 1362 2340 enim
1394 2296 1455 2339 se
1485 2297 1588 2354 per
1621 2282 1838 2354 patien-

178 2371 329 2427 tiam
379 2370 569 2427 laatam
616 2385 771 2441 esse,
804 2376 864 2427 et
895 2371 1148 2428 invitaus
1191 2386 1320 2428 eum
1372 2371 1441 2427 ad
1493 2370 1833 2439 sedendum,

177 2459 333 2517 fecit
364 2473 494 2516 eum
520 2459 577 2514 in
600 2458 706 2515 tali
728 2459 859 2516 loco
887 2461 1110 2530 sedere,
1146 2460 1241 2516 ubi
1277 2462 1529 2517 fenestra
1553 2462 1677 2515 erat
1705 2463 1835 2530 post

178 2547 431 2604 dorsum
463 2546 612 2618 ejus,
654 2552 714 2604 et
746 2562 816 2604 ne
847 2547 944 2604 ille
976 2548 1228 2619 aliquam
1269 2548 1659 2619 suspicionem
1702 2546 1834 2601 mali

174 2641 391 2709 posset
425 2636 660 2706 habere,
694 2651 943 2709 pannum
973 2637 1471 2709 preciosissimum
1495 2642 1629 2691 ante
1655 2636 1839 2692 fenes-

178 2732 341 2784 tram
368 2728 546 2799 jussit
575 2728 837 2799 tendere,
872 2728 1137 2799 dixitque
1161 2729 1358 2801 pueris
1381 2728 1521 2797 suis,
1557 2732 1619 2784 ut
1643 2727 1699 2783 in
1725 2742 1833 2798 qua

176 2816 328 2873 hora
357 2816 580 2873 diceret
606 2836 618 2871 :
644 2816 847 2886 Misce,
876 2815 958 2872 illi
987 2831 1117 2873 eum
1141 2831 1168 2871 a
1195 2817 1369 2873 dorso
1398 2816 1619 2873 lanceis
1647 2821 1839 2872 trans-

180 2908 472 2961 forarcnt.
526 2905 736 2977 Sicque
780 2905 991 2961 factum
1033 2910 1140 2961 est.
1192 2905 1356 2972 Quod
1387 2921 1517 2961 cum
1548 2896 1837 2961 Ruodolfo

182 2993 313 3064 regi
348 2992 684 3049 nunciatum
714 2997 893 3063 esset,
936 2992 1106 3050 nimis
1137 2993 1324 3050 iratus
1357 2994 1428 3050 de
1455 2996 1574 3048 tam
1610 2993 1835 3049 funesta

181 3085 379 3139 morte
402 3081 602 3137 fratris
621 3080 731 3151 sui,
755 3080 1009 3153 disrupit
1029 3096 1248 3152 pacem,
1271 3097 1438 3152 quam
1460 3097 1588 3139 cum
1608 3080 1837 3137 Tadone

176 3185 324 3240 rege
355 3170 583 3240 habuit,
616 3174 677 3226 et
708 3169 758 3226 ei
796 3174 1063 3242 pugnam
1086 3170 1314 3227 indixit.
1361 3172 1616 3242 Cumque
1649 3170 1840 3227 venis-

174 3264 319 3315 sent
366 3259 551 3315 ambze
603 3263 800 3330 partes
840 3258 895 3315 in
932 3272 1197 3331 campum
1249 3265 1537 3331 apertum,
1586 3257 1845 3316 Ruodolf

174 3362 321 3404 suos
355 3346 649 3404 mandavit
675 3347 742 3404 ad
768 3362 1038 3419 pugnam,
1071 3348 1195 3420 ipse
1224 3362 1362 3404 vero
1387 3348 1440 3403 in
1466 3347 1724 3405 tentorio
1750 3361 1838 3404 se-
1888 3410 1895 3421 ,

177 3436 349 3505 dens,
379 3437 692 3507 jocabatur
731 3437 800 3493 ad
838 3436 1122 3505 tabulam,
1155 3451 1266 3491 non
1300 3436 1576 3492 dubitans
1616 3434 1835 3506 aliquid

181 3524 257 3581 de
278 3540 385 3581 sua
405 3524 679 3582 victoria.
704 3525 852 3581 Gens
866 3525 1017 3581 enim
1033 3525 1377 3581 Herulorum
1402 3524 1642 3581 multum
1663 3525 1835 3580 docta

183 3616 317 3670 erat
363 3612 676 3686 pugnandi,
705 3618 765 3669 et
797 3616 857 3670 ut
892 3613 1051 3670 leves
1089 3616 1285 3670 essent
1328 3613 1398 3668 ad
1442 3612 1835 3685 pugnandum,

184 3717 395 3759 omnes
419 3702 557 3760 nudi
581 3702 937 3774 pugnabant,
968 3701 1329 3759 solummodo
1360 3701 1610 3758 verenda
1632 3716 1837 3773 corpo-

188 3792 275 3847 ris
303 3792 557 3847 Inembra
582 3791 1006 3862 cooperientes.
1032 3792 1154 3848 Rex
1177 3804 1316 3846 vero
1340 3789 1740 3846 indubitanter
1764 3789 1835 3845 de

187 3880 514 3937 virtutibus
534 3894 736 3937 eorum
755 3879 1076 3949 confidens,
1098 3894 1344 3937 securus
1385 3884 1446 3936 ut
1468 3879 1741 3949 diximus,
1763 3880 1832 3936 ad

188 3968 450 4026 tabulam
477 3969 807 4040 jocabatur,
831 3984 1007 4026 unum
1033 3974 1222 4026 tamen
1247 3968 1317 4024 de
1341 3968 1462 4026 suis
1489 3968 1542 4023 in
1568 3970 1835 4024 arborem

179 4056 363 4126 jussit
381 4055 718 4125 ascendere,
742 4056 838 4127 qui
856 4054 910 4113 ei
927 4055 1230 4113 victoriam
1250 4069 1487 4113 suorum
1509 4055 1832 4124 nunciaret,

188 4143 544 4217 promittens
573 4142 645 4213 ei,
679 4158 743 4200 se
773 4148 943 4216 caput
989 4143 1116 4214 ejus
1155 4143 1479 4212 abscidere,
1514 4142 1560 4198 si
1592 4143 1838 4200 Herulos

185 4248 326 4290 suos
359 4233 666 4289 uunciaret
697 4232 915 4304 fugere.
949 4231 1060 4289 Sed
1085 4232 1182 4288 ille
1204 4248 1333 4289 cum
1367 4231 1591 4289 videret
1622 4246 1725 4289 eos
1755 4232 1838 4288 fu-

186 4337 329 4394 gere
348 4325 405 4379 et
431 4322 846 4392 Longobardos
869 4322 1100 4378 fortiter
1120 4322 1361 4391 instare,
1387 4321 1788 4391 interrogatus
1806 4337 1836 4377 a

193 4426 354 4482 rege,
387 4409 528 4482 quid
560 4408 757 4466 Heruli
791 4411 1071 4480 facerent,
1102 4409 1409 4481 respondit
1442 4428 1453 4463 :
1490 4410 1839 4481 Optimum-

1870 3128 1918 3189 C

1951 1857 2164 1899 uxores
2184 1847 2327 1911 tres,
2357 1845 2596 1917 primam
2620 1844 3039 1915 Ranigundam,
3078 1842 3250 1898 filiam
3277 1840 3433 1911 regis
3452 1839 3599 1896 Thu-

1950 1929 2245 1999 ringorum
2266 1951 2279 1998 ;
2300 1934 2507 1991 deinde
2525 1934 2662 1991 tulit
2683 1934 3107 2001 Austrigosam,
3126 1931 3297 1986 filiam
3319 1928 3473 1999 regis
3494 1929 3598 1984 Ge-

1949 2018 2241 2094 pidorum,
2272 2024 2341 2079 de
2366 2038 2473 2095 qua
2505 2025 2643 2080 fecit
2665 2024 2810 2079 duas
2830 2022 3019 2078 ﬁlias:
3047 2034 3250 2075 nomen
3278 2018 3371 2074 uni
3395 2015 3598 2072 Wisel-

1948 2109 2148 2179 garda,
2204 2127 2370 2183 quam
2423 2112 2861 2170 Theodebertus
2908 2126 3010 2167 rex
3059 2112 3406 2166 Francorum
3456 2104 3595 2162 tulit

1951 2212 2211 2269 uxorem,
2256 2201 2440 2258 altera
2483 2202 2637 2258 dicta
2670 2205 2760 2257 est
2790 2198 3143 2267 Walterada,
3177 2211 3345 2268 quam
3380 2196 3591 2251 iterum

1947 2286 2087 2342 tulit
2137 2304 2372 2345 uxorem
2422 2290 2822 2348 Cbusahaldus
2874 2304 2973 2345 rex
3020 2290 3387 2352 Francorum,
3424 2297 3592 2354 quam

1948 2374 2081 2430 odio
2112 2376 2352 2443 habens,
2390 2378 2547 2434 dedit
2583 2379 2678 2435 uni
2704 2379 2775 2435 de
2796 2377 2935 2447 suis,
2972 2377 3069 2447 qui
3099 2375 3408 2431 dicebatur
3437 2371 3597 2427 Cari-

1950 2463 2105 2535 bald,
2131 2464 2186 2520 in
2211 2466 2565 2536 conjugium.
2590 2467 2846 2523 Terciam
2877 2480 3115 2523 uxorem
3147 2463 3347 2519 habuit
3380 2459 3595 2516 Wacho

1950 2551 2260 2624 Salingam,
2284 2555 2461 2610 filiam
2495 2556 2653 2625 regis
2682 2555 3051 2623 Herulorum,
3082 2554 3153 2609 de
3178 2566 3285 2624 qua
3313 2552 3485 2605 natus
3508 2550 3601 2603 est

1947 2639 2250 2710 Walthari,
2289 2641 2385 2711 qui
2422 2647 2587 2712 patre
2615 2646 2847 2698 mortuo
2871 2657 3047 2713 super
3072 2637 3481 2710 Longobardos
3513 2651 3598 2691 re-

1947 2729 2143 2797 gnavit
2178 2734 2440 2787 octavus.
2478 2730 2576 2786 Isti
2609 2745 2809 2787 omnes
2841 2730 3051 2799 Litmgi
3086 2730 3339 2795 fuerunt,
3367 2727 3437 2781 de
3460 2739 3599 2796 qua-

1950 2817 2079 2873 dam
2121 2818 2324 2889 stirpe,
2370 2833 2497 2888 quae
2538 2818 2895 2874 nobilissima
2936 2816 3244 2873 dicebatur
3275 2814 3427 2886 apud
3459 2828 3585 2867 eos.

1947 2906 2231 2962 Walthari
2282 2906 2544 2973 regnavit
2595 2906 2761 2962 annis
2789 2911 2843 2976 7,
2888 2910 2946 2961 et
2980 2909 3243 2960 mortuus
3291 2906 3403 2959 est.
3457 2903 3571 2957 Pos

1949 3011 2118 3068 quem
2152 2996 2416 3065 regnavit
2452 3009 2636 3052 nonus
2665 2993 2910 3063 Andoin,
2938 2994 3033 3063 qui
3060 2998 3189 3065 post
3214 3006 3324 3046 non
3352 2990 3594 3046 multum

1947 3089 2181 3157 tempus
2212 3083 2622 3154 Longobardos
2647 3083 2703 3138 in
2728 3083 3077 3139 Pannoniam
3112 3079 3457 3136 introduxit.
3493 3079 3597 3135 llic

1948 3174 2154 3231 h‘abuit
2188 3187 2426 3230 uxorem
2466 3171 2871 3240 Rodelindam,
2906 3185 3033 3240 qua)
3068 3169 3291 3242 peperit
3326 3167 3377 3224 ei
3410 3166 3591 3223 filium

1950 3261 2177 3331 Alboin,
2219 3260 2315 3332 qui
2360 3259 2463 3317 fuit
2509 3258 2676 3316 fortis
2714 3263 2773 3314 et
2812 3261 3046 3315 astutus
3075 3257 3130 3311 in
3160 3256 3445 3312 omnibus.
3490 3255 3594 3311 Gc-

1952 3350 2103 3423 pidis
2125 3349 2304 3418 igitur
2321 3364 2449 3405 cum
2477 3347 2873 3417 Longobardis
2893 3346 3075 3402 rixam
3102 3344 3471 3414 facientibus,
3490 3358 3594 3415 pu-

1947 3454 2117 3507 gnam
2139 3438 2250 3495 sibi
2273 3438 2454 3494 ambaa
2475 3440 2673 3509 partes
2692 3438 3025 3508 preparant.
3054 3433 3377 3491 Commisso
3394 3432 3591 3503 itaque

1950 3527 2155 3600 prelio,
2198 3516 2555 3583 dum'amhze
2594 3530 2792 3597 partes
2825 3524 3057 3581 fortiter
3089 3525 3413 3595 pugnarent
3444 3526 3499 3576 et
3533 3520 3591 3575 in

1949 3616 2164 3672 nullam
2200 3621 2424 3687 partem
2457 3620 2619 3680 terga
2652 3617 2975 3681 verterent,
3006 3611 3253 3681 contigit
3285 3616 3349 3667 ut
3379 3610 3432 3664 in
3467 3609 3589 3680 ipsa

1951 3720 2139 3776 pugna
2174 3704 2401 3772 Alboin,
2430 3703 2582 3757 illius
2612 3701 2857 3771 Auduin,
2888 3705 2948 3757 et
2974 3698 3415 3766 Thurismodus,
3442 3696 3561 3753 flliu

1946 3788 2274 3848 Thurisindi
2295 3790 2450 3859 regis
2468 3788 2840 3862 Gepidorum,
2861 3787 2970 3844 sibi
2992 3787 3235 3842 invicem
3256 3785 3559 3841 obviarent

1947 3880 2051 3936 sed
2076 3879 2283 3937 Alboin
2304 3877 2748 3934 Thurismodum
2774 3881 2939 3949 spata
2966 3874 3321 3947 percutiens,
3347 3872 3417 3928 de
3441 3887 3592 3941 equo

1948 3968 2198 4040 dejecit;
2236 3971 2295 4023 et
2338 3981 2422 4023 suc
2465 3969 2731 4022 mortuus
2770 3969 2882 4021 est.
2928 3962 3129 4035 Gepidi
3158 3976 3296 4017 vero
3328 3958 3595 4016 videntes

1948 4056 2127 4112 filium
2160 4055 2314 4124 regis
2342 4057 2655 4123 mortuum,
2688 4052 2745 4108 in
2776 4066 2890 4123 quo
2920 4064 3181 4120 magnam
3214 4048 3503 4105 habebant
3534 4045 3595 4101 fl-

1948 4143 2198 4211 duciam,
2251 4142 2453 4199 statim
2498 4143 2804 4211 fugerunt;
2860 4138 3220 4210 Longobardi
3270 4142 3460 4193 autem
3510 4151 3596 4189 se-

1950 4235 2196 4303 quentes
2219 4230 2351 4287 illos
2372 4229 2605 4286 fortiter
2634 4231 2929 4299 sternunt,
2965 4226 3279 4297 multisque
3300 4240 3369 4281 ex
3393 4224 3479 4279 eis
3502 4238 3597 4280 oc-

1948 4321 2108 4390 cisis,
2144 4319 2214 4376 ad
2245 4318 2429 4391 spolia
2476 4322 2805 4376 recurrunt.
2851 4317 3033 4373 Finita
3075 4314 3343 4385 victoria,
3379 4313 3597 4383 Longo-

1953 4410 2115 4465 bardi
2147 4409 2215 4465 ad
2251 4423 2353 4465 sua
2386 4408 2509 4465 loca
2543 4423 2673 4465 cum
2705 4407 2988 4476 redirent,
3019 4407 3371 4475 rogaverunt
3400 4415 3596 4471 regem

180 4499 397 4572 gerant.
431 4499 547 4554 Nec
580 4512 762 4555 ausus
790 4498 896 4555 fuit
929 4503 1097 4555 antea
1129 4497 1323 4566 dicere
1347 4497 1557 4553 malum
1584 4498 1733 4569 quod
1759 4498 1839 4554 vi-
1865 4490 1924 4555 D
1956 4498 2201 4569 Audoin,
2237 4501 2300 4555 ut
2334 4496 2513 4553 filium
2556 4512 2723 4553 suum
2766 4495 2974 4551 Alboin
3007 4507 3203 4551 secum
3236 4490 3305 4548 ad
3342 4504 3595 4546 mensam

188 4588 389 4658 debat,
436 4601 608 4659 quam
648 4601 851 4643 omnes
891 4586 1088 4644 Heruli
1132 4592 1294 4657 terga
1325 4587 1653 4643 vertebant.
1685 4588 1840 4643 Tunc

191 4675 460 4748 quamvis
495 4675 660 4733 tarde
689 4690 889 4733 vocem
921 4676 1135 4745 emisit,
1179 4675 1380 4732 dicens
1406 4694 1418 4729 :
1457 4677 1547 4733 Vce
1575 4675 1701 4747 tibi,
1733 4678 1842 4733 mi-

188 4779 332 4823 sera
362 4765 639 4836 Her-alia,
668 4764 781 4822 Dei
802 4765 1052 4823 caelestis
1070 4765 1171 4821 ira
1186 4778 1488 4834 percussa.
1522 4764 1844 4822 Ruodolfus

191 4868 336 4910 vero
366 4854 479 4910 hoc
509 4850 771 4924 audiens,
805 4855 1128 4910 commotus
1154 4853 1232 4909 ait
1270 4872 1282 4907 :
1318 4852 1598 4911 Forsitan
1629 4855 1844 4912 Heruli

185 4941 308 4999 mei
323 4942 611 5015 fugitant.
646 4941 749 4999 Ille
781 4942 927 4999 dixit
962 4960 974 4999 :
1008 4943 1135 4999 Hoc
1162 4956 1280 4998 non
1305 4955 1427 5012 ego,
1461 4956 1562 4999 .~ea
1595 4943 1677 5005 tu.
1710 4957 1839 5013 rem,

187 5029 435 5089 diarieti.
471 5031 646 5101 Tunc,
682 5034 746 5087 ut
778 5030 832 5086 in
867 5029 1088 5087 talibus
1128 5030 1254 5087 ﬂeri
1294 5030 1463 5101 solet,
1498 5045 1599 5087 rex
1630 5031 1753 5103 ipse
1784 5036 1842 5089 et

187 5134 396 5177 omnes
427 5118 525 5189 qui
559 5133 686 5175 eum
716 5134 785 5176 eo
815 5123 984 5176 erant
1023 5118 1268 5189 turbati,
1302 5118 1439 5189 quid
1475 5122 1714 5189 agerent
1748 5134 1845 5176 ne-

184 5208 478 5266 sciebant.
511 5206 867 5278 Longobardi
886 5221 1028 5264 vero
1047 5205 1553 5279 supervenientes,
1577 5221 1767 5278 regem
1784 5214 1846 5266 et

182 5310 393 5353 omnes
414 5294 514 5366 qui
533 5310 662 5351 cum
682 5311 751 5352 eo
770 5299 935 5352 erant
958 5295 1323 5351 occiderunt.
1344 5294 1687 5351 Herulorum
1702 5311 1845 5355 vero

184 5383 498 5441 exercitus
521 5383 656 5441 dum
678 5383 791 5442 huc
807 5388 869 5441 et
890 5382 1029 5441 illuc
1054 5385 1301 5455 fugeret,
1327 5387 1489 5439 tanta
1508 5383 1589 5441 ira
1611 5384 1682 5441 de
1700 5385 1844 5443 caelo

189 5486 376 5545 super
408 5485 515 5528 eos
542 5471 721 5541 venit,
748 5476 812 5529 ut
837 5471 1077 5528 frutices
1106 5468 1325 5527 virides
1346 5470 1402 5526 in
1424 5485 1628 5544 campo
1650 5472 1847 5529 viden-

189 5564 309 5630 tes,
354 5573 540 5633 aquas
577 5574 706 5618 esse
747 5564 1045 5636 putarent,
1075 5565 1132 5616 et
1167 5560 1301 5615 dum
1343 5560 1508 5633 quasi
1544 5562 1613 5617 ad
1646 5569 1846 5619 natan-

1955 4588 2323 4660 permitteret
2365 4586 2570 4643 sedere
2600 4588 2655 4640 et
2688 4583 2998 4656 prandere,
3043 4597 3111 4638 eo
3144 4578 3297 4651 quod
3332 4588 3436 4650 per
3465 4592 3594 4632 eum

1952 4677 2258 4732 victoriam
2300 4676 2601 4743 haberent,
2646 4679 2710 4730 ut
2751 4673 2903 4728 sicut
2944 4670 3093 4741 patri
3128 4684 3231 4725 suo
3265 4666 3458 4723 socius
3491 4665 3597 4721 fuit

1954 4764 2008 4819 in
2042 4763 2323 4835 periculo,
2360 4762 2436 4817 ita
2468 4765 2625 4817 esset
2648 4763 2704 4815 et
2731 4760 2785 4815 in
2810 4758 3100 4814 convivio.
3135 4756 3243 4810 Sed
3272 4758 3442 4826 pater
3469 4751 3597 4821 ejus

1955 4853 2181 4910 Audoin
2212 4850 2511 4923 respondit
2544 4849 2631 4905 eis
2666 4867 2679 4901 :
2714 4848 2840 4903 Hoc
2853 4846 3068 4919 facere
3105 4856 3220 4900 non
3235 4854 3499 4913 possum,
3534 4841 3605 4896 ut

1950 4955 2226 5013 rumpam
2251 4939 2634 4999 canstimtam
2665 4937 2848 5007 legem
2868 4934 3069 5007 gentis
3093 4932 3326 4989 nostra.
3365 4930 3469 4987 Vos
3487 4929 3600 4986 sci-

1955 5031 2055 5101 tis,
2090 5031 2269 5088 talem
2315 5026 2794 5086 consuetudinem
2833 5024 2997 5096 apud
3020 5036 3127 5079 nos
3153 5034 3295 5090 esse,
3336 5018 3600 5089 tit/"im

1951 5120 2115 5190 regis
2152 5133 2284 5176 cum
2318 5116 2493 5188 parre
2527 5129 2632 5173 suo
2661 5114 2800 5171 ante
2826 5127 2942 5169 non
2961 5110 3281 5183 prandeat,
3316 5122 3500 5182 quam
3527 5106 3601 5166 ab

1954 5209 2237 5266 extraneo
2256 5219 2395 5277 rege
2413 5218 2587 5261 arma
2614 5201 2887 5273 recipiat.
2923 5199 3130 5256 Alboin
3156 5204 3221 5255 ut
3243 5198 3352 5254 hoc
3379 5195 3602 5253 audivit

1956 5312 1985 5354 a
2011 5300 2195 5369 patre,
2228 5293 2366 5350 tulit
2400 5307 2597 5349 secum
2623 5293 2690 5348 to
2706 5290 2971 5361 juvenes,
2998 5292 3053 5345 et
3080 5286 3339 5361 perrexit
3364 5286 3432 5348 ad
3455 5285 3603 5341 Thu-

1955 5385 2239 5443 risindum
2284 5396 2500 5453 regem,
2540 5395 2670 5437 cum
2713 5394 2828 5451 quo
2872 5382 3043 5434 antea
3077 5375 3374 5449 pugnavit,
3408 5380 3465 5431 et
3497 5388 3603 5445 pro

1959 5491 2068 5545 qua
2116 5488 2289 5529 causa
2332 5471 2613 5538 venisset,
2658 5469 2709 5525 ei
2754 5466 3053 5524 indicavit.
3083 5467 3203 5522 Rex
3232 5468 3425 5525 autem
3457 5463 3603 5519 bene

1978 5563 2206 5634 useepit
2259 5575 2411 5621 eum.
2447 5564 2505 5615 et
2542 5557 2809 5615 invitavit
2854 5557 2923 5614 ad
2965 5555 3295 5631 prandium,
3351 5552 3601 5624 fecitque
