3952 6324
441 349 556 416 ’791
1607 343 2090 412 EKKEHARDI
2135 340 2691 408 URAUGIENSIS
3703 344 3800 407 792

442 505 573 548 eum
605 488 809 549 sedere
829 485 901 546 ad
925 485 1227 564 dexteram
1261 500 1442 556 suam,
1475 484 1574 546 ubi
1605 483 1760 542 ﬁlius
1790 484 1919 556 ejus
1949 485 2096 540 Thu-
2123 479 2180 539 A
2211 481 2438 539 nomine
2470 479 2628 552 regis
2651 479 2740 538 sui
2764 479 2984 536 Avares
3013 476 3150 534 sunt
3177 470 3484 548 appellati;
3508 473 3700 534 deinde
3717 477 3802 536 ivit

446 578 743 636 rismodus
763 577 971 634 sedere
994 563 1318 644 consuevit,
1351 589 1518 646 quem
1544 573 1749 630 Alboin
1775 573 2092 630 interfecit.
2205 571 2278 626 ad
2304 571 2676 642 pugnandum
2700 585 2828 626 cum
2853 567 3105 640 Gepidis.
3135 565 3240 622 Sed
3264 581 3394 622 cum
3419 563 3611 637 Gepidi
3633 572 3798 626 contra

447 669 758 738 Postquam
801 669 994 723 autem
1031 665 1149 735 jam
1193 663 1310 721 lmti
1356 664 1490 722 facti
1523 667 1680 731 sunt,
1711 661 2098 718 Thurisindus
2208 659 2418 716 Alboin
2449 663 2781 731 pergerent,
2823 659 3042 714 Avares
3082 655 3278 712 statim
3312 655 3368 710 in
3401 659 3609 710 terram
3637 671 3799 714 eorum

448 771 550 812 rex
601 755 808 812 videns
859 755 1299 810 interfectorem
1351 753 1452 808 ﬁlii
1496 753 1585 808 sui
1632 751 1838 808 sedere
1871 751 1925 806 in
1969 749 2097 808 loco
2207 749 2593 819 intraverunt,
2620 747 2922 804 sicutcum
2940 743 3148 801 Alboin
3166 742 3613 799 constituerunt.
3634 745 3800 803 Ilacde

445 844 596 915 ejus,
629 843 746 900 alta
777 843 958 900 traxit
999 843 1276 914 suspiria,
1308 847 1366 898 et
1401 841 1659 898 dolorem
1692 855 1861 912 quem
1893 839 2096 896 habuit
2206 852 2383 894 causa
2422 853 2553 894 cum
2594 836 2789 893 tristis
2838 835 3086 891 nuncius
3131 832 3356 888 veniret
3399 831 3470 886 ad
3509 831 3802 890 Chunimun-

471 947 504 988 n
537 933 714 990 corde
746 932 1000 1006 aperuit,
1033 931 1274 988 dicens:
1301 931 1598 990 Amabilis
1625 928 1914 988 estmiclti
1939 927 2100 986 locus
2209 929 2364 996 dum,
2408 927 2508 984 ille
2545 927 2717 983 nimis
2758 924 3025 992 amictus,
3068 921 3246 993 coepit
3277 934 3446 977 orare
3476 935 3607 976 suos
3635 926 3689 978 ut
3713 923 3803 994 pri-

445 1020 579 1093 iste,
599 1022 704 1080 sed
711 1037 991 1094 persona,
1017 1034 1150 1093 qua
1169 1021 1258 1083 ibi
1279 1021 1460 1088 sedet,
1483 1021 1739 1077 multum
1757 1017 1944 1076 michi
1959 1031 2102 1088 ,αγα-
2213 1032 2365 1074 mum
2393 1031 2525 1072 cum
2558 1013 2954 1084 Longobardis
2981 1014 3306 1083 pugnarent
3336 1013 3396 1066 et
3425 1016 3614 1080 postea
3641 1011 3700 1066 ad
3729 1011 3804 1066 de-

444 1109 540 1168 cis
558 1111 651 1168 est
665 1110 750 1168 ad
765 1110 1109 1170 videndam.
1135 1112 1291 1167 Tune
1317 1107 1466 1166 alter
1488 1109 1644 1166 ﬁlius
1674 1107 1832 1178 regis
1860 1105 2104 1164 audiens
2216 1105 2515 1178 pellendos
2556 1108 2777 1162 Avares
2817 1101 3188 1173 repedat-ent.
3224 1099 3373 1155 Inito
3404 1103 3590 1156 autem
3620 1099 3801 1170 prmlio,

447 1212 752 1256 sermones
797 1199 1005 1271 patris,
1051 1199 1134 1255 ira
1175 1212 1497 1257 succensus
1527 1203 1636 1266 est,
1681 1201 1741 1252 et
1780 1195 2106 1265 Longobar-
2217 1194 2422 1252 Alboin
2469 1193 2686 1250 occidit
2733 1190 3217 1258 Chunimundum,
3269 1191 3328 1244 et
3377 1187 3448 1244 de
3491 1185 3666 1259 capite
3705 1189 3804 1259 ejus

449 1285 557 1343 dos
587 1287 758 1346 nimis
797 1287 1076 1360 injuriare
1118 1287 1318 1358 coepit,
1361 1290 1421 1342 et
1466 1285 1601 1358 quia
1643 1283 1912 1341 fasciolas
1943 1283 2108 1340 albas
2219 1287 2420 1356 postea
2465 1283 2601 1338 fecit
2639 1281 2938 1353 scyphum,
2983 1278 3079 1350 qui
3111 1277 3330 1356 dicitur
3363 1275 3514 1348 apud
3541 1289 3634 1333 eos
3659 1277 3804 1344 scala,

451 1371 746 1432 habebant
765 1377 822 1432 in
840 1376 1137 1441 cruribus,
1159 1374 1470 1432 deridebat
1487 1389 1613 1443 eos,
1639 1373 1874 1429 dicens:
1903 1370 2110 1430 Tibias
2218 1371 2372 1443 apud
2423 1371 2659 1427 Latinos
2707 1373 2928 1440 patera,
2960 1372 3016 1422 et
3051 1365 3228 1422 ﬁliam
3266 1363 3394 1435 ejus
3431 1363 3802 1420 Rosemundam

447 1464 620 1524 albas
635 1464 862 1523 habetis
877 1477 1068 1534 usque
1082 1463 1165 1520 ad
1170 1463 1374 1535 pedes,
1395 1462 1454 1519 et
1467 1461 1696 1520 similes
1717 1461 1863 1518 estis
1873 1462 2112 1533 jamea'
2217 1477 2347 1516 cum
2389 1474 2590 1530 magna
2630 1457 3002 1516 multitudine
3042 1455 3303 1512 virorum
3335 1469 3400 1510 ac
3437 1453 3715 1511 mulierum
3741 1469 3805 1510 se-

449 1553 532 1612 tis
549 1553 745 1612 variis
763 1552 1017 1625 elfcetus
1021 1549 1418 1624 facientibus.
1439 1551 1596 1606 Tunc
1624 1549 1865 1620 unusjde
1887 1550 2109 1619 Longo-
2215 1565 2344 1607 cum
2372 1549 2616 1606 abduxit
2645 1547 2954 1620 captivam.
2987 1543 3190 1616 Gepidi
3213 1543 3368 1600 enim
3391 1542 3477 1599 sic
3498 1548 3624 1600 sunt
3643 1541 3800 1613 deleti,

454 1641 655 1699 bardis
681 1641 764 1699 sic
790 1641 872 1696 illi
898 1638 1236 1711 respondit:
1262 1639 1455 1710 Perge
1483 1639 1552 1696 in
1578 1651 1852 1709 campum
1879 1641 1988 1710 qui
2013 1651 2108 1694 το·
2218 1643 2281 1696 ut
2303 1641 2375 1695 ab
2398 1638 2498 1694 illo
2529 1643 2788 1710 tempore
2813 1635 2932 1705 jam
2956 1635 3027 1691 de
3049 1633 3169 1690 suis
3189 1647 3390 1704 regem
3417 1647 3528 1689 non
3549 1633 3801 1688 haberent.

451 1731 628 1788 catur
658 1730 874 1803 Asfelt,
906 1730 964 1786 el
993 1727 1083 1787 ibi
1115 1729 1248 1786 sine
1286 1726 1464 1785 dubio
1493 1741 1835 1800 cognoscere
1851 1728 2100 1800 pateris,
2215 1729 2288 1784 Ut
2317 1731 2510 1782 autem
2545 1731 2771 1782 mortua
2805 1729 2895 1781 est
2927 1722 3312 1780 Glothsuinda
3342 1721 3556 1791 regina,
3586 1720 3685 1777 ﬁlia
3711 1721 3804 1777 Clo-

452 1820 668 1891 gaales
694 1819 839 1876 sant
855 1818 964 1876 isti
985 1831 1134 1890 quos
1156 1815 1526 1888 tajamentis
1554 1817 1784 1875 similes
1801 1830 1926 1874 esse
1943 1817 2186 1899 dixi-'3
2213 1817 2410 1886 tharii,
2459 1815 2660 1872 Alboin
2700 1814 2768 1871 ad
2813 1813 3114 1869 interitum
3155 1827 3346 1881 suum,
3382 1816 3445 1867 ut
3479 1810 3532 1866 in
3563 1810 3804 1880 sequenti-

449 1909 552 1978 sti,
575 1907 864 1979 quomodo
871 1905 1134 1978 possunt
1153 1905 1510 1973 calcitrare;
1537 1904 1626 1963 ibi
1655 1907 2104 1974 enimginvenies
2133 1897 2172 1899 ί
2216 1906 2324 1963 bus
2373 1904 2625 1972 dicetur,
2673 1903 2839 1960 duxit
2888 1899 3313 1958 Rosemundam
3367 1914 3614 1967 uxorem,
3666 1897 3802 1954 ﬁliam

448 1996 834 2069 ossa/ram:
865 1996 956 2052 tui
983 1995 1276 2066 dispersa,
1310 1994 1492 2066 quasi
1519 1993 1590 2050 de
1615 1993 1730 2050 vili
1745 1995 2016 2066 jamento
2036 1995 2106 2052 ia
2217 1994 2625 2051 Chunimundi.

447 2084 667 2143 mediis
683 2085 910 2157 pratis.
947 2082 1148 2155 Gepidi
1182 2082 1304 2140 haec
1337 2081 1662 2152 audientes,
1697 2086 1754 2138 et
1788 2082 2107 2154 turpitudi-
2286 2086 2444 2138 Inter
2482 2083 2604 2140 haac
2643 2081 3009 2138 Justinianus
3052 2079 3328 2152 princeps
3370 2080 3620 2135 mortuus
3643 2080 3735 2144 est,
3759 2082 3802 2131 et

453 2187 582 2231 nem
613 2177 837 2231 tantam
863 2187 975 2230 non
1001 2172 1380 2242 sustinentes,
1406 2171 1580 2227 nimis
1603 2169 1739 2226 irati
1761 2175 1917 2240 sunt,
1950 2175 2008 2228 et
2033 2171 2104 2228 de
2211 2173 2478 2230 Justinus
2507 2172 2691 2229 minor
2715 2170 3003 2228 successit
3024 2169 3074 2226 ei
3097 2169 3168 2224 ad
3197 2168 3506 2238 regendam
3536 2165 3805 2222 Constanti-

453 2266 571 2318 tam
597 2263 900 2320 manifesta
926 2261 1132 2333 injuria
1157 2275 1220 2317 se
1241 2260 1540 2318 vindicare
1563 2258 1892 2317 voluerunt.
1929 2262 2108 2317 Econ-
2216 2261 2494 2332 nopolim.
2533 2261 2695 2332 Apud
2727 2274 2918 2331 quem,
2948 2263 3010 2314 ut
3033 2272 3212 2329 supra
3247 2257 3526 2328 scriptum
3547 2257 3646 2324 est,
3674 2268 3803 2310 accu-

458 2355 546 2408 tra
580 2350 941 2422 Longobardi
983 2351 1054 2407 ad
1091 2363 1338 2421 pugnam
1371 2364 1435 2406 se
1470 2352 1871 2420 preparantes,
1906 2363 2106 2405 omnes
2217 2353 2381 2406 satus
2422 2351 2634 2404 Narses
2675 2347 2980 2420 patricius,
3018 2360 3186 2417 quem
3224 2345 3353 2401 loco
3387 2343 3619 2401 Bilisarii
3647 2343 3707 2399 ad
3730 2343 3803 2399 de-

453 2437 971 2510 apprehenderunt
996 2436 1242 2508 gladios.
1269 2437 1393 2492 Rex
1409 2450 1550 2492 vero
1567 2449 1814 2505 surgens
1834 2449 1864 2492 a
1883 2449 2103 2506 mensa,
2219 2437 2535 2494 fensionem
2585 2437 2768 2494 Italiae
2818 2435 2972 2492 misit
3023 2435 3347 2506 imperator
3393 2431 3734 2500 Justinianus,
3761 2431 3802 2484 in

457 2526 514 2582 in
547 2525 802 2584 medium
846 2524 1080 2582 illorum
1125 2540 1189 2582 se
1234 2524 1411 2594 misit,
1454 2529 1514 2580 et
1552 2539 1690 2580 suos
1727 2523 1801 2580 ab
1841 2523 1926 2580 ira
1955 2539 2108 2581 com-
2217 2525 2531 2583 vindictam
2558 2525 2783 2595 injuriae
2804 2522 3435 2593 suaamisitlegatosad
3457 2519 3803 2590 Longobardos

458 2613 706 2687 pescuit,
737 2615 964 2686 jurans,
1000 2628 1064 2670 se
1095 2613 1257 2672 illum
1299 2612 1590 2683 occidere,
1625 2612 1721 2682 qui
1756 2613 1978 2684 primus
2010 2628 2109 2670 an-
2218 2613 2435 2670 amicos
2459 2630 2610 2684 suos,
2635 2613 2834 2670 dicens
2857 2632 2868 2668 ε
2893 2612 3193 2671 Dimittile
3199 2610 3607 2683 paupertatem
3622 2609 3802 2665 Panno-

456 2702 623 2761 deret
649 2716 896 2774 pugnam
918 2702 1309 2759 committere.
1337 2701 1494 2757 Dixit
1515 2701 1668 2758 enim
1695 2719 1708 2755 :
1730 2701 1866 2760 Non
1885 2701 1976 2758 est
1992 2701 2110 2759 illa
2216 2705 2352 2772 pice,
2377 2704 2434 2760 el
2451 2703 2646 2760 senile
2665 2703 2746 2760 ad
2747 2703 3022 2775 fertilem
3042 2701 3323 2772 Italiam,
3345 2699 3602 2757 omnibus
3619 2695 3801 2754 divitiis

451 2791 708 2849 victoria
738 2805 776 2848 a
805 2792 922 2848 Deo
945 2791 1206 2863 placita,
1248 2803 1380 2849 cum
1405 2789 1546 2864 quis
1573 2790 1642 2847 in
1669 2790 1836 2847 domo
1859 2791 2110 2862 prapria
2213 2793 2469 2863 plenam.
2493 2793 2561 2847 Et
2581 2797 2640 2848 ut
2665 2791 2886 2848 animos
2901 2806 3100 2847 eorum
3123 2791 3378 2862 amplius
3397 2789 3648 2846 incitaret
3661 2785 3719 2840 ad
3735 2798 3801 2838 ve-

454 2878 767 2941 inimicam
785 2893 962 2936 suum
982 2878 1049 2936 in
1066 2893 1210 2950 pace
1234 2879 1571 2951 susceptum
1596 2879 1896 2936 occiderit.
1932 2879 1997 2934 Et
2023 2879 2110 2936 sic
2225 2880 2515 2948 niendum,
2552 2879 2707 2936 misit
2725 2879 2812 2936 eis
2832 2879 2904 2935 de
2925 2878 3192 2936 omnibus
3225 2877 3532 2949 generibus
3560 2885 3799 2947 pomorum

455 2981 597 3040 pace
625 2967 784 3024 inter
811 2981 915 3024 eos
946 2968 1119 3037 facta,
1155 2967 1366 3024 iterum
1395 2965 1498 3022 leti
1529 2965 1855 3024 convivium
1884 2965 2104 3024 ineunt.
2221 2967 2573 3039 etquicquid
2589 2967 2938 3024 delectabile
2956 2971 3188 3039 poterat
3211 2959 3800 3036 excogitarededivitiis

458 3054 762 3128 Completo
801 3054 1092 3125 convivio,
1133 3054 1518 3111 Thurisindus
1558 3069 1663 3110 rex
1701 3053 1918 3112 tollens
1949 3070 2110 3112 arma
2226 3062 2416 3112 terrae.
2461 3055 2821 3126 Longobardi
2854 3057 2977 3112 haec
3009 3055 3341 3126 audientes,
3374 3056 3653 3125 gratanter
3677 3061 3800 3104 acce-

457 3141 562 3200 ﬁlii
594 3143 684 3201 sui
715 3143 1107 3214 Thurismodi,
1147 3141 1390 3199 tradidit
1429 3157 1494 3199 ea
1534 3140 1763 3215 Alboin,
1796 3147 1856 3199 et
1883 3143 2106 3201 salvum
2142 3193 2188 3217 η
2225 3149 2431 3217 perunt
2456 3145 2790 3214 etqualiter
2813 3145 2965 3200 irent
2989 3149 3470 3216 preparaverunt.
3495 3143 3559 3197 Et
3578 3136 3800 3196 continuo

443 3231 620 3291 illum
655 3233 710 3290 in
746 3247 888 3305 pace
919 3193 1158 3289 dimisit.
1194 3231 1403 3288 Alboin
1437 3246 1574 3288 vero
1605 3193 1880 3289 reversus
1909 3232 1980 3288 ad
2015 3249 2110 3305 pa-
2141 3193 2191 3256 Ο
2221 3193 2376 3306 apud
2424 3193 2649 3289 Italiam
2701 3193 3129 3305 apparuerimtr
3147 3233 3316 3302 signa
3349 3231 3404 3288 in
3435 3229 3588 3298 caelo,
3624 3224 3801 3283 scilicet

454 3327 608 3403 trem
631 3336 824 3392 suum,
850 3321 1092 3378 conviva
1117 3320 1242 3391 ejus
1265 3321 1452 3377 factus
1471 3325 1582 3377 est.
1609 3322 1680 3377 Et
1703 3321 1837 3378 dum
1861 3322 1933 3377 ad
1957 3337 2113 3378 men-
2221 3322 2404 3391 igneae
2429 3321 2601 3391 acies,
2637 3321 2974 3391 sanguinem
3002 3322 3338 3391 humanum,
3372 3319 3466 3390 qui
3493 3323 3670 3390 postea
3697 3312 3800 3369 ell'u-

463 3401 586 3467 sam
628 3423 758 3466 cum
798 3412 966 3481 patre
1007 3423 1114 3466 suo
1155 3409 1412 3480 sederet,
1447 3409 1596 3464 dixit
1637 3409 1718 3464 illi
1761 3409 1948 3466 omnia
1983 3425 2111 3480 quae
2222 3426 2324 3468 sus
2349 3409 2904 3480 est,_siguiﬁcantes.
2937 3407 3147 3465 Alboin
3177 3409 3360 3480 igitur
3391 3406 3548 3480 petiit
3576 3401 3798 3461 auxilium

466 3497 624 3556 circa
653 3512 783 3555 eum
818 3499 970 3554 facta
1002 3502 1160 3570 sunt,
1193 3502 1251 3554 et
1282 3512 1482 3554 omnes
1513 3499 1612 3569 qui
1642 3498 1882 3555 aderant
1919 3499 2114 3554 ammi-
2221 3502 2294 3557 ab
2335 3499 2591 3570 antiquis
2632 3499 2958 3556 Saxonibus
2995 3498 3200 3556 amicis
3245 3497 3386 3568 suis,
3434 3500 3492 3554 ut
3535 3491 3798 3565 speciosam

465 3591 686 3656 rantes,
720 3583 1032 3644 laudabant
1069 3586 1275 3646 Alboin
1306 3602 1410 3659 pro
1440 3587 1682 3644 audacia
1707 3601 1810 3643 sua
1834 3593 1894 3643 et
1914 3587 2114 3644 Thuri-
2222 3587 2444 3644 Italiam
2468 3587 2716 3644 intraret
2741 3603 2870 3643 cum
2895 3587 3114 3644 multis.
3144 3587 3249 3644 Cui
3272 3588 3522 3642 Saxones
3540 3583 3654 3654 plus
3669 3591 3798 3650 quam

464 3673 692 3732 sindum
728 3689 833 3746 pro
866 3673 967 3730 tali
1001 3675 1114 3731 ﬁde
1145 3675 1409 3734 maxima.
2222 3693 2350 3735 cum
2373 3681 2550 3734 20000
2571 3676 2757 3747 juncti
2798 3681 2956 3742 sunt,
2985 3681 3044 3732 et
3077 3675 3399 3733 secundum
3436 3673 3555 3744 ejus
3590 3669 3802 3726 volunta-

534 3763 636 3820 His
661 3763 1030 3834 temporibus
1057 3763 1424 3822 Justinianus
1449 3763 1768 3835 imperator
1795 3763 2111 3822 Romanum
2222 3773 2340 3822 tem
2371 3781 2500 3823 cum
2535 3765 2814 3823 uxoribus
2843 3770 2903 3821 et
2934 3765 3070 3822 ﬁliis
3101 3764 3327 3821 Italiam
3354 3777 3480 3822 eum
3509 3776 3572 3818 eo
3600 3759 3802 3814 intrave-

463 3851 706 3922 regebat
758 3851 1087 3924 imperium,
1141 3852 1237 3924 qui
1279 3867 1385 3926 per
1423 3851 1753 3908 Bilisarium
1804 3851 2112 3924 patricium
2225 3859 2378 3912 runt.
2425 3857 2485 3910 In
2526 3855 2653 3926 ipso
2694 3859 2955 3926 tempore
2993 3853 3200 3911 Alboin
3252 3850 3587 3911 Pannoniam
3623 3841 3798 3904 dimisit

465 3940 682 3998 multas
705 3941 984 3998 victorias
1007 3939 1274 4012 perfecit,
1293 3941 1454 4012 leges
1477 3940 1797 4012 renovavit,
1819 3941 2115 4000 aecclesias
2223 3943 2406 4000 llunis
2445 3941 2647 3999 amicis
2687 3943 2828 4006 suis.
2872 3957 2936 3999 ea
2976 3941 3338 4012 conditione,
3379 3943 3440 3998 ut
3471 3938 3514 3996 si
3543 3928 3800 4006 aliquando

463 4029 782 4100 reparavit,
816 4027 1128 4100 basylicam
1161 4043 1414 4101 quoque,
1450 4045 1618 4100 quam
1653 4029 1738 4087 Ad
1769 4033 1984 4102 Agyam
2016 4033 2113 4088 So-
2225 4031 2619 4103 Longoliardis
2649 4032 2865 4088 reverti
2900 4046 3140 4088 necesse
3167 4036 3351 4102 esset,
3375 4023 3732 4097 unusquisque
3757 4017 3796 4072 in

464 4118 694 4188 phyam,
722 4116 780 4173 id
803 4120 894 4174 est
919 4122 1180 4175 sanctam
1205 4117 1570 4188 sapientiam,
1595 4118 1912 4189 nominant,
1939 4120 2115 4175 fabri-
2223 4136 2328 4178 sua
2349 4120 2586 4176 rediret.
2614 4120 3031 4177 Habitaverunt
3051 4125 3247 4177 autem
3267 4113 3609 4188 Lougubardi
3625 4112 3672 4166 in
3689 4111 3798 4166 Pan-

461 4204 648 4271 cavit;
680 4205 850 4276 cujus
889 4221 1036 4278 opus
1069 4205 1124 4261 in
1159 4211 1386 4262 tantum
1428 4221 1607 4278 super
1644 4206 1833 4263 omnia
1865 4207 2109 4266 aediﬁcia
2221 4209 2392 4266 nonia
2416 4224 2520 4280 per
2543 4224 2724 4265 annos
2747 4211 2830 4264 42.
2859 4208 3138 4266 Exierunt
3161 4223 3304 4265 vero
3327 4209 3396 4264 de
3417 4199 3680 4262 Pannonia
3696 4208 3796 4252 cum

461 4291 848 4351 excellentius
869 4294 1203 4364 estimatur,
1226 4293 1364 4350 utin
1383 4295 1567 4350 tantis
1585 4297 1877 4352 terrarum
1897 4295 2114 4369 spaciis
2225 4297 2570 4356 mulieribus
2600 4303 2658 4354 et
2690 4297 2826 4355 ﬁliis
2855 4302 2914 4354 ct
2945 4314 3075 4354 cum
3103 4298 3378 4354 omnibus
3407 4295 3542 4364 suis,
3571 4301 3699 4346 anno
3723 4281 3796 4337 d0-

459 4381 512 4441 ei
541 4381 731 4440 simile
772 4397 884 4441 non
925 4382 1274 4440 inveniatur.
1318 4384 1470 4440 Tunc
1510 4383 1660 4440 enim
1701 4384 2106 4454 Cassiodorus,
2221 4386 2884 4444 miniuwincarnatiouis
2900 4390 3023 4456 568,
3045 4385 3361 4444 indictione
3381 4383 3570 4458 prima,
3589 4369 3796 4434 secundo

459 4471 770 4542 Dionisius,
825 4475 1040 4528 Arator
1096 4473 1292 4527 Romae
1345 4471 1709 4542 claruerunt,
1773 4472 2110 4532 Priscianus
2221 4476 2317 4533 die
2353 4479 2484 4548 pest
2525 4477 2759 4548 pascha,
2802 4474 2954 4547 quod
2994 4481 3257 4532 sanctum
3301 4471 3506 4546 pascha
3534 4475 3655 4525 tunc
3679 4458 3796 4518 cele-

461 4559 970 4633 Constantinopoli
994 4558 1213 4628 floruit,
1239 4565 1482 4616 sanctus
1505 4574 1735 4632 quoque
1757 4561 2110 4618 Benedictus
2138 4557 2192 4618 D
2223 4565 2454 4622 bratum
2504 4568 2598 4620 est
2640 4563 2694 4620 in
2742 4563 2888 4636 ipsis
2936 4563 3210 4621 Kalendis
3255 4561 3484 4635 Aprilis.
3527 4557 3614 4614 His
3653 4549 3795 4636 igitur

458 4647 782 4706 virtutibus
813 4646 1054 4704 effulsit.
2222 4653 2450 4723 diebus,
2484 4653 2696 4725 quibus
2721 4634 3081 4722 Langobardi
3107 4634 3442 4710 invaserunt
3461 4647 3670 4709 Italiam,
3699 4634 3796 4692 Clo-

532 4737 718 4808 Igitur
747 4735 974 4794 Audoin
1008 4739 1278 4794 mortuus
1305 4741 1417 4804 est,
1441 4740 1502 4794 et
1527 4736 1756 4808 Alboin,
1789 4737 1941 4796 ﬁlius
1961 4739 2107 4811 ejus,
2221 4742 2450 4800 tharius
2470 4758 2570 4798 rex
2594 4744 2939 4798 Francorum
2963 4745 3227 4799 mortuus
3243 4745 3354 4811 est,
3372 4735 3571 4796 relictis
3585 4731 3796 4802 ψιθιιιοτ

459 4841 703 4898 regnum
745 4825 993 4896 accepit.
1035 4825 1142 4892 Qui
1175 4841 1306 4883 cum
1329 4830 1491 4883 esset
1522 4827 2022 4885 nominatissimus
2050 4835 2112 4886 et
2221 4831 2376 4900 ﬁliis,
2403 4831 2734 4900 IIeriberto,
2759 4831 3158 4900 Cuntrammo,
3183 4829 3502 4900 Helperico,
3526 4819 3786 4900 Sittibem°

461 4914 632 4972 fortis
680 4913 952 4984 multum,
1002 4913 1338 4972 Clotharius
1388 4929 1490 4971 rex
1534 4915 1888 4972 Francorum
1935 4915 2109 4972 ﬁliam
2221 4921 2283 4976 In
2324 4899 2432 4976 hoc
2474 4899 2735 4990 tempore
2775 4921 3086 4976 Romanam
3131 4899 3372 4988 regebat
3406 4909 3695 4974 aecclesiam
3727 4899 3792 4990 vir

457 5017 626 5062 suam
666 5003 898 5062 nomine
937 5002 1338 5061 Glotsuindam
1380 5003 1541 5061 dedit
1573 5003 1627 5060 ei
1667 5003 1722 5060 in
1751 5003 2110 5076 conjugium,
2221 5011 2482 5078 sanctus,
2507 4987 2654 5080 papa
2679 5007 2992 5078 Iohannes,
3025 5011 3158 5080 post
3183 4987 3350 5079 quem
3377 4987 3791 5080 BenedictusrCif

459 5092 532 5150 de
563 5107 677 5165 qua
710 5092 851 5150 fecit
883 5107 1054 5152 unam
1093 5097 1322 5150 tantum
1365 5091 1541 5150 ﬁliam
1579 5093 1812 5150 nomine
1844 5091 2114 5152 Albsnin-
2222 5095 2461 5153 vitatem
2483 5077 2678 5153 autem
2711 5077 3039 5166 Aquileiam
3065 5101 3126 5153 et
3155 5077 3427 5167 pepulum
3457 5091 3572 5162 ejus
3603 5077 3789 5152 νθςθδειι

461 5179 610 5239 dam.
643 5183 875 5241 Interea
906 5185 1176 5239 mortuus
1205 5185 1297 5240 est
1327 5180 1711 5239 Thurisindns
1742 5196 1843 5238 rex
1871 5181 2088 5256 chido
2223 5185 2430 5242 beatus
2461 5183 2793 5257 patriarcha
2823 5181 3058 5240 Paulus.
3091 5183 3196 5252 Qui
3224 5183 3427 5238 timens
3447 5171 3788 5257 crudelitatem

420 5281 611 5339 crum,
653 5277 716 5326 et
746 5270 976 5343 accepit
1024 5284 1265 5342 regnum
1313 5270 1771 5328 Chunimundus.
1823 5253 2110 5338 Qui'cum
2225 5253 2754 5343 Longobardorum,
2806 5288 2880 5328 ex
2927 5273 3190 5344 Aquileia
3229 5271 3302 5328 ad
3341 5267 3570 5327 insulam
3613 5253 3788 5316 Gradus

460 5355 642 5414 vellet
680 5357 980 5416 vindicare
1019 5359 1264 5432 injurias
1305 5359 1676 5433 Gepidorum,
1721 5360 1879 5432 rupit
1907 5375 2110 5434 pacem
2221 5361 2488 5430 secessit,
2512 5366 2571 5417 et
2595 5375 2821 5418 omnem
2850 5362 3192 5420 thesaurum
3221 5357 3496 5418 mcelcsia:
3515 5365 3622 5410 suae
3641 5346 3790 5418 pOI'la'

461 5457 591 5500 cum
639 5447 1058 5518 Longobardis,
1100 5453 1160 5504 et
1191 5447 1326 5520 plus
1375 5447 1590 5504 amavit
1640 5462 1888 5521 pugnam
1938 5465 2107 5521 quam
2222 5449 2323 5505 vit.
2358 5451 2568 5506 Narses
2607 5449 2804 5522 itaque
2837 5449 2906 5506 de
2941 5449 3246 5522 Campania
3286 5449 3512 5503 Romam
3550 5444 3786 5496 reversus,

503 5543 684 5589 seem.
721 5533 930 5591 Alboin
952 5550 1092 5593 vero
1111 5535 1249 5593 fecit
1273 5549 1473 5608 pacem
1505 5538 1725 5593 ﬁrmam
1752 5552 1881 5593 cum
1913 5538 2112 5596 Avari-
2223 5543 2353 5611 post
2377 5553 2488 5594 non
2513 5539 2757 5597 multum
2783 5544 3014 5611 tempus
3035 5544 3297 5596 mortuus
3316 5541 3422 5594 est.
3448 5531 3605 5601 Cujus
3621 5530 3790 5611 corpus

508 5631 576 5672 us
605 5621 702 5691 qui
735 5620 979 5694 primum
1029 5622 1175 5680 [Iuni
1228 5607 1588 5682 vocabantur
1635 5625 1738 5684 sed
1784 5630 1985 5697 postea
2038 5627 2111 5684 de
2223 5607 2276 5684 in
2299 5631 2500 5686 cantra
2531 5626 2801 5700 plumbea
2828 5607 2959 5687 cum
2992 5628 3259 5688 omnibus
3288 5623 3497 5683 divitiis
3525 5617 3632 5679 suis
3651 5607 3792 5672 collo-
