3952 6336
178 356 305 422 798

1061 356 1502 423 CHRONICA.
1536 393 1613 405 —
1658 355 2133 424 CHRONICON
2178 357 2722 424 UNIVERSALE.

3475 353 3594 421 ’794

185 498 467 553 caverunt
490 497 551 550 et
575 491 1132 566 Constantinopolim
1156 492 1831 563 transmiserunt.lgitur
1863 492 1919 553 A
1952 495 2136 566 bardi,
2174 494 2415 553 multum
2449 493 2717 551 dolentes
2756 493 2826 550 de
2857 492 2982 564 ejus
3013 494 3219 565 morte,
3253 492 3594 564 quesierunt

185 582 398 641 Alboin
430 584 671 640 intravit
706 583 990 653 Liguriam
1045 583 1362 641 indictione
1411 584 1590 641 tercia
1624 589 1653 639 3
1688 587 1828 641 Non.

184 672 506 745 Septemb.,
541 678 599 729 et
633 674 742 729 sub
784 680 1047 743 tempore
1086 673 1363 730 Ilonorati
1405 674 1833 746 archiepiscopi

183 761 572 818 Mediolanum
598 762 860 831 intravit,
889 761 1095 817 deinde
1120 767 1350 818 ceteras
1372 762 1614 832 Ligurize
1635 763 1837 819 civita-

184 853 279 905 tes
311 850 716 922 apprehendit.
755 850 998 906 Obsedit
1029 855 1223 906 autein
1255 851 1609 907 Ticinensem
1635 852 1836 908 civita-

184 942 325 1007 tem,
357 955 484 1009 quae
501 955 651 996 nunc
675 940 850 1010 Papia
874 939 1108 1007 dicitur,
1138 956 1239 1011 per
1263 945 1383 996 tres
1404 955 1603 1005 annos,
1623 942 1834 1011 quibus

182 1028 528 1097 transactis,
558 1032 695 1099 post
744 1028 1078 1098 aliquantos
1128 1043 1356 1084 menses
1404 1028 1618 1083 tradita
1652 1035 1744 1084 est
1778 1031 1832 1084 in

178 1115 551 1185 manusejus.
580 1116 835 1183 Quicum
862 1117 1161 1172 introisset
1190 1132 1287 1188 per
1312 1121 1539 1189 portam
1584 1134 1709 1189 qua)
1752 1118 1834 1174 di-

178 1204 342 1260 citur
363 1205 552 1261 sancti
574 1205 873 1268 Johannis,
956 1211 1121 1277 parte
1146 1206 1409 1271 orientis,
1433 1222 1639 1278 equus,
1657 1223 1832 1279 super

178 1309 357 1365 quem
391 1294 655 1362 sedebat,
680 1295 819 1365 ἣκει,
847 1310 909 1350 se
944 1294 998 1349 in
1034 1296 1221 1351 medio
1256 1300 1458 1367 porta).
1497 1296 1673 1361 Quem
1701 1314 1829 1353 cum

178 1382 280 1438 ille
316 1382 592 1439 tunderet
626 1400 751 1440 cum
785 1383 1115 1440 calcaribus
1146 1390 1202 1439 et
1235 1401 1433 1440 omnes
1466 1385 1561 1455 qui
1588 1386 1831 1441 cireum-

177 1473 425 1528 stabant
476 1472 753 1528 cederent
802 1473 1165 1541 verberibus,
1202 1474 1435 1528 omnino
1467 1489 1629 1529 move
1669 1476 1680 1529 i
1717 1491 1827 1530 non

173 1560 379 1631 potuit
412 1576 620 1630 equus.
646 1562 798 1616 Tunc
834 1576 981 1616 unus
1010 1578 1077 1615 ex
1117 1562 1509 1627 Longobardis
1544 1563 1627 1618 sic
1659 1564 1827 1618 aitait

173 1664 378 1719 regem
397 1669 410 1704 :
428 1648 728 1719 Memento,
747 1649 1115 1717 domi-aerem,
1133 1651 1526 1721 qitidvoristi,
1547 1651 1830 1723 etfrawge

173 1735 314 1790 tam
359 1735 569 1791 durum
606 1736 821 1803 votum,
850 1736 909 1791 et
934 1737 1299 1807 ingredieris
1338 1738 1829 1803 οἰυίίαίεηι,οτίινε

168 1825 344 1880 enim
355 1823 981 1897 christianuspomlus
993 1826 1151 1882 estin
1166 1826 1556 1884 cirilatcisra.
1576 1828 1824 1883 Voverat
1856 1855 1910 1915 Β

170 1913 336 1968 enim
354 1912 558 1969 Alboiu
573 1919 763 1982 antea,
782 1913 931 1984 quod
951 1914 1282 1970 universum
1307 1916 1578 1987 populum
1603 1918 1827 1973 occide-

171 2007 269 2059 ret
284 2001 607 2072 gladio,qui
624 2002 732 2058 sibi
750 2017 811 2058 se
827 2004 1059 2058 tradere
1075 2003 1502 2072 nolebat.Quod
1518 2012 1712 2063 votum
1730 2009 1825 2061 ubi

173 2091 460 2163 disrupit,
489 2106 678 2161 equus
710 2106 770 2147 se
802 2092 1077 2148 continuo
1108 2094 1304 2161 movit,
1327 2099 1383 2151 et
1416 2096 1497 2151 sic
1528 2096 1825 2152 civitatem

174 2180 445 2235 intravit.
481 2182 637 2237 Tunc
669 2181 803 2236 data
838 2196 995 2252 pace,
1031 2182 1217 2238 onmis
1269 2183 1519 2254 populus
1567 2185 1634 2240 ad
1698 2201 1827 2242 eum

175 2270 419 2326 tandem
450 2269 714 2325 cucurrit
750 2269 817 2324 ad
849 2268 1147 2340 palatium,
1180 2273 1332 2341 quod
1374 2272 1685 2343 aliquando
1729 2291 1829 2330 rex

171 2357 577 2413 Theodericus
601 2359 758 2413 fecit.
787 2357 994 2414 Alboin
1019 2358 1198 2428 igitur
1227 2362 1531 2430 postquam
1568 2364 1826 2431 regnavit

174 2448 235 2503 in
269 2447 440 2502 Italia
471 2461 654 2502 annos
697 2451 819 2502 tres
850 2452 909 2503 et
942 2461 1170 2503 menses
1204 2462 1326 2518 sex,
1363 2449 1705 2507 interfectus
1737 2459 1829 2507 est

174 2533 433 2592 consilio
493 2534 760 2604 conjugis
820 2550 939 2591 suae
997 2551 1103 2607 pro
1158 2551 1351 2593 causa.
1407 2540 1544 2593 Cum
1597 2539 1695 2594 sed
1741 2547 1825 2595 ret

177 2624 395 2681 Alboin
431 2624 583 2695 apud
612 2624 939 2680 Ravennam
966 2624 1020 2679 in
1045 2626 1311 2681 convivio
1333 2631 1392 2681 et
1426 2626 1670 2683 bibisset
1698 2628 1827 2698 plus

172 2726 466 2782 congruo,
486 2712 748 2783 precepit
771 2712 962 2768 afferri
990 2713 1183 2769 vinum
1211 2714 1423 2783 regium
1446 2712 1827 2771 Roscinundze

173 2803 233 2857 in
271 2802 532 2869 vasculo,
560 2799 713 2871 quod
748 2801 879 2856 fecit
920 2800 990 2856 de
1030 2802 1223 2872 capite
1255 2798 1449 2873 'patris
1474 2804 1599 2873 ejus
1622 2804 1825 2859 Chuui-

174 2890 380 2946 mundi
415 2890 591 2959 regis,
628 2889 827 2944 dicens
855 2890 930 2955 ei,
966 2895 1028 2945 ut
1062 2890 1214 2960 lieta,
1246 2892 1471 2947 biberet
1502 2908 1630 2949 cum
1666 2901 1830 2964 patre

173 2994 306 3035 suo.
340 2980 453 3033 Pro
485 2992 595 3048 qua
630 2993 692 3033 re
724 2977 822 3032 illa
856 2979 1163 3034 maximum
1196 2980 1535 3051 concipiens
1568 2982 1619 3037 in
1655 2984 1830 3039 corde

175 3065 469 3135 dolorem,
491 3066 794 3135 cogitavit,
822 3065 1074 3136 qualiter
1098 3068 1365 3124 maritum
1393 3069 1749 3127 interficeret
1770 3076 1829 3127 et

178 3159 410 3227 patrem
427 3154 1217 3226 vindicaret,consiliumque
1257 3156 1460 3212 habuit
1496 3174 1597 3229 pro
1631 3158 1734 3215 hac
1767 3176 1830 3216 re

174 3259 311 3300 cum
338 3243 635 3299 Helmicbe
657 3244 942 3311 armigero
967 3244 1143 3313 regis,
1162 3244 1256 3314 qui
1281 3261 1409 3300 eum
1436 3247 1629 3316 regina
1657 3249 1829 3306 unius

177 3336 308 3389 erat
334 3332 548 3388 aetatis.
569 3331 883 3388 Helmichis
905 3346 1041 3387 vero
1066 3332 1224 3387 dedit
1248 3334 1299 3388 ei
1322 3336 1652 3406 eonsdium,
1671 3342 1733 3392 ut
1759 3340 1826 3394 ad

176 3421 328 3478 hanc
362 3419 772 3493 perﬁciendam
806 3426 1129 3477 assumeret
1167 3422 1505 3494 Peredeum,
1544 3426 1826 3494 quendam

179 3511 392 3567 fortem
426 3509 634 3577 virum,
672 3509 929 3579 quicum
971 3510 1248 3567 vestiaria
1300 3511 1559 3581 ejusdem
1615 3516 1828 3581 regina:

177 3599 409 3655 solebat
441 3597 714 3653 dormire.
743 3598 842 3654 Cui
876 3614 1006 3655 cum
1042 3599 1136 3655 illa
1172 3614 1328 3655 suam
1364 3600 1721 3658 voluntatem
1748 3604 1829 3659 in-

179 3688 430 3757 dicaret,
465 3690 522 3742 et
556 3686 679 3758 ipse
712 3686 767 3742 in
798 3687 1262 3743 interfectionem
1292 3689 1449 3758 regis
1478 3690 1566 3745 sui
1590 3708 1828 3747 consen-

178 3791 307 3832 sum
340 3790 508 3831 suum
542 3775 877 3844 denegaret,
900 3776 1097 3845 regina
1134 3777 1188 3832 in
1220 3781 1477 3849 tempore
1498 3780 1689 3835 noctis
1712 3781 1827 3836 col-

177 3863 397 3921 locavit
429 3878 493 3920 se
522 3863 576 3918 in
608 3862 761 3919 lecto
784 3864 1076 3943 VCSUIII‘itD
1108 3880 1246 3934 suze,
1275 3880 1442 3936 quam
1468 3866 1564 3921 ille
1587 3870 1819 3933 amavit,

178 3953 539 4023 veniensque
570 3951 879 4021 Percdeus,
917 3953 1169 4022 reginam
1201 3952 1570 4011 adulteravit.
1607 3957 1725 4022 Qua
1763 3974 1821 4013 re

178 4041 463 4114 perfecta,
486 4041 666 4112 coepit
691 4039 786 4096 illa
809 4040 1002 4096 dicere
1025 4042 1283 4099 Peredco
1303 4063 1313 4097 :
1336 4044 1623 4110 Quam-me
1637 4048 1823 4104 consi-

176 4130 824 4200 derasesse?Cumque
858 4128 954 4185 ille
1001 4130 1324 4188 nominaret
1376 4147 1580 4190 nomen
1622 4135 1822 4191 amicae

177 4234 321 4287 suae,
353 4216 454 4273 illa
486 4217 788 4289 respondit
816 4238 828 4273 :
864 4219 995 4279 Non
1021 4227 1123 4289 est,
1149 4221 1221 4277 at
1238 4221 1304 4277 tu
1318 4235 1673 4294 speras;ego
1693 4237 1825 4281 sum

176 4307 574 4366 Rosemunda.
596 4306 765 4365 Certe
785 4308 965 4365 talem
984 4322 1227 4366 causam
1247 4309 1413 4367 modo
1414 4311 1647 4383 fecisti,
1668 4312 1755 4382 at,
1768 4316 1825 4371 si

176 4397 242 4453 tu
264 4411 381 4454 non
400 4395 779 4470 inter-feceris
797 4395 1030 4467 Albam,
1047 4397 1173 4468 ipse
1186 4397 1598 4470 winter/fciat.
1617 4400 1721 4466 Qui
1745 4401 1825 4457 in-

177 4485 454 4554 telligens
486 4484 698 4541 malum
724 4485 877 4556 quod
902 4486 1057 4556 fecit,
1086 4486 1220 4542 licet
1246 4485 1483 4557 invitus,
1502 4488 1558 4544 in
1578 4494 1821 4546 mortem

1948 585 2270 642 Helmicliin
2307 585 2655 641 interficere.
2688 585 2849 639 Inter
2876 584 3000 639 haec
3040 582 3405 640 Rosemunda
3440 598 3595 638 man-

1949 673 2105 729 davit
2141 674 2394 743 Longino
2425 674 2688 744 profecto
2719 674 3026 741 Ravennae,
3053 677 3116 727 ut
3137 672 3366 727 concite
3401 671 3590 727 navim

1947 763 2228 832 mitteret,
2256 779 2383 833 qua:
2407 777 2507 817 eos
2532 762 2891 833 deportaret.
2918 761 3096 826 Quam
3129 776 3258 815 eum
3284 759 3380 814 ille
3406 759 3597 815 misis-

1948 856 2057 921 set,
2099 868 2199 923 per
2230 851 2524 907 silentium
2560 851 2752 905 noctis
2786 849 3100 906 Helmichis
3130 854 3185 905 e‘.
3224 847 3591 904 Rosemunda

1948 943 2134 997 navim
2169 942 2555 1010 intraverunt,
2580 947 2639 995 et
2674 940 3068 1009 Albsuindam,
3108 939 3278 994 filiam
3315 939 3470 1007 regis
3502 937 3595 995 Al-

1948 1032 1982 1086 b
2010 1032 2103 1099 lin,
2137 1034 2193 1087 et
2228 1047 2453 1086 omnem
2507 1032 2840 1086 thesaurum
2876 1046 3070 1085 secum
3105 1029 3585 1099 deportaverunt.

1948 1121 2235 1187 Longinus
2268 1126 2461 1177 autem
2499 1120 2791 1191 profectus
2823 1119 3007 1173 suasit
3044 1116 3488 1183 Rosemundam,
3526 1120 3591 1170 ut

1947 1208 2267 1264 llelmichin
2300 1209 2593 1263 occideret
2629 1211 2688 1262 ct
2720 1223 2781 1263 se
2816 1208 3083 1261 maritum
3109 1205 3420 1273 acciperet.
3446 1203 3586 1268 Qum

1943 1312 2070 1353 cuin
2106 1298 2528 1367 consensisset,
2567 1296 2810 1367 quadam
2845 1296 2938 1351 die
2986 1295 3120 1349 dum
3173 1292 3484 1348 Helmichis
3516 1290 3586 1344 ad

1946 1387 2215 1440 balneum
2250 1386 2379 1453 iret,
2420 1386 2675 1457 perrexit
2725 1401 2855 1441 cum
2897 1400 2986 1453 eo,
3026 1387 3087 1439 ut
3132 1382 3184 1438 ei
3232 1380 3583 1445 deserviret,

1945 1478 2186 1545 portans
2212 1490 2407 1529 secum
2437 1490 2739 1543 venenum,
2758 1488 3014 1543 quocum
3034 1471 3411 1527 interficeret.
3431 1470 3591 1522 Cum-

1942 1578 2052 1632 que
2086 1563 2182 1618 ille
2227 1564 2297 1619 de
2341 1563 2546 1619 balneo
2588 1563 2798 1625 exiret,
2834 1561 3097 1633 porrexit
3130 1560 3182 1617 ei
3213 1572 3494 1614 venenum
3532 1556 3584 1609 in

1944 1650 2173 1719 poculo,
2209 1652 2408 1706 dicens
2440 1671 2452 1704 :
2485 1652 2559 1707 S27
2592 1651 2697 1707 hoc
2736 1649 2973 1710 biberis,
3006 1661 3289 1718 magnam
3329 1646 3586 1702 salutem

1938 1740 2079 1795 inde
2100 1739 2360 1796 liabebz's.
2379 1740 2483 1805 Qui
2509 1756 2637 1795 cuin
2666 1740 2891 1794 biberet
2918 1752 2981 1793 ac
3006 1752 3286 1793 venenum
3312 1750 3443 1790 esse
3460 1749 3588 1789 sen-

1942 1828 2099 1895 tiret,
2128 1829 2494 1900 apprehenso
2526 1829 2738 1896 gladio,
2763 1827 3189 1882 Rosc-mundam
3217 1840 3318 1895 per
3340 1821 3586 1892 capillos

1942 1917 2151 1984 tenuit,
2186 1921 2245 1972 et
2279 1931 2558 1972 venenum
2608 1915 2759 1985 quod
2801 1918 3159 1969 remanSerat
3193 1910 3347 1965 illam
3385 1910 3583 1964 bibere

1941 2005 2155 2073 coegit,
2192 2005 2394 2075 sicque
2430 2005 2526 2060 Dei
2556 2004 2777 2075 judicio
2808 2004 2976 2057 ambo
3009 2004 3306 2073 perierunt
3338 2012 3580 2053 veneno.

1944 2094 2231 2162 Longinus
2267 2109 2404 2149 vero
2438 2095 2736 2164 prefectus
2785 2091 3200 2148 Albsuuiudam
3250 2102 3381 2143 cum
3431 2086 3583 2141 omni

1942 2184 2215 2239 thesauro
2231 2183 2387 2237 misit
2404 2181 2963 2251 ConstantinpOlim
2984 2176 3583 2249 imperatoriJustiuo.

1943 2272 2301 2337 Longobardi
2336 2274 2527 2326 autem
2560 2285 2780 2338 omnes,
2807 2270 3006 2323 habito
3040 2268 3190 2322 inter
3220 2280 3283 2321 se
3313 2263 3581 2332 consilio,

1942 2362 2202 2416 fecerunt
2243 2376 2436 2429 regem
2479 2359 2675 2430 Cleph,
2712 2360 2896 2413 virum
2938 2355 3359 2412 nobilissimum
3393 2352 3586 2423 gentis

1942 2449 2471 2518 Longobardorum,
2510 2449 2562 2503 in
2598 2448 2838 2504 civitate
2868 2445 3273 2502 Ticinensium.
3308 2442 3410 2496 Hic
3444 2440 3585 2496 mul-

1938 2541 2032 2592 tos
2064 2542 2335 2608 potentes
2368 2538 2523 2592 viros
2556 2538 2942 2591 Romanorum
2975 2533 3120 2589 alios
3166 2530 3403 2599 occidit,
3439 2528 3585 2585 alios

1940 2625 2010 2680 de
2056 2626 2221 2680 Italia
2270 2626 2478 2695 ejecit;
2510 2640 2614 2680 nec
2656 2624 2806 2681 enim
2860 2622 3129 2678 Romanis
3172 2620 3272 2675 illo
3319 2623 3584 2688 tempore

1940 2713 2131 2768 victus
2166 2713 2292 2781 fuit,
2319 2718 2380 2768 ut
2413 2713 2689 2769 resistere
2724 2716 2964 2782 possent
2995 2706 3411 2778 Longobardis,
3450 2705 3583 2775 quia

1939 2807 1999 2859 et
2033 2801 2381 2871 mortalitas,
2408 2817 2536 2871 quae
2568 2802 2676 2857 sub
2709 2802 2948 2856 Nai-sete
2982 2798 3109 2863 fuit,
3136 2802 3194 2853 et
3228 2797 3425 2863 fames,
3454 2810 3581 2864 qua;

1945 2894 2141 2961 postea
2193 2890 2370 2959 venit,
2414 2904 2639 2946 omnem
2690 2887 2912 2969 Italiam
2954 2885 3279 2956 dissipavit.
3326 2886 3585 2953 Cumque

1940 2993 2045 3049 per
2077 2994 2249 3034 unum
2284 2993 2492 3034 annum
2525 2982 2581 3033 et
2618 2992 2716 3033 sex
2748 2990 2975 3033 menses
3016 2975 3191 3045 Cleph
3226 2975 3519 3042 regnaret,
3553 2985 3584 3025 a

1941 3066 2186 3136 quodam
2230 3081 2428 3138 puero,
2467 3065 2732 3121 familiari
2764 3080 2892 3132 suo,
2927 3079 3055 3121 cum
3087 3062 3303 3131 gladio,
3339 3059 3493 3130 quod
3528 3059 3581 3115 in

1943 3170 2136 3212 mensa
2170 3156 2240 3211 ad
2283 3157 2626 3226 obsequium
2670 3170 2836 3211 suum
2877 3154 3149 3221 habebat,
3195 3150 3427 3207 occisus
3467 3152 3579 3205 est.

1942 3247 2078 3300 Post
2113 3244 2279 3316 cujus
2308 3248 2553 3301 mortem
2589 3242 2951 3311 Langobardi
2985 3255 3179 3310 regem
3206 3240 3320 3309 jam
3356 3252 3459 3309 per
3490 3249 3587 3291 an-

1940 3349 2044 3390 nos
2076 3334 2275 3389 decem
2308 3348 2419 3389 non
2467 3333 2819 3402 habuerunt,
2852 3332 2956 3388 sed
2989 3331 3187 3398 duces,
3222 3340 3585 3398 unaquaque

1938 3422 2147 3479 civitas
2178 3437 2345 3478 suum
2378 3422 2603 3479 duceni.
2639 3423 2721 3477 Ex
2754 3422 2967 3492 quibus
3007 3419 3255 3475 ducibus
3296 3414 3582 3486 aliquanti

1936 3527 2064 3568 cum
2097 3510 2297 3567 multis
2330 3511 2757 3582 pugnatoribus
2790 3509 3005 3566 Gallias
3048 3506 3318 3578 ingressi,
3353 3503 3583 3577 predati

1937 3604 2092 3670 sunt,
2128 3605 2334 3655 contra
2367 3615 2519 3670 quos
2562 3601 2801 3655 Amatus
2851 3596 3158 3669 patricius,
3194 3594 3292 3663 qui
3334 3596 3462 3650 erat
3512 3607 3582 3647 ex

1934 3694 2102 3761 parte
2135 3689 2492 3745 Guntrainmi
2530 3688 2707 3758 regis,
2746 3700 2982 3743 movens
3012 3685 3359 3753 exercitum,
3395 3682 3467 3737 ab
3498 3681 3587 3737 eis

1934 3778 2164 3833 occisus
2196 3782 2306 3848 est,
2331 3777 2554 3848 ipsique
2586 3791 2715 3832 cum
2750 3775 2927 3831 multa
2960 3774 3137 3846 preda
3171 3770 3393 3828 reversi
3425 3773 3580 3826 sunt.

1934 3867 2156 3933 Quibus
2187 3866 2649 3935 discedentibus,
2678 3879 2778 3921 rex
2807 3863 3072 3933 Ennium,
3099 3862 3194 3933 qui
3222 3864 3284 3917 et
3315 3862 3586 3916 Nummu-

1933 3954 2025 4011 lus
2059 3954 2252 4011 dictus
2283 3957 2393 4025 cSt,
2422 3954 2491 4009 ad
2525 3968 2587 4010 se
2619 3954 2871 4023 vocavit,
2895 3966 3142 4022 eumque
3167 3948 3476 4023 patricium
3512 3948 3590 4003 fe.

1933 4044 2032 4099 cit.
2058 4044 2272 4098 Iterum
2307 4042 2672 4112 Longohardi
2707 4042 3076 4098 intraverunt
3108 4038 3380 4104 Galliam;
3412 4037 3587 4091 Num-

1934 4130 2126 4187 mulus
2159 4135 2351 4187 autem
2379 4131 2631 4201 juugcns
2660 4145 2723 4187 se
2756 4128 3287 4200 Burgundionibus,
3315 4125 3420 4181 ivit
3448 4139 3587 4180 con-

1934 4225 2021 4276 tra
2055 4234 2175 4289 eos,
2212 4223 2270 4274 ct
2298 4221 2669 4276 circumdans
2708 4235 2808 4275 eos
2859 4218 3110 4281 insidiis,
3148 4216 3362 4273 multos
3392 4230 3461 4270 ex
3496 4213 3583 4269 eis

1934 4307 2171 4375 occidit,
2207 4314 2439 4364 ceteros
2474 4308 2665 4364 redire
2700 4322 2913 4364 vacuos
2945 4307 3158 4377 coegit.

2009 4408 2148 4462 Post
2177 4406 2299 4462 haec
2333 4408 2609 4476 Saxones,
2639 4406 2733 4477 qui
2764 4422 2891 4462 cuin
2926 4402 3324 4475 Longoliardis
3355 4399 3580 4456 Italiam

1936 4494 2323 4566 intraverunt,
2341 4511 2469 4551 cum
2486 4495 2754 4551 viderent
2778 4494 3186 4565 Langobardos
3212 4504 3453 4561 regnare
3475 4503 3582 4546 nec

174 4574 334 4645 regis
363 4574 686 4630 consensit.
718 4575 871 4631 Tunc
914 4576 1274 4632 Rosemunda
1324 4577 1620 4635 crudelior
1669 4579 1821 4636 omni
1850 4571 1906 4634 D
1937 4582 2046 4655 ipsi
2078 4584 2290 4640 vellent
2325 4585 2431 4641 sub
2462 4584 2547 4640 eis
2580 4585 2794 4654 vivere,
2828 4599 2956 4639 cum
3005 4582 3273 4638 omnibus
3318 4579 3443 4634 suis
3476 4590 3583 4648 per

174 4662 387 4731 bestia,
420 4677 553 4718 cum
583 4663 792 4718 Alboin
827 4663 881 4719 in
914 4663 1155 4719 meridie
1191 4679 1253 4720 se
1303 4681 1502 4722 somno
1542 4666 1821 4740 dedisset,

172 4750 440 4823 precepit
465 4764 733 4821 magnum
758 4750 1059 4808 silentium
1084 4752 1138 4806 in
1166 4752 1381 4824 palatio
1407 4754 1529 4810 fieri
1554 4760 1613 4811 et
1634 4759 1823 4814 omnia

172 4854 334 4896 arma
358 4840 492 4896 inde
520 4839 807 4911 subtrahi,
826 4846 880 4896 et
897 4840 1154 4911 gladium
1182 4840 1341 4899 illius
1367 4844 1598 4900 fortiter
1621 4846 1824 4914 ligavit

171 4930 244 4986 ad
265 4932 441 5001 caput
469 4927 777 4999 lectuli,ne
802 4933 1001 5001 posset
1020 4930 1314 5000 evaginari
1338 4938 1436 4987 aut
1463 4932 1824 5007 tolli,sicque

167 5018 595 5074 interfectores
620 5017 745 5086 ejus
771 5017 1117 5074 introduxit.
1141 5019 1346 5075 Alboin
1374 5037 1511 5077 vero
1530 5024 1825 5082 excitatus

169 5118 197 5159 a
249 5120 473 5175 somno,
510 5110 570 5159 et
614 5103 948 5174 intelligens
997 5105 1204 5162 malum
1259 5108 1411 5178 quod
1464 5108 1820 5183 imminebat,

167 5193 403 5249 concite
433 5209 663 5248 manum
696 5192 764 5248 ad
794 5193 1072 5264 gladium,
1093 5195 1188 5265 qui
1223 5195 1497 5265 alligatus
1528 5204 1675 5271 erat,
1706 5206 1826 5256 ten-

169 5282 369 5351 debat,
407 5282 509 5337 scd
559 5295 668 5336 non
710 5282 910 5337 valens
960 5299 1089 5337 cum
1140 5285 1467 5351 extrahere,
1506 5287 1822 5344 scabellum

167 5369 676 5444 apprehendebat,
692 5375 750 5425 et
774 5369 1126 5440 aliquamdiu
1146 5388 1207 5427 se
1224 5373 1569 5429 defendebat
1589 5394 1602 5441 ;
1619 5378 1716 5431 sed
1740 5377 1821 5432 illi

164 5457 551 5531 prevalentes
574 5472 703 5513 eum
729 5459 1097 5515 occidebant.
1125 5460 1439 5517 Ilelinichis
1460 5465 1654 5519 autem
1683 5467 1825 5521 acci-

165 5548 334 5620 piens
349 5546 781 5604 Rosemundam
800 5548 852 5603 in
872 5549 1483 5619 uxorein,decretavit,
1502 5555 1563 5607 ut
1582 5565 1819 5621 regnum

162 5636 377 5695 Alboin
410 5634 904 5709 apprehenderet,
926 5636 1027 5694 sed
1060 5652 1173 5695 non
1206 5638 1417 5710 potuit,
1445 5639 1579 5709 quia
1603 5640 1823 5713 Longo-

1936 4673 2176 4728 Calliam
2201 4673 2597 4743 redierunt,et
2625 4689 2724 4745 per
2747 4672 3097 4742 adjutorium
3125 4667 3396 4737 Sigiberti
3426 4666 3584 4735 regis

1936 4760 1989 4815 in
2027 4761 2271 4833 patriam
2306 4776 2467 4816 suam
2504 4761 2911 4815 retendcrunt.
2952 4760 3075 4825 Quo
3110 4771 3237 4813 cum
3285 4754 3583 4825 pervenis-

1937 4856 2087 4919 sent,
2118 4851 2460 4905 invenerunt
2486 4863 2609 4903 eam
2634 4851 2837 4905 tenere
2860 4849 3077 4903 Suevos
3100 4852 3157 4901 et
3182 4844 3327 4899 alias
3350 4847 3577 4911 gentes.

1935 4939 2385 4995 Insurrexerunt
2416 4951 2555 5005 ergo
2588 4940 2789 4992 contra
2822 4951 2943 5005 eos,
2978 4938 3035 4989 et
3087 4934 3396 4991 certabant
3445 4931 3580 4989 inde

1934 5028 2230 5099 expellere
2262 5042 2382 5083 eos.
2421 5027 2487 5081 At
2524 5025 2604 5080 illi
2638 5024 2922 5081 dederunt
2955 5024 3040 5079 eis
3081 5021 3319 5078 terciam
3355 5025 3580 5092 partem

1937 5116 2211 5186 regionis,
2247 5117 2509 5172 dicentes
2539 5134 2550 5168 :
2581 5114 2733 5180 Qvia
2750 5126 3066 5185 parvamne
3094 5106 3478 5168 communiter
3498 5111 3586 5167 τί-

1932 5219 2084 5261 υενθ.
2121 5204 2447 5261 Saxonibus
2480 5219 2592 5261 non
2619 5204 3147 5271 consentientibus,
3176 5201 3385 5256 iterum
3410 5197 3586 5255 dede-

1934 5296 2069 5347 runt
2104 5292 2188 5346 eis
2224 5292 2391 5348 aliam
2423 5293 2686 5364 terciam,
2724 5298 2786 5348 ut
2819 5292 2926 5363 ipsi
2956 5293 3227 5345 tenerent
3256 5303 3454 5349 unam;
3481 5290 3582 5342 sed

1936 5380 2260 5436 Saxonibus
2291 5380 2450 5435 nullo
2501 5382 2669 5437 modo
2720 5379 3250 5451 acquiescentibus,
3284 5376 3586 5432 commise-

1933 5475 2067 5524 runt
2103 5483 2372 5538 pugnam,
2408 5460 2461 5523 in
2498 5483 2608 5539 qua
2640 5470 2711 5525 de
2740 5469 3067 5526 Saxonibus
3095 5465 3251 5522 mille
3274 5470 3344 5520 20
3369 5464 3584 5518 mortui
3674 5454 3685 5467 ’

1935 5561 2091 5627 sunt,
2128 5556 2197 5611 dc
2232 5556 2349 5613 illis
2378 5571 2517 5611 vero
2551 5560 2654 5613 400
2686 5557 2841 5613 milia
2875 5564 2932 5613 et
2965 5562 3052 5629 80,
3103 5556 3304 5628 sicque
3328 5556 3587 5611 Saxones

1935 5649 2152 5703 terram
2186 5660 2348 5702 suam
2378 5644 2785 5703 obtinuerunt.
