3952 6360
431 343 550 413 ’795

505 485 624 544 Hoc
653 487 918 560 tempore
953 485 1283 560 Sigibertus
1319 502 1421 546 rex
1453 489 1806 547 Francorum
1848 489 2082 548 occisus
2112 497 2164 560 Α

435 579 530 634 est
559 575 763 634 fraude
811 577 1100 651 Helperici
1154 578 1354 638 fratris
1404 579 1514 650 sui,
1562 583 1622 636 et
1676 594 1916 648 regnum
1955 579 2082 650 ejus

438 665 698 738 suscepit
733 664 886 723 ﬁlius
911 667 1039 738 ejus
1069 667 1432 726 IIildibertus
1452 683 1581 726 cum
1606 667 1944 726 Brunihildo
1970 685 2084 724 ma-

440 756 530 810 tre
561 767 685 811 sua.

509 843 772 901 Justinus
803 859 1034 916 quoque
1069 845 1256 902 minor
1285 861 1413 903 cum
1451 853 1505 904 11
1547 847 1714 903 annis
1760 849 2079 918 regnasset,

441 929 662 987 eisdem
716 933 1075 1005 temporibus
1123 934 1288 1002 obiit,
1318 939 1376 991 et
1405 935 1709 1009 Tyberium
1759 935 2084 992 Constanti-

443 1034 575 1074 num
611 1034 1012 1078 successorem
1049 1023 1306 1096 reliquit.
1329 1023 1452 1092 Quo
1481 1030 1612 1096 post
1645 1039 1828 1081 annos
1859 1028 2082 1096 septem

439 1105 734 1181 defuncto,
771 1111 1082 1170 Mauricius
1111 1115 1161 1170 ei
1193 1115 1477 1171 successit
1512 1115 1566 1170 in
1605 1115 1866 1186 imperio.

514 1197 876 1269 Longohardi
893 1217 1030 1259 vero
1048 1219 1174 1260 cum
1205 1220 1305 1276 per
1327 1204 1524 1260 decem
1549 1219 1730 1260 annos
1752 1207 1950 1260 essent
1975 1203 2084 1260 sub

447 1287 715 1360 ducibus,
758 1296 962 1362 postea
1015 1295 1305 1350 communi
1355 1293 1604 1350 consilio
1652 1293 2086 1349 constituerunt

441 1374 554 1432 sibi
607 1391 800 1447 regem
856 1381 1118 1452 Authari,
1154 1382 1330 1437 filium
1389 1381 1698 1453 Calphonis
1759 1381 2084 1452 supradicti

444 1463 728 1538 principis
759 1469 853 1540 qui
883 1475 1016 1526 ante
1044 1472 1328 1527 Talonem
1355 1471 1641 1540 regnavit,
1663 1477 1721 1526 et
1748 1486 1849 1542 pro
1879 1485 2084 1540 magno

444 1553 660 1611 honore
685 1566 1040 1615 vocaverunt
1063 1575 1190 1616 eum
1221 1561 1494 1629 Flavium,
1520 1565 1579 1616 et
1599 1559 1754 1616 istud
1776 1575 2085 1632 prenomcn

444 1647 644 1714 postea
670 1645 725 1700 in
750 1662 857 1703 usu
883 1647 1210 1706 habuerunt
1234 1664 1402 1720 reges
1424 1649 1952 1719 Longobardorum.
1978 1651 2088 1705 Du-

445 1746 546 1788 ces
577 1749 716 1790 vero
742 1737 836 1808 qui
865 1743 996 1794 tunc
1018 1744 1184 1794 erant
1207 1753 1314 1810 pro
1336 1739 1763 1795 restauratione
1790 1739 1948 1810 regni
1973 1752 2086 1795 me-

443 1820 718 1879 dietatem
749 1826 999 1882 omnium
1031 1843 1263 1884 suarum
1297 1829 1756 1886 substantiarum
1789 1829 1844 1884 in
1875 1842 2087 1900 expen-
2115 1863 2167 1922 B

441 1908 596 1967 dium
629 1913 710 1968 rei
745 1913 995 1984 publica:
1040 1915 1351 1988 dederunt,
1387 1923 1449 1973 ut
1493 1920 1670 1988 esset,
1707 1917 1858 1974 unde
1888 1917 2084 1973 vivere

445 1999 735 2069 potuisset
764 2001 890 2073 ipse
922 2019 1046 2070 rex,
1077 2003 1166 2059 vel
1201 2005 1298 2075 qui
1333 2005 1384 2060 in
1434 2005 1682 2062 servicio
1723 2005 1848 2076 ejus
1895 2009 2082 2076 erant,

443 2086 532 2142 vel
565 2087 662 2158 qui
697 2088 768 2145 ad
799 2105 930 2148 eum
960 2093 1288 2149 veniebant.
1313 2095 1430 2150 IIoc
1453 2098 1646 2150 autem
1669 2099 1794 2151 erat
1821 2093 2085 2151 mirabile

443 2174 496 2230 in
531 2191 710 2246 regno
747 2179 1276 2254 Longobardorum,
1304 2183 1456 2254 quod
1484 2183 1679 2240 nullus
1708 2184 1880 2240 alicui
1916 2185 2088 2240 facie-

444 2263 538 2319 bat
575 2265 936 2340 violentiam,
971 2269 1127 2326 nulla
1159 2271 1318 2328 fraus
1349 2271 1428 2327 ibi
1461 2276 1609 2343 erat,
1641 2287 1806 2328 nemo
1835 2271 2082 2344 aliquem

443 2353 659 2422 injuste
685 2357 1044 2429 angariabat,
1073 2373 1182 2414 non
1205 2358 1284 2415 ibi
1307 2359 1568 2418 latrones
1585 2365 1772 2432 erant,
1791 2361 1892 2418 sed
1915 2377 2088 2419 unus-

443 2441 692 2514 quisque
718 2444 814 2500 ubi
839 2445 1069 2503 volebat
1093 2462 1338 2506 securus
1359 2451 1661 2522 pergebat.
1689 2452 1802 2507 Hoc
1826 2455 2088 2523 tempore

446 2528 758 2588 Mauricius
782 2533 1098 2606 imperator
1121 2537 1539 2608 quinquaginta
1573 2538 1731 2595 milia
1762 2539 2086 2597 solidorum

450 2617 607 2674 misit
643 2619 969 2680 Hildiberto
1002 2625 1124 2694 regi
1173 2627 1543 2697 Francorum,
1579 2632 1644 2684 ut
1673 2627 2088 2698 Longobardos

445 2704 517 2762 de
547 2707 713 2765 Italia
744 2710 1086 2782 expelleret.
1111 2713 1234 2780 Quo
1257 2702 1522 2771 veniente
1543 2731 1670 2772 cum
1696 2731 1901 2786 magno
1925 2731 2089 2773 exer-

443 2794 586 2866 citu,
623 2798 986 2868 Longobardi
1016 2802 1288 2860 civitates
1319 2818 1457 2860 suas
1489 2804 1878 2876 intraverunt,
1903 2811 1962 2862 et
1993 2819 2090 2862 xe-

443 2883 536 2940 nia
569 2885 894 2945 Hildiberto
928 2890 1050 2962 regi
1083 2891 1386 2962 miserunt,
1410 2907 1729 2964 pacemque
1750 2909 1879 2950 eum
1911 2909 1980 2950 eo
2014 2894 2090 2949 fe-

442 2979 670 3031 cerunt.
701 2975 808 3044 Qui
840 2992 1116 3036 reversus
1145 2983 1236 3037 est
1271 2980 1324 3036 in
1359 2981 1616 3038 Galliam.
1645 2981 1806 3048 Quod
1843 2981 2089 3039 audiens

444 3063 772 3137 Mauricius,
803 3065 1048 3138 solidos,
1075 3083 1222 3139 quos
1251 3069 1304 3126 ei
1338 3084 1442 3142 pro
1465 3069 1849 3142 dissipatione
1871 3071 2093 3141 Longo-

448 3152 758 3211 bardorum
791 3155 972 3226 dedit,
1001 3162 1268 3228 repetere
1290 3157 1622 3230 ccepit;sed
1654 3157 1752 3214 ille
1786 3159 1842 3214 in
1871 3159 2090 3216 virtute

1581 350 2067 418 EKKEHARDI
2107 349 2666 418 URAUGIENSIS

3673 367 3764 434 796

2196 487 2319 546 rius
2371 487 2582 545 scribit
2611 486 2666 544 in
2697 485 2938 559 Dialogo
2989 486 3089 561 (cf.
3131 503 3212 560 ιιι,
3248 491 3355 563 19),
3385 494 3444 549 et
3488 497 3760 568 pestilentia

2196 575 2316 645 illa,
2353 593 2457 650 pro
2491 591 2600 648 qua
2635 576 2762 649 ipse
2787 578 2904 649 jam
2945 577 3405 650 arehydiaconus
3431 586 3760 656 septiformem

2195 665 2484 722 laetaniam
2509 666 2821 724 constituit
2844 667 3082 740 ipseque
3099 669 3410 726 Romanum
3432 675 3762 744 pontiﬁcatum

2196 754 2415 812 invitus
2430 754 2676 827 accepit.
2695 757 2836 812 Post
2853 755 2977 812 haec
3001 756 3161 811 misit
3183 757 3418 814 Authari
3443 760 3640 832 legatos
3657 781 3762 824 suos

2195 842 2265 899 ad
2307 843 2678 900 Caribaldum
2730 859 2925 915 regem
2977 844 3388 918 Bawariorum,
3425 853 3606 920 petens
3631 853 3762 912 ﬂliam

2193 945 2357 988 suam
2393 947 2650 988 uxorem.
2685 933 2792 999 Qui
2829 933 2972 990 bene
3003 931 3230 1004 legatos
3259 939 3526 1008 suscepit,
3553 945 3602 996 et
3631 940 3762 1001 ﬁliam

2195 1035 2355 1076 suam
2383 1020 2612 1077 nomine
2627 1020 3080 1078 Theodelindam
3113 1023 3164 1078 ei
3197 1023 3478 1094 promisit.
3503 1025 3644 1093 Quod
3663 1031 3763 1088 dum

2197 1108 2359 1165 missi
2417 1109 2829 1166 renunciarent
2883 1109 3148 1177 Authari,
3201 1109 3296 1167 ille
3347 1113 3571 1184 cupiens
3611 1117 3765 1176 videre

2195 1212 2465 1269 sponsam
2496 1213 2680 1269 suam,
2703 1198 2880 1268 elegit
2908 1213 3104 1256 secum
3139 1213 3354 1271 paucos
3377 1201 3602 1272 juvenes
3619 1205 3766 1265 fortis.

2196 1286 2392 1356 simos,
2424 1290 2480 1342 et
2520 1302 2690 1343 unum
2727 1285 3128 1344 fidelissimum
3162 1288 3325 1360 quasi
3357 1304 3458 1361 pro
3488 1289 3700 1360 domino,
3723 1301 3768 1350 et

2197 1390 2325 1431 cum
2385 1389 2605 1432 summa
2654 1375 3025 1432 festinatione
3079 1377 3338 1449 perrexit
3388 1378 3440 1434 in
3490 1379 3764 1439 Bawariam.

2199 1465 2453 1536 Cumque
2477 1469 2702 1520 starent
2728 1465 2784 1521 in
2809 1469 3120 1538 conspectu
3149 1465 3440 1522 Garibaldi
3464 1469 3619 1539 regis,
3633 1477 3682 1525 et
3697 1470 3768 1529 ille

2197 1553 2294 1623 qui
2329 1555 2490 1623 quasi
2527 1553 2722 1610 senior
2763 1552 3077 1610 videbatur
3124 1553 3282 1609 dicta
3330 1568 3431 1611 sua
3459 1557 3766 1629 complesset,

2199 1641 2350 1698 dixit
2384 1641 2627 1698 Authari
2661 1643 2730 1698 ad
2764 1657 2956 1713 regem
2992 1661 3004 1700 :
3036 1644 3330 1701 Dominus
3371 1659 3524 1702 meas
3564 1647 3770 1704 Aullzari

2194 1733 2437 1802 proprie
2451 1745 2566 1803 pro
2588 1731 2708 1788 ista
2739 1746 2925 1789 causa
2951 1745 3044 1789 me
3069 1733 3259 1804 misit,
3292 1731 3363 1789 ut
3385 1732 3600 1790 videam
3615 1735 3771 1807 ﬁliam

2195 1820 2474 1890 vestram,
2507 1820 2808 1877 domi-nam
2834 1821 3118 1890 nostram,
3160 1821 3249 1890 at,
3293 1820 3490 1893 qualis
3523 1823 3600 1880 sit
3609 1824 3772 1894 fama

2197 1911 2348 1981 ejus,
2370 1911 2601 1980 possim
2631 1909 2862 1968 donatae
2881 1923 3004 1966 meo
3023 1923 3158 1966 cere
3177 1910 3482 1967 nanciare.
3503 1910 3597 1978 Qui
3619 1911 3770 1968 statim

2199 1997 2335 2054 fecit
2384 2012 2508 2054 eam
2559 1999 2779 2054 venire.
2832 1998 2970 2064 Quae
3019 2013 3148 2055 cum
3198 1997 3518 2070 placuisset
3562 1999 3771 2070 Authari,

2198 2086 2342 2142 dixit
2377 2087 2445 2142 ad
2477 2101 2671 2156 regem
2707 2106 2720 2141 :
2751 2087 2824 2146 Si
2848 2087 3050 2159 placet
3069 2087 3284 2144 vestrae
3291 2087 3586 2160 potestati,
3613 2089 3671 2144 de
3690 2101 3774 2144 sua

2196 2189 2378 2233 manu
2399 2175 2500 2232 det
2525 2173 2694 2233 nobis
2718 2173 2930 2246 bibere,
2959 2177 3121 2234 sicut
3147 2176 3210 2234 et
3221 2175 3466 2249 posticae
3490 2174 3689 2234 debebit
3693 2176 3775 2250 fa-

2197 2277 2324 2322 cere
2353 2263 2515 2330 Quod
2547 2279 2678 2321 cum
2709 2280 2812 2320 rex
2845 2263 2970 2320 ﬁeri
2997 2264 3304 2336 jussisset,
3331 2263 3428 2320 illa
3458 2264 3648 2322 tollens
3673 2263 3776 2320 cali.

2197 2366 2320 2408 cem
2356 2353 2588 2425 plenum
2624 2367 2802 2423 mero,
2831 2353 2992 2410 dedit
3016 2353 3268 2426 primum
3294 2353 3377 2409 illi
3410 2352 3502 2425 qui
3531 2353 3693 2411 senior
3716 2353 3756 2408 vi

2199 2441 2466 2515 debatur,
2503 2441 2711 2499 deinde
2754 2443 3092 2516 porrigebat
3123 2443 3390 2514 Authari,
3416 2443 3654 2500 nesciens
3679 2443 3775 2513 quis

2197 2538 2374 2590 esset.
2401 2533 2528 2605 Ipse
2553 2547 2693 2589 vero
2721 2537 3026 2604 postquam
3053 2531 3206 2588 bibit
3227 2535 3284 2588 et
3308 2530 3538 2588 calicem
3555 2529 3770 2598 reddidit,

2197 2623 2426 2678 nemine
2457 2619 2716 2692 vidente,
2735 2620 2921 2691 digito
2949 2634 3073 2677 eam
3093 2620 3312 2692 tetigit,
3339 2624 3408 2676 et'
3429 2635 3632 2677 manum
3651 2634 3770 2676 suam

2198 2722 2302 2781 per
2336 2710 2538 2766 faciem
2572 2709 2698 2780 ejus
2731 2709 2899 2766 duxit
2946 2708 3084 2776 Quae
3115 2707 3518 2766 verecundans
3537 2722 3647 2764 cum
3695 2707 3771 2763 hoc

2201 2799 2414 2856 nutrici
2447 2815 2566 2856 sua:
2596 2799 2903 2868 indicaret,
2944 2797 3145 2854 nutrix
3168 2797 3494 2871 respondit:
3542 2799 3608 2856 Si
3631 2797 3775 2854 reae!

2197 2902 2446 2962 sponsas
2501 2888 2639 2946 tuas
2666 2901 2784 2945 non
2813 2887 2982 2959 esset,
3029 2887 3266 2944 tenella
3297 2887 3450 2944 modo
3463 2887 3774 2960 tangerem-

2198 2977 2698 3056 sumgrsissetﬂed
2725 2977 3157 3048 laceamas,nec
3167 2975 3774 3048 audiathocpaterluus

2199 3067 2322 3125 Iste
2334 3067 2442 3138 qui
2457 3067 2629 3123 talem
2641 3064 3156 3138 habetpersonam,
3197 3065 3418 3138 dignas
3428 3067 3526 3136 est,
3565 3065 3614 3121 et
3645 3065 3776 3136 impe-

2199 3156 2360 3214 rium
2373 3153 2592 3213 habere
2603 3155 2982 3212 etleaaorem
2993 3154 3228 3213 ducere.
3263 3156 3400 3210 Erat
3427 3153 3566 3209 enim
3589 3150 3774 3208 Authari

447 3255 549 3298 sua
581 3242 906 3314 conﬁdens,
941 3221 1161 3302 nullum
1193 3247 1247 3302 ei
1278 3221 1617 3318 responsum
1649 3247 1833 3304 dedit.
1865 3249 2090 3304 Interea
2122 3221 2171 3284 Ο
2195 3244 2428 3316 juvenis
2442 3243 2947 3317 pulcherrimuset
2963 3243 3097 3301 boni
3137 3248 3356 3302 status.
3392 3241 3643 3300 Posthaec
3667 3254 3778 3297 com-

445 3327 810 3387 Hildihertus
844 3333 1126 3402 pugnavit
1156 3348 1286 3390 cum
1317 3333 1620 3406 IIyspanis.
1642 3338 1697 3390 et
1720 3335 1856 3391 vicit
1881 3349 2006 3408 eos,
2031 3339 2092 3392 et

449 3417 560 3472 ista
597 3417 701 3474 fuit
737 3433 932 3488 causa,
968 3419 1120 3476 unde
1158 3421 1310 3478 inter
1349 3437 1412 3479 se
1462 3437 1722 3494 pugnare
1753 3428 2089 3496 coeperunt;

447 3505 814 3564 Hildibertus
843 3522 943 3565 rex
979 3524 1238 3566 sororem
1286 3525 1446 3567 suam
1496 3511 1728 3569 nomine
1777 3511 2090 3582 Ingundem

447 3594 695 3651 dederat
729 3611 969 3654 uxorem
1004 3599 1404 3671 Erminigildo,
1439 3599 1557 3657 tilio
1587 3601 1904 3672 Leovigildi
1938 3602 2093 3672 regis

447 3683 867 3755 Hyspanorum.
904 3686 1012 3754 Qui
1042 3687 1447 3759 Ermengildus
1492 3703 1594 3761 per
1636 3689 2089 3762 predicationem

447 3770 691 3828 Leandri
715 3774 980 3848 episcOpi
998 3780 1058 3832 et
1077 3791 1180 3848 per
1201 3777 1416 3835 monita
1443 3777 1643 3835 uxoris
1666 3793 1786 3836 suae
1805 3778 1875 3833 de
1900 3779 2093 3835 Arria-

445 3874 516 3918 na
545 3849 758 3930 heresi,
783 3877 952 3934 quam
980 3869 1144 3937 pater
1166 3881 1307 3924 suus
1329 3865 1580 3938 colebat,
1609 3867 1679 3924 ad
1703 3865 1872 3923 fidem
1893 3867 2092 3925 catho-

441 3950 610 4008 licam
635 3965 955 4010 conversus
982 3954 1198 4020 fuerat;
1222 3970 1328 4027 pro
1353 3969 1464 4027 qua
1488 3969 1666 4012 causa
1688 3955 1902 4028 impius
1924 3961 2092 4028 pater

443 4039 573 4109 ejus
603 4039 660 4096 in
694 4041 817 4112 ipsa
843 4041 1162 4100 festivitate
1185 4043 1416 4114 paschae
1439 4059 1570 4101 eum
1593 4044 1788 4102 securi
1809 4059 1940 4103 eum
1963 4059 2094 4118 per-

443 4127 570 4184 cuti
597 4129 793 4199 jussit.
827 4131 982 4187 Uxor
1008 4146 1147 4187 vero
1176 4131 1336 4190 illius
1382 4133 1610 4203 fugiens
1657 4133 1728 4190 de
1779 4135 2088 4206 Hyspania,

445 4214 632 4273 voluit
661 4219 878 4274 reverti
901 4219 957 4276 in
985 4221 1229 4292 patriam
1254 4236 1417 4280 suam
1437 4223 1569 4290 ;sed
1589 4221 1806 4279 milites
1828 4223 2088 4295 Romani,

450 4303 547 4376 qui
581 4303 636 4360 in
677 4304 794 4364 illis
837 4308 1106 4379 partibus
1154 4313 1342 4380 erant,
1375 4311 1889 4382 apprehenderunt
1935 4311 2091 4368 illam

445 4405 577 4449 cum
611 4392 729 4450 ﬂlio
759 4409 866 4452 suo
899 4395 1163 4468 parvulo,
1188 4401 1246 4453 et
1276 4397 1650 4456 adduxerunt
1680 4398 1836 4455 illam
1869 4399 1923 4454 in
1957 4399 2096 4457 Sici-

347 4499 356 4508 -
448 4478 603 4553 liam,
629 4481 826 4554 ibique
857 4488 1086 4541 mortua
1107 4489 1218 4556 est,
1243 4485 1420 4542 tilium
1443 4501 1583 4544 vero
1605 4485 1732 4558 ejus
1751 4487 2096 4546 direxerunt

2202 3339 2450 3391 meatum
2493 3337 2760 3405 petentes
2799 3346 2832 3390 a
2861 3347 3018 3404 rege,
3055 3337 3448 3405 perrexerunt
3486 3331 3552 3388 ad
3587 3329 3776 3403 patriam

2201 3437 2384 3478 suam.
2425 3421 2664 3479 Authari
2686 3436 2824 3478 vero
2837 3437 2968 3479 eum
2985 3422 3350 3494 pervenisset
3369 3435 3536 3494 prope
3558 3419 3678 3476 fines
3700 3418 3778 3472 Ita-

2202 3510 2315 3582 liae,
2333 3509 2753 3568 comitantibus
2768 3509 3087 3582 aliquantis
3100 3510 3408 3582 Bawariis,
3421 3507 3779 3582 appropinquao

2201 3599 2286 3656 vit
2309 3599 2524 3670 arbori,
2553 3613 2680 3671 quae
2705 3598 3087 3670 stabatjuxta
3103 3597 3280 3670 viam,
3305 3605 3364 3656 et
3385 3597 3629 3655 erexitse
3648 3605 3780 3664 super

2201 3686 2489 3744 caballum
2506 3691 2784 3758 quantum
2827 3687 3040 3760 potuit,
3067 3690 3125 3744 et
3151 3688 3406 3746 securim
3446 3700 3600 3758 quam
3635 3685 3783 3757 porta-

2203 3776 2300 3834 bat
2333 3776 2388 3832 in
2418 3791 2588 3833 manu
2623 3775 2678 3831 in
2701 3775 2883 3848 ipsam
2909 3776 3177 3832 arborem
3213 3775 3452 3848 impegit
3474 3769 3781 3845 ibiquedimi-

2201 3865 2302 3936 sit,
2336 3865 2535 3922 dicens
2562 3883 2574 3919 :
2616 3864 2841 3923 Taliter
2837 3864 3044 3938 ferire
3069 3863 3510 3924 soletAutltari.
3543 3859 3781 3930 Quodicto

2203 3952 2622 4010 intellexerunt
2655 3952 2902 4010 Bawarii
2921 3953 3077 4024 quod
3095 3953 3227 4026 ipse
3241 3950 3656 4011 essetAuthari.
3681 3949 3778 4003 Post

2202 4042 2560 4114 aliquantum
2591 4045 2824 4114 tempus
2853 4042 3254 4098 conturbatus
3269 4047 3476 4098 estrex
3500 4035 3782 4095 Garibaldus

2204 4131 2276 4188 de
2297 4129 2549 4188 adventu
2576 4131 2948 4202 Francorum,
2985 4130 3478 4200 etTheodelinda,
3528 4128 3630 4184 tilia
3669 4124 3779 4193 ejus.

2201 4235 2332 4277 cum
2367 4219 2684 4290 fratresuo,
2716 4218 2946 4275 nomine
2968 4217 3436 4289 Gundoaldo‘m,
3469 4211 3678 4287 fugitad
3703 4211 3782 4267 Ita-

2205 4307 2360 4380 liam,
2389 4312 2449 4366 et
2481 4307 2777 4365 mandavit
2801 4321 3017 4380 sponso
3039 4321 3147 4365 suo
3205 4308 3469 4378 Authari,
3517 4310 3574 4362 ut
3605 4299 3778 4359 veniret

2205 4397 2435 4454 obviam
2466 4397 2571 4454 eis.
2611 4395 2973 4468 Quigavisus
2991 4399 3185 4467 est,et
3218 4397 3436 4454 faciens
3451 4400 3780 4465 magnampre-

2206 4485 2590 4559 parationem,
2612 4484 2873 4558 perrexit
2898 4485 2952 4540 in
2965 4499 3236 4558 campum
3279 4486 3373 4558 qui
3390 4484 3590 4542 dicitur
3612 4475 3777 4538 Sardis,

446 4569 500 4626 in
545 4571 1108 4644 Constantinopolim
1159 4573 1433 4631 Mauricio
1482 4575 1841 4648 imperatori.
1877 4578 2093 4634 Iterum
2120 4573 2177 4638 D
2210 4589 2388 4648 super
2416 4575 2724 4646 Veronam,
2758 4580 2814 4630 et
2850 4573 3113 4647 suscepit
3137 4588 3262 4631 eam
3292 4589 3420 4631 cum
3448 4569 3652 4644 gaudio.
3680 4565 3778 4620 Erat

447 4653 760 4718 Mauricius
791 4661 1110 4733 imperator
1139 4663 1296 4720 misit
1333 4664 1402 4720 ad
1439 4665 1848 4735 Hildibertum,
1882 4679 2095 4736 rogans

447 4746 632 4819 illum,
659 4754 722 4805 ut
747 4749 1070 4806 exercitum
1093 4751 1374 4823 dirigeret
1398 4753 1454 4810 in
1480 4753 1703 4810 Italiam
1727 4759 1930 4812 contra
1957 4755 2098 4811 Lon-

447 4835 765 4906 gobardos.
789 4835 895 4904 Qui
921 4851 1184 4909 sperans,
1213 4840 1366 4911 quod
1389 4855 1560 4897 soror
1588 4855 1692 4898 sua
1723 4841 1912 4899 adhuc
1942 4842 2098 4899 vive-

447 4928 536 4980 ret
567 4927 626 4981 et
665 4923 718 4980 in
754 4926 1259 4999 Constantinopoli
1289 4933 1464 5001 esset,
1489 4928 1692 4986 volens
1721 4945 1846 4987 eam
1872 4930 2098 4988 recolli-

444 5027 608 5084 gere,
642 5014 956 5087 eomplevit
1011 5015 1372 5074 voluntatem
1424 5017 1816 5090 imperatoris,
1847 5025 1906 5075 et
1939 5020 2098 5077 misit

448 5102 778 5159 exercitum
813 5104 1164 5160 Francorum
1209 5105 1265 5161 in
1312 5103 1566 5171 Italiam;
1603 5107 1705 5164 sed
1737 5107 2096 5179 Longobardi

450 5190 794 5262 frequenter
811 5192 1152 5262 pugnabant
1173 5197 1377 5248 contra
1403 5193 1584 5266 ipsos.
1601 5197 1744 5252 Post
1757 5195 1880 5252 haec
1895 5196 2099 5254 Franci

448 5282 508 5333 et
559 5277 860 5335 Alamanni
891 5279 1073 5337 rixam
1122 5281 1276 5339 inter
1324 5297 1387 5340 se
1419 5283 1721 5356 habentes,
1755 5285 1980 5356 egressi
2029 5285 2102 5344 de

451 5365 642 5436 italia,
669 5365 971 5424 redierunt
996 5369 1066 5425 ad
1092 5371 1348 5442 propria.
1367 5373 1486 5429 Hoc
1509 5377 1772 5443 tempore
1796 5373 2100 5432 inundatio

451 5466 738 5525 aquarum
768 5453 918 5512 facta
950 5461 1042 5513 est
1077 5457 1131 5513 in
1163 5457 1352 5530 Italia,
1388 5460 1460 5517 de
1492 5475 1604 5534 qua
1637 5463 1846 5519 beatus
1891 5466 2103 5534 Grego-

2210 4668 2403 4721 autem
2438 4662 2517 4719 ibi
2541 4667 2682 4720 tunc
2714 4662 2868 4719 inter
2901 4662 3048 4720 alios
3100 4661 3514 4734 Longohardos
3557 4651 3780 4727 Agilolfus

2208 4751 2326 4809 dux
2348 4751 2420 4808 de
2450 4752 2691 4810 civitate
2721 4750 3091 4808 Taurinensi.
3121 4753 3282 4808 Tunc
3313 4749 3500 4809 subito
3533 4740 3782 4802 conturba.

2207 4846 2308 4898 tus
2338 4845 2430 4898 est
2461 4855 2581 4912 aer,
2598 4844 2655 4897 et
2685 4840 2844 4912 cepit
2875 4845 3084 4898 tonare
3133 4843 3193 4896 ct
3238 4851 3541 4898 coruscare
3575 4829 3778 4912 fortiter,

2209 4929 2530 5001 statimque
2567 4909 2792 4986 fulmen
2845 4929 3139 5000 percussit
3181 4943 3357 4985 unum
3405 4925 3624 4995 lignum,
3664 4909 3780 4986 Quod

2207 5021 2332 5076 erat
2358 5017 2608 5090 positum
2642 5017 2698 5073 in
2721 5015 2957 5074 elusura
2989 5017 3172 5088 regis.
3215 5014 3494 5087 Agilolfus
3517 5013 3680 5068 autem
3711 5003 3783 5058 ha-

2211 5107 2607 5179 huitpuerum
2638 5106 2946 5179 quendam,
2983 5105 3102 5178 qui,
3133 5105 3332 5162 nescio
3390 5118 3490 5176 per
3534 5109 3680 5172 quam
3719 5103 3783 5144 ar-

2212 5201 2348 5268 tem,
2385 5194 2722 5266 intelligens
2740 5193 2878 5266 quid
2895 5193 3276 5267 signiﬁcaret,
3293 5193 3374 5250 ait
3389 5187 3622 5264 Agilolfo
3639 5191 3780 5268 ξεστοί

2210 5290 2294 5343 te:
2309 5262 2687 5356 istamalier,
2700 5262 2886 5356 geram
2925 5262 3216 5342 madores:
3253 5262 3404 5342 tulit
3430 5262 3664 5362 merit,

2208 5388 2327 5432 non
2345 5375 2600 5434 multum
2611 5353 2728 5433 tua
2729 5375 2994 5445 conjmw
3004 5371 3095 5407 1°”
3106 5373 3239 5431 erit.
3257 5370 3368 5441 Qui
3415 5369 3592 5426 iratus
3613 5360 3679 5418 ait
3706 5353 3781 5411 :Si

2213 5465 2350 5521 alia
2413 5463 2540 5522 vice
2578 5463 2686 5522 loc
2744 5463 2996 5533 dixeris,
3062 5461 3248 5534 caput
3295 5461 3459 5519 tum
3509 5447 3776 5514 abscidam-

1811 5563 2048 5618 VARIJ".
2089 5561 2486 5618 LECTIONES.

514 5635 607 5672 ιοδί
637 5637 711 5693 in
741 5633 859 5694 loco
884 5653 1024 5698 raso
1051 5645 1108 5696 1.
1171 5641 1260 5678 ¹⁰³²
1290 5644 1502 5715 conjux
1529 5661 1678 5706 corr.
1711 5649 1990 5723 conjunxt
