3952 6316
148 357 263 422 ’19³1

1036 353 1476 421 CHRONICA.
1513 387 1589 400 -—
1621 342 2096 414 CHRONICON
2138 344 2686 410 UNIVERSALE.

3445 335 3568 401 798

144 494 249 553 Cui
281 494 384 554 ille
417 494 766 567 respondit:
809 496 1017 553 νθνωη
1057 496 1160 563 est,
1205 494 1354 567 quia
1406 494 1585 567 caput
1610 508 1804 550 meum
1829 480 1887 546 A
1916 483 2058 540 Fiam
2089 484 2331 553 habellS,
2379 496 2509 539 Cum
2562 493 2767 551 magna
2800 475 2975 551 Pl‘eda
3022 474 3092 534 ad
3128 479 3343 532 terra!“
3395 486 3561 532 δαείω

142 586 455 645 abscidere
466 585 695 657 poteris
706 603 730 653 ;
744 586 850 643 sed
869 586 928 642 et
946 586 1051 642 Ιιοο
1070 600 1274 643 verum
1294 585 1398 655 est,
1420 586 1568 655 quia
1581 584 1803 656 istafe—

140 677 316 733 mina
333 677 415 732 ad
425 674 531 733 hoc
548 675 716 732 venit
736 675 801 732 in
821 676 999 733 istam
1006 676 1293 747 patriam,
1310 676 1542 731 uincor
1564 675 1670 731 tua
1698 675 1798 731 sit.

144 766 315 833 Quod
348 770 408 821 et
442 770 641 836 postea
693 766 907 822 factum
939 770 1053 821 est.
1109 768 1334 821 Interea
1368 764 1659 820 mandavit
1698 766 1806 819 Au-

142 854 307 909 thari
338 868 441 910 rex
479 853 657 909 verba
694 854 931 924 pacifica
985 855 1358 911 Guntrammo
1390 853 1512 921 regi
1564 855 1806 908 Franco-

144 956 303 1010 rum,
329 944 541 1012 patruo
566 941 874 996 Hildiberti
900 941 1077 1010 regis,
1109 946 1165 997 ut
1200 941 1415 997 faceret
1444 955 1641 1011 pacem
1675 955 1804 995 cum

143 1044 237 1086 eo.
264 1029 373 1085 Ille
397 1044 537 1085 vero
561 1045 690 1086 cum
704 1031 917 1096 gaudio
940 1030 1203 1101 suscepit
1230 1031 1433 1086 missos
1457 1030 1720 1093 Autbari,
1747 1033 1803 1083 et

145 1118 371 1174 direxit
419 1134 519 1174 eos
544 1119 613 1174 ad
650 1119 1037 1176 Hildibertum
1063 1124 1331 1191 nepotem
1356 1133 1544 1187 suum,
1580 1123 1645 1174 ut
1678 1133 1807 1189 pro-

143 1212 286 1278 pter
318 1208 679 1264 voluntatem
724 1223 881 1264 suam
926 1213 983 1263 et
1013 1209 1323 1265 consilium
1360 1210 1576 1264 faceret
1610 1225 1805 1279 pacem

146 1310 285 1351 cum
318 1295 735 1364 Longobardis.
773 1299 910 1351 Erat
933 1297 1082 1352 enim
1119 1298 1243 1366 ipse
1273 1298 1682 1352 Guntrammus
1705 1310 1804 1351 rex

144 1383 434 1454 paciﬁcus
464 1389 522 1439 et
555 1384 707 1440 omni
742 1386 1000 1441 bonitate
1025 1385 1306 1457 proditus.
1343 1385 1477 1441 Cum
1516 1388 1705 1440 autem
1732 1384 1809 1439 le-

143 1473 274 1542 gati
308 1474 611 1529 tardarent
643 1473 694 1528 in
757 1475 1012 1542 Francia,
1065 1475 1305 1531 Authari
1365 1474 1515 1545 apud
1550 1474 1805 1529 Ticinum

144 1577 399 1629 veneno,
424 1567 488 1618 ut
519 1561 741 1627 dicunt,
787 1568 1050 1619 mortuus
1074 1569 1184 1629 est,
1216 1568 1516 1635 postquam
1542 1564 1805 1631 regnavit

144 1651 324 1706 annis
356 1666 482 1706 sex.
529 1652 851 1721 Statimque
876 1652 1234 1722 Langobardi
1270 1653 1556 1709 miserunt
1589 1652 1658 1708 ad
1696 1653 1808 1707 Hil-

147 1738 454 1794 dibertum
478 1754 690 1809 regem,
717 1740 812 1809 qui
837 1740 887 1794 ei
920 1747 1166 1796 mortem
1191 1741 1427 1796 Authari
1461 1742 1807 1797 nunciareut

1916 588 2186 631 reversus
2220 577 2326 629 est.

1987 664 2171 734 Igitur
2217 662 2649 719 dominantibus
2682 673 2783 731 per
2813 672 3039 714 omnem
3090 653 3312 710 Italiam
3346 654 3565 721 Longo-

1917 753 2133 823 bardis,
2166 754 2299 809 dum
2332 751 2556 807 veniret
2603 748 2888 819 Agilolfus
2920 747 2973 801 in
3007 748 3203 817 partes
3254 745 3565 811 Romanas,

1918 844 2125 899 beatus
2155 842 2467 911 Gregorius
2501 841 2571 897 de
2606 839 2857 895 adventu
2888 836 3012 907 ejus
3047 836 3100 891 in
3135 838 3359 890 tantum
3395 831 3567 886 terri-

1918 938 2013 989 tus
2043 938 2154 999 est,
2218 938 2279 988 ut
2329 933 2398 987 ab
2438 930 2799 1002 expositione
2856 925 3198 993 Ezechielis,
3258 923 3410 979 sicut
3445 922 3566 992 ipse

1917 1026 2191 1089 testatur,
2226 1024 2505 1077 cessaret.
2536 1019 2720 1089 Cmpit
2746 1021 2937 1073 aute'n
2966 1016 3302 1084 frequenter
3329 1026 3429 1081 per
3452 1009 3568 1079 epi-

1918 1112 2104 1167 stolas
2169 1125 2305 1167 suas
2362 1107 2811 1165 Theodelindam
2874 1103 3127 1174 reginam
3186 1114 3443 1168 monere,
3503 1101 3567 1153 ut

1918 1202 2255 1255 hortaretur
2301 1197 2612 1267 Agiloll‘um
2664 1195 2930 1251 maritum
2976 1207 3143 1249 suum
3203 1204 3399 1261 pacem
3434 1201 3563 1243 cum

1918 1289 2190 1344 Romanis
2219 1290 2453 1344 habere.
2506 1286 2665 1352 Quod
2698 1289 2753 1340 et
2810 1285 3021 1339 factum
3078 1286 3184 1336 est.
3218 1279 3379 1334 Unde
3413 1276 3563 1331 idem

1918 1378 2269 1433 venerabilis
2328 1376 2602 1433 sacerdos
2631 1373 2853 1443 gratias
2901 1370 3143 1441 agendo,
3175 1365 3456 1439 epistolas
3492 1361 3563 1417 ad

1918 1465 2155 1521 eandem
2184 1465 2439 1533 reginam
2460 1469 2517 1519 et
2533 1463 2601 1517 ad
2624 1463 2811 1533 ipsum
2832 1459 3140 1528 Agiloll‘um
3159 1469 3351 1525 regem
3377 1457 3567 1507 trans-

1920 1553 2095 1623 misit,
2133 1568 2259 1625 qua}
2308 1553 2361 1607 in
2399 1552 2545 1607 libro
2581 1551 2720 1606 Vita}
2771 1548 2952 1619 ipsius
2984 1546 3221 1616 scriptm
3272 1540 3569 1613 reperiun-

1919 1647 2033 1697 tur.

1992 1734 2109 1787 IIoe
2142 1734 2404 1800 tempore
2429 1728 2789 1784 Hildibertus
2814 1741 2916 1782 rex
2942 1740 3045 1796 per
3065 1736 3371 1791 venenum,
3399 1722 3460 1775 ut
3485 1718 3570 1773 di-

145 1830 210 1881 εί
242 1840 447 1896 pacem
504 1827 573 1881 ab
617 1842 685 1883 co
740 1829 1127 1898 postularent.
1191 1828 1344 1895 Quos
1403 1829 1499 1884 ille
1560 1830 1803 1897 benigne
1833 1843 1890 1905 Β
1921 1825 2079 1885 cunt,
2114 1820 2345 1875 occisus
2395 1823 2483 1873 est
2511 1833 2638 1874 cum
2686 1831 2865 1871 uxore
2898 1829 3034 1881 sua;
3090 1816 3355 1868 mortuus
3383 1811 3475 1863 est
3507 1809 3567 1861 et

146 1915 443 1986 suscepit,
488 1930 804 1985 pacemque
865 1918 1106 1987 petitam
1168 1918 1353 1973 dedit.
1396 1920 1611 1985 Regina
1669 1935 1805 1975 vero

144 2002 546 2059 Theodelinda
572 2004 702 2074 quia
728 2004 999 2075 placebat
1026 2006 1439 2077 Longobardis,
1462 2007 1802 2064 dimiserunt

147 2106 276 2148 eam
326 2106 593 2161 regnare,
627 2092 891 2150 dicentes
920 2095 994 2161 ei,
1031 2100 1093 2151 ut
1136 2111 1556 2166 quemcumque
1587 2102 1804 2152 amaret

151 2181 366 2247 virum,
405 2180 643 2237 tolleret
697 2183 991 2249 maritum,
1025 2183 1195 2239 talem
1227 2192 1419 2239 tamen
1469 2186 1563 2255 qui
1598 2185 1807 2253 dignus

150 2273 314 2324 esset
345 2283 552 2338 regere
583 2284 841 2339 regnum.
879 2270 1035 2337 Quae,
1072 2271 1270 2328 habito
1290 2273 1537 2328 consilio
1569 2287 1699 2328 cum
1723 2287 1808 2327 sa-

150 2356 473 2428 pientibus,
527 2357 703 2428 elegit
747 2358 859 2414 sibi
904 2359 1172 2415 maritum
1224 2361 1426 2416 ducem
1471 2361 1803 2429 Agilolfum,

152 2445 399 2515 quierat
434 2445 524 2501 vir
554 2446 785 2517 sapiens
816 2452 875 2502 et
907 2447 1156 2503 bellator
1186 2452 1242 2503 et
1279 2464 1381 2519 per
1408 2449 1600 2505 omnia
1633 2454 1807 2519 aptus

149 2531 221 2589 ad
251 2533 633 2601 regnandum.
681 2535 783 2590 Cui
807 2536 1003 2590 statim
1038 2537 1351 2606 mandavit,
1386 2541 1448 2593 ut
1479 2538 1702 2593 veniret
1736 2538 1803 2591 ad

144 2635 298 2688 eam,
332 2620 574 2691 ipsaque
593 2622 662 2677 ad
683 2623 985 2679 castellum
1012 2625 1165 2695 quod
1194 2625 1537 2681 Laumellum
1564 2631 1807 2680 vocatur

146 2708 418 2779 perrexit
450 2709 501 2764 ei
529 2710 775 2765 obviam.
814 2711 921 2776 Qui
954 2727 1083 2767 cum
1118 2711 1270 2767 inter
1294 2728 1355 2768 se
1386 2714 1667 2768 haberent
1692 2713 1809 2768 eol-

148 2795 440 2866 loquium,
494 2797 670 2867 jussit
726 2800 921 2872 regina
959 2801 1149 2856 afferri
1209 2802 1422 2870 vinum,
1488 2803 1807 2871 bibensquc

147 2884 276 2954 ipsa
304 2884 493 2954 prior,
527 2885 687 2940 dedit
712 2886 978 2955 Agiloll‘o.
1007 2888 1110 2953 Qui
1141 2904 1269 2944 eum
1292 2889 1605 2960 acciperet,
1631 2890 1810 2944 hono-

149 2972 425 3027 rabiliter
450 2987 677 3028 manum
711 2973 836 3043 ejus
870 2976 1173 3031 osculatus
1196 2984 1307 3031 est.
1336 2978 1472 3043 Quae
1498 2976 1811 3032 subridens

146 3060 273 3116 ait:
308 3062 446 3117 Non
495 3061 666 3119 debes
693 3077 938 3119 manum
980 3079 1170 3121 meum
1215 3068 1497 3135 osculari,
1531 3066 1673 3136 quia
1700 3081 1811 3122 rea;

145 3150 210 3206 et
234 3149 502 3206 maritus
531 3164 693 3208 meus
733 3151 880 3208 eris.
920 3154 990 3207 Et
1021 3153 1105 3208 sic
1138 3168 1267 3209 eum
1309 3154 1570 3225 amplexa
1604 3161 1715 3223 est,
1750 3160 1809 3209 et

147 3238 554 3293 manifestavit
583 3240 634 3293 ei
666 3241 880 3310 omnia,
915 3256 1040 3311 qua:
1075 3257 1176 3313 per
1207 3243 1448 3299 consilia
1482 3243 1805 3315 sapientum

144 3326 222 3381 de
277 3326 705 3395 gubernatione
752 3330 912 3398 regni
964 3335 1021 3385 et
1082 3330 1300 3401 nuptiis
1362 3331 1484 3387 suis
1540 3331 1804 3388 ordinata

144 3420 373 3471 essent.
413 3415 569 3470 Inter
602 3417 724 3472 haec
758 3417 897 3472 ﬁunt
932 3419 1150 3489 nuptim
1181 3435 1309 3474 cum
1344 3420 1553 3475 lzetieia
1583 3433 1804 3489 magna,

144 3507 211 3557 et
235 3501 545 3573 Agilolfus,
569 3504 664 3574 qui
698 3509 823 3560 erat
853 3510 1136 3576 cognatus
1161 3506 1314 3576 regis
1340 3508 1603 3577 Authari,
1630 3506 1807 3576 cmpit

146 3603 404 3659 regnare
436 3589 694 3647 intrante
727 3608 921 3648 mense
976 3594 1328 3657 Novembre;
1382 3600 1581 3665 postea
1619 3600 1808 3648 tamen

148 3678 533 3746 congregatis
553 3679 609 3733 in
638 3695 809 3735 unum
834 3682 1229 3751 Longobardis
1247 3684 1397 3753 apud
1425 3682 1807 3738 Mediolanum

148 3765 209 3819 in
236 3778 436 3821 mense
458 3766 620 3831 Maio,
648 3769 1027 3825 confirmatus
1050 3774 1140 3826 est
1166 3770 1217 3825 in
1242 3786 1439 3839 regno.
1475 3771 1657 3839 Igitur
1681 3770 1812 3838 Agi-

149 3851 350 3922 loll‘us,
376 3854 472 3924 qui
495 3859 550 3910 et
594 3855 740 3925 Agio
773 3857 965 3915 dictus
990 3863 1101 3929 est,
1138 3860 1477 3915 conﬁrmata
1511 3858 1619 3914 sibi
1651 3857 1812 3923 regia

149 3939 466 4012 dignitate,
516 3945 803 4001 mandavit
867 3947 1171 4013 Agnellum
1232 3948 1565 4019 episcopum
1595 3948 1666 4003 dc
1696 3946 1813 4000 Tri-

149 4030 333 4085 dento
356 4028 412 4084 in
441 4032 735 4088 Franciam
761 4050 865 4105 pro
890 4035 1379 4105 illishominibus,
1410 4036 1506 4106 qui
1532 4029 1810 4107 captivati

148 4119 392 4174 fuerant
417 4132 446 4173 a
470 4120 705 4178 Francis
727 4123 796 4179 de
818 4124 1079 4181 castellis
1126 4123 1504 4181 Tridentinis.
1543 4124 1649 4190 Qui
1681 4140 1809 4181 cum

147 4206 407 4276 veniret,
433 4208 789 4268 Brunihildis
813 4212 1014 4281 regina
1040 4213 1255 4270 multos
1276 4228 1347 4268 ex
1370 4214 1456 4269 eis
1478 4214 1678 4286 precio
1702 4228 1808 4270 suo

148 4294 405 4353 redemit
436 4298 607 4371 eique
634 4299 1000 4357 reducendos
1034 4300 1213 4356 dedit.

227 4433 329 4488 [Iis
354 4432 560 4491 diebus
584 4432 790 4491 beatus
811 4434 1127 4504 Gregorius
1146 4450 1293 4507 papa
1312 4436 1603 4492 Romanus
1622 4435 1809 4492 Dialo-

147 4537 292 4592 gum
316 4522 576 4595 scripsit,
612 4537 860 4594 eumque
881 4524 1287 4581 Theodelindae
1312 4525 1526 4595 reginae
1557 4541 1660 4597 pro
1691 4541 1809 4581 mu-

151 4623 299 4666 nere
330 4610 510 4682 misit,
537 4611 669 4682 quia
696 4612 917 4668 sciebat
947 4627 1071 4669 eam
1100 4628 1231 4670 esse
1264 4613 1805 4670 christianissimam

150 4703 211 4754 et
246 4699 551 4756 timentem
586 4702 780 4757 Deum.
832 4702 943 4757 Per
976 4701 1158 4773 ipsam
1189 4703 1402 4774 quippe
1450 4703 1629 4759 multa
1662 4704 1808 4760 bona

151 4789 209 4843 in
244 4787 516 4844 azcclesia
550 4789 650 4845 Dei
692 4789 842 4846 facta
874 4794 1027 4847 sunt.
1088 4793 1224 4847 Nam
1259 4792 1620 4862 Longobardi
1679 4808 1809 4848 cum

150 4877 348 4933 adhuc
375 4877 726 4948 gentilitatis
753 4893 954 4936 errore
985 4884 1350 4949 tenerentur,
1400 4897 1578 4953 prope
1610 4896 1810 4938 omnes

151 4966 527 5022 substantias
556 4965 954 5025 aecclesiarum
975 4969 1374 5035 abstulerunt;
1408 4970 1508 5026 sed
1540 4971 1651 5026 ista
1677 4986 1811 5042 sup-

152 5052 432 5124 plicando
465 5059 521 5109 et
576 5054 762 5123 ipsum
794 5052 987 5124 regem
1018 5057 1088 5113 ad
1133 5057 1478 5113 catholicam
1513 5056 1680 5113 Iidem
1714 5060 1807 5115 ad-

154 5141 349 5211 duxit,
383 5147 439 5196 et
476 5140 693 5197 multas
750 5145 1156 5214 possessiones
1213 5146 1499 5201 :ecclesiis
1532 5147 1803 5217 contulit,

153 5229 474 5302 episcopos
520 5246 771 5301 quoque,
807 5233 901 5303 qui
937 5240 1102 5290 antea
1148 5233 1366 5289 nullum
1404 5236 1679 5289 honorem
1715 5235 1810 5290 ha-

156 5320 393 5376 bebant.
429 5319 501 5375 ad
536 5320 827 5391 propriam
860 5322 1201 5391 dignitatem
1239 5323 1517 5377 restituit.

230 5454 347 5509 Hoc
391 5458 658 5523 tempore
689 5454 994 5511 ordinatus
1026 5460 1116 5511 est
1147 5472 1248 5512 rex
1277 5456 1496 5513 Tassilo
1528 5457 1585 5511 in
1618 5459 1812 5513 Bawa-

157 5545 243 5601 ria
271 5544 347 5600 ab
374 5539 709 5601 Hildiberto
762 5559 896 5616 rege
926 5547 1297 5616 Francorum,
1358 5546 1676 5617 statimque
1710 5546 1811 5604 ivit

156 5650 285 5693 cum
336 5630 614 5691 exercitu
654 5631 710 5689 in
742 5636 1094 5707 provinciam
1151 5634 1510 5707 Sclavorum,
1544 5638 1602 5690 ot
1636 5634 1815 5692 victo-

1841 3204 1888 3261 (Ἰ

1921 1912 2328 1964 Cuntrammus
2357 1923 2479 1963 rex.

1992 1999 2151 2054 Circa
2179 1997 2301 2052 hzec
2327 2002 2587 2067 tempora
2612 1994 2977 2049 destructum
2999 1995 3090 2046 est
3114 2005 3142 2044 a
3172 1984 3569 2056 [.ongobardis

1918 2086 2333 2143 monasterium
2394 2084 2580 2140 sancti
2642 2080 2934 2138 Benedicti
2970 2080 3023 2134 in
3058 2081 3250 2135 castro
3302 2073 3562 2141 Cassino,

1919 2179 2096 2231 Nocte
2122 2175 2334 2245 quippe
2361 2174 2498 2229 illuc
2517 2173 2902 2237 intraverunt,
2920 2173 2980 2224 et
3002 2167 3192 2223 omnia
3215 2164 3345 2220 inde
3367 2164 3569 2218 abstu-

1919 2266 2130 2331 lerunt,
2168 2263 2269 2319 sed
2314 2263 2478 2332 juxta
2532 2260 2895 2332 prophetiam
2928 2258 3037 2314 viri
3097 2255 3193 2311 Dei
3246 2251 3465 2310 nullum
3496 2265 3569 2306 ex

1920 2354 2215 2410 monachis
2249 2350 2686 2423 apprehendere
2718 2350 3053 2420 potuerunt.
3090 2346 3381 2413 Fugerunt
3414 2355 3571 2395 nam-

1920 2458 2029 2513 que
2062 2448 2121 2498 et
2150 2444 2435 2497 venerunt
2470 2441 2727 2509 Romam,
2762 2441 3067 2509 portantes
3089 2447 3285 2491 secum
3310 2429 3569 2487 codicem

1920 2540 2135 2587 sancta:
2159 2530 2396 2599 regula},
2424 2544 2593 2599 quam
2620 2528 2767 2583 idem
2795 2528 2998 2581 beatus
3026 2527 3188 2594 pater
3218 2518 3566 2591 composuit,

1919 2627 1977 2675 et
2001 2620 2144 2675 alias
2179 2619 2527 2689 scripturas,
2565 2630 2784 2670 necnon
2810 2619 2867 2669 et
2893 2614 3123 2683 pondus
3148 2610 3312 2681 panis
3335 2613 3390 2663 et
3418 2622 3573 2662 men-

1918 2724 2111 2764 suram
2170 2708 2283 2762 vini
2319 2713 2377 2761 et
2407 2704 2682 2775 quiequid
2733 2701 2942 2757 exinde
2988 2700 3194 2756 tollere
3227 2698 3564 2769 potuerunt.

1918 2798 2054 2852 Pest
2084 2798 2313 2851 beatum
2348 2808 2593 2862 namque
2638 2790 3010 2846 Benedictum
3055 2787 3203 2843 rexit
3234 2787 3418 2856 ipsum
3453 2797 3586 2838 mor

1921 2884 2239 2941 nastcrium
2298 2880 2737 2946 Constantinus;
2795 2883 2926 2951 post
2978 2891 3145 2949 quem
3206 2872 3568 2944 Simplicius;

1922 2979 2053 3046 post
2078 2974 2263 3045 ipsum
2285 2970 2528 3033 Vitalis;
2556 2973 2686 3041 post
2710 2968 2861 3024 hunc
2889 2965 3151 3034 Bonitus,
3178 2962 3286 3019 sub
3319 2976 3431 3033 quo
3456 2960 3569 3016 ista

1922 3062 2252 3119 destructio
2286 3061 2433 3116 facta
2461 3064 2577 3115 est.

1993 3152 2091 3207 [Iis
2123 3150 2329 3206 diebus
2376 3148 2509 3204 fecit
2566 3144 2955 3203 Theodelinda
2990 3142 3187 3212 regina
3245 3136 3570 3197 :eeclesiam

1925 3241 2077 3296 beati
2123 3237 2400 3295 Johannis
2450 3236 2720 3307 baptista:
2754 3234 2809 3289 in
2853 3232 3113 3301 Modicia,
3161 3229 3256 3301 qui
3286 3228 3450 3284 locus
3480 3230 3575 3282 12°

1922 3328 2171 3384 miliario
2202 3332 2293 3383 est
2325 3342 2353 3381 a
2388 3325 2743 3392 Mediolano;
2775 3327 2832 3379 et
2864 3319 3163 3378 decoravit
3202 3316 3443 3374 eandem
3465 3329 3576 3372 aec-

1922 3417 2161 3474 clesiam
2203 3415 2402 3473 multis
2433 3416 2738 3471 ornatibus
2767 3412 2889 3468 auri
2924 3414 2983 3466 et
3043 3408 3290 3479 argenti,
3320 3409 3380 3463 et
3410 3403 3575 3460 dedit

1926 3506 2003 3561 ibi
2027 3506 2240 3562 multas
2292 3504 2712 3576 possessiones.
2747 3502 2807 3557 In
2832 3500 3036 3557 eodem
3068 3497 3195 3554 loco
3231 3495 3362 3552 fecit
3396 3508 3575 3565 quon-

1925 3594 2052 3650 dam
2079 3594 2356 3667 palatium
2406 3591 2798 3648 Theodericus
2823 3604 2924 3645 rex
2944 3584 3286 3655 Gothorum(
3315 3600 3385 3640 eo
3418 3581 3570 3654 quod

1924 3685 2153 3741 aestatis
2176 3687 2439 3754 tempore
2456 3681 2619 3738 locus
2642 3680 2765 3752 ipse
2779 3680 3143 3750 temperatus
3166 3678 3251 3732 est
3276 3678 3335 3730 et
3351 3674 3570 3736 bonus;

1924 3778 2017 3829 est
2047 3773 2197 3828 enim
2232 3772 2458 3828 vicinus
2487 3769 2754 3841 Alpibus.

1996 3864 2149 3918 Tune
2200 3875 2427 3931 quoque
2461 3862 2633 3914 natus
2678 3860 2767 3913 est
2799 3852 3049 3925 Agilolio
3108 3850 3262 3907 filius
3294 3850 3364 3906 de
3393 3847 3571 3905 Theo-

1926 3949 2157 4006 delinda
2189 3949 2385 4018 regina
2420 3949 2473 4003 in
2520 3946 2734 4019 palatio
2765 3941 3109 4010 Modiciano,
3141 3944 3202 3996 et
3232 3937 3569 4011 baptizatus

1926 4044 2015 4094 est
2066 4038 2163 4109 ibi,
2225 4041 2580 4107 vocatusque
2630 4039 2722 4091 est
2780 4030 3134 4100 Adolandus,
3196 4035 3253 4084 et
3309 4025 3568 4097 suscepit

1926 4142 2055 4183 eum
2088 4127 2157 4182 de
2187 4141 2354 4182 sacro
2412 4126 2565 4181 fonte
2598 4121 2917 4193 Secundus,
2979 4134 3181 4177 servus
3221 4116 3322 4173 Dei
3354 4114 3423 4172 de
3454 4112 3575 4170 Tri-

1925 4217 2117 4273 dento.

1994 4308 2186 4376 Usque
2206 4305 2275 4361 ad
2326 4305 2448 4363 haec
2472 4308 2737 4376 tempora
2760 4300 3000 4358 rebellis
3035 4298 3140 4356 fuit
3177 4293 3573 4367 Longobardis

1924 4396 2223 4452 Patavium
2273 4395 2498 4463 civitas,
2550 4409 2620 4449 eo
2653 4392 2805 4464 quod
2864 4390 3081 4447 milites
3140 4388 3237 4459 qui
3272 4386 3348 4442 ibi
3404 4386 3572 4440 erant

1927 4483 2241 4539 fortissime
2290 4482 2679 4548 resistebant;
2740 4478 2841 4537 sed
2894 4482 3094 4550 postea
3146 4475 3439 4547 jactantes
3492 4471 3569 4527 ibi

1840 4561 1893 4622 D
1927 4572 2113 4643 ignea
2150 4572 2539 4628 incendebant
2579 4584 2724 4639 eam,
2759 4574 2815 4623 et
2861 4566 3125 4639 jussione
3156 4563 3309 4632 regis
3343 4558 3571 4629 Agilolﬁ

1925 4676 2125 4717 eversa
2159 4664 2246 4717 est
2280 4674 2464 4730 usque
2498 4659 2567 4713 ad
2626 4661 2877 4721 terram;
2914 4653 3131 4709 milites
3162 4656 3352 4706 tamen
3386 4646 3483 4718 qui
3515 4646 3571 4702 in

1925 4765 1990 4806 ea
2022 4754 2190 4807 erant
2220 4747 2439 4805 dimissi
2476 4750 2610 4803 sunt
2639 4744 2830 4800 redire
2860 4745 3210 4798 Ravennam.

1996 4840 2178 4910 Hujus
2229 4836 2454 4905 Agilolﬁ
2505 4833 2869 4905 temporibus
2920 4831 3128 4886 beatus
3187 4823 3577 4883 Columbanus

1923 4927 2081 4984 venit
2118 4927 2169 4981 in
2205 4925 2449 4994 Italiam,
2496 4927 2550 4978 et
2590 4920 2721 4976 fecit
2774 4918 3187 4975 monasterium
3220 4912 3374 4987 quod
3408 4926 3577 4968 voca-

1926 5023 2020 5073 tur
2053 5014 2293 5071 Robium
2330 5013 2383 5068 in
2417 5010 2708 5067 montibus
2741 5006 2968 5063 Cottiis.

1993 5105 2178 5171 Igitur
2238 5101 2542 5172 Agilolfus,
2604 5098 2696 5168 qui
2732 5100 2786 5151 et
2824 5095 2964 5165 Agio
3021 5093 3217 5149 dictus
3246 5096 3356 5161 est,
3419 5094 3577 5161 post-

1925 5207 2091 5263 quam
2128 5191 2388 5259 rcgnavit
2437 5189 2601 5245 annis
2631 5192 2719 5257 20,
2753 5186 3059 5242 defunctus
3090 5185 3198 5253 est,
3235 5180 3575 5249 relinquens

1926 5298 1977 5353 in
2015 5294 2189 5349 regno
2222 5277 2399 5333 ﬁlium
2456 5292 2622 5333 suum
2677 5272 3036 5331 Adolandum
3087 5271 3275 5326 aehuc
3332 5281 3576 5340 puerum

1924 5384 2052 5425 cum
2089 5370 2271 5421 matre
2324 5380 2426 5421 sua
2482 5362 2888 5420 Theodelinda.
2954 5359 3062 5427 Qui
3115 5373 3245 5414 cum
3302 5360 3573 5426 regnaret

1928 5457 2124 5513 decem
2157 5454 2342 5523 annis,
2407 5453 2664 5523 perdidit
2695 5466 2947 5522 sensum,
2982 5452 3041 5505 et
3096 5447 3394 5519 ejeeerunt
3450 5457 3581 5500 cum

1930 5547 1998 5601 de
2031 5558 2231 5613 regno,
2267 5546 2325 5597 ct
2381 5541 2435 5597 in
2474 5541 2665 5597 locum
2697 5541 2822 5611 ejus
2878 5538 3311 5597 constituerunt
3362 5531 3586 5589 Arioal-

1932 5634 2064 5691 dum
2099 5631 2406 5705 quendam,
2459 5629 2628 5701 cujus
2658 5629 2960 5702 generatio
3001 5642 3113 5684 non
3142 5633 3233 5683 est
3283 5620 3583 5690 descripta
