3952 6344
445 364 564 431 ’799

451 499 560 570 Qui
596 503 904 575 postquam
957 502 1145 562 tenuit
1193 519 1434 576 regnum
1483 519 1586 578 per
1617 519 1799 562 annos
1832 507 1918 575 12,
1953 520 2100 562 mor-

455 595 592 647 tuus
625 595 738 662 est,
771 597 831 648 et
881 607 1118 664 regnum
1166 595 1423 666 suscepit
1470 595 1775 665 Ruothcri,
1809 594 1898 651 vir
1930 595 2100 652 fortis

454 685 515 736 et
543 684 841 752 strenuus,
877 683 978 739 Sud
1029 684 1266 740 Arriana
1316 684 1556 756 perﬁdia
1609 683 1954 740 maculatus.
1991 686 2100 740 Hu-

451 769 548 840 jus
577 771 943 842 temporibus
971 786 1117 842 pene
1149 789 1252 844 per
1275 788 1476 829 omnes
1495 774 1766 830 civitates
1799 773 2102 844 reguiejus

457 857 571 914 duo
601 863 766 914 erant
799 859 1079 930 episcOpi,
1143 876 1290 916 llllllS
1322 861 1668 932 catholicus,
1704 863 1854 918 alter
1911 862 2103 918 Arria-

461 962 586 1002 nus.
624 947 722 1002 llic
767 948 1043 1003 Ruotberi
1077 965 1180 1005 rex
1219 951 1729 1020 Longobardorum
1761 952 1919 1020 leges
1949 967 2104 1007 eom-

460 1037 675 1106 posuit,
711 1041 767 1092 et
800 1037 986 1108 ipsum
1017 1039 1276 1095 codicem
1311 1041 1562 1098 edictum
1593 1041 1927 1114 appellavit.
1966 1044 2099 1097 Erat

457 1129 646 1179 autem
676 1125 790 1194 jam
841 1133 968 1183 77us
1022 1143 1207 1185 annus
1239 1145 1308 1186 ex
1366 1146 1478 1201 quo
1541 1131 1900 1200 Longobardi
1937 1146 2103 1187 vene-

457 1217 589 1268 rant
621 1213 673 1269 in
707 1215 950 1271 Italiam.
989 1219 1299 1288 Postquam
1345 1235 1483 1275 vero
1516 1219 1768 1275 sedecim
1801 1235 1982 1276 annos
2014 1235 2102 1276 re-

454 1302 652 1371 gnavit
684 1308 743 1360 et
776 1311 1028 1375 quatuor
1081 1309 1350 1379 menses,
1374 1313 1639 1366 mortuus
1692 1314 1802 1379 cst,
1837 1324 2102 1377 regnum-

456 1405 566 1460 que
598 1391 716 1448 ﬁlio
747 1409 854 1451 suo
885 1396 1179 1452 lladoaldo
1221 1397 1461 1466 dimisit,
1516 1399 1640 1469 ipsc
1688 1401 1878 1454 autem
1910 1397 2102 1468 sepul-

459 1484 553 1535 tus
585 1486 670 1535 est
702 1483 866 1551 juxta
925 1485 1242 1542 {ecclesiam
1297 1487 1450 1542 btati
1482 1488 1756 1542 Johannis
1807 1487 2096 1557 baptistm.

453 1568 592 1623 Post
623 1570 857 1641 aliquod
914 1578 1138 1644 tempus
1172 1574 1403 1644 quidam
1461 1577 1630 1631 homo
1692 1592 1795 1646 pro
1853 1575 2098 1643 maligna

453 1657 776 1728 cupiditate
808 1663 1038 1732 aperuit
1071 1663 1440 1734 sepulchrum
1493 1665 1617 1734 ejus
1649 1670 1838 1732 nocte,
1872 1671 1929 1720 et
1965 1665 2098 1720 tulit

455 1745 642 1802 omnia
675 1755 1014 1806 ornamenta
1049 1753 1312 1822 corporis
1359 1752 1534 1808 illius.
1591 1752 1870 1823 Apparuit
1904 1755 2096 1808 autem

1594 362 2079 430 EKKEHARDI
2121 361 2698 432 URAUGIENSIS.

3711 378 3803 446 800

2132 499 2185 562 A
2291 505 2600 578 Aripertus
2653 519 2756 562 rex
2791 507 3101 578 postquam
3135 503 3288 579 apud
3337 503 3582 566 Ticinum
3627 509 3804 586 Longo“

2215 595 2430 650 bardos
2464 598 2698 650 rexerat
2731 609 2834 668 per
2863 608 3043 650 annos
3071 598 3124 665 9,
3173 599 3438 654 mortuus
3493 602 3598 671 est,
3626 605 3674 657 et
3700 605 3800 661 reli-

2214 684 2339 754 quit
2360 699 2601 754 regnum
2654 685 2840 756 ipsum
2865 685 3098 741 duobus
3120 683 3255 741 ﬁliis
3285 685 3406 740 suis
3431 705 3442 740 :
3473 688 3706 749 [’erhtari
3731 692 3800 729 ‘°°'

2211 777 2268 829 et
2295 775 2640 843 Coteperto;
2673 776 2729 828 et
2763 775 3116 845 Gotcpertus
3141 771 3229 805 ¹⁰³⁷
3263 773 3498 832 sedebat
3531 777 3581 834 in
3625 780 3794 852 Ticino,

2211 863 2476 918 Perhtari
2513 862 2568 917 in
2613 861 2952 918 Mediolano.
3007 863 3262 933 Denique
3323 864 3650 925 facientibus
3677 873 3797 927 mali-

2211 951 2340 1019 gnis
2372 950 2722 1015 hominibus,
2769 951 3025 1008 surrexit
3055 952 3249 1008 odium
3283 955 3342 1007 et
3383 953 3651 1013 discordia
3680 958 3797 1018 inter

2211 1039 2412 1096 ambos
2445 1041 2677 1110 fratres,
2705 1041 2760 1095 in
2794 1045 3018 1096 tantum
3052 1045 3112 1096 ut
3136 1041 3288 1097 alter
3311 1041 3382 1097 ab
3404 1042 3581 1100 altero
3603 1061 3796 1115 regnum

2212 1129 2419 1184 tollere
2444 1132 2794 1185 decertaret.
2814 1131 2922 1186 Pro
2944 1131 3050 1186 hac
3074 1145 3250 1186 causa
3271 1130 3608 1204 Gotcpertus
3627 1133 3798 1194 direxit

2213 1217 2582 1275 Caribaldum
2633 1217 2838 1274 ducem
2896 1218 3310 1275 Taurinensem
3345 1220 3414 1275 ad
3469 1221 3797 1282 Grimoaldum

2211 1307 2414 1363 ducem
2441 1309 2928 1378 Beneventanum,
2957 1312 3016 1364 ut
3057 1308 3284 1364 veniret
3308 1313 3365 1364 et
3394 1309 3674 1380 adjuvaret
3698 1327 3797 1370 eum

2209 1401 2412 1450 contra
2450 1397 2686 1452 fratrem
2740 1411 2929 1466 suum,
2963 1395 3316 1467 promittens
3346 1397 3395 1452 ei
3428 1397 3558 1454 dare
3586 1414 3796 1457 sororem

2211 1500 2374 1542 suam
2409 1500 2662 1554 uxorem,
2717 1485 2761 1542 si
2795 1501 2923 1540 eum
2958 1485 3284 1556 adjuvaret.
3342 1487 3662 1544 Garibaldas
3693 1505 3796 1545 vero

2213 1573 2344 1628 fecit
2373 1574 2632 1630 fraudem
2663 1577 2864 1630 contra
2890 1573 3184 1630 dominum
3210 1589 3400 1644 suum,
3436 1575 3686 1646 deditque
3707 1579 3797 1634 Gri-

2211 1661 2439 1718 moaldo
2463 1661 2554 1694 10³⁸
2584 1663 2912 1731 consilium,
2941 1668 3002 1718 ut
3033 1662 3266 1719 veniret
3289 1665 3344 1718 et
3371 1678 3596 1732 regnum
3626 1665 3797 1736 Longo-

2211 1751 2546 1821 bardorum,
2574 1751 2920 1822 quodamho
2945 1751 3174 1821 fratres,
3214 1751 3310 1822 qui
3328 1757 3489 1808 erant
3517 1753 3796 1812 adolescen-

453 1833 503 1886 ei
541 1849 644 1904 per
674 1837 952 1892 visionem
1013 1841 1218 1894 beatus
1263 1840 1570 1906 Johannes,
1631 1841 1873 1896 dicens?
1905 1840 2100 1906 Quare
2128 1859 2181 1920 Β
2209 1845 2322 1910 tes,
2349 1839 2731 1912 dissipabant,
2758 1839 3249 1912 apprchenderet,
3270 1845 3469 1912 utpote
3489 1843 3797 1912 quihabebat

454 1937 640 1980 aus-us
666 1939 726 1981 es
757 1927 999 1997 tangere
1035 1943 1243 1999 corpus
1270 1929 1528 1986 luminis
1559 1929 1772 1987 istius?
1815 1930 2100 1996 Quamvis

452 2026 568 2068 nou
597 2015 752 2070 recte
772 2017 1115 2087 crediderit,
1147 2019 1343 2075 tamen
1365 2033 1426 2076 se
1445 2019 1628 2076 michi
1650 2019 2093 2078 commendavit.

458 2099 609 2165 Quia
623 2103 812 2174 igitur
823 2103 930 2163 hoc
923 2107 1138 2178 facere
1145 2109 1597 2179 pras-umpsisti,
1622 2123 1930 2179 umquam
1943 2121 2099 2164 auta-

453 2189 524 2245 do
537 2204 665 2246 eam
685 2193 1008 2251 ecclesiam
1031 2195 1309 2254 intrabis.
1329 2197 1490 2262 Quod
1511 2200 1567 2252 ct
1598 2197 1810 2254 factum
1832 2200 1940 2252 est.
1957 2198 2095 2252 Nam

454 2279 721 2348 quotiens
751 2283 990 2339 eandem
1022 2284 1346 2341 tecetesiam
1387 2285 1607 2342 intrare
1637 2285 1843 2356 voluit,
1877 2285 2092 2356 subito,

455 2368 619 2439 quasi
654 2369 866 2442 aliquis
917 2388 1044 2430 eum
1104 2389 1310 2444 magno
1364 2373 1607 2430 cultello
1665 2374 1844 2430 vellet
1875 2389 2003 2430 emn
2039 2374 2095 2430 in

451 2460 658 2526 guttur
691 2459 887 2532 ferire,
942 2466 1104 2516 retro
1134 2461 1367 2518 cecidit.
1402 2461 1732 2518 Radoaldus
1765 2463 1944 2533 igitur
1967 2469 2094 2535 post

453 2549 693 2602 mortem
750 2549 944 2618 patris
989 2549 1280 2622 accipiens
1342 2565 1603 2620 regnum,
1663 2549 1796 2606 tullt
1857 2566 2095 2608 uxorem

456 2633 852 2707 Guntbirgam,
905 2637 1076 2693 ﬁliam
1137 2638 1364 2708 Agilolﬁ
1411 2644 1472 2694 et
1522 2639 1944 2696 Theodelindze.
1981 2641 2095 2696 Ista

455 2722 738 2794 Guntbirg
771 2726 907 2782 fecit
941 2726 1264 2782 meclesiam
1297 2729 1482 2784 sancti
1513 2729 1790 2784 Johannis
1823 2729 2096 2800 baptista)

456 2809 510 2866 in
538 2811 821 2869 Ticincusi
862 2815 1122 2886 civitate,
1157 2817 1312 2873 sicut
1339 2822 1524 2873 mater
1573 2817 1699 2886 ejus
1734 2818 1870 2873 feeit
1899 2818 1956 2873 in
1989 2819 2099 2874 Mo-

451 2899 622 2972 dieia,
649 2906 705 2958 et
731 2902 1029 2960 decoravit
1053 2919 1177 2960 eam
1206 2905 1513 2962 ornatibus
1539 2912 1598 2962 et
1631 2906 1835 2963 ditavit
1862 2907 2092 2978 opibus,

451 2987 504 3043 in
541 3004 650 3060 qua
675 2996 734 3046 et
764 2992 892 3063 ipsa
915 2993 1145 3064 sepulta
1177 2999 1288 3050 est.
1316 2996 1448 3050 l-lzcc.
1477 2994 1610 3049 dum
1644 3000 1914 3051 accusata
1940 3000 2095 3051 esset

450 3079 600 3148 apud
627 3081 894 3136 maritum
919 3097 1107 3153 suum,
1128 3083 1283 3154 quod
1306 3083 1700 3140 commisisset
1720 3083 2094 3155 adulterium,

451 3167 734 3238 Carellus,
753 3185 959 3227 servus
982 3170 1129 3241 ejus,
1158 3171 1363 3242 petivit
1385 3187 1412 3226 a
1439 3176 1678 3240 rege,ut
1703 3171 1771 3226 ad
1806 3171 2097 3241 singulare

449 3263 744 3313 certamen
769 3273 1029 3329 pugnare
1045 3259 1154 3315 sibi
1181 3258 1386 3316 liceret
1409 3275 1538 3316 cum
1564 3259 1665 3316 illo
1689 3261 1785 3331 qui
1807 3261 2096 3317 dominam

450 3359 614 3400 suam
663 3345 1000 3414 infamavit;
1051 3362 1430 3419 pugnansque
1483 3347 1574 3381 ¹⁰³³
1605 3365 1734 3405 cum
1784 3365 1853 3405 co
1901 3365 2096 3406 coram

449 3433 603 3488 omni
638 3436 871 3506 pOpulo,
905 3451 1034 3491 eum
1068 3437 1414 3508 prostravit,
1444 3438 1646 3510 sicque
1668 3439 1865 3506 regina
1901 3439 2100 3510 pristi-

449 3535 583 3578 num
612 3523 888 3580 honorem
913 3526 1300 3597 recuperavit.
1321 3528 1439 3582 ilex
1462 3542 1600 3582 vero
1623 3526 1956 3583 Badoaldus
1985 3525 2094 3598 ¹⁰³⁸,

449 3613 514 3666 ut
536 3609 758 3683 dicunt,
795 3628 924 3670 eum
953 3613 1340 3672 adulterasset
1367 3631 1605 3672 uxorem
1633 3615 1934 3687 cujusdam
1961 3615 2099 3671 Lan-

447 3699 712 3770 gobardi,
758 3703 829 3757 ab
859 3717 927 3759 eo
977 3704 1208 3760 occisus
1237 3709 1350 3774 est,
1409 3720 1536 3760 cum
1559 3720 1675 3772 jam
1708 3719 1810 3776 per
1841 3703 2096 3776 quinque

447 3802 631 3846 annos
657 3793 717 3844 et
749 3795 972 3862 septem
1007 3792 1133 3849 dies
1164 3796 1490 3862 regnasset.
1525 3793 1625 3849 Cui
1651 3792 1938 3849 successit
1973 3793 2097 3848 Ari-

448 3884 674 3957 pertus,
703 3881 857 3938 ﬁlius
881 3881 1224 3952 Gundoaldi,
1244 3883 1339 3954 qui
1368 3884 1470 3939 fuit
1496 3882 2094 3940 fraterTheodelinda:

449 3969 681 4038 reginae.
717 3969 818 4026 Hic
850 3971 984 4026 fecit
1015 3970 1338 4028 {ecclesiam
1375 3971 1428 4027 in
1462 3971 1683 4028 honore
1717 3970 1933 4026 domini
1977 3970 2097 4028 Sal-

445 4057 665 4113 vatoris
697 4057 752 4114 in
777 4059 990 4129 Ticino,
1017 4065 1072 4115 et
1101 4059 1397 4116 decoravit
1427 4074 1551 4116 eam
1594 4059 1774 4116 variis
1795 4075 2095 4116 ornamen-

451 4144 526 4202 tis
556 4145 882 4216 ditavitque
915 4148 1280 4204 substantiis.

517 4233 702 4302 Igitur
752 4235 1060 4292 Mauricius
1093 4237 1413 4308 imperator
1461 4241 1765 4307 postquam
1831 4237 2092 4307 regnavit

451 4321 618 4378 annis
649 4327 709 4378 21
764 4339 892 4380 cum
945 4323 1081 4380 ﬁliis
1113 4325 1238 4382 suis
1291 4325 1615 4381 Theodosio
1645 4331 1704 4381 et
1760 4327 2002 4396 Tyberio
2033 4330 2093 4382 ct

451 4411 848 4484 Constantino,
897 4413 1110 4470 occidit
1160 4413 1290 4469 illos
1345 4414 1544 4482 Focas,
1578 4413 1672 4484 qui
1707 4413 1817 4470 fuit
1872 4419 2090 4472 strator

447 4499 627 4557 Prisci
663 4501 917 4572 patricii,
947 4505 1004 4558 et
1039 4501 1161 4573 ipse
1193 4502 1476 4570 regnavit.
1513 4502 1620 4568 Qui
1662 4507 1972 4575 postquam
2003 4520 2091 4562 re-

443 4588 640 4658 gnavit
673 4591 838 4648 annis
864 4595 916 4661 8,
943 4589 1264 4660 Heraclius,
1298 4591 1396 4662 qui
1429 4573 1676 4662 regebat
1704 4573 1976 4663 Africam,
2001 4609 2090 4652 se-
2121 4573 2171 4635 Ῑ)

448 4677 690 4734 bellavit
711 4680 786 4750 ei,
818 4685 878 4736 et
900 4679 1140 4736 veniens
1163 4694 1292 4736 cum
1315 4680 1598 4751 exercitu,
1619 4681 1834 4737 occidit
1854 4697 2002 4752 eum,
2028 4688 2086 4740 et

446 4767 709 4838 suscepit
732 4767 1056 4840 imperium.
1073 4767 1197 4834 Quo
1235 4773 1365 4839 post
1385 4773 1455 4826 27
1475 4769 1758 4826 annosm‘
1791 4771 2084 4842 defuncto,

440 4853 604 4938 ﬁlius
639 4855 767 4925 ejus
827 4857 1244 4914 Constantinus
1290 4859 1554 4930 suscepit
1608 4859 1951 4931 imperium;
1986 4861 2086 4916 sed

443 4947 575 5014 post
609 4948 860 5013 quatuor
901 4960 1132 5002 menses
1180 4961 1284 5018 per
1309 4962 1592 5004 venenum
1637 4949 1950 5021 exstincto,
1984 4953 2090 5007 Hc-

441 5031 768 5100 racleonas,
804 5036 984 5092 frater
1017 5035 1166 5105 ejus,
1195 5051 1324 5092 eum
1357 5041 1540 5093 matre
1571 5037 1812 5094 Martina
1844 5053 2084 5107 regnum

443 5119 805 5178 invaserunt.
842 5123 1063 5190 Quibus
1113 5139 1243 5180 mox
1275 5123 1539 5198 dejectis,
1595 5127 1900 5198 Constans,
1933 5127 2088 5186 ﬁlius

445 5202 832 5282 Constantini,
865 5213 1129 5282 regnavit
1158 5212 1323 5270 annis
1353 5217 1440 5271 2S.

2203 1928 2321 1998 jam
2364 1933 2648 1984 maturam
2703 1933 2958 1999 aetatem,
2992 1933 3048 1984 et
3105 1932 3236 1986 erat
3288 1929 3526 1986 consilio
3575 1930 3730 1987 bonus
3751 1939 3792 1987 et

2213 2017 2380 2075 fortis
2410 2018 2463 2073 in
2495 2018 2735 2074 virtute.
2783 2017 3040 2075 Audiens
3071 2017 3195 2074 haec
3243 2017 3610 2088 Grimoaldus,
3639 2020 3794 2075 statim

2209 2107 2458 2164 elevavit
2509 2106 2760 2164 animum
2820 2121 2988 2162 suum
3031 2105 3104 2162 aui
3161 2105 3556 2178 accipiendum
3606 2123 3792 2177 regnum

2210 2195 2739 2264 Longobardorum,
2775 2199 2832 2250 ct
2875 2195 3153 2251 ordinans
3183 2194 3368 2251 filium
3398 2210 3555 2252 suum
3587 2195 3794 2252 Romoal-

2209 2286 2342 2341 dum
2376 2285 2582 2341 ducem
2615 2285 2668 2340 in
2701 2285 3053 2355 Benevento,
3085 2284 3216 2355 ipse
3239 2299 3368 2341 eum
3391 2283 3566 2341 electa
3587 2284 3794 2340 multitu-

2209 2374 2340 2430 dine
2364 2373 2621 2431 virorum
2645 2372 3032 2445 apprehendit
3066 2372 3222 2428 viam
3254 2376 3456 2430 contra
3485 2372 3725 2442 Ticinum,
3750 2377 3792 2428 et

2211 2478 2313 2535 per
2345 2477 2542 2519 omnes
2585 2461 2856 2518 civitates
2888 2460 3064 2532 misit,
3098 2465 3158 2516 et
3191 2461 3440 2518 faciebat
3473 2460 3571 2518 sibi
3603 2461 3789 2529 amicos,

2213 2554 2269 2608 ut
2301 2565 2542 2620 regnum
2573 2549 2838 2622 accipere
2863 2553 3094 2620 posset;
3117 2549 3560 2605 Trasemundum
3592 2563 3704 2604 vero
3719 2551 3792 2602 Ca.

2209 2653 2457 2712 puanum
2507 2637 2776 2694 comitem
2811 2637 2968 2694 misit
3001 2652 3100 2708 per
3129 2637 3453 2694 Potentiam
3484 2643 3538 2693 et
3564 2637 3788 2704 Tusciam,

2209 2733 2268 2786 ut
2294 2743 2493 2785 omnes
2517 2726 2932 2797 Longobardos
2965 2726 3036 2783 de
3070 2726 3342 2799 partibus
3375 2725 3487 2782 illis
3515 2726 3562 2780 in
3592 2725 3698 2794 ejus
3723 2724 3790 2780 ad-

2201 2815 2591 2888 jutorium1039
2613 2815 2909 2872 invitaret.
2937 2815 3103 2882 Quod
3128 2818 3188 2870 et
3226 2815 3383 2885 fecit,
3409 2819 3466 2871 et
3494 2829 3608 2870 cum
3633 2825 3790 2881 magno

2208 2905 2497 2975 adjutorio
2521 2904 2674 2977 apud
2705 2903 2992 2960 Emitiam
3023 2903 3077 2960 ei
3122 2903 3404 2961 occurrit.
3437 2903 3604 2972 igitur
3624 2901 3790 2956 Crime-

2208 2994 2376 3051 aldus
2406 3009 2534 3051 cum
2585 2993 2842 3050 venisset
2874 2993 3254 3064 Placentiam,
3301 2991 3454 3049 misit
3483 2990 3787 3047 Garibaldum

2207 3092 2341 3140 ante
2364 3099 2444 3154 se,
2475 3088 2536 3139 ut
2561 3085 2878 3154 Gotcperto
2897 3081 2988 3116 ¹⁰⁴⁰
3011 3081 3322 3139 nunciaret
3341 3082 3412 3137 de
3432 3081 3550 3152 ejus
3569 3079 3785 3136 adventu.

2211 3172 2465 3230 Audiens
2505 3173 2612 3228 hoc
2637 3173 3006 3242 Gotcpertus,
3045 3170 3301 3240 quesivit
3341 3169 3626 3227 consilium
3646 3169 3704 3223 ab
3720 3180 3787 3221 co-

2209 3261 2334 3318 dem
2369 3259 2680 3317 Garibaldo
2730 3258 2819 3293 ‘0“
2852 3259 2905 3314 in
2940 3274 3054 3331 quo
3103 3259 3239 3316 loco
3293 3261 3614 3331 prepararet
3643 3253 3788 3325 hospi-

2205 3349 2357 3406 cium
2381 3347 2728 3405 Grimoaldo.
2758 3349 2831 3403 At
2862 3347 2960 3404 ille
2995 3347 3325 3418 respondit,
3361 3347 3582 3418 dignum
3603 3358 3726 3412 esse,
3747 3347 3792 3396 ut

2207 3437 2598 3507 Grimoaldus,
2661 3437 2757 3507 qui
2788 3449 2964 3493 causa
3016 3435 3174 3492 illius
3209 3441 3449 3492 venerat
3479 3439 3535 3492 et
3585 3445 3790 3490 sororem

2205 3526 2332 3596 ejus
2363 3525 2626 3596 accipere
2657 3524 2928 3592 debebat,
2960 3523 3288 3595 bospicium
3321 3523 3550 3580 haberet
3571 3521 3698 3578 intra
3725 3530 3795 3588 pa-

2207 3615 2431 3671 latium.
2465 3613 2626 3681 Quod
2658 3613 2738 3668 ita
2783 3613 2996 3669 factum
3028 3617 3140 3668 est.
3195 3611 3498 3669 Predictus
3523 3625 3648 3681 ergo
3675 3604 3794 3663 Cari-

2206 3701 2434 3771 baldus,
2470 3701 2788 3758 seminator
2831 3699 3098 3771 maliciae,
3131 3699 3278 3756 dixit
3330 3701 3400 3756 ad
3433 3701 3789 3770 Gotcpertum:

2210 3791 2456 3858 Quaado
2473 3791 2708 3848 veneris
2727 3803 2859 3847 cum
2882 3789 3232 3848 Grimoaldo
3251 3789 3336 3848 ad
3351 3787 3693 3860 colloquium,
3715 3783 3793 3838 Im-

2205 3879 2327 3938 ὑθίο
2347 3879 2597 3938 loricam
2617 3878 2826 3938 subtus
2852 3878 3284 3950 vestimentum,
3309 3880 3455 3951 quia
3474 3877 3655 3950 ipsete
3678 3871 3790 3930 occi-

2201 3971 2340 4026 dere
2358 3969 2576 4040 querit.
2610 3967 2828 4025 Deinde
2861 3967 3007 4024 dixit
3040 3967 3245 4024 eadem
3273 3968 3442 4024 verba
3475 3965 3542 4022 ad
3567 3957 3792 4020 Grimoal-

2203 4059 2357 4116 dum.
2387 4059 2642 4128 Cumque
2659 4055 2751 4112 die
2775 4057 2962 4112 altera
2978 4055 3280 4113 venissent
3297 4057 3368 4114 ad
3382 4049 3788 4125 colloquendum,

2200 4148 2406 4205 videns
2437 4144 2825 4215 Crimoaldus,
2879 4145 3033 4214 quod
3083 4145 3436 4218 Gotcpertus
3485 4141 3643 4201 lorica
3667 4141 3788 4193 esset

2202 4237 2458 4306 indutus,
2485 4234 2793 4305 evaginato
2810 4233 3006 4304 gladio
3038 4232 3338 4291 interfecit
3366 4249 3510 4303 eum,
3541 4236 3594 4288 et
3620 4223 3790 4285 invasit

2129 3217 2180 3282 C

2202 4340 2440 4396 regnum
2470 4323 2615 4394 ejus.
2637 4323 2896 4379 Habebat
2921 4325 3115 4378 autem
3147 4323 3496 4394 Gotcpertus
3521 4319 3674 4374 ﬁlium
3688 4327 3789 4385 par-

2201 4413 2397 4471 vulum
2428 4411 2656 4469 nomine
2677 4412 3113 4482 Reginpertum,
3140 4427 3310 4482 quem
3333 4410 3607 4483 rapientes
3627 4401 3785 4461 ﬁdeles

2201 4504 2328 4575 ejus
2347 4502 2678 4559 nutrierunt
2705 4501 2952 4558 occulte.
2973 4501 3080 4556 Sed
3107 4515 3214 4557 nec
3235 4500 3458 4558 curavit
3479 4490 3784 4553 Grimoaldus

2201 4607 2330 4650 eum
2361 4589 2659 4664 persequi,
2713 4589 2844 4660 quia
2877 4603 3022 4660 puer
3054 4589 3245 4646 adhuc
3291 4593 3436 4646 erat.
3471 4584 3694 4644 Audiens
3717 4591 3785 4664 au-

2200 4687 2318 4738 tem
2341 4661 2628 4750 Perhtari,
2655 4678 2752 4750 qui
2775 4677 2926 4749 apud
2954 4676 3336 4734 Mediolanum
3368 4675 3646 4746 regnabat,
3669 4661 3782 4738 quod

2202 4771 2384 4826 frater
2396 4769 2445 4840 ej
2459 4783 2522 4826 us
2547 4771 2736 4824 mortu
2749 4781 2812 4822 us
2828 4765 3059 4835 fuisset,
3078 4771 3293 4837 quanta
3309 4763 3604 4822 velocitate
3617 4752 3780 4831 potuit,

2201 4859 2367 4930 fugit,
2392 4862 2450 4914 ct
2483 4855 2555 4913 ad
2587 4857 2871 4912 Cacanum
2901 4868 3095 4925 regem
3131 4857 3380 4911 Avarum
3406 4851 3560 4908 abiit.
3584 4849 3780 4904 Uxorem

2199 4963 2336 5004 vero
2366 4946 2524 5003 illius
2569 4943 2798 5001 nomine
2821 4941 3200 5000 Rodclindam
3233 4947 3294 5000 et
3328 4939 3617 5025 parvulum
3642 4931 3778 5025 lilium

2199 5037 2430 5094 nomine
2463 5033 2880 5092 Chunibertum
2903 5030 2993 5064 1°"
3031 5031 3363 5088 transmisit
3389 5022 3714 5086 Grimoaldus
3739 5022 3779 5070 in

2199 5130 2608 5184 Beneventum.
2641 5123 2777 5179 Post
2813 5121 2937 5178 haec
2962 5120 3250 5192 malignus
3273 5121 3438 5176 homo
3467 5108 3775 5172 Garibaldus.

2196 5216 2364 5288 cujus
2385 5211 2628 5272 consilio
2650 5211 2773 5268 hzee
2797 5209 2987 5267 omnia
3011 5211 3157 5267 facta
3197 5211 3351 5280 sunt,
3395 5221 3503 5264 non
3527 5202 3613 5258 diu
3640 5206 3777 5266 super

1796 5381 2031 5440 VARI/E
2071 5381 2367 5439 LECTION
2372 5381 2470 5436 ES.

512 5511 604 5585 εοι³
609 5513 842 5585 folium
886 5518 1050 5576 deest
1069 5517 1136 5576 in
1165 5521 1286 5578 cod.
1340 5526 1387 5576 1.
1476 5518 1566 5554 ¹⁰³⁴
1624 5523 1938 5580 redeamus
1992 5530 2066 5582 9°-

440 5579 735 5662 deine'eps.
818 5586 1290 5662 f°"’_gotebertus
1337 5597 1422 5646 9°.
1463 5597 1553 5646 10.
1604 5579 1960 5662 godebertus
1999 5579 2064 5650 ‘4.

443 5651 532 5684 ¹⁰³³
561 5667 618 5709 a.
641 5651 784 5725 'ejus
815 5660 871 5712 δ.
911 5651 1004 5693 ""0
1031 5662 1322 5729 gotebert.
1346 5663 1486 5733 jam
1514 5651 1696 5720 etiam
1724 5669 1780 5718 ὅ.

2150 5523 2242 5558 in.
2274 5522 2439 5579 annis
2501 5526 2550 5577 δ,
2611 5517 2734 5590 νίφα
2765 5517 3029 5590 perthari
3094 5520 3152 5574 lt.
3193 5521 3240 5590 is.
3273 5513 3486 5590 σει-κω,
3525 5493 3774 5590 neti?

2127 5595 2188 5651 et
2213 5594 2540 5664 deinceps
2604 5579 3013 5664 m~”'_grimaldo
3053 5593 3108 5647 4.
3142 5585 3423 5660 grimoldo
3451 5588 3530 5640 9°.
3560 5579 3748 5644 semp”

1871 5665 1960 5698 1°“
1981 5665 2284 5736 geribaldo
2309 5668 2372 5720 9°
2413 5661 2427 5664 ’
2455 5662 2544 5697 ι⁰⁸²
2575 5661 2944 5720 cunibertum
2979 5667 3038 5721 5.
