3952 6310
98 286 221 354 801
1005 289 1443 357 CHRONICA.
1473 329 1553 341 ——
1583 289 2061 356 CHRONICON
2109 288 2660 355 UNIVERSALE.
3413 292 3530 354 802

100 428 198 485 his
221 427 548 499 gaudebat.
573 428 710 486 Erat
734 429 887 487 enim
916 429 971 485 in
1003 428 1243 486 civitate
1282 430 1637 487 Taurmense
1653 442 1781 500 par-
1811 428 1864 488 A
1890 426 2266 496 concurrunt,
2291 426 2597 497 etpropter
2612 438 2743 483 eum
2756 425 2811 482 te
2841 425 3011 497 forte
3057 425 3335 495 oceirim'e,
3364 418 3550 485 habe'

99 533 220 576 vus
257 517 502 590 quidam
537 519 942 589 homunculus,
976 523 1149 574 natus
1187 519 1256 575 de
1315 518 1548 589 propria
1606 523 1779 586 gente
1894 516 2178 574 bun/.liis
2206 516 2402 572 verbis
2426 514 2791 571 Grimoaldus
2824 515 3117 585 credulus,
3179 516 3401 572 oblitus
3448 523 3541 572 cst

103 608 606 679 Goteperti.lste
638 608 990 677 eumsciret,
1052 607 1204 677 quod
1268 604 1613 661 Caribaldus
1652 604 1779 674 ipso
1895 605 2497 677 quodillijuravit,et
2548 603 2800 675 qualiter
2852 604 3015 660 illum
3063 605 3361 661 occideret
3410 620 3540 662 cum

105 697 537 753 sacratissimo
564 697 656 753 die
689 695 949 768 paschali
982 700 1268 751 venturus
1286 699 1444 751 esset
1476 693 1542 748 ad
1570 692 1783 749 oratio-
1894 695 2017 751 suis
2047 695 2346 751 tractavit.
2384 693 2637 764 Denique
2669 708 2775 764 per
2801 693 3109 749 consilium
3162 694 3315 749 misit
3345 694 3397 749 ei
3469 694 3539 749 ad

108 800 250 841 nem
286 785 346 841 in
382 785 649 843 :ecclesia
685 784 839 840 beati
872 784 1151 840 Johannis
1185 783 1455 855 baptista.-
1510 781 1672 851 abiit,
1723 787 1783 837 et
1892 798 2115 840 coenam
2141 783 2405 839 divorsos
2425 781 2590 839 cibo:
2613 783 2975 855 ctOptimum
3010 797 3232 839 merum
3256 797 3320 838 ac
3353 782 3540 839 diver-

107 875 394 930 ascendit
436 889 615 945 super
636 876 850 929 fontem
888 887 1118 928 sacrum
1167 870 1512 943 baptisterii,
1562 875 1617 924 et
1650 884 1781 925 cum
1896 888 1988 930 sas
2020 873 2313 944 potiones,
2347 877 2411 928 ιιι
2442 886 2570 928 cum
2602 878 2947 942 pel-noctem
2985 872 3143 942 quasi
3173 872 3541 942 mortuusja-

111 962 367 1019 sinistra
395 962 774 1018 manutenuit
802 977 863 1017 se
895 961 966 1016 ad
995 974 1162 1016 uuam
1204 959 1636 1027 columnellam,
1687 957 1781 1012 ubi
1896 961 2289 1027 ceret,levius
2311 961 2495 1018 occidi
2540 967 2755 1033 posset.
2792 961 2900 1017 Sed
2935 976 3064 1017 cum
3084 962 3151 1017 ad
3190 977 3413 1017 orenam
3451 976 3541 1018 se-

113 1052 483 1108 Garibaldus
521 1052 775 1107 transire
804 1050 1109 1119 debuerat,
1171 1064 1299 1105 eum
1351 1050 1590 1105 dextera
1646 1061 1785 1102 vero
1896 1049 2285 1119 disset,venit
2310 1050 2380 1107 ad
2415 1064 2546 1107 eum
2579 1065 2720 1106 suus
2749 1049 3038 1121 quondam
3064 1050 3343 1113 serviens,
3405 1049 3540 1105 aii‘c-

114 1141 506 1211 evaginatum
540 1138 797 1209 gladium
823 1139 931 1194 sub
956 1138 1303 1193 vestimento
1344 1136 1595 1207 tegebat.
1621 1137 1786 1191 Cuiu-
1897 1154 2032 1196 rens
2068 1140 2119 1195 ei
2144 1140 2339 1196 cibum
2388 1154 2555 1211 quem
2590 1139 2746 1195 misit
2793 1139 2843 1194 ei
2880 1152 3002 1208 rex,
3032 1144 3090 1195 et
3149 1154 3279 1195 eum
3318 1138 3542 1210 posuis-

118 1246 240 1301 quc
277 1244 464 1302 prope
480 1243 609 1285 eum
628 1226 976 1284 Garibaldus
995 1227 1272 1297 venisset,
1298 1226 1394 1281 ille
1426 1224 1516 1258 ¹⁰⁴³
1547 1225 1788 1280 homun-

119 1319 244 1386 cio,
279 1318 595 1388 evaginato
622 1316 840 1388 gladio,
865 1332 996 1373 cum
1032 1319 1153 1372 tota
1184 1316 1404 1372 virtute
1439 1328 1550 1386 qua
1593 1316 1783 1386 potuit

123 1408 431 1480 percussit
463 1420 595 1464 eum
620 1406 1064 1476 ineervieem,et
1089 1403 1409 1476 amputavit
1427 1408 1605 1476 caput
1635 1403 1782 1474 ejus.

125 1497 415 1555 Homines
450 1500 640 1553 autem
668 1495 925 1567 ejusdem
957 1493 1261 1551 Garibaldi
1294 1492 1506 1550 multas
1555 1492 1637 1548 illi
1672 1492 1789 1566 pla-

123 1599 240 1655 gas
276 1583 580 1655 facientes,
636 1582 705 1639 ad
767 1581 1033 1639 ultimum
1085 1580 1425 1637 occiderunt
1475 1595 1625 1636 cum.
1680 1579 1787 1646 Qui

128 1674 413 1744 quamvis
434 1673 515 1729 sic
538 1673 781 1744 punitus
813 1675 1082 1728 mortuus
1132 1670 1362 1741 fuisset,
1397 1673 1585 1726 tamen
1645 1669 1791 1739 inju-

1897 1235 1987 1286 set
2012 1245 2142 1285 eum
2169 1243 2347 1301 super
2367 1242 2644 1298 mensam,
2684 1226 2851 1282 ﬁnxit
2873 1242 2936 1283 se
2968 1226 3227 1283 salutare
3252 1226 3538 1295 Perhtari,

1899 1322 1956 1374 et
1996 1320 2232 1374 mittens
2262 1322 2439 1387 caput
2461 1318 2570 1374 sub
2614 1331 2889 1386 mensam,
2936 1316 3085 1372 clam
3145 1315 3441 1372 nunciavit
3490 1316 3540 1371 ei

1899 1407 2204 1463 consilium
2229 1405 2568 1464 Grimoaldi.
2602 1406 2707 1473 Qui
2737 1406 2937 1461 statim
2959 1405 3190 1461 vocavit
3213 1405 3283 1461 ad
3333 1419 3394 1460 se
3428 1404 3541 1477 pin-

1899 1514 2134 1556 cernam
2169 1513 2361 1570 suum,
2382 1498 2750 1571 precipitque
2770 1497 2844 1568 ei,
2876 1500 2941 1553 ut
2973 1496 3028 1552 in
3055 1495 3182 1552 ﬁala
3229 1511 3403 1553 aurea
3428 1496 3539 1554 sibi

1903 1589 2196 1658 misceret,
2224 1588 2324 1644 sed
2358 1601 2587 1660 semper
2608 1600 2814 1657 aquam
2840 1585 3015 1643 solam
3043 1586 3096 1641 in
3121 1600 3243 1642 eam
3259 1585 3538 1642 mitteret.

1901 1680 2056 1734 Tunc
2090 1676 2251 1734 missi
2275 1677 2430 1746 regis
2454 1676 2740 1746 rogabant
2782 1690 2913 1731 eum
2946 1690 3018 1731 ex
3078 1674 3348 1731 mandato
3394 1674 3540 1745 ejus,

130 1761 291 1817 riam
324 1765 381 1816 et
418 1766 655 1817 mortem
681 1759 1007 1815 dominisui
1030 1758 1385 1847 vindicavit.
1424 1756 1790 1814 Grimoaldus
1818 1788 1873 1847 B
1905 1770 1963 1823 ut
2028 1766 2197 1823 laetus
2247 1765 2477 1821 biberet
2508 1771 2567 1820 et
2621 1764 2676 1819 in
2709 1763 2932 1820 honore
2979 1762 3296 1820 Grimoaldi
3358 1762 3545 1819 fialam

128 1855 340 1906 autem
373 1848 752 1905 conﬁrmatus
787 1848 839 1903 in
874 1862 1053 1917 regno
1086 1847 1236 1918 apud
1275 1846 1551 1916 Ticinum,
1578 1847 1791 1902 occidit
1820 1846 1859 1847 ί
1906 1857 2085 1912 totam
2145 1859 2536 1911 consumeret,
2598 1852 2699 1909 me
2742 1856 2936 1910 autem
2989 1852 3219 1908 dicebat,
3306 1866 3368 1907 se
3414 1866 3544 1907 cum

132 1937 588 2007 Chnnibertum,
622 1936 798 1994 ﬁlium
836 1935 1257 2007 Gotepertiw“,
1276 1941 1332 1991 et
1362 1950 1618 1991 sororem
1642 1936 1787 2006 ejus-

131 2027 270 2083 dem
300 2026 603 2082 Goteberti
628 2025 739 2097 ¹⁴⁰⁸,
778 2025 949 2081 ﬁliam
1006 2025 1282 2097 Ariperti,
1310 2025 1475 2080 duxit
1525 2039 1786 2081 uxorem.

135 2115 613 2172 Beneventanum
638 2129 775 2171 vero
807 2114 1154 2185 exercitum,
1199 2129 1327 2170 cum
1390 2129 1502 2185 quo
1550 2128 1790 2183 regnum

133 2203 554 2276 apprehendit,
589 2203 812 2260 remisit
846 2202 915 2259 ad
955 2204 1213 2276 propria,
1259 2201 1507 2259 ditatum
1568 2202 1791 2272 magnis

134 2293 508 2364 muneribus,
543 2292 647 2349 sed
681 2292 1015 2363 aliquantos
1039 2306 1233 2349 secum
1280 2291 1543 2363 retinuit,
1578 2291 1792 2362 quibus

137 2382 505 2452 largissimas
528 2381 934 2453 possessiones
959 2381 1272 2438 concessit.
1297 2379 1553 2437 Audiens
1576 2384 1788 2447 autem,

138 2470 298 2543 quod
361 2470 628 2527 Perhtari
718 2471 771 2527 in
825 2471 1114 2542 Scythiam
1193 2471 1439 2539 fugisset
1522 2475 1582 2525 et
1639 2470 1791 2540 apud

140 2564 436 2617 Cacanum
463 2574 655 2629 regem
682 2560 973 2616 llunorum
998 2559 1582 2630 stetisse:,mandavit
1606 2558 1792 2614 eidem

146 2651 402 2718 Cacano,
446 2648 597 2720 quod
629 2649 676 2704 si
712 2649 977 2705 Perhtari
1001 2649 1053 2704 in
1090 2662 1268 2718 regno
1299 2664 1404 2704 suo
1465 2648 1789 2717 mansisset,

134 2753 348 2812 pacem
374 2752 504 2794 eum
531 2737 928 2807 Longobardis
954 2737 1107 2793 sicut
1138 2737 1652 2793 hactenushabere
1680 2751 1791 2791 non

138 2830 367 2900 posset.
398 2826 562 2892 Quod
583 2827 843 2883 Caeanus
871 2829 932 2881 ut
952 2826 1199 2895 audivit,
1223 2824 1488 2881 Perhtari
1507 2824 1651 2879 dixit
1687 2825 1796 2881 :In

135 2912 622 2987 qualemcunque
654 2913 886 2985 partem
903 2914 1183 2983 colueris,
1198 2912 1364 2981 vade,
1398 2911 1548 2983 quia
1571 2912 1639 2968 in
1670 2926 1796 2968 meo

136 3016 327 3077 regno
368 3002 717 3074 nonpoteris
754 3004 936 3073 stare,
968 3016 1041 3058 ne
1052 3003 1298 3074 propter
1314 3003 1366 3058 te
1401 3000 1798 3060 inimiciciam

141 3090 666 3166 lonqobardorum
682 3091 1285 3150 incurramPerhtari
1301 3092 1421 3148 haec
1438 3091 1801 3159 audiens,de_

144 3191 291 3263 legit
312 3188 622 3247 revertiad
654 3188 1066 3261 Grimoaldum,
1087 3190 1218 3261 quia
1254 3189 1684 3257 z.udierat,eum
1708 3203 1799 3247 es-

144 3296 206 3338 se
226 3278 1005 3336 misericordissimum.Cum
1026 3294 1163 3335 vero
1178 3277 1521 3335 venissetad
1544 3278 1799 3335 Lauden-

146 3383 269 3427 sem
303 3368 625 3439 civitatem,
654 3368 809 3424 misit
838 3368 1111 3424 Unulfum
1135 3367 1538 3423 ﬁdelissimum
1578 3367 1687 3423 sibi
1717 3368 1800 3423 vi-

147 3475 275 3518 rum
334 3456 404 3514 ad
460 3455 872 3529 Grimoaldum,
899 3457 995 3529 qui
1036 3473 1200 3514 suum
1238 3457 1290 3513 ei
1341 3456 1643 3514 nunciaret
1703 3457 1800 3514 ad-

151 3555 408 3615 ventum.
472 3552 593 3607 Hoc
654 3548 896 3604 audiens
945 3546 1333 3617 Grimoaldus,
1413 3546 1652 3615 gavisus
1709 3551 1797 3604 est

151 3640 413 3707 nimium,
439 3643 499 3697 et
530 3636 822 3696 mandavit
847 3636 898 3694 ei
931 3635 1345 3708 promittendo,
1392 3634 1544 3707 quod
1577 3635 1797 3693 nullum

154 3730 368 3787 malum
398 3729 664 3798 haberet,
691 3726 738 3783 si
772 3724 843 3782 ad
867 3739 999 3782 eum
1028 3725 1273 3781 veniret.
1311 3724 1495 3795 Igitur
1533 3725 1800 3782 Perhtari

153 3819 225 3876 ad
259 3815 990 3885 Grimoaldumingressus,
1025 3813 1210 3870 voluit
1242 3828 1304 3869 se
1346 3815 1415 3869 ad
1462 3815 1641 3887 pedes
1674 3815 1802 3885 ejus

149 3908 419 3979 jactare;
451 3905 553 3964 sed
588 3902 1079 3961 Grimoaldusnon
1116 3902 1462 3974 permittens
1510 3918 1640 3960 eum
1695 3903 1804 3960 hoc

158 3998 373 4068 facere,
410 3993 651 4053 retinuit
683 4008 811 4050 eum
837 3996 897 4047 et
935 3990 1237 4048 osculatus
1291 3995 1385 4047 est
1438 4006 1596 4048 eum.
1652 3993 1806 4049 Tunc

157 4086 302 4143 dixit
326 4083 594 4141 Perhtari
630 4081 700 4139 ad
722 4080 1155 4138 Grimoaldnm:
1197 4081 1426 4139 Servus
1459 4081 1597 4139 tuus
1654 4094 1807 4153 sum,

155 4175 339 4232 Potui
359 4173 600 4248 quidem
620 4172 817 4229 vicere
844 4171 1004 4228 inter
1026 4182 1319 4241 paganos,
1353 4169 1457 4227 sed
1467 4168 1723 4229 audiens
1757 4172 1811 4229 te

155 4262 738 4324 christianissimum
749 4262 806 4318 et
814 4258 1465 4331 misericordissimam,
1475 4274 1591 4332 pro
1606 4260 1703 4317 tuo
1722 4260 1813 4317 bo-

154 4351 718 4413 nonomineoeniad
729 4352 801 4408 te.
816 4351 969 4407 Tunc
987 4363 1089 4405 rex
1104 4348 1370 4420 promisit
1411 4350 1462 4405 ei
1481 4349 1631 4422 jurej
1644 4365 1810 4408 uran-

159 4444 233 4501 do
249 4458 446 4501 coram
461 4441 729 4499 omnibus
742 4439 969 4497 dicens:
986 4438 1105 4495 Per
1117 4451 1243 4495 eum
1269 4439 1372 4510 yui
1383 4440 1655 4497 menasci
1651 4439 1815 4513 fecit

158 4530 646 4606 quandoquidem
658 4527 1128 4600 admeamﬂdem
1156 4505 1669 4597 venistimullum
1686 4542 1810 4586 ma-
1837 4505 1891 4566 Ῑ)

161 4622 285 4679 lum
297 4621 416 4679 erit
431 4618 640 4679 tibi.Et
664 4616 825 4674 dedit
847 4616 898 4674 ei
914 4617 1190 4689 optimam
1205 4617 1460 4687 domum,
1478 4618 1809 4690 precipiens

163 4712 287 4768 suis
326 4709 631 4779 ministris,
656 4706 933 4764 utomnia
955 4720 1082 4778 qum
1099 4705 1209 4763 sibi
1252 4710 1446 4764 essent
1482 4723 1809 4767 necessaria

162 4815 234 4856 ex
266 4798 502 4872 publico
553 4795 945 4855 abundantius
986 4796 1250 4852 haberet.
1295 4798 1448 4855 Tunc
1480 4799 1814 4857 Ticinenses

161 4903 363 4946 omnes
394 4890 702 4959 coeperunt
728 4887 798 4942 ad
817 4900 948 4943 eum
972 4899 1324 4943 concurrere
1339 4889 1575 4958 etquasi
1610 4896 1811 4948 notum

160 4978 441 5036 salutare.
472 4977 677 5032 Statim
701 4961 1001 5046 maliloqui
1027 4976 1378 5032 accedentes
1401 4977 1472 5033 ad
1533 4979 1814 5036 Grimoal-

164 5068 321 5139 dum,
351 5067 629 5123 dixerunt
667 5064 736 5121 ad
759 5080 887 5121 eum
913 5082 925 5118 :
958 5065 1102 5127 Nisi
1137 5064 1426 5121 Perhtari
1456 5065 1639 5125 citius
1668 5068 1817 5126 occi-

166 5156 349 5229 deris,
377 5168 632 5229 regnum
668 5168 783 5211 non
812 5151 1090 5222 habebis;
1128 5167 1324 5211 omnes
1355 5156 1513 5213 enim
1548 5157 1629 5213 ad
1685 5171 1816 5216 eum

1900 1944 2117 2013 gaudio
2180 1943 2380 1999 bibere
2442 1947 2745 2013 totamque
2797 1940 2986 1996 ﬁalam
3032 1940 3086 1994 in
3142 1939 3363 1995 honore
3420 1939 3546 2008 ejus

1902 2032 2220 2089 effundere.
2244 2028 2433 2088 Nichil
2465 2034 2658 2086 autem
2698 2029 3057 2086 bibebatnisi
3082 2042 3304 2098 squam.
3337 2027 3547 2096 Perge-

1904 2121 2043 2176 bant
2078 2121 2255 2190 igitur
2277 2120 2530 2175 ministri
2576 2119 2753 2189 regis,
2769 2118 3115 2175 nunciantes
3137 2132 3208 2185 ei,
3228 2112 3383 2186 quod
3405 2114 3548 2171 mul-

1903 2215 2027 2267 tum
2060 2210 2255 2266 vinum
2292 2210 2523 2265 biberet
2553 2208 2820 2264 Perhtari
2852 2207 3043 2275 etiam
3076 2205 3345 2262 ebriosus
3367 2209 3540 2260 esset.

1905 2299 2006 2355 Ille
2023 2314 2159 2358 vero
2173 2313 2301 2354 eum
2325 2298 2537 2368 gaudio
2560 2297 2727 2353 dixit:
2744 2295 3044 2353 Bibatille
3056 2293 3317 2351 ebriosus
3349 2292 3543 2362 hodie,

1903 2403 2039 2446 eras
2054 2390 2209 2444 enim
2223 2387 2652 2444 eoometeaa'em
2671 2387 2814 2443 cina
2834 2399 2965 2442 cum
2983 2384 3296 2455 sanguine.
3320 2383 3544 2438 Interea

1907 2475 2182 2531 clamavit
2205 2475 2467 2532 Perhtari
2484 2474 2552 2530 ad
2569 2490 2630 2531 se
2649 2473 2920 2530 Unulfum
2938 2470 3335 2527 ﬁdelissimum
3357 2482 3546 2539 suum,

1905 2569 1960 2620 et
1995 2564 2275 2620 indicavit
2308 2565 2358 2620 ei
2391 2564 2545 2634 regis
2569 2563 2930 2620 voluntatem
2962 2564 3020 2615 et
3043 2556 3546 2624 eonsilium.Quod

1906 2651 2150 2710 audiens
2174 2652 2437 2719 Unulfus,
2465 2652 2697 2707 vocavit
2714 2663 2957 2721 puerum
2989 2663 3175 2717 suum,
3197 2651 3257 2703 et
3282 2646 3548 2717 precepit

1906 2743 1981 2811 ei,
2017 2745 2077 2797 ut
2112 2738 2326 2797 lectum
2356 2740 2465 2795 sibi
2508 2740 2722 2795 faceret
2765 2737 2929 2807 juxta
2981 2735 3246 2790 Perhtari
3309 2734 3547 2790 lectum.

1908 2831 2079 2886 Coena
2138 2842 2277 2885 vero
2331 2832 2590 2899 peracta,
2628 2840 2757 2882 cum
2804 2824 3063 2879 misisset
3134 2837 3235 2878 rex
3286 2822 3547 2879 homines

1906 2933 2066 2989 suos,
2094 2918 2190 2988 qui
2225 2916 2492 2972 Perhtari
2522 2914 2911 2983 custodirent,
2945 2926 3015 2968 ne
3081 2912 3280 2981 fugere
3334 2910 3550 2982 potuis-

1908 3012 2019 3075 s:t,
2047 3006 2286 3062 intravit
2334 3004 2601 3061 Perhtari
2634 3003 2691 3059 in
2755 3000 3113 3069 cubiculum,
3163 3000 3263 3056 ubi
3296 2998 3550 3056 dormire

1909 3094 2110 3151 debuit
2133 3110 2263 3151 cum
2306 3092 2515 3149 Unulfo
2555 3096 2612 3147 et
2667 3089 3017 3159 vestarario,
3055 3102 3160 3145 suo
3185 3086 3546 3161 ﬁdelissimo,

1910 3191 2530 3263 nunciavitquceidcm
2558 3188 2905 3256 vestarario,
2935 3188 3089 3259 quod
3130 3186 3201 3243 de
3245 3190 3430 3243 morte
3447 3201 3550 3243 sua

1910 3297 2011 3339 rex
2025 3282 2336 3352 cogitaret,
2356 3285 2416 3335 et
2435 3279 2511 3335 ait
2537 3298 2549 3333 :
2573 3278 2652 3335 Si
2665 3276 3553 3350 egoefugerepotueroJuﬂnqe

1912 3371 2199 3443 loquendo
2211 3370 2293 3427 ad
2304 3370 2567 3427 homines
2578 3365 3038 3439 regis,quodeqo
3055 3364 3349 3423 dormiam
3359 3364 3551 3423 inisto

1907 3461 2195 3529 cubiculo,
2221 3461 2280 3517 et
2278 3460 2505 3531 forsan
2542 3456 2828 3530 efugiens
2844 3453 3201 3512 rlemanibus
3237 3468 3437 3513 eorum
3462 3468 3557 3511 me

1913 3548 2375 3616 liberabo.Quod
2398 3563 2526 3604 eum
2558 3546 2655 3602 ille
2694 3550 2999 3615 gratanter
3024 3559 3084 3602 se
3109 3544 3397 3601 facturum
3429 3558 3562 3614 pro-

1914 3641 2199 3710 mitteret,
2218 3637 2354 3694 tulit
2379 3635 2627 3693 Unulfus
2658 3633 2967 3690 culcitram
2981 3637 3041 3688 et
3055 3633 3264 3704 pellem
3280 3632 3559 3702 ursinam,

1914 3732 1971 3784 et
2007 3727 2197 3800 posuit
2230 3739 2402 3797 supra
2460 3725 2693 3781 dorsum
2750 3720 3037 3787 Perhtari,
3079 3727 3140 3776 et
3191 3721 3372 3791 coepit
3430 3734 3563 3777 eum

1917 3817 2083 3888 quasi
2107 3828 2340 3872 servum
2367 3813 2726 3869 rusticanum
2756 3825 2886 3866 cum
2912 3812 3080 3865 vecte
3106 3808 3316 3865 cedere
3339 3811 3398 3863 et
3428 3822 3561 3865 cum

1917 3919 2112 3977 pugno
2146 3904 2200 3959 in
2233 3900 2384 3959 collo
2409 3898 2678 3972 pellendo
2710 3900 2881 3953 extra
2902 3895 3119 3966 regiam
3143 3896 3291 3967 (229)
3334 3894 3561 3964 jactare

1920 3995 2177 4062 Cumque
2209 3989 2426 4046 milites
2455 3987 2611 4058 regis
2635 3986 3065 4055 interrogarent
3085 3983 3225 4055 quid
3254 3983 3361 4040 hoc
3379 3986 3559 4052 esset,

1920 4080 2069 4139 Unul
2080 4082 2169 4138 fus
2184 4078 2331 4137 dixit
2353 4097 2364 4132 :
2389 4078 2615 4135 Serius
2632 4075 2746 4133 iste
2762 4073 3109 4133 rusticanus
3116 4071 3472 4147 fecitmichi
3492 4072 3564 4128 le-

1919 4171 2077 4230 ctum
2111 4169 2302 4241 juxta
2337 4168 2547 4224 lectum
2577 4163 2882 4235 Perhtari,
2917 4161 3334 4236 quisicebrius
3354 4160 3461 4232 est,
3489 4160 3563 4217 ut

1920 4256 2887 4331 dormiatquasisitmortuusﬂoc
2926 4253 3010 4309 illi
3029 4252 3336 4310 audientes
3369 4254 3428 4308 et
3466 4263 3565 4307 ve-

1921 4365 2048 4408 rum
2061 4363 2193 4407 esse
2206 4347 2538 4418 credentes,
2570 4345 2690 4403 laeti
2706 4344 2841 4402 facti
2856 4347 3013 4414 sunt,
3038 4346 3094 4399 et
3110 4340 3379 4399 Perhtari
3395 4337 3562 4412 quasi

1922 4454 2155 4496 servum
2178 4438 2539 4494 rusticanum
2590 4435 2752 4491 exire
2789 4433 3153 4491 dimiserunt.
3188 4428 3562 4488 Vestararius

1923 4532 2115 4587 autem
2129 4526 2229 4583 ille
2244 4525 2621 4585 ﬁdelissimus
2646 4524 2703 4581 in
2725 4522 2999 4583 cubiculo
3038 4520 3271 4589 mansit,
3300 4517 3563 4588 illudque

1921 4619 2222 4692 claudens,
2282 4617 2528 4677 ﬁrmiter
2566 4615 2879 4675 obseravit.
2914 4613 3081 4681 Quod
3100 4611 3369 4670 videntes
3410 4607 3564 4664 servi

1922 4712 2100 4783 regis,
2136 4711 2358 4767 reversi
2379 4713 2513 4766 sunt
2535 4707 2606 4765 ad
2639 4706 2933 4762 dominum
2964 4715 3153 4760 suum.
3196 4696 3443 4755 Unulfus
3465 4709 3565 4752 au-

1924 4804 2040 4857 tem
2061 4800 2369 4872 perfunem
2395 4794 2669 4867 deposuit
2691 4793 3022 4864 aliquantos
3035 4790 3194 4847 viros
3207 4786 3277 4844 ad
3292 4783 3565 4841 Perhtari

1925 4889 2219 4947 dominum
2253 4903 2441 4957 suum,
2460 4886 2702 4957 quicum
2718 4882 2817 4938 illo
2839 4881 3010 4936 irent.
3040 4879 3361 4947 Pergentes
3382 4872 3564 4943 igitur

1926 4978 2095 5036 simul
2113 4979 2313 5048 fugere
2326 4977 2651 5047 coeperunt,
2684 4976 2744 5028 et
2773 4985 2903 5027 cum
2930 4967 3285 5024 invenissent
3304 4960 3569 5021 caballos

1925 5070 1981 5125 in
1999 5050 3570 5140 prato,apprehenderunteos,etcaballicaverunt,etin

1924 5172 1989 5214 ea
2011 5160 2181 5213 nocte
2223 5150 2700 5229 perveneruntad
2746 5149 3048 5206 civitatem
3079 5148 3406 5212 Astensem,
3472 5140 3572 5197 ubi

1526 5282 1762 5340 VARIIE
1803 5282 2211 5341 LECTIONES.

237 5388 327 5423 ¹⁰⁴³
363 5386 580 5461 pergit
606 5390 652 5442 1.
689 5385 778 5421 ¹⁰⁴⁴
816 5384 1126 5458 godeperti
1153 5399 1303 5442 corr.
1356 5388 1652 5460 goteperti
1685 5395 1735 5445 1.
1798 5388 1891 5424 ¹⁰⁴⁸
1918 5388 2015 5449 ita
2057 5395 2104 5445 1.

1759 5504 1981 5561 NOTAE.

238 5606 388 5679 (229)
414 5604 456 5661 1.
491 5617 543 5660 e.
566 5603 819 5675 januam,
854 5608 919 5663 ut
950 5604 1007 5662 in
1037 5605 1240 5663 codice
1269 5600 1434 5662 Pauli
1465 5602 1901 5675 Bambergensi,
1937 5615 2052 5673 quo
2084 5599 2224 5658 Ekk.
2263 5612 2409 5657 usus
2431 5601 2541 5671 est,
2575 5594 2795 5671 saapius
2822 5594 3062 5669 legitur.

2340 5685 2385 5718 ο
