  <div class='ocr_page' id='page_1' title='image "/cluster/home/n/w/nwhite01/storage/ocr_20150623/154/uva.x000829797/407.png"; bbox 0 0 3952 6318; ppageno 0'>
   <div class='ocr_carea' id='block_1_1' title="bbox 471 275 588 336">
    <p class='ocr_par' dir='ltr' id='par_1_1' title="bbox 471 275 588 336">
     <span class='ocr_line' id='line_1_1' title="bbox 471 275 588 336; baseline 0 0"><span class='ocrx_word' id='word_1_1' title='bbox 471 275 588 336; x_wconf 79' lang='lat'><strong>803</strong></span> 
     </span>
    </p>
   </div>
   <div class='ocr_carea' id='block_1_2' title="bbox 1635 278 2723 343">
    <p class='ocr_par' dir='ltr' id='par_1_2' title="bbox 1635 278 2723 343">
     <span class='ocr_line' id='line_1_2' title="bbox 1635 278 2723 343; baseline 0.003 -4"><span class='ocrx_word' id='word_1_2' title='bbox 1635 278 2124 340; x_wconf 84' lang='lat' dir='ltr'><strong>EKKEHARDI</strong></span> <span class='ocrx_word' id='word_1_3' title='bbox 2169 278 2723 343; x_wconf 82' lang='lat' dir='ltr'><strong>URAUGIENSIS</strong></span> 
     </span>
    </p>
   </div>
   <div class='ocr_carea' id='block_1_3' title="bbox 3711 292 3802 356">
    <p class='ocr_par' dir='ltr' id='par_1_3' title="bbox 3711 292 3802 356">
     <span class='ocr_line' id='line_1_3' title="bbox 3711 292 3802 356; baseline 0.033 -3"><span class='ocrx_word' id='word_1_4' title='bbox 3711 292 3802 356; x_wconf 80' lang='grc'><strong>804</strong></span> 
     </span>
    </p>
   </div>
   <div class='ocr_carea' id='block_1_4' title="bbox 466 410 3801 486">
    <p class='ocr_par' dir='ltr' id='par_1_4' title="bbox 466 410 3801 486">
     <span class='ocr_line' id='line_1_4' title="bbox 466 410 3801 486; baseline 0.004 -18"><span class='ocrx_word' id='word_1_5' title='bbox 466 415 637 468; x_wconf 90' lang='lat' dir='ltr'><strong>erant</strong></span> <span class='ocrx_word' id='word_1_6' title='bbox 667 410 954 468; x_wconf 82' lang='lat' dir='ltr'><strong>verissimi</strong></span> <span class='ocrx_word' id='word_1_7' title='bbox 985 411 1259 468; x_wconf 65' lang='lat' dir='ltr'><strong>amicim“</strong></span> <span class='ocrx_word' id='word_1_8' title='bbox 1282 413 1572 484; x_wconf 89' lang='lat' dir='ltr'><strong>Perhtari,</strong></span> <span class='ocrx_word' id='word_1_9' title='bbox 1607 413 1737 485; x_wconf 83' lang='lat' dir='ltr'><strong>quia</strong></span> <span class='ocrx_word' id='word_1_10' title='bbox 1755 413 1956 470; x_wconf 87' lang='lat' dir='ltr'><strong>eadem</strong></span> <span class='ocrx_word' id='word_1_11' title='bbox 1977 413 2116 469; x_wconf 88' lang='lat' dir='ltr'><strong>civi—</strong></span> <span class='ocrx_word' id='word_1_12' title='bbox 2146 413 2198 473; x_wconf 84' lang='lat' dir='ltr'>A</span> <span class='ocrx_word' id='word_1_13' title='bbox 2232 419 2424 471; x_wconf 91' lang='lat' dir='ltr'><strong>utrum</strong></span> <span class='ocrx_word' id='word_1_14' title='bbox 2458 414 2664 471; x_wconf 90' lang='lat' dir='ltr'><strong>melius</strong></span> <span class='ocrx_word' id='word_1_15' title='bbox 2692 414 2802 470; x_wconf 85' lang='lat' dir='ltr'><strong>sibi</strong></span> <span class='ocrx_word' id='word_1_16' title='bbox 2829 414 3129 470; x_wconf 76' lang='lat' dir='ltr'><strong>videretur</strong></span> <span class='ocrx_word' id='word_1_17' title='bbox 3155 413 3210 469; x_wconf 85' lang='lat' dir='ltr'><strong>in</strong></span> <span class='ocrx_word' id='word_1_18' title='bbox 3253 414 3460 486; x_wconf 87' lang='lat' dir='ltr'><strong>palatio</strong></span> <span class='ocrx_word' id='word_1_19' title='bbox 3476 432 3598 476; x_wconf 88' lang='lat' dir='ltr'><strong>esse</strong></span> <span class='ocrx_word' id='word_1_20' title='bbox 3617 435 3676 478; x_wconf 90' lang='lat' dir='ltr'><strong>an</strong></span> <span class='ocrx_word' id='word_1_21' title='bbox 3701 439 3801 483; x_wconf 88' lang='lat' dir='ltr'><strong>cum</strong></span> 
     </span>
    </p>
   </div>
   <div class='ocr_carea' id='block_1_5' title="bbox 471 498 2117 573">
    <p class='ocr_par' dir='ltr' id='par_1_5' title="bbox 471 498 2117 573">
     <span class='ocr_line' id='line_1_5' title="bbox 471 498 2117 573; baseline 0.003 -18"><span class='ocrx_word' id='word_1_22' title='bbox 471 505 562 558; x_wconf 86' lang='lat' dir='ltr'><strong>tas</strong></span> <span class='ocrx_word' id='word_1_23' title='bbox 594 500 836 558; x_wconf 88' lang='lat' dir='ltr'><strong>necdum</strong></span> <span class='ocrx_word' id='word_1_24' title='bbox 870 498 1102 556; x_wconf 89' lang='lat' dir='ltr'><strong>subdita</strong></span> <span class='ocrx_word' id='word_1_25' title='bbox 1137 505 1265 556; x_wconf 87' lang='lat' dir='ltr'><strong>erat</strong></span> <span class='ocrx_word' id='word_1_26' title='bbox 1297 501 1670 569; x_wconf 89' lang='lat' dir='ltr'><strong>Grimoaldo;</strong></span> <span class='ocrx_word' id='word_1_27' title='bbox 1724 503 1972 573; x_wconf 86' lang='lat' dir='ltr'><strong>indeque</strong></span> <span class='ocrx_word' id='word_1_28' title='bbox 2033 503 2117 560; x_wconf 82' lang='lat' dir='ltr'><strong>fu-</strong></span> 
     </span>
    </p>
   </div>
   <div class='ocr_carea' id='block_1_6' title="bbox 466 588 2118 662">
    <p class='ocr_par' dir='ltr' id='par_1_6' title="bbox 466 588 2118 662">
     <span class='ocr_line' id='line_1_6' title="bbox 466 588 2118 662; baseline 0.002 -18"><span class='ocrx_word' id='word_1_29' title='bbox 466 589 634 659; x_wconf 88' lang='lat' dir='ltr'><strong>giens</strong></span> <span class='ocrx_word' id='word_1_30' title='bbox 668 589 724 646; x_wconf 93' lang='lat' dir='ltr'><strong>in</strong></span> <span class='ocrx_word' id='word_1_31' title='bbox 755 588 1055 646; x_wconf 84' lang='lat' dir='ltr'><strong>civitatem</strong></span> <span class='ocrx_word' id='word_1_32' title='bbox 1087 590 1830 662; x_wconf 86' lang='lat' dir='ltr'><strong>Tauriniensem,pervenit</strong></span> <span class='ocrx_word' id='word_1_33' title='bbox 1861 592 1916 647; x_wconf 89' lang='lat' dir='ltr'><strong>in</strong></span> <span class='ocrx_word' id='word_1_34' title='bbox 1949 594 2118 648; x_wconf 77' lang='lat' dir='ltr'><strong>Fran-</strong></span> 
     </span>
    </p>
   </div>
   <div class='ocr_carea' id='block_1_7' title="bbox 469 678 2112 750">
    <p class='ocr_par' dir='ltr' id='par_1_7' title="bbox 469 678 2112 750">
     <span class='ocr_line' id='line_1_7' title="bbox 469 678 2112 750; baseline -0.001 -14"><span class='ocrx_word' id='word_1_35' title='bbox 469 680 615 736; x_wconf 90' lang='lat' dir='ltr'><strong>ciam</strong></span> <span class='ocrx_word' id='word_1_36' title='bbox 639 678 870 750; x_wconf 88' lang='lat' dir='ltr'><strong>;sieque</strong></span> <span class='ocrx_word' id='word_1_37' title='bbox 889 681 1042 735; x_wconf 89' lang='lat' dir='ltr'><strong>Deus</strong></span> <span class='ocrx_word' id='word_1_38' title='bbox 1071 679 1438 750; x_wconf 90' lang='lat' dir='ltr'><strong>omnipotens</strong></span> <span class='ocrx_word' id='word_1_39' title='bbox 1452 681 1718 736; x_wconf 85' lang='lat' dir='ltr'><strong>Perhtari</strong></span> <span class='ocrx_word' id='word_1_40' title='bbox 1747 681 2112 738; x_wconf 82' lang='lat' dir='ltr'><strong>innocentem</strong></span> 
     </span>
    </p>
   </div>
   <div class='ocr_carea' id='block_1_8' title="bbox 468 767 2113 838">
    <p class='ocr_par' dir='ltr' id='par_1_8' title="bbox 468 767 2113 838">
     <span class='ocr_line' id='line_1_8' title="bbox 468 767 2113 838; baseline 0.001 -14"><span class='ocrx_word' id='word_1_41' title='bbox 468 769 717 825; x_wconf 70' lang='lat' dir='ltr'><strong>a‘morte</strong></span> <span class='ocrx_word' id='word_1_42' title='bbox 749 767 1043 838; x_wconf 81' lang='lat' dir='ltr'><strong>liberavit,</strong></span> <span class='ocrx_word' id='word_1_43' title='bbox 1078 773 1138 824; x_wconf 92' lang='lat' dir='ltr'><strong>ct</strong></span> <span class='ocrx_word' id='word_1_44' title='bbox 1179 767 1570 825; x_wconf 90' lang='lat' dir='ltr'><strong>Grimoaldum</strong></span> <span class='ocrx_word' id='word_1_45' title='bbox 1628 783 1696 825; x_wconf 88' lang='lat' dir='ltr'><strong>ne</strong></span> <span class='ocrx_word' id='word_1_46' title='bbox 1739 769 2113 827; x_wconf 73' lang='lat' dir='ltr'><strong>homicidium</strong></span> 
     </span>
    </p>
   </div>
   <div class='ocr_carea' id='block_1_9' title="bbox 469 855 2113 915">
    <p class='ocr_par' dir='ltr' id='par_1_9' title="bbox 469 855 2113 915">
     <span class='ocr_line' id='line_1_9' title="bbox 469 855 2113 915; baseline 0.002 -3"><span class='ocrx_word' id='word_1_47' title='bbox 469 859 692 914; x_wconf 86' lang='lat' dir='ltr'><strong>faceret</strong></span> <span class='ocrx_word' id='word_1_48' title='bbox 719 855 1059 914; x_wconf 89' lang='lat' dir='ltr'><strong>custodivit.</strong></span> <span class='ocrx_word' id='word_1_49' title='bbox 1098 859 1158 912; x_wconf 83' lang='lat' dir='ltr'><strong>In</strong></span> <span class='ocrx_word' id='word_1_50' title='bbox 1207 858 1525 914; x_wconf 90' lang='lat' dir='ltr'><strong>crastinum</strong></span> <span class='ocrx_word' id='word_1_51' title='bbox 1567 873 1703 915; x_wconf 85' lang='lat' dir='ltr'><strong>vero</strong></span> <span class='ocrx_word' id='word_1_52' title='bbox 1747 859 2113 915; x_wconf 88' lang='lat' dir='ltr'><strong>Grimoaldus</strong></span> 
     </span>
    </p>
   </div>
   <div class='ocr_carea' id='block_1_10' title="bbox 469 944 2110 1020">
    <p class='ocr_par' dir='ltr' id='par_1_10' title="bbox 469 944 2110 1020">
     <span class='ocr_line' id='line_1_10' title="bbox 469 944 2110 1020; baseline -0.001 -15"><span class='ocrx_word' id='word_1_53' title='bbox 469 961 738 1019; x_wconf 85' lang='lat' dir='ltr'><strong>sperans,</strong></span> <span class='ocrx_word' id='word_1_54' title='bbox 763 944 918 1018; x_wconf 92' lang='lat' dir='ltr'><strong>quod</strong></span> <span class='ocrx_word' id='word_1_55' title='bbox 948 944 1216 1002; x_wconf 89' lang='lat' dir='ltr'><strong>Perhtari</strong></span> <span class='ocrx_word' id='word_1_56' title='bbox 1251 946 1532 1002; x_wconf 83' lang='lat' dir='ltr'><strong>dormiret</strong></span> <span class='ocrx_word' id='word_1_57' title='bbox 1559 947 1614 1003; x_wconf 93' lang='lat' dir='ltr'><strong>in</strong></span> <span class='ocrx_word' id='word_1_58' title='bbox 1665 947 1923 1020; x_wconf 90' lang='lat' dir='ltr'><strong>hospitio</strong></span> <span class='ocrx_word' id='word_1_59' title='bbox 1983 963 2110 1016; x_wconf 93' lang='lat' dir='ltr'><strong>suo,</strong></span> 
     </span>
    </p>
   </div>
   <div class='ocr_carea' id='block_1_11' title="bbox 469 1034 2112 1106">
    <p class='ocr_par' dir='ltr' id='par_1_11' title="bbox 469 1034 2112 1106">
     <span class='ocr_line' id='line_1_11' title="bbox 469 1034 2112 1106; baseline -0.001 -13"><span class='ocrx_word' id='word_1_60' title='bbox 469 1037 629 1094; x_wconf 89' lang='lat' dir='ltr'><strong>misit</strong></span> <span class='ocrx_word' id='word_1_61' title='bbox 652 1035 722 1092; x_wconf 88' lang='lat' dir='ltr'><strong>ad</strong></span> <span class='ocrx_word' id='word_1_62' title='bbox 753 1049 881 1092; x_wconf 91' lang='lat' dir='ltr'><strong>eum</strong></span> <span class='ocrx_word' id='word_1_63' title='bbox 916 1034 1178 1092; x_wconf 88' lang='lat' dir='ltr'><strong>homines</strong></span> <span class='ocrx_word' id='word_1_64' title='bbox 1206 1036 1300 1106; x_wconf 88' lang='lat' dir='ltr'><strong>qui</strong></span> <span class='ocrx_word' id='word_1_65' title='bbox 1334 1051 1463 1092; x_wconf 90' lang='lat' dir='ltr'><strong>eum</strong></span> <span class='ocrx_word' id='word_1_66' title='bbox 1498 1037 1856 1093; x_wconf 76' lang='lat' dir='ltr'><strong>adducerent</strong></span> <span class='ocrx_word' id='word_1_67' title='bbox 1893 1055 1907 1103; x_wconf 88' lang='lat'><strong>;</strong></span> <span class='ocrx_word' id='word_1_68' title='bbox 1949 1042 2008 1092; x_wconf 92' lang='lat' dir='ltr'><strong>et</strong></span> <span class='ocrx_word' id='word_1_69' title='bbox 2041 1038 2112 1092; x_wconf 88' lang='lat' dir='ltr'><strong>ab</strong></span> 
     </span>
    </p>
   </div>
   <div class='ocr_carea' id='block_1_12' title="bbox 467 1123 2112 1196">
    <p class='ocr_par' dir='ltr' id='par_1_12' title="bbox 467 1123 2112 1196">
     <span class='ocr_line' id='line_1_12' title="bbox 467 1123 2112 1196; baseline -0.001 -13"><span class='ocrx_word' id='word_1_70' title='bbox 467 1127 671 1183; x_wconf 90' lang='lat' dir='ltr'><strong>eodem</strong></span> <span class='ocrx_word' id='word_1_71' title='bbox 697 1125 830 1181; x_wconf 92' lang='lat' dir='ltr'><strong>loco</strong></span> <span class='ocrx_word' id='word_1_72' title='bbox 863 1137 1047 1194; x_wconf 91' lang='lat' dir='ltr'><strong>usque</strong></span> <span class='ocrx_word' id='word_1_73' title='bbox 1078 1124 1147 1179; x_wconf 88' lang='lat' dir='ltr'><strong>ad</strong></span> <span class='ocrx_word' id='word_1_74' title='bbox 1181 1123 1457 1196; x_wconf 78' lang='lat' dir='ltr'><strong>palatium</strong></span> <span class='ocrx_word' id='word_1_75' title='bbox 1495 1127 1630 1182; x_wconf 89' lang='lat' dir='ltr'><strong>fecit</strong></span> <span class='ocrx_word' id='word_1_76' title='bbox 1661 1129 1815 1182; x_wconf 88' lang='lat' dir='ltr'><strong>stare</strong></span> <span class='ocrx_word' id='word_1_77' title='bbox 1849 1126 2112 1181; x_wconf 83' lang='lat' dir='ltr'><strong>homines</strong></span> 
     </span>
    </p>
   </div>
   <div class='ocr_carea' id='block_1_13' title="bbox 467 1213 2112 1286">
    <p class='ocr_par' dir='ltr' id='par_1_13' title="bbox 467 1213 2112 1286">
     <span class='ocr_line' id='line_1_13' title="bbox 467 1213 2112 1286; baseline -0.001 -16"><span class='ocrx_word' id='word_1_78' title='bbox 467 1216 604 1272; x_wconf 88' lang='lat' dir='ltr'><strong>hinc</strong></span> <span class='ocrx_word' id='word_1_79' title='bbox 645 1218 702 1271; x_wconf 91' lang='lat' dir='ltr'><strong>et</strong></span> <span class='ocrx_word' id='word_1_80' title='bbox 734 1213 914 1283; x_wconf 91' lang='lat' dir='ltr'><strong>illinc,</strong></span> <span class='ocrx_word' id='word_1_81' title='bbox 941 1227 1009 1268; x_wconf 91' lang='lat' dir='ltr'><strong>ne</strong></span> <span class='ocrx_word' id='word_1_82' title='bbox 1028 1227 1133 1284; x_wconf 89' lang='lat' dir='ltr'><strong>per</strong></span> <span class='ocrx_word' id='word_1_83' title='bbox 1150 1213 1571 1284; x_wconf 86' lang='lat' dir='ltr'><strong>qualecumque</strong></span> <span class='ocrx_word' id='word_1_84' title='bbox 1605 1215 2112 1286; x_wconf 83' lang='lat' dir='ltr'><strong>ingeniumposset</strong></span> 
     </span>
    </p>
   </div>
   <div class='ocr_carea' id='block_1_14' title="bbox 467 1301 2112 1376">
    <p class='ocr_par' dir='ltr' id='par_1_14' title="bbox 467 1301 2112 1376">
     <span class='ocr_line' id='line_1_14' title="bbox 467 1301 2112 1376; baseline -0.003 -13"><span class='ocrx_word' id='word_1_85' title='bbox 467 1306 740 1376; x_wconf 71' lang='lat' dir='ltr'><strong>effugere.</strong></span> <span class='ocrx_word' id='word_1_86' title='bbox 777 1305 1032 1372; x_wconf 87' lang='lat' dir='ltr'><strong>Cumque</strong></span> <span class='ocrx_word' id='word_1_87' title='bbox 1055 1301 1353 1357; x_wconf 88' lang='lat' dir='ltr'><strong>venissent</strong></span> <span class='ocrx_word' id='word_1_88' title='bbox 1377 1303 1535 1357; x_wconf 91' lang='lat' dir='ltr'><strong>missi</strong></span> <span class='ocrx_word' id='word_1_89' title='bbox 1565 1317 1592 1358; x_wconf 90' lang='lat' dir='ltr'><strong>a</strong></span> <span class='ocrx_word' id='word_1_90' title='bbox 1629 1317 1782 1372; x_wconf 89' lang='lat' dir='ltr'><strong>rege,</strong></span> <span class='ocrx_word' id='word_1_91' title='bbox 1805 1306 2112 1374; x_wconf 71' lang='lat' dir='ltr'><strong>cmpcrunt</strong></span> 
     </span>
    </p>
   </div>
   <div class='ocr_carea' id='block_1_15' title="bbox 467 1391 2110 1460">
    <p class='ocr_par' dir='ltr' id='par_1_15' title="bbox 467 1391 2110 1460">
     <span class='ocr_line' id='line_1_15' title="bbox 467 1391 2110 1460; baseline -0.004 -7"><span class='ocrx_word' id='word_1_92' title='bbox 467 1395 722 1453; x_wconf 89' lang='lat' dir='ltr'><strong>clamare</strong></span> <span class='ocrx_word' id='word_1_93' title='bbox 753 1391 824 1448; x_wconf 93' lang='lat' dir='ltr'><strong>ad</strong></span> <span class='ocrx_word' id='word_1_94' title='bbox 859 1391 1073 1460; x_wconf 90' lang='lat' dir='ltr'><strong>regiam</strong></span> <span class='ocrx_word' id='word_1_95' title='bbox 1092 1391 1567 1447; x_wconf 84' lang='lat' dir='ltr'><strong>ubivcstararius</strong></span> <span class='ocrx_word' id='word_1_96' title='bbox 1603 1391 1698 1446; x_wconf 91' lang='lat' dir='ltr'><strong>ille</strong></span> <span class='ocrx_word' id='word_1_97' title='bbox 1737 1393 2024 1460; x_wconf 88' lang='lat' dir='ltr'><strong>manebat,</strong></span> <span class='ocrx_word' id='word_1_98' title='bbox 2051 1395 2110 1448; x_wconf 92' lang='lat' dir='ltr'><strong>ut</strong></span> 
     </span>
    </p>
   </div>
   <div class='ocr_carea' id='block_1_16' title="bbox 467 1479 2110 1542">
    <p class='ocr_par' dir='ltr' id='par_1_16' title="bbox 467 1479 2110 1542">
     <span class='ocr_line' id='line_1_16' title="bbox 467 1479 2110 1542; baseline -0.004 0"><span class='ocrx_word' id='word_1_99' title='bbox 467 1482 738 1542; x_wconf 85' lang='lat' dir='ltr'><strong>Perhtari</strong></span> <span class='ocrx_word' id='word_1_100' title='bbox 767 1496 797 1536; x_wconf 87' lang='lat' dir='ltr'><strong>a</strong></span> <span class='ocrx_word' id='word_1_101' title='bbox 815 1495 1016 1538; x_wconf 91' lang='lat' dir='ltr'><strong>somno</strong></span> <span class='ocrx_word' id='word_1_102' title='bbox 1037 1480 1384 1535; x_wconf 87' lang='lat' dir='ltr'><strong>excitarent.</strong></span> <span class='ocrx_word' id='word_1_103' title='bbox 1413 1481 1784 1536; x_wconf 83' lang='lat' dir='ltr'><strong>Vestararius</strong></span> <span class='ocrx_word' id='word_1_104' title='bbox 1804 1486 1995 1536; x_wconf 79' lang='lat' dir='ltr'><strong>autem</strong></span> <span class='ocrx_word' id='word_1_105' title='bbox 2012 1479 2110 1536; x_wconf 86' lang='lat' dir='ltr'><strong>ille</strong></span> 
     </span>
    </p>
   </div>
   <div class='ocr_carea' id='block_1_17' title="bbox 466 1568 2113 1640">
    <p class='ocr_par' dir='ltr' id='par_1_17' title="bbox 466 1568 2113 1640">
     <span class='ocr_line' id='line_1_17' title="bbox 466 1568 2113 1640; baseline -0.004 -8"><span class='ocrx_word' id='word_1_106' title='bbox 466 1575 699 1632; x_wconf 89' lang='lat' dir='ltr'><strong>dicebat</strong></span> <span class='ocrx_word' id='word_1_107' title='bbox 725 1591 739 1626; x_wconf 91' lang='lat'><strong>:</strong></span> <span class='ocrx_word' id='word_1_108' title='bbox 758 1568 1245 1628; x_wconf 79' lang='lat' dir='ltr'><strong>Misericordiam</strong></span> <span class='ocrx_word' id='word_1_109' title='bbox 1265 1583 1398 1626; x_wconf 78' lang='lat' dir='ltr'><strong>cum</strong></span> <span class='ocrx_word' id='word_1_110' title='bbox 1416 1569 1684 1640; x_wconf 77' lang='lat' dir='ltr'><strong>eofacile</strong></span> <span class='ocrx_word' id='word_1_111' title='bbox 1698 1569 1755 1624; x_wconf 79' lang='lat' dir='ltr'><strong>ei</strong></span> <span class='ocrx_word' id='word_1_112' title='bbox 1767 1569 2028 1627; x_wconf 67' lang='lat' dir='ltr'><strong>domnire</strong></span> <span class='ocrx_word' id='word_1_113' title='bbox 2041 1569 2113 1626; x_wconf 85' lang='lat' dir='ltr'><strong>il-</strong></span> 
     </span>
    </p>
   </div>
   <div class='ocr_carea' id='block_1_18' title="bbox 467 1656 2112 1736">
    <p class='ocr_par' dir='ltr' id='par_1_18' title="bbox 467 1656 2112 1736">
     <span class='ocr_line' id='line_1_18' title="bbox 467 1656 2112 1736; baseline -0.006 -13"><span class='ocrx_word' id='word_1_114' title='bbox 467 1660 945 1736; x_wconf 78' lang='lat' dir='ltr'><strong>lumpemittite,</strong></span> <span class='ocrx_word' id='word_1_115' title='bbox 977 1658 1323 1729; x_wconf 72' lang='lat' dir='ltr'><strong>guiadeeia</strong></span> <span class='ocrx_word' id='word_1_116' title='bbox 1339 1656 1536 1714; x_wconf 81' lang='lat' dir='ltr'><strong>lassus</strong></span> <span class='ocrx_word' id='word_1_117' title='bbox 1568 1659 1658 1715; x_wconf 84' lang='lat' dir='ltr'><strong>est</strong></span> <span class='ocrx_word' id='word_1_118' title='bbox 1691 1658 1748 1714; x_wconf 79' lang='lat' dir='ltr'><strong>ei</strong></span> <span class='ocrx_word' id='word_1_119' title='bbox 1792 1656 1992 1714; x_wconf 77' lang='lat' dir='ltr'><strong>adhuc</strong></span> <span class='ocrx_word' id='word_1_120' title='bbox 2019 1659 2112 1714; x_wconf 73' lang='lat' dir='ltr'><strong>rii-</strong></span> 
     </span>
    </p>
   </div>
   <div class='ocr_carea' id='block_1_19' title="bbox 2173 502 3799 575">
    <p class='ocr_par' dir='ltr' id='par_1_19' title="bbox 2173 502 3799 575">
     <span class='ocr_line' id='line_1_19' title="bbox 2173 502 3799 575; baseline 0.009 -19"><span class='ocrx_word' id='word_1_121' title='bbox 2173 555 2182 564; x_wconf 84' lang='grc'><em>,</em></span> <span class='ocrx_word' id='word_1_122' title='bbox 2229 503 2530 559; x_wconf 87' lang='lat' dir='ltr'><strong>Perhctari</strong></span> <span class='ocrx_word' id='word_1_123' title='bbox 2567 503 2621 558; x_wconf 90' lang='lat' dir='ltr'><strong>in</strong></span> <span class='ocrx_word' id='word_1_124' title='bbox 2655 502 3178 575; x_wconf 82' lang='lat' dir='ltr'><strong>peregrinationem</strong></span> <span class='ocrx_word' id='word_1_125' title='bbox 3215 503 3314 559; x_wconf 86' lang='lat' dir='ltr'><strong>ire.</strong></span> <span class='ocrx_word' id='word_1_126' title='bbox 3339 503 3436 560; x_wconf 91' lang='lat' dir='ltr'><strong>Ille</strong></span> <span class='ocrx_word' id='word_1_127' title='bbox 3457 511 3799 570; x_wconf 87' lang='lat' dir='ltr'><strong>autemeadem</strong></span> 
     </span>
    </p>
   </div>
   <div class='ocr_carea' id='block_1_20' title="bbox 2229 590 3801 662">
    <p class='ocr_par' dir='ltr' id='par_1_20' title="bbox 2229 590 3801 662">
     <span class='ocr_line' id='line_1_20' title="bbox 2229 590 3801 662; baseline 0.008 -15"><span class='ocrx_word' id='word_1_128' title='bbox 2229 593 2405 647; x_wconf 89' lang='lat' dir='ltr'><strong>verba</strong></span> <span class='ocrx_word' id='word_1_129' title='bbox 2441 593 2696 660; x_wconf 87' lang='lat' dir='ltr'><strong>dicebat,</strong></span> <span class='ocrx_word' id='word_1_130' title='bbox 2725 607 2852 662; x_wconf 63' lang='lat' dir='ltr'><strong>qua:</strong></span> <span class='ocrx_word' id='word_1_131' title='bbox 2879 597 2938 647; x_wconf 89' lang='lat' dir='ltr'><strong>et</strong></span> <span class='ocrx_word' id='word_1_132' title='bbox 2970 590 3253 648; x_wconf 88' lang='lat' dir='ltr'><strong>Unnulfus</strong></span> <span class='ocrx_word' id='word_1_133' title='bbox 3283 598 3445 649; x_wconf 83' lang='lat' dir='ltr'><strong>antea</strong></span> <span class='ocrx_word' id='word_1_134' title='bbox 3467 594 3689 655; x_wconf 85' lang='lat' dir='ltr'><strong>dixerat.</strong></span> <span class='ocrx_word' id='word_1_135' title='bbox 3712 601 3801 659; x_wconf 80' lang='lat' dir='ltr'><strong>Rex</strong></span> 
     </span>
    </p>
   </div>
   <div class='ocr_carea' id='block_1_21' title="bbox 2229 679 3798 750">
    <p class='ocr_par' dir='ltr' id='par_1_21' title="bbox 2229 679 3798 750">
     <span class='ocr_line' id='line_1_21' title="bbox 2229 679 3798 750; baseline 0.007 -15"><span class='ocrx_word' id='word_1_136' title='bbox 2229 685 2420 736; x_wconf 90' lang='lat' dir='ltr'><strong>autem</strong></span> <span class='ocrx_word' id='word_1_137' title='bbox 2445 695 2573 736; x_wconf 92' lang='lat' dir='ltr'><strong>cum</strong></span> <span class='ocrx_word' id='word_1_138' title='bbox 2601 680 2884 748; x_wconf 85' lang='lat' dir='ltr'><strong>audisset,</strong></span> <span class='ocrx_word' id='word_1_139' title='bbox 2939 679 3180 750; x_wconf 85' lang='lat' dir='ltr'><strong>gavisus</strong></span> <span class='ocrx_word' id='word_1_140' title='bbox 3209 684 3301 736; x_wconf 89' lang='lat' dir='ltr'><strong>est</strong></span> <span class='ocrx_word' id='word_1_141' title='bbox 3328 681 3508 750; x_wconf 86' lang='lat' dir='ltr'><strong>valde,</strong></span> <span class='ocrx_word' id='word_1_142' title='bbox 3527 684 3798 746; x_wconf 83' lang='lat' dir='ltr'><strong>etlaudavit</strong></span> 
     </span>
    </p>
   </div>
   <div class='ocr_carea' id='block_1_22' title="bbox 2230 767 3802 848">
    <p class='ocr_par' dir='ltr' id='par_1_22' title="bbox 2230 767 3802 848">
     <span class='ocr_line' id='line_1_22' title="bbox 2230 767 3802 848; baseline 0.004 -25"><span class='ocrx_word' id='word_1_143' title='bbox 2230 767 2398 823; x_wconf 76' lang='lat' dir='ltr'><strong>ﬁdem</strong></span> <span class='ocrx_word' id='word_1_144' title='bbox 2427 767 2678 838; x_wconf 87' lang='lat' dir='ltr'><strong>illorum,</strong></span> <span class='ocrx_word' id='word_1_145' title='bbox 2715 768 2978 838; x_wconf 84' lang='lat' dir='ltr'><strong>dixitque</strong></span> <span class='ocrx_word' id='word_1_146' title='bbox 3003 767 3072 823; x_wconf 90' lang='lat' dir='ltr'><strong>ad</strong></span> <span class='ocrx_word' id='word_1_147' title='bbox 3099 767 3802 848; x_wconf 74' lang='lat' dir='ltr'><strong>Unnulfuszuodcumque</strong></span> 
     </span>
    </p>
   </div>
   <div class='ocr_carea' id='block_1_23' title="bbox 2224 855 3803 924">
    <p class='ocr_par' dir='ltr' id='par_1_23' title="bbox 2224 855 3803 924">
     <span class='ocr_line' id='line_1_23' title="bbox 2224 855 3803 924; baseline 0.007 -13"><span class='ocrx_word' id='word_1_148' title='bbox 2224 857 2485 914; x_wconf 70' lang='lat' dir='ltr'><strong>colueris</strong></span> <span class='ocrx_word' id='word_1_149' title='bbox 2509 857 2580 912; x_wconf 75' lang='lat' dir='ltr'><strong>de</strong></span> <span class='ocrx_word' id='word_1_150' title='bbox 2610 856 2774 912; x_wconf 81' lang='lat' dir='ltr'><strong>domo</strong></span> <span class='ocrx_word' id='word_1_151' title='bbox 2792 870 2919 913; x_wconf 74' lang='lat' dir='ltr'><strong>ma</strong></span> <span class='ocrx_word' id='word_1_152' title='bbox 2934 857 2988 912; x_wconf 76' lang='lat' dir='ltr'><strong>to</strong></span> <span class='ocrx_word' id='word_1_153' title='bbox 2996 857 3092 924; x_wconf 89' lang='lat' dir='ltr'><strong>lle,</strong></span> <span class='ocrx_word' id='word_1_154' title='bbox 3109 855 3369 913; x_wconf 75' lang='lat' dir='ltr'><strong>homines</strong></span> <span class='ocrx_word' id='word_1_155' title='bbox 3387 858 3477 914; x_wconf 77' lang='lat' dir='ltr'><strong>cel</strong></span> <span class='ocrx_word' id='word_1_156' title='bbox 3490 857 3718 920; x_wconf 77' lang='lat' dir='ltr'><strong>caballos</strong></span> <span class='ocrx_word' id='word_1_157' title='bbox 3732 868 3803 923; x_wconf 79' lang='lat' dir='ltr'><strong>vel</strong></span> 
     </span>
    </p>
   </div>
   <div class='ocr_carea' id='block_1_24' title="bbox 2225 941 3800 1015">
    <p class='ocr_par' dir='ltr' id='par_1_24' title="bbox 2225 941 3800 1015">
     <span class='ocr_line' id='line_1_24' title="bbox 2225 941 3800 1015; baseline 0.006 -17"><span class='ocrx_word' id='word_1_158' title='bbox 2225 957 2608 1015; x_wconf 65' lang='lat' dir='ltr'><strong>quacumque</strong></span> <span class='ocrx_word' id='word_1_159' title='bbox 2629 945 2778 1013; x_wconf 86' lang='lat' dir='ltr'><strong>alia,</strong></span> <span class='ocrx_word' id='word_1_160' title='bbox 2796 943 3015 999; x_wconf 61' lang='lat' dir='ltr'><strong>ett-arte</strong></span> <span class='ocrx_word' id='word_1_161' title='bbox 3031 941 3112 999; x_wconf 86' lang='lat' dir='ltr'><strong>ad</strong></span> <span class='ocrx_word' id='word_1_162' title='bbox 3127 941 3425 1000; x_wconf 77' lang='lat' dir='ltr'><strong>dominum</strong></span> <span class='ocrx_word' id='word_1_163' title='bbox 3437 946 3589 1002; x_wconf 77' lang='lat' dir='ltr'><strong>tuum</strong></span> <span class='ocrx_word' id='word_1_164' title='bbox 3598 947 3800 1006; x_wconf 76' lang='lat' dir='ltr'><strong>sineali-</strong></span> 
     </span>
    </p>
   </div>
   <div class='ocr_carea' id='block_1_25' title="bbox 2223 1031 3794 1102">
    <p class='ocr_par' dir='ltr' id='par_1_25' title="bbox 2223 1031 3794 1102">
     <span class='ocr_line' id='line_1_25' title="bbox 2223 1031 3794 1102; baseline 0.005 -16"><span class='ocrx_word' id='word_1_165' title='bbox 2223 1045 2345 1102; x_wconf 75' lang='lat' dir='ltr'><strong>gua</strong></span> <span class='ocrx_word' id='word_1_166' title='bbox 2369 1031 2604 1088; x_wconf 74' lang='lat' dir='ltr'><strong>lesione.</strong></span> <span class='ocrx_word' id='word_1_167' title='bbox 2633 1031 2907 1086; x_wconf 87' lang='lat' dir='ltr'><strong>Similiter</strong></span> <span class='ocrx_word' id='word_1_168' title='bbox 2930 1031 3078 1087; x_wconf 81' lang='lat' dir='ltr'><strong>dixit</strong></span> <span class='ocrx_word' id='word_1_169' title='bbox 3127 1031 3196 1086; x_wconf 90' lang='lat' dir='ltr'><strong>ad</strong></span> <span class='ocrx_word' id='word_1_170' title='bbox 3247 1033 3611 1090; x_wconf 89' lang='lat' dir='ltr'><strong>vcstararium</strong></span> <span class='ocrx_word' id='word_1_171' title='bbox 3653 1035 3794 1094; x_wconf 88' lang='lat' dir='ltr'><strong>illum.</strong></span> 
     </span>
    </p>
   </div>
   <div class='ocr_carea' id='block_1_26' title="bbox 2225 1119 3796 1193">
    <p class='ocr_par' dir='ltr' id='par_1_26' title="bbox 2225 1119 3796 1193">
     <span class='ocr_line' id='line_1_26' title="bbox 2225 1119 3796 1193; baseline 0.005 -19"><span class='ocrx_word' id='word_1_172' title='bbox 2225 1120 2309 1174; x_wconf 87' lang='lat' dir='ltr'><strong>Illi</strong></span> <span class='ocrx_word' id='word_1_173' title='bbox 2341 1124 2534 1176; x_wconf 87' lang='lat' dir='ltr'><strong>autem</strong></span> <span class='ocrx_word' id='word_1_174' title='bbox 2560 1119 2820 1177; x_wconf 90' lang='lat' dir='ltr'><strong>tulerunt</strong></span> <span class='ocrx_word' id='word_1_175' title='bbox 2849 1121 3036 1176; x_wconf 90' lang='lat' dir='ltr'><strong>omnia</strong></span> <span class='ocrx_word' id='word_1_176' title='bbox 3072 1119 3184 1175; x_wconf 90' lang='lat' dir='ltr'><strong>sibi</strong></span> <span class='ocrx_word' id='word_1_177' title='bbox 3217 1121 3559 1193; x_wconf 87' lang='lat' dir='ltr'><strong>necessaria,</strong></span> <span class='ocrx_word' id='word_1_178' title='bbox 3607 1130 3658 1180; x_wconf 88' lang='lat' dir='ltr'><strong>et</strong></span> <span class='ocrx_word' id='word_1_179' title='bbox 3696 1140 3796 1182; x_wconf 90' lang='lat' dir='ltr'><strong>cum</strong></span> 
     </span>
    </p>
   </div>
   <div class='ocr_carea' id='block_1_27' title="bbox 2223 1209 3800 1280">
    <p class='ocr_par' dir='ltr' id='par_1_27' title="bbox 2223 1209 3800 1280">
     <span class='ocr_line' id='line_1_27' title="bbox 2223 1209 3800 1280; baseline 0.003 -16"><span class='ocrx_word' id='word_1_180' title='bbox 2223 1209 2456 1264; x_wconf 89' lang='lat' dir='ltr'><strong>licentia</strong></span> <span class='ocrx_word' id='word_1_181' title='bbox 2493 1209 2646 1279; x_wconf 85' lang='lat' dir='ltr'><strong>regis</strong></span> <span class='ocrx_word' id='word_1_182' title='bbox 2671 1209 2979 1266; x_wconf 87' lang='lat' dir='ltr'><strong>Grimoaldi</strong></span> <span class='ocrx_word' id='word_1_183' title='bbox 3015 1213 3398 1280; x_wconf 88' lang='lat' dir='ltr'><strong>perrexerunt</strong></span> <span class='ocrx_word' id='word_1_184' title='bbox 3445 1210 3512 1266; x_wconf 91' lang='lat' dir='ltr'><strong>ad</strong></span> <span class='ocrx_word' id='word_1_185' title='bbox 3541 1209 3800 1270; x_wconf 84' lang='lat' dir='ltr'><strong>dilectissi-</strong></span> 
     </span>
    </p>
   </div>
   <div class='ocr_carea' id='block_1_28' title="bbox 2224 1297 3798 1370">
    <p class='ocr_par' dir='ltr' id='par_1_28' title="bbox 2224 1297 3798 1370">
     <span class='ocr_line' id='line_1_28' title="bbox 2224 1297 3798 1370; baseline 0.004 -18"><span class='ocrx_word' id='word_1_186' title='bbox 2224 1312 2374 1354; x_wconf 90' lang='lat' dir='ltr'><strong>mum</strong></span> <span class='ocrx_word' id='word_1_187' title='bbox 2408 1297 2700 1354; x_wconf 88' lang='lat' dir='ltr'><strong>dominum</strong></span> <span class='ocrx_word' id='word_1_188' title='bbox 2735 1313 2897 1354; x_wconf 89' lang='lat' dir='ltr'><strong>suum</strong></span> <span class='ocrx_word' id='word_1_189' title='bbox 2959 1297 3224 1354; x_wconf 84' lang='lat' dir='ltr'><strong>Perhtari</strong></span> <span class='ocrx_word' id='word_1_190' title='bbox 3257 1297 3311 1353; x_wconf 89' lang='lat' dir='ltr'><strong>in</strong></span> <span class='ocrx_word' id='word_1_191' title='bbox 3363 1302 3550 1370; x_wconf 79' lang='lat' dir='ltr'><strong>partes</strong></span> <span class='ocrx_word' id='word_1_192' title='bbox 3602 1300 3798 1358; x_wconf 85' lang='lat' dir='ltr'><strong>Franco-</strong></span> 
     </span>
    </p>
   </div>
   <div class='ocr_carea' id='block_1_29' title="bbox 2224 1403 2369 1444">
    <p class='ocr_par' dir='ltr' id='par_1_29' title="bbox 2224 1403 2369 1444">
     <span class='ocr_line' id='line_1_29' title="bbox 2224 1403 2369 1444; baseline 0 -2"><span class='ocrx_word' id='word_1_193' title='bbox 2224 1403 2369 1444; x_wconf 88' lang='lat' dir='ltr'><strong>rum.</strong></span> 
     </span>
    </p>
   </div>
   <div class='ocr_carea' id='block_1_30' title="bbox 2293 1477 3798 1550">
    <p class='ocr_par' dir='ltr' id='par_1_30' title="bbox 2293 1477 3798 1550">
     <span class='ocr_line' id='line_1_30' title="bbox 2293 1477 3798 1550; baseline 0.001 -18"><span class='ocrx_word' id='word_1_194' title='bbox 2293 1479 2410 1533; x_wconf 85' lang='lat' dir='ltr'><strong>Hoc</strong></span> <span class='ocrx_word' id='word_1_195' title='bbox 2431 1483 2690 1550; x_wconf 88' lang='lat' dir='ltr'><strong>tempore</strong></span> <span class='ocrx_word' id='word_1_196' title='bbox 2706 1478 3071 1547; x_wconf 83' lang='lat' dir='ltr'><strong>Dagobertus</strong></span> <span class='ocrx_word' id='word_1_197' title='bbox 3087 1490 3326 1546; x_wconf 82' lang='lat' dir='ltr'><strong>regnum</strong></span> <span class='ocrx_word' id='word_1_198' title='bbox 3347 1477 3670 1534; x_wconf 85' lang='lat' dir='ltr'><strong>Francorum</strong></span> <span class='ocrx_word' id='word_1_199' title='bbox 3683 1481 3798 1534; x_wconf 77' lang='lat' dir='ltr'><strong>tene</strong></span> 
     </span>
    </p>
   </div>
   <div class='ocr_carea' id='block_1_31' title="bbox 2223 1563 3796 1637">
    <p class='ocr_par' dir='ltr' id='par_1_31' title="bbox 2223 1563 3796 1637">
     <span class='ocr_line' id='line_1_31' title="bbox 2223 1563 3796 1637; baseline 0 -17"><span class='ocrx_word' id='word_1_200' title='bbox 2223 1567 2342 1634; x_wconf 84' lang='lat' dir='ltr'><strong>bat,</strong></span> <span class='ocrx_word' id='word_1_201' title='bbox 2384 1582 2511 1622; x_wconf 93' lang='lat' dir='ltr'><strong>cum</strong></span> <span class='ocrx_word' id='word_1_202' title='bbox 2548 1581 2662 1637; x_wconf 90' lang='lat' dir='ltr'><strong>quo</strong></span> <span class='ocrx_word' id='word_1_203' title='bbox 2686 1565 3054 1622; x_wconf 86' lang='lat' dir='ltr'><strong>Grimoaldus</strong></span> <span class='ocrx_word' id='word_1_204' title='bbox 3085 1578 3286 1636; x_wconf 90' lang='lat' dir='ltr'><strong>pacem</strong></span> <span class='ocrx_word' id='word_1_205' title='bbox 3323 1563 3534 1620; x_wconf 91' lang='lat' dir='ltr'><strong>ﬁrmam</strong></span> <span class='ocrx_word' id='word_1_206' title='bbox 3576 1563 3796 1621; x_wconf 86' lang='lat' dir='ltr'><strong>habebat.</strong></span> 
     </span>
    </p>
   </div>
   <div class='ocr_carea' id='block_1_32' title="bbox 2222 1653 3796 1727">
    <p class='ocr_par' dir='ltr' id='par_1_32' title="bbox 2222 1653 3796 1727">
     <span class='ocr_line' id='line_1_32' title="bbox 2222 1653 3796 1727; baseline 0 -17"><span class='ocrx_word' id='word_1_207' title='bbox 2222 1656 2534 1712; x_wconf 79' lang='lat' dir='ltr'><strong>Romanum</strong></span> <span class='ocrx_word' id='word_1_208' title='bbox 2568 1671 2707 1711; x_wconf 90' lang='lat' dir='ltr'><strong>vero</strong></span> <span class='ocrx_word' id='word_1_209' title='bbox 2740 1655 3044 1727; x_wconf 90' lang='lat' dir='ltr'><strong>imperium</strong></span> <span class='ocrx_word' id='word_1_210' title='bbox 3078 1653 3487 1710; x_wconf 88' lang='lat' dir='ltr'><strong>Constantinus</strong></span> <span class='ocrx_word' id='word_1_211' title='bbox 3521 1655 3796 1710; x_wconf 86' lang='lat' dir='ltr'><strong>Constantis</strong></span> 
     </span>
    </p>
   </div>
   <div class='ocr_carea' id='block_1_33' title="bbox 462 1743 3798 1838">
    <p class='ocr_par' dir='ltr' id='par_1_33' title="bbox 462 1743 3798 1838">
     <span class='ocr_line' id='line_1_33' title="bbox 462 1743 3798 1838; baseline -0.004 -26"><span class='ocrx_word' id='word_1_212' title='bbox 462 1747 1168 1814; x_wconf 76' lang='lat' dir='ltr'><strong>miumdormit.Quicum</strong></span> <span class='ocrx_word' id='word_1_213' title='bbox 1216 1747 1323 1802; x_wconf 93' lang='lat' dir='ltr'><strong>hoc</strong></span> <span class='ocrx_word' id='word_1_214' title='bbox 1349 1747 1469 1817; x_wconf 86' lang='lat' dir='ltr'><strong>regi</strong></span> <span class='ocrx_word' id='word_1_215' title='bbox 1516 1748 1947 1818; x_wconf 88' lang='lat' dir='ltr'><strong>renunciarent,</strong></span> <span class='ocrx_word' id='word_1_216' title='bbox 1993 1748 2101 1802; x_wconf 89' lang='lat' dir='ltr'><strong>ait.</strong></span> <span class='ocrx_word' id='word_1_217' title='bbox 2136 1779 2188 1838; x_wconf 77' lang='grc' dir='ltr'>Β</span> <span class='ocrx_word' id='word_1_218' title='bbox 2222 1743 2395 1815; x_wconf 90' lang='lat' dir='ltr'><strong>ﬁlius,</strong></span> <span class='ocrx_word' id='word_1_219' title='bbox 2431 1745 2679 1816; x_wconf 86' lang='lat' dir='ltr'><strong>accepit,</strong></span> <span class='ocrx_word' id='word_1_220' title='bbox 2713 1751 2772 1802; x_wconf 90' lang='lat' dir='ltr'><strong>ct</strong></span> <span class='ocrx_word' id='word_1_221' title='bbox 2806 1760 2906 1816; x_wconf 87' lang='lat' dir='ltr'><strong>per</strong></span> <span class='ocrx_word' id='word_1_222' title='bbox 2943 1743 3319 1802; x_wconf 73' lang='lat' dir='ltr'><strong>17‘0‘7annos</strong></span> <span class='ocrx_word' id='word_1_223' title='bbox 3351 1743 3548 1800; x_wconf 89' lang='lat' dir='ltr'><strong>tenuit.</strong></span> <span class='ocrx_word' id='word_1_224' title='bbox 3573 1743 3798 1799; x_wconf 61' lang='lat' dir='ltr'><strong>Posthac</strong></span> 
     </span>
    </p>
   </div>
   <div class='ocr_carea' id='block_1_34' title="bbox 460 1835 2100 1909">
    <p class='ocr_par' dir='ltr' id='par_1_34' title="bbox 460 1835 2100 1909">
     <span class='ocr_line' id='line_1_34' title="bbox 460 1835 2100 1909; baseline -0.006 -7"><span class='ocrx_word' id='word_1_225' title='bbox 460 1845 610 1903; x_wconf 79' lang='lat' dir='ltr'><strong>Sero</strong></span> <span class='ocrx_word' id='word_1_226' title='bbox 629 1842 718 1898; x_wconf 85' lang='lat' dir='ltr'><strong>sic</strong></span> <span class='ocrx_word' id='word_1_227' title='bbox 732 1835 1176 1908; x_wconf 75' lang='lat' dir='ltr'><strong>ebriusfu-ii,ut</strong></span> <span class='ocrx_word' id='word_1_228' title='bbox 1191 1836 1390 1892; x_wconf 71' lang='lat' dir='ltr'><strong>adhuc</strong></span> <span class='ocrx_word' id='word_1_229' title='bbox 1426 1837 1707 1909; x_wconf 74' lang='lat' dir='ltr'><strong>ecigilare</strong></span> <span class='ocrx_word' id='word_1_230' title='bbox 1746 1851 1861 1893; x_wconf 72' lang='lat' dir='ltr'><strong>non</strong></span> <span class='ocrx_word' id='word_1_231' title='bbox 1893 1836 2100 1907; x_wconf 75' lang='lat' dir='ltr'><strong>possit.</strong></span> 
     </span>
    </p>
   </div>
   <div class='ocr_carea' id='block_1_35' title="bbox 461 1925 2107 1996">
    <p class='ocr_par' dir='ltr' id='par_1_35' title="bbox 461 1925 2107 1996">
     <span class='ocr_line' id='line_1_35' title="bbox 461 1925 2107 1996; baseline -0.005 -8"><span class='ocrx_word' id='word_1_232' title='bbox 461 1933 676 1989; x_wconf 88' lang='lat' dir='ltr'><strong>Iterum</strong></span> <span class='ocrx_word' id='word_1_233' title='bbox 716 1927 892 1996; x_wconf 89' lang='lat' dir='ltr'><strong>misit,</strong></span> <span class='ocrx_word' id='word_1_234' title='bbox 925 1930 987 1982; x_wconf 90' lang='lat' dir='ltr'><strong>ut</strong></span> <span class='ocrx_word' id='word_1_235' title='bbox 1014 1925 1385 1982; x_wconf 81' lang='lat' dir='ltr'><strong>festinantius</strong></span> <span class='ocrx_word' id='word_1_236' title='bbox 1409 1925 1821 1983; x_wconf 90' lang='lat' dir='ltr'><strong>adduceretur.</strong></span> <span class='ocrx_word' id='word_1_237' title='bbox 1865 1925 1971 1992; x_wconf 86' lang='lat' dir='ltr'><strong>Qui</strong></span> <span class='ocrx_word' id='word_1_238' title='bbox 2015 1940 2107 1981; x_wconf 91' lang='lat' dir='ltr'><strong>ve-</strong></span> 
     </span>
    </p>
   </div>
   <div class='ocr_carea' id='block_1_36' title="bbox 461 2013 2107 2085">
    <p class='ocr_par' dir='ltr' id='par_1_36' title="bbox 461 2013 2107 2085">
     <span class='ocr_line' id='line_1_36' title="bbox 461 2013 2107 2085; baseline -0.004 -10"><span class='ocrx_word' id='word_1_239' title='bbox 461 2018 687 2075; x_wconf 88' lang='lat' dir='ltr'><strong>nientes</strong></span> <span class='ocrx_word' id='word_1_240' title='bbox 705 2016 773 2072; x_wconf 91' lang='lat' dir='ltr'><strong>ad</strong></span> <span class='ocrx_word' id='word_1_241' title='bbox 795 2014 1028 2084; x_wconf 90' lang='lat' dir='ltr'><strong>januam</strong></span> <span class='ocrx_word' id='word_1_242' title='bbox 1052 2014 1146 2070; x_wconf 85' lang='lat' dir='ltr'><strong>ubi</strong></span> <span class='ocrx_word' id='word_1_243' title='bbox 1167 2027 1296 2068; x_wconf 91' lang='lat' dir='ltr'><strong>eum</strong></span> <span class='ocrx_word' id='word_1_244' title='bbox 1319 2013 1577 2069; x_wconf 87' lang='lat' dir='ltr'><strong>dormire</strong></span> <span class='ocrx_word' id='word_1_245' title='bbox 1596 2014 1932 2085; x_wconf 90' lang='lat' dir='ltr'><strong>sperabant,</strong></span> <span class='ocrx_word' id='word_1_246' title='bbox 1992 2029 2107 2069; x_wconf 89' lang='lat' dir='ltr'><strong>ma-</strong></span> 
     </span>
    </p>
   </div>
   <div class='ocr_carea' id='block_1_37' title="bbox 461 2101 2105 2177">
    <p class='ocr_par' dir='ltr' id='par_1_37' title="bbox 461 2101 2105 2177">
     <span class='ocr_line' id='line_1_37' title="bbox 461 2101 2105 2177; baseline -0.002 -15"><span class='ocrx_word' id='word_1_247' title='bbox 461 2106 592 2177; x_wconf 88' lang='lat' dir='ltr'><strong>gnis</strong></span> <span class='ocrx_word' id='word_1_248' title='bbox 617 2102 861 2162; x_wconf 87' lang='lat' dir='ltr'><strong>vocibus</strong></span> <span class='ocrx_word' id='word_1_249' title='bbox 886 2108 947 2158; x_wconf 91' lang='lat' dir='ltr'><strong>ut</strong></span> <span class='ocrx_word' id='word_1_250' title='bbox 969 2115 1099 2158; x_wconf 90' lang='lat' dir='ltr'><strong>eum</strong></span> <span class='ocrx_word' id='word_1_251' title='bbox 1122 2117 1183 2157; x_wconf 65' lang='lat' dir='ltr'><strong>ea</strong></span> <span class='ocrx_word' id='word_1_252' title='bbox 1199 2101 1452 2157; x_wconf 90' lang='lat' dir='ltr'><strong>citarent</strong></span> <span class='ocrx_word' id='word_1_253' title='bbox 1469 2102 1818 2158; x_wconf 89' lang='lat' dir='ltr'><strong>clamabant.</strong></span> <span class='ocrx_word' id='word_1_254' title='bbox 1835 2103 2105 2158; x_wconf 88' lang='lat' dir='ltr'><strong>Vestara-</strong></span> 
     </span>
    </p>
   </div>
   <div class='ocr_carea' id='block_1_38' title="bbox 452 2189 2098 2261">
    <p class='ocr_par' dir='ltr' id='par_1_38' title="bbox 452 2189 2098 2261">
     <span class='ocr_line' id='line_1_38' title="bbox 452 2189 2098 2261; baseline -0.004 -9"><span class='ocrx_word' id='word_1_255' title='bbox 452 2196 576 2252; x_wconf 88' lang='lat' dir='ltr'><strong>rius</strong></span> <span class='ocrx_word' id='word_1_256' title='bbox 603 2191 702 2249; x_wconf 90' lang='lat' dir='ltr'><strong>ille</strong></span> <span class='ocrx_word' id='word_1_257' title='bbox 723 2192 936 2248; x_wconf 89' lang='lat' dir='ltr'><strong>iterum</strong></span> <span class='ocrx_word' id='word_1_258' title='bbox 959 2206 1059 2246; x_wconf 88' lang='lat' dir='ltr'><strong>cos</strong></span> <span class='ocrx_word' id='word_1_259' title='bbox 1083 2191 1348 2259; x_wconf 81' lang='lat' dir='ltr'><strong>rogabat,</strong></span> <span class='ocrx_word' id='word_1_260' title='bbox 1380 2195 1443 2246; x_wconf 93' lang='lat' dir='ltr'><strong>ut</strong></span> <span class='ocrx_word' id='word_1_261' title='bbox 1489 2205 1618 2245; x_wconf 91' lang='lat' dir='ltr'><strong>eum</strong></span> <span class='ocrx_word' id='word_1_262' title='bbox 1673 2189 2098 2261; x_wconf 88' lang='lat' dir='ltr'><strong>aliquantulum</strong></span> 
     </span>
    </p>
   </div>
   <div class='ocr_carea' id='block_1_39' title="bbox 451 2277 2098 2353">
    <p class='ocr_par' dir='ltr' id='par_1_39' title="bbox 451 2277 2098 2353">
     <span class='ocr_line' id='line_1_39' title="bbox 451 2277 2098 2353; baseline -0.004 -12"><span class='ocrx_word' id='word_1_263' title='bbox 451 2281 710 2341; x_wconf 84' lang='lat' dir='ltr'><strong>dormire</strong></span> <span class='ocrx_word' id='word_1_264' title='bbox 730 2281 1160 2353; x_wconf 88' lang='lat' dir='ltr'><strong>permitterent.</strong></span> <span class='ocrx_word' id='word_1_265' title='bbox 1179 2278 1284 2344; x_wconf 90' lang='lat' dir='ltr'><strong>Qui</strong></span> <span class='ocrx_word' id='word_1_266' title='bbox 1307 2278 1438 2334; x_wconf 86' lang='lat' dir='ltr'><strong>irati</strong></span> <span class='ocrx_word' id='word_1_267' title='bbox 1454 2277 1731 2334; x_wconf 88' lang='lat' dir='ltr'><strong>dixerunt</strong></span> <span class='ocrx_word' id='word_1_268' title='bbox 1758 2281 2098 2352; x_wconf 79' lang='lat' dir='ltr'><strong>:Satisjam</strong></span> 
     </span>
    </p>
   </div>
   <div class='ocr_carea' id='block_1_40' title="bbox 451 2367 2096 2438">
    <p class='ocr_par' dir='ltr' id='par_1_40' title="bbox 451 2367 2096 2438">
     <span class='ocr_line' id='line_1_40' title="bbox 451 2367 2096 2438; baseline -0.003 -9"><span class='ocrx_word' id='word_1_269' title='bbox 451 2368 1224 2436; x_wconf 75' lang='lat' dir='ltr'><strong>domivitebriosusille;et</strong></span> <span class='ocrx_word' id='word_1_270' title='bbox 1249 2367 1510 2423; x_wconf 91' lang='lat' dir='ltr'><strong>calcibus</strong></span> <span class='ocrx_word' id='word_1_271' title='bbox 1533 2370 1873 2438; x_wconf 85' lang='lat' dir='ltr'><strong>rumpebant</strong></span> <span class='ocrx_word' id='word_1_272' title='bbox 1908 2368 2096 2438; x_wconf 85' lang='lat' dir='ltr'><strong>regias</strong></span> 
     </span>
    </p>
   </div>
   <div class='ocr_carea' id='block_1_41' title="bbox 447 2455 2094 2529">
    <p class='ocr_par' dir='ltr' id='par_1_41' title="bbox 447 2455 2094 2529">
     <span class='ocr_line' id='line_1_41' title="bbox 447 2455 2094 2529; baseline -0.002 -14"><span class='ocrx_word' id='word_1_273' title='bbox 447 2457 779 2529; x_wconf 89' lang='lat' dir='ltr'><strong>etingressi</strong></span> <span class='ocrx_word' id='word_1_274' title='bbox 809 2455 1706 2527; x_wconf 89' lang='lat' dir='ltr'><strong>cubiculum,requirebanteum</strong></span> <span class='ocrx_word' id='word_1_275' title='bbox 1740 2457 1795 2511; x_wconf 91' lang='lat' dir='ltr'><strong>in</strong></span> <span class='ocrx_word' id='word_1_276' title='bbox 1839 2456 2008 2527; x_wconf 90' lang='lat' dir='ltr'><strong>lecto,</strong></span> <span class='ocrx_word' id='word_1_277' title='bbox 2035 2462 2094 2512; x_wconf 92' lang='lat' dir='ltr'><strong>et</strong></span> 
     </span>
    </p>
   </div>
   <div class='ocr_carea' id='block_1_42' title="bbox 449 2545 2088 2618">
    <p class='ocr_par' dir='ltr' id='par_1_42' title="bbox 449 2545 2088 2618">
     <span class='ocr_line' id='line_1_42' title="bbox 449 2545 2088 2618; baseline -0.001 -14"><span class='ocrx_word' id='word_1_278' title='bbox 449 2562 561 2604; x_wconf 92' lang='lat' dir='ltr'><strong>non</strong></span> <span class='ocrx_word' id='word_1_279' title='bbox 587 2545 970 2616; x_wconf 89' lang='lat' dir='ltr'><strong>invenientes,</strong></span> <span class='ocrx_word' id='word_1_280' title='bbox 1017 2545 1452 2614; x_wconf 85' lang='lat' dir='ltr'><strong>interrogabant</strong></span> <span class='ocrx_word' id='word_1_281' title='bbox 1503 2547 1912 2616; x_wconf 82' lang='lat' dir='ltr'><strong>vestararium,</strong></span> <span class='ocrx_word' id='word_1_282' title='bbox 1953 2546 2088 2618; x_wconf 72' lang='lat' dir='ltr'><strong>quid</strong></span> 
     </span>
    </p>
   </div>
   <div class='ocr_carea' id='block_1_43' title="bbox 455 2633 2086 2705">
    <p class='ocr_par' dir='ltr' id='par_1_43' title="bbox 455 2633 2086 2705">
     <span class='ocr_line' id='line_1_43' title="bbox 455 2633 2086 2705; baseline -0.001 -14"><span class='ocrx_word' id='word_1_283' title='bbox 455 2637 670 2693; x_wconf 85' lang='lat' dir='ltr'><strong>factum</strong></span> <span class='ocrx_word' id='word_1_284' title='bbox 693 2633 1264 2700; x_wconf 88' lang='lat' dir='ltr'><strong>sitdeillo.Quieum</strong></span> <span class='ocrx_word' id='word_1_285' title='bbox 1286 2634 1505 2704; x_wconf 85' lang='lat' dir='ltr'><strong>fugisse</strong></span> <span class='ocrx_word' id='word_1_286' title='bbox 1535 2635 1854 2705; x_wconf 89' lang='lat' dir='ltr'><strong>respondit.</strong></span> <span class='ocrx_word' id='word_1_287' title='bbox 1908 2635 2086 2701; x_wconf 90' lang='lat' dir='ltr'><strong>Quem</strong></span> 
     </span>
    </p>
   </div>
   <div class='ocr_carea' id='block_1_44' title="bbox 447 2722 2082 2797">
    <p class='ocr_par' dir='ltr' id='par_1_44' title="bbox 447 2722 2082 2797">
     <span class='ocr_line' id='line_1_44' title="bbox 447 2722 2082 2797; baseline -0.001 -17"><span class='ocrx_word' id='word_1_288' title='bbox 447 2725 530 2781; x_wconf 90' lang='lat' dir='ltr'><strong>illi</strong></span> <span class='ocrx_word' id='word_1_289' title='bbox 555 2723 1062 2797; x_wconf 87' lang='lat' dir='ltr'><strong>apprehendentes</strong></span> <span class='ocrx_word' id='word_1_290' title='bbox 1083 2737 1187 2794; x_wconf 91' lang='lat' dir='ltr'><strong>per</strong></span> <span class='ocrx_word' id='word_1_291' title='bbox 1203 2722 1469 2794; x_wconf 88' lang='lat' dir='ltr'><strong>capillos,</strong></span> <span class='ocrx_word' id='word_1_292' title='bbox 1499 2723 1752 2780; x_wconf 87' lang='lat' dir='ltr'><strong>fustibus</strong></span> <span class='ocrx_word' id='word_1_293' title='bbox 1777 2724 2082 2794; x_wconf 91' lang='lat' dir='ltr'><strong>cedebant,</strong></span> 
     </span>
    </p>
   </div>
   <div class='ocr_carea' id='block_1_45' title="bbox 443 2811 2087 2886">
    <p class='ocr_par' dir='ltr' id='par_1_45' title="bbox 443 2811 2087 2886">
     <span class='ocr_line' id='line_1_45' title="bbox 443 2811 2087 2886; baseline -0.001 -16"><span class='ocrx_word' id='word_1_294' title='bbox 443 2827 710 2886; x_wconf 89' lang='lat' dir='ltr'><strong>eumque,</strong></span> <span class='ocrx_word' id='word_1_295' title='bbox 737 2811 934 2882; x_wconf 91' lang='lat' dir='ltr'><strong>ligatis</strong></span> <span class='ocrx_word' id='word_1_296' title='bbox 965 2818 1097 2884; x_wconf 91' lang='lat' dir='ltr'><strong>post</strong></span> <span class='ocrx_word' id='word_1_297' title='bbox 1117 2817 1339 2882; x_wconf 88' lang='lat' dir='ltr'><strong>tergum</strong></span> <span class='ocrx_word' id='word_1_298' title='bbox 1361 2813 1644 2883; x_wconf 90' lang='lat' dir='ltr'><strong>manibus,</strong></span> <span class='ocrx_word' id='word_1_299' title='bbox 1663 2814 1733 2868; x_wconf 91' lang='lat' dir='ltr'><strong>ad</strong></span> <span class='ocrx_word' id='word_1_300' title='bbox 1769 2828 1960 2883; x_wconf 87' lang='lat' dir='ltr'><strong>regem</strong></span> <span class='ocrx_word' id='word_1_301' title='bbox 1985 2813 2087 2870; x_wconf 93' lang='lat' dir='ltr'><strong>du-</strong></span> 
     </span>
    </p>
   </div>
   <div class='ocr_carea' id='block_1_46' title="bbox 442 2901 2086 2975">
    <p class='ocr_par' dir='ltr' id='par_1_46' title="bbox 442 2901 2086 2975">
     <span class='ocr_line' id='line_1_46' title="bbox 442 2901 2086 2975; baseline 0 -16"><span class='ocrx_word' id='word_1_302' title='bbox 442 2902 672 2973; x_wconf 88' lang='lat' dir='ltr'><strong>cebant,</strong></span> <span class='ocrx_word' id='word_1_303' title='bbox 690 2901 953 2958; x_wconf 89' lang='lat' dir='ltr'><strong>dicentes</strong></span> <span class='ocrx_word' id='word_1_304' title='bbox 979 2919 990 2958; x_wconf 93' lang='lat'>:</span> <span class='ocrx_word' id='word_1_305' title='bbox 1016 2901 1139 2958; x_wconf 78' lang='lat' dir='ltr'><strong>Iste</strong></span> <span class='ocrx_word' id='word_1_306' title='bbox 1159 2901 1341 2972; x_wconf 76' lang='lat' dir='ltr'><strong>sapit,</strong></span> <span class='ocrx_word' id='word_1_307' title='bbox 1365 2901 1646 2972; x_wconf 63' lang='lat' dir='ltr'><strong>quomodo</strong></span> <span class='ocrx_word' id='word_1_308' title='bbox 1678 2902 1967 2958; x_wconf 74' lang='lat' dir='ltr'><strong>Perliiari</strong></span> <span class='ocrx_word' id='word_1_309' title='bbox 1981 2903 2086 2975; x_wconf 82' lang='lat' dir='ltr'><strong>fu-</strong></span> 
     </span>
    </p>
   </div>
   <div class='ocr_carea' id='block_1_47' title="bbox 435 2988 2084 3062">
    <p class='ocr_par' dir='ltr' id='par_1_47' title="bbox 435 2988 2084 3062">
     <span class='ocr_line' id='line_1_47' title="bbox 435 2988 2084 3062; baseline -0.002 -14"><span class='ocrx_word' id='word_1_310' title='bbox 435 2989 754 3062; x_wconf 69' lang='lat' dir='ltr'><strong>git,etideo</strong></span> <span class='ocrx_word' id='word_1_311' title='bbox 768 2988 1296 3061; x_wconf 64' lang='lat' dir='ltr'><strong>dignasestmoi-te.</strong></span> <span class='ocrx_word' id='word_1_312' title='bbox 1317 2991 1642 3046; x_wconf 79' lang='lat' dir='ltr'><strong>Rexautem</strong></span> <span class='ocrx_word' id='word_1_313' title='bbox 1659 2989 1801 3046; x_wconf 90' lang='lat' dir='ltr'><strong>solvi</strong></span> <span class='ocrx_word' id='word_1_314' title='bbox 1817 3004 1945 3046; x_wconf 93' lang='lat' dir='ltr'><strong>eum</strong></span> <span class='ocrx_word' id='word_1_315' title='bbox 1964 3005 2084 3062; x_wconf 91' lang='lat' dir='ltr'><strong>pre-</strong></span> 
     </span>
    </p>
   </div>
   <div class='ocr_carea' id='block_1_48' title="bbox 436 3077 2076 3151">
    <p class='ocr_par' dir='ltr' id='par_1_48' title="bbox 436 3077 2076 3151">
     <span class='ocr_line' id='line_1_48' title="bbox 436 3077 2076 3151; baseline -0.002 -15"><span class='ocrx_word' id='word_1_316' title='bbox 436 3079 616 3151; x_wconf 90' lang='lat' dir='ltr'><strong>cepit,</strong></span> <span class='ocrx_word' id='word_1_317' title='bbox 651 3083 712 3135; x_wconf 91' lang='lat' dir='ltr'><strong>et</strong></span> <span class='ocrx_word' id='word_1_318' title='bbox 742 3092 844 3150; x_wconf 90' lang='lat' dir='ltr'><strong>per</strong></span> <span class='ocrx_word' id='word_1_319' title='bbox 865 3078 1148 3149; x_wconf 91' lang='lat' dir='ltr'><strong>ordinem,</strong></span> <span class='ocrx_word' id='word_1_320' title='bbox 1197 3077 1454 3148; x_wconf 86' lang='lat' dir='ltr'><strong>qualiter</strong></span> <span class='ocrx_word' id='word_1_321' title='bbox 1489 3078 1754 3134; x_wconf 91' lang='lat' dir='ltr'><strong>Perhtari</strong></span> <span class='ocrx_word' id='word_1_322' title='bbox 1812 3079 2076 3150; x_wconf 87' lang='lat' dir='ltr'><strong>fugisset,</strong></span> 
     </span>
    </p>
   </div>
   <div class='ocr_carea' id='block_1_49' title="bbox 436 3163 2080 3238">
    <p class='ocr_par' dir='ltr' id='par_1_49' title="bbox 436 3163 2080 3238">
     <span class='ocr_line' id='line_1_49' title="bbox 436 3163 2080 3238; baseline -0.002 -13"><span class='ocrx_word' id='word_1_323' title='bbox 436 3163 880 3238; x_wconf 86' lang='lat' dir='ltr'><strong>edicerejussit.</strong></span> <span class='ocrx_word' id='word_1_324' title='bbox 904 3165 1013 3232; x_wconf 86' lang='lat' dir='ltr'><strong>Qui</strong></span> <span class='ocrx_word' id='word_1_325' title='bbox 1035 3165 1223 3222; x_wconf 91' lang='lat' dir='ltr'><strong>omnia</strong></span> <span class='ocrx_word' id='word_1_326' title='bbox 1244 3166 1398 3221; x_wconf 90' lang='lat' dir='ltr'><strong>sicut</strong></span> <span class='ocrx_word' id='word_1_327' title='bbox 1417 3166 1566 3222; x_wconf 87' lang='lat' dir='ltr'><strong>facta</strong></span> <span class='ocrx_word' id='word_1_328' title='bbox 1597 3167 1827 3222; x_wconf 86' lang='lat' dir='ltr'><strong>fuerant</strong></span> <span class='ocrx_word' id='word_1_329' title='bbox 1847 3181 2080 3223; x_wconf 89' lang='lat' dir='ltr'><strong>enarra-</strong></span> 
     </span>
    </p>
   </div>
   <div class='ocr_carea' id='block_1_50' title="bbox 431 3255 2074 3325">
    <p class='ocr_par' dir='ltr' id='par_1_50' title="bbox 431 3255 2074 3325">
     <span class='ocr_line' id='line_1_50' title="bbox 431 3255 2074 3325; baseline -0.001 -11"><span class='ocrx_word' id='word_1_330' title='bbox 431 3257 536 3315; x_wconf 88' lang='lat' dir='ltr'><strong>vit.</strong></span> <span class='ocrx_word' id='word_1_331' title='bbox 570 3258 723 3313; x_wconf 90' lang='lat' dir='ltr'><strong>Tunc</strong></span> <span class='ocrx_word' id='word_1_332' title='bbox 748 3270 850 3310; x_wconf 91' lang='lat' dir='ltr'><strong>rex</strong></span> <span class='ocrx_word' id='word_1_333' title='bbox 885 3255 1274 3324; x_wconf 85' lang='lat' dir='ltr'><strong>interrogavit</strong></span> <span class='ocrx_word' id='word_1_334' title='bbox 1301 3255 1770 3325; x_wconf 88' lang='lat' dir='ltr'><strong>circumstantes,</strong></span> <span class='ocrx_word' id='word_1_335' title='bbox 1825 3257 2026 3312; x_wconf 89' lang='lat' dir='ltr'><strong>dicens</strong></span> <span class='ocrx_word' id='word_1_336' title='bbox 2062 3277 2074 3312; x_wconf 87' lang='lat'>:</span> 
     </span>
    </p>
   </div>
   <div class='ocr_carea' id='block_1_51' title="bbox 439 3343 2074 3417">
    <p class='ocr_par' dir='ltr' id='par_1_51' title="bbox 439 3343 2074 3417">
     <span class='ocr_line' id='line_1_51' title="bbox 439 3343 2074 3417; baseline 0 -15"><span class='ocrx_word' id='word_1_337' title='bbox 439 3345 596 3412; x_wconf 77' lang='lat' dir='ltr'><strong>Quid</strong></span> <span class='ocrx_word' id='word_1_338' title='bbox 606 3343 776 3401; x_wconf 74' lang='lat' dir='ltr'><strong>homo</strong></span> <span class='ocrx_word' id='word_1_339' title='bbox 789 3346 898 3402; x_wconf 74' lang='lat' dir='ltr'><strong>iste</strong></span> <span class='ocrx_word' id='word_1_340' title='bbox 901 3344 1254 3415; x_wconf 74' lang='lat' dir='ltr'><strong>promeruit,</strong></span> <span class='ocrx_word' id='word_1_341' title='bbox 1271 3345 1378 3416; x_wconf 76' lang='lat' dir='ltr'><strong>qui</strong></span> <span class='ocrx_word' id='word_1_342' title='bbox 1392 3343 1512 3400; x_wconf 85' lang='lat' dir='ltr'><strong>tale</strong></span> <span class='ocrx_word' id='word_1_343' title='bbox 1521 3344 1944 3417; x_wconf 80' lang='lat' dir='ltr'><strong>malamfecit?</strong></span> <span class='ocrx_word' id='word_1_344' title='bbox 1969 3345 2010 3412; x_wconf 92' lang='lat' dir='ltr'><strong>Q</strong></span> <span class='ocrx_word' id='word_1_345' title='bbox 2021 3363 2074 3402; x_wconf 80' lang='grc' dir='ltr'><strong>ιιι</strong></span> 
     </span>
    </p>
   </div>
   <div class='ocr_carea' id='block_1_52' title="bbox 432 3431 2076 3506">
    <p class='ocr_par' dir='ltr' id='par_1_52' title="bbox 432 3431 2076 3506">
     <span class='ocr_line' id='line_1_52' title="bbox 432 3431 2076 3506; baseline -0.001 -15"><span class='ocrx_word' id='word_1_346' title='bbox 432 3447 633 3491; x_wconf 91' lang='lat' dir='ltr'><strong>omnes</strong></span> <span class='ocrx_word' id='word_1_347' title='bbox 663 3434 1114 3506; x_wconf 89' lang='lat' dir='ltr'><strong>responderunt,</strong></span> <span class='ocrx_word' id='word_1_348' title='bbox 1149 3431 1295 3488; x_wconf 91' lang='lat' dir='ltr'><strong>mala</strong></span> <span class='ocrx_word' id='word_1_349' title='bbox 1327 3439 1512 3488; x_wconf 89' lang='lat' dir='ltr'><strong>morte</strong></span> <span class='ocrx_word' id='word_1_350' title='bbox 1539 3432 1698 3489; x_wconf 93' lang='lat' dir='ltr'><strong>illum</strong></span> <span class='ocrx_word' id='word_1_351' title='bbox 1722 3435 1864 3489; x_wconf 82' lang='lat' dir='ltr'><strong>mori</strong></span> <span class='ocrx_word' id='word_1_352' title='bbox 1904 3435 2076 3490; x_wconf 88' lang='lat' dir='ltr'><strong>debe-</strong></span> 
     </span>
    </p>
   </div>
   <div class='ocr_carea' id='block_1_53' title="bbox 433 3519 2069 3594">
    <p class='ocr_par' dir='ltr' id='par_1_53' title="bbox 433 3519 2069 3594">
     <span class='ocr_line' id='line_1_53' title="bbox 433 3519 2069 3594; baseline 0.001 -16"><span class='ocrx_word' id='word_1_353' title='bbox 433 3536 515 3578; x_wconf 89' lang='lat' dir='ltr'><strong>re.</strong></span> <span class='ocrx_word' id='word_1_354' title='bbox 553 3522 675 3578; x_wconf 82' lang='lat' dir='ltr'><strong>Rex</strong></span> <span class='ocrx_word' id='word_1_355' title='bbox 703 3527 896 3578; x_wconf 90' lang='lat' dir='ltr'><strong>autem</strong></span> <span class='ocrx_word' id='word_1_356' title='bbox 918 3520 1101 3577; x_wconf 87' lang='lat' dir='ltr'><strong>dixit:</strong></span> <span class='ocrx_word' id='word_1_357' title='bbox 1127 3519 1650 3593; x_wconf 74' lang='lat' dir='ltr'><strong>Perillamq-uime</strong></span> <span class='ocrx_word' id='word_1_358' title='bbox 1695 3523 1865 3580; x_wconf 73' lang='lat' dir='ltr'><strong>nasci</strong></span> <span class='ocrx_word' id='word_1_359' title='bbox 1887 3523 2069 3594; x_wconf 71' lang='lat' dir='ltr'><strong>fecit,</strong></span> 
     </span>
    </p>
   </div>
   <div class='ocr_carea' id='block_1_54' title="bbox 433 3609 2074 3684">
    <p class='ocr_par' dir='ltr' id='par_1_54' title="bbox 433 3609 2074 3684">
     <span class='ocr_line' id='line_1_54' title="bbox 433 3609 2074 3684; baseline 0 -16"><span class='ocrx_word' id='word_1_360' title='bbox 433 3609 572 3668; x_wconf 66' lang='lat' dir='ltr'><strong>bene</strong></span> <span class='ocrx_word' id='word_1_361' title='bbox 585 3609 1055 3668; x_wconf 75' lang='lat' dir='ltr'><strong>debetliomoisie</strong></span> <span class='ocrx_word' id='word_1_362' title='bbox 1075 3609 1314 3673; x_wconf 74' lang='lat' dir='ltr'><strong>habere.</strong></span> <span class='ocrx_word' id='word_1_363' title='bbox 1347 3611 1527 3682; x_wconf 75' lang='lat' dir='ltr'><strong>quise</strong></span> <span class='ocrx_word' id='word_1_364' title='bbox 1547 3624 1662 3684; x_wconf 77' lang='lat' dir='ltr'><strong>pro</strong></span> <span class='ocrx_word' id='word_1_365' title='bbox 1701 3611 1937 3668; x_wconf 76' lang='lat' dir='ltr'><strong>domino</strong></span> <span class='ocrx_word' id='word_1_366' title='bbox 1967 3626 2074 3669; x_wconf 77' lang='lat' dir='ltr'><strong>suo</strong></span> 
     </span>
    </p>
   </div>
   <div class='ocr_carea' id='block_1_55' title="bbox 422 3699 2072 3771">
    <p class='ocr_par' dir='ltr' id='par_1_55' title="bbox 422 3699 2072 3771">
     <span class='ocr_line' id='line_1_55' title="bbox 422 3699 2072 3771; baseline -0.001 -13"><span class='ocrx_word' id='word_1_367' title='bbox 422 3700 812 3758; x_wconf 75' lang='lat' dir='ltr'><strong>mortioolm&#39;t</strong></span> <span class='ocrx_word' id='word_1_368' title='bbox 839 3699 1094 3757; x_wconf 73' lang='lat' dir='ltr'><strong>tradere.</strong></span> <span class='ocrx_word' id='word_1_369' title='bbox 1112 3701 1266 3756; x_wconf 90' lang='lat' dir='ltr'><strong>Tunc</strong></span> <span class='ocrx_word' id='word_1_370' title='bbox 1295 3699 1558 3771; x_wconf 91' lang='lat' dir='ltr'><strong>precepit</strong></span> <span class='ocrx_word' id='word_1_371' title='bbox 1591 3715 1721 3757; x_wconf 90' lang='lat' dir='ltr'><strong>eum</strong></span> <span class='ocrx_word' id='word_1_372' title='bbox 1747 3701 1901 3756; x_wconf 90' lang='lat' dir='ltr'><strong>inter</strong></span> <span class='ocrx_word' id='word_1_373' title='bbox 1931 3716 2072 3756; x_wconf 91' lang='lat' dir='ltr'><strong>suos</strong></span> 
     </span>
    </p>
   </div>
   <div class='ocr_carea' id='block_1_56' title="bbox 422 3787 2070 3860">
    <p class='ocr_par' dir='ltr' id='par_1_56' title="bbox 422 3787 2070 3860">
     <span class='ocr_line' id='line_1_56' title="bbox 422 3787 2070 3860; baseline 0.001 -15"><span class='ocrx_word' id='word_1_374' title='bbox 422 3789 786 3846; x_wconf 89' lang='lat' dir='ltr'><strong>vestararios</strong></span> <span class='ocrx_word' id='word_1_375' title='bbox 815 3787 1168 3860; x_wconf 89' lang='lat' dir='ltr'><strong>esse,multa</strong></span> <span class='ocrx_word' id='word_1_376' title='bbox 1197 3789 1248 3844; x_wconf 91' lang='lat' dir='ltr'><strong>ei</strong></span> <span class='ocrx_word' id='word_1_377' title='bbox 1275 3789 1648 3860; x_wconf 88' lang='lat' dir='ltr'><strong>promittens,</strong></span> <span class='ocrx_word' id='word_1_378' title='bbox 1672 3789 1721 3846; x_wconf 92' lang='lat' dir='ltr'><strong>si</strong></span> <span class='ocrx_word' id='word_1_379' title='bbox 1753 3789 1865 3846; x_wconf 89' lang='lat' dir='ltr'><strong>sibi</strong></span> <span class='ocrx_word' id='word_1_380' title='bbox 1897 3789 2070 3847; x_wconf 90' lang='lat' dir='ltr'><strong>talem</strong></span> 
     </span>
    </p>
   </div>
   <div class='ocr_carea' id='block_1_57' title="bbox 424 3876 2070 3949">
    <p class='ocr_par' dir='ltr' id='par_1_57' title="bbox 424 3876 2070 3949">
     <span class='ocr_line' id='line_1_57' title="bbox 424 3876 2070 3949; baseline 0 -15"><span class='ocrx_word' id='word_1_381' title='bbox 424 3877 593 3936; x_wconf 89' lang='lat' dir='ltr'><strong>ﬁdem</strong></span> <span class='ocrx_word' id='word_1_382' title='bbox 623 3881 911 3948; x_wconf 90' lang='lat' dir='ltr'><strong>servaret,</strong></span> <span class='ocrx_word' id='word_1_383' title='bbox 938 3876 1168 3949; x_wconf 90' lang='lat' dir='ltr'><strong>qualem</strong></span> <span class='ocrx_word' id='word_1_384' title='bbox 1217 3877 1477 3934; x_wconf 88' lang='lat' dir='ltr'><strong>Perhtari</strong></span> <span class='ocrx_word' id='word_1_385' title='bbox 1511 3879 1790 3936; x_wconf 87' lang='lat' dir='ltr'><strong>servavit.</strong></span> <span class='ocrx_word' id='word_1_386' title='bbox 1853 3879 2070 3934; x_wconf 90' lang='lat' dir='ltr'><strong>Deinde</strong></span> 
     </span>
    </p>
   </div>
   <div class='ocr_carea' id='block_1_58' title="bbox 423 3966 2064 4040">
    <p class='ocr_par' dir='ltr' id='par_1_58' title="bbox 423 3966 2064 4040">
     <span class='ocr_line' id='line_1_58' title="bbox 423 3966 2064 4040; baseline -0.002 -14"><span class='ocrx_word' id='word_1_387' title='bbox 423 3967 733 4040; x_wconf 88' lang='lat' dir='ltr'><strong>requisivit</strong></span> <span class='ocrx_word' id='word_1_388' title='bbox 766 3981 890 4034; x_wconf 89' lang='lat' dir='ltr'><strong>rex,</strong></span> <span class='ocrx_word' id='word_1_389' title='bbox 909 3967 1044 4038; x_wconf 91' lang='lat' dir='ltr'><strong>quid</strong></span> <span class='ocrx_word' id='word_1_390' title='bbox 1065 3967 1138 4024; x_wconf 90' lang='lat' dir='ltr'><strong>de</strong></span> <span class='ocrx_word' id='word_1_391' title='bbox 1169 3966 1379 4024; x_wconf 91' lang='lat' dir='ltr'><strong>Unulfo</strong></span> <span class='ocrx_word' id='word_1_392' title='bbox 1411 3967 1624 4024; x_wconf 87' lang='lat' dir='ltr'><strong>factum</strong></span> <span class='ocrx_word' id='word_1_393' title='bbox 1665 3969 1758 4024; x_wconf 92' lang='lat' dir='ltr'><strong>sit.</strong></span> <span class='ocrx_word' id='word_1_394' title='bbox 1798 3967 1902 4034; x_wconf 92' lang='lat' dir='ltr'><strong>Qui</strong></span> <span class='ocrx_word' id='word_1_395' title='bbox 1937 3968 2018 4023; x_wconf 90' lang='lat' dir='ltr'><strong>ait</strong></span> <span class='ocrx_word' id='word_1_396' title='bbox 2052 3989 2064 4024; x_wconf 89' lang='lat'><strong>:</strong></span> 
     </span>
    </p>
   </div>
   <div class='ocr_carea' id='block_1_59' title="bbox 419 4056 2064 4130">
    <p class='ocr_par' dir='ltr' id='par_1_59' title="bbox 419 4056 2064 4130">
     <span class='ocr_line' id='line_1_59' title="bbox 419 4056 2064 4130; baseline -0.002 -15"><span class='ocrx_word' id='word_1_397' title='bbox 419 4056 498 4115; x_wconf 78' lang='lat' dir='ltr'><strong>In</strong></span> <span class='ocrx_word' id='word_1_398' title='bbox 517 4057 844 4116; x_wconf 72' lang='lat' dir='ltr'><strong>ecclesiam</strong></span> <span class='ocrx_word' id='word_1_399' title='bbox 897 4057 1094 4114; x_wconf 73' lang='lat' dir='ltr'><strong>sancti</strong></span> <span class='ocrx_word' id='word_1_400' title='bbox 1131 4057 1452 4115; x_wconf 73' lang='lat' dir='ltr'><strong>Michaelis</strong></span> <span class='ocrx_word' id='word_1_401' title='bbox 1481 4056 1837 4128; x_wconf 68' lang='lat' dir='ltr'><strong>archangeli</strong></span> <span class='ocrx_word' id='word_1_402' title='bbox 1866 4058 2064 4130; x_wconf 72' lang='lat' dir='ltr'><strong>fugit.</strong></span> 
     </span>
    </p>
   </div>
   <div class='ocr_carea' id='block_1_60' title="bbox 421 4145 2068 4217">
    <p class='ocr_par' dir='ltr' id='par_1_60' title="bbox 421 4145 2068 4217">
     <span class='ocr_line' id='line_1_60' title="bbox 421 4145 2068 4217; baseline 0.001 -14"><span class='ocrx_word' id='word_1_403' title='bbox 421 4145 628 4203; x_wconf 90' lang='lat' dir='ltr'><strong>Statim</strong></span> <span class='ocrx_word' id='word_1_404' title='bbox 662 4159 766 4202; x_wconf 90' lang='lat' dir='ltr'><strong>rex</strong></span> <span class='ocrx_word' id='word_1_405' title='bbox 798 4145 956 4201; x_wconf 89' lang='lat' dir='ltr'><strong>misit</strong></span> <span class='ocrx_word' id='word_1_406' title='bbox 985 4146 1055 4202; x_wconf 92' lang='lat' dir='ltr'><strong>ad</strong></span> <span class='ocrx_word' id='word_1_407' title='bbox 1088 4159 1240 4211; x_wconf 85' lang='lat' dir='ltr'><strong>eum,</strong></span> <span class='ocrx_word' id='word_1_408' title='bbox 1274 4146 1628 4217; x_wconf 87' lang='lat' dir='ltr'><strong>promittens</strong></span> <span class='ocrx_word' id='word_1_409' title='bbox 1674 4147 1894 4202; x_wconf 91' lang='lat' dir='ltr'><strong>nullum</strong></span> <span class='ocrx_word' id='word_1_410' title='bbox 1953 4162 2068 4204; x_wconf 89' lang='lat' dir='ltr'><strong>ma-</strong></span> 
     </span>
    </p>
   </div>
   <div class='ocr_carea' id='block_1_61' title="bbox 419 4233 2062 4303">
    <p class='ocr_par' dir='ltr' id='par_1_61' title="bbox 419 4233 2062 4303">
     <span class='ocr_line' id='line_1_61' title="bbox 419 4233 2062 4303; baseline 0.001 -13"><span class='ocrx_word' id='word_1_411' title='bbox 419 4233 538 4292; x_wconf 89' lang='lat' dir='ltr'><strong>lum</strong></span> <span class='ocrx_word' id='word_1_412' title='bbox 569 4247 700 4290; x_wconf 91' lang='lat' dir='ltr'><strong>eum</strong></span> <span class='ocrx_word' id='word_1_413' title='bbox 730 4233 1086 4303; x_wconf 89' lang='lat' dir='ltr'><strong>habiturum,</strong></span> <span class='ocrx_word' id='word_1_414' title='bbox 1131 4239 1355 4290; x_wconf 87' lang='lat' dir='ltr'><strong>tantum</strong></span> <span class='ocrx_word' id='word_1_415' title='bbox 1408 4235 1780 4292; x_wconf 87' lang='lat' dir='ltr'><strong>festinantius</strong></span> <span class='ocrx_word' id='word_1_416' title='bbox 1839 4235 2062 4292; x_wconf 90' lang='lat' dir='ltr'><strong>veniret</strong></span> 
     </span>
    </p>
   </div>
   <div class='ocr_carea' id='block_1_62' title="bbox 416 4320 2063 4404">
    <p class='ocr_par' dir='ltr' id='par_1_62' title="bbox 416 4320 2063 4404">
     <span class='ocr_line' id='line_1_62' title="bbox 416 4320 2063 4404; baseline 0.002 -26"><span class='ocrx_word' id='word_1_417' title='bbox 416 4320 492 4378; x_wconf 92' lang='lat' dir='ltr'><strong>ad</strong></span> <span class='ocrx_word' id='word_1_418' title='bbox 521 4337 673 4392; x_wconf 90' lang='lat' dir='ltr'><strong>eum,</strong></span> <span class='ocrx_word' id='word_1_419' title='bbox 702 4320 944 4379; x_wconf 86' lang='lat' dir='ltr'><strong>Unulqu</strong></span> <span class='ocrx_word' id='word_1_420' title='bbox 974 4321 1084 4380; x_wconf 90' lang='lat' dir='ltr'><strong>hoc</strong></span> <span class='ocrx_word' id='word_1_421' title='bbox 1115 4323 1376 4394; x_wconf 89' lang='lat' dir='ltr'><strong>audiens,</strong></span> <span class='ocrx_word' id='word_1_422' title='bbox 1412 4323 1761 4378; x_wconf 89' lang='lat' dir='ltr'><strong>festinanter</strong></span> <span class='ocrx_word' id='word_1_423' title='bbox 1792 4323 1862 4381; x_wconf 91' lang='lat' dir='ltr'><strong>ad</strong></span> <span class='ocrx_word' id='word_1_424' title='bbox 1909 4324 2063 4404; x_wconf 75' lang='lat' dir='ltr'><strong>pala-</strong></span> 
     </span>
    </p>
   </div>
   <div class='ocr_carea' id='block_1_63' title="bbox 419 4411 2055 4484">
    <p class='ocr_par' dir='ltr' id='par_1_63' title="bbox 419 4411 2055 4484">
     <span class='ocr_line' id='line_1_63' title="bbox 419 4411 2055 4484; baseline 0.001 -16"><span class='ocrx_word' id='word_1_425' title='bbox 419 4417 540 4469; x_wconf 89' lang='lat' dir='ltr'><strong>tum</strong></span> <span class='ocrx_word' id='word_1_426' title='bbox 586 4411 764 4481; x_wconf 86' lang='lat' dir='ltr'><strong>venit,</strong></span> <span class='ocrx_word' id='word_1_427' title='bbox 798 4417 858 4467; x_wconf 89' lang='lat' dir='ltr'><strong>et</strong></span> <span class='ocrx_word' id='word_1_428' title='bbox 885 4411 954 4468; x_wconf 90' lang='lat' dir='ltr'><strong>ad</strong></span> <span class='ocrx_word' id='word_1_429' title='bbox 989 4412 1170 4484; x_wconf 90' lang='lat' dir='ltr'><strong>pedes</strong></span> <span class='ocrx_word' id='word_1_430' title='bbox 1213 4411 1368 4482; x_wconf 89' lang='lat' dir='ltr'><strong>regis</strong></span> <span class='ocrx_word' id='word_1_431' title='bbox 1426 4426 1489 4468; x_wconf 91' lang='lat' dir='ltr'><strong>se</strong></span> <span class='ocrx_word' id='word_1_432' title='bbox 1543 4411 1810 4482; x_wconf 91' lang='lat' dir='ltr'><strong>protinus</strong></span> <span class='ocrx_word' id='word_1_433' title='bbox 1877 4413 2055 4470; x_wconf 87' lang='lat' dir='ltr'><strong>misit.</strong></span> 
     </span>
    </p>
   </div>
   <div class='ocr_carea' id='block_1_64' title="bbox 2221 1831 3794 1904">
    <p class='ocr_par' dir='ltr' id='par_1_64' title="bbox 2221 1831 3794 1904">
     <span class='ocr_line' id='line_1_64' title="bbox 2221 1831 3794 1904; baseline -0.002 -15"><span class='ocrx_word' id='word_1_434' title='bbox 2221 1833 2587 1892; x_wconf 89' lang='lat' dir='ltr'><strong>Grimoaldus</strong></span> <span class='ocrx_word' id='word_1_435' title='bbox 2619 1834 3016 1890; x_wconf 87' lang='lat' dir='ltr'><strong>ﬁebotomavit</strong></span> <span class='ocrx_word' id='word_1_436' title='bbox 3037 1848 3100 1890; x_wconf 90' lang='lat' dir='ltr'><strong>se</strong></span> <span class='ocrx_word' id='word_1_437' title='bbox 3123 1834 3176 1888; x_wconf 91' lang='lat' dir='ltr'><strong>in</strong></span> <span class='ocrx_word' id='word_1_438' title='bbox 3201 1831 3440 1904; x_wconf 85' lang='lat' dir='ltr'><strong>palatio,</strong></span> <span class='ocrx_word' id='word_1_439' title='bbox 3472 1838 3526 1888; x_wconf 88' lang='lat' dir='ltr'><strong>et</strong></span> <span class='ocrx_word' id='word_1_440' title='bbox 3555 1846 3669 1888; x_wconf 92' lang='lat' dir='ltr'><strong>eum</strong></span> <span class='ocrx_word' id='word_1_441' title='bbox 3695 1836 3794 1902; x_wconf 88' lang='lat' dir='ltr'><strong>post</strong></span> 
     </span>
    </p>
   </div>
   <div class='ocr_carea' id='block_1_65' title="bbox 2217 1919 3795 1993">
    <p class='ocr_par' dir='ltr' id='par_1_65' title="bbox 2217 1919 3795 1993">
     <span class='ocr_line' id='line_1_65' title="bbox 2217 1919 3795 1993; baseline 0 -15"><span class='ocrx_word' id='word_1_442' title='bbox 2217 1938 2419 1978; x_wconf 87' lang='lat' dir='ltr'><strong>novem</strong></span> <span class='ocrx_word' id='word_1_443' title='bbox 2445 1923 2571 1979; x_wconf 90' lang='lat' dir='ltr'><strong>dies</strong></span> <span class='ocrx_word' id='word_1_444' title='bbox 2586 1923 3055 1993; x_wconf 86' lang='lat' dir='ltr'><strong>velletsagittare</strong></span> <span class='ocrx_word' id='word_1_445' title='bbox 3088 1921 3416 1979; x_wconf 85' lang='lat' dir='ltr'><strong>columbam</strong></span> <span class='ocrx_word' id='word_1_446' title='bbox 3449 1935 3625 1990; x_wconf 91' lang='lat' dir='ltr'><strong>unam,</strong></span> <span class='ocrx_word' id='word_1_447' title='bbox 3647 1919 3795 1978; x_wconf 86' lang='lat' dir='ltr'><strong>disru-</strong></span> 
     </span>
    </p>
   </div>
   <div class='ocr_carea' id='block_1_66' title="bbox 2218 2008 3794 2083">
    <p class='ocr_par' dir='ltr' id='par_1_66' title="bbox 2218 2008 3794 2083">
     <span class='ocr_line' id='line_1_66' title="bbox 2218 2008 3794 2083; baseline -0.003 -16"><span class='ocrx_word' id='word_1_448' title='bbox 2218 2017 2314 2083; x_wconf 81' lang='lat' dir='ltr'><strong>pta</strong></span> <span class='ocrx_word' id='word_1_449' title='bbox 2337 2017 2430 2068; x_wconf 88' lang='lat' dir='ltr'><strong>est</strong></span> <span class='ocrx_word' id='word_1_450' title='bbox 2461 2026 2605 2068; x_wconf 88' lang='lat' dir='ltr'><strong>vena</strong></span> <span class='ocrx_word' id='word_1_451' title='bbox 2639 2013 2708 2068; x_wconf 93' lang='lat' dir='ltr'><strong>de</strong></span> <span class='ocrx_word' id='word_1_452' title='bbox 2743 2011 2869 2081; x_wconf 82' lang='lat' dir='ltr'><strong>ejus</strong></span> <span class='ocrx_word' id='word_1_453' title='bbox 2901 2011 3160 2068; x_wconf 90' lang='lat' dir='ltr'><strong>brachio.</strong></span> <span class='ocrx_word' id='word_1_454' title='bbox 3185 2013 3244 2066; x_wconf 86' lang='lat' dir='ltr'><strong>et</strong></span> <span class='ocrx_word' id='word_1_455' title='bbox 3272 2013 3526 2066; x_wconf 89' lang='lat' dir='ltr'><strong>mortuus</strong></span> <span class='ocrx_word' id='word_1_456' title='bbox 3547 2008 3794 2066; x_wconf 88' lang='lat' dir='ltr'><strong>est.llicin</strong></span> 
     </span>
    </p>
   </div>
   <div class='ocr_carea' id='block_1_67' title="bbox 2213 2097 3792 2172">
    <p class='ocr_par' dir='ltr' id='par_1_67' title="bbox 2213 2097 3792 2172">
     <span class='ocr_line' id='line_1_67' title="bbox 2213 2097 3792 2172; baseline -0.001 -16"><span class='ocrx_word' id='word_1_457' title='bbox 2213 2101 2426 2171; x_wconf 90' lang='lat' dir='ltr'><strong>edicto,</strong></span> <span class='ocrx_word' id='word_1_458' title='bbox 2462 2100 2613 2172; x_wconf 87' lang='lat' dir='ltr'><strong>quod</strong></span> <span class='ocrx_word' id='word_1_459' title='bbox 2644 2117 2746 2156; x_wconf 89' lang='lat' dir='ltr'><strong>rex</strong></span> <span class='ocrx_word' id='word_1_460' title='bbox 2763 2101 3043 2157; x_wconf 80' lang='lat' dir='ltr'><strong>Ruotheri</strong></span> <span class='ocrx_word' id='word_1_461' title='bbox 3081 2100 3240 2170; x_wconf 89' lang='lat' dir='ltr'><strong>fecit,</strong></span> <span class='ocrx_word' id='word_1_462' title='bbox 3269 2099 3554 2170; x_wconf 88' lang='lat' dir='ltr'><strong>aliquanta</strong></span> <span class='ocrx_word' id='word_1_463' title='bbox 3583 2097 3792 2169; x_wconf 89' lang='lat' dir='ltr'><strong>capitula</strong></span> 
     </span>
    </p>
   </div>
   <div class='ocr_carea' id='block_1_68' title="bbox 2211 2186 3792 2261">
    <p class='ocr_par' dir='ltr' id='par_1_68' title="bbox 2211 2186 3792 2261">
     <span class='ocr_line' id='line_1_68' title="bbox 2211 2186 3792 2261; baseline -0.002 -16"><span class='ocrx_word' id='word_1_464' title='bbox 2211 2191 2506 2246; x_wconf 90' lang='lat' dir='ltr'><strong>annexuit.</strong></span> <span class='ocrx_word' id='word_1_465' title='bbox 2544 2191 2672 2247; x_wconf 89' lang='lat' dir='ltr'><strong>Fuit</strong></span> <span class='ocrx_word' id='word_1_466' title='bbox 2705 2195 2897 2247; x_wconf 90' lang='lat' dir='ltr'><strong>autem</strong></span> <span class='ocrx_word' id='word_1_467' title='bbox 2927 2203 3174 2261; x_wconf 82' lang='lat' dir='ltr'><strong>corpore</strong></span> <span class='ocrx_word' id='word_1_468' title='bbox 3195 2189 3476 2246; x_wconf 85' lang='lat' dir='ltr'><strong>maximus</strong></span> <span class='ocrx_word' id='word_1_469' title='bbox 3497 2190 3551 2243; x_wconf 87' lang='lat' dir='ltr'><strong>et</strong></span> <span class='ocrx_word' id='word_1_470' title='bbox 3582 2186 3792 2244; x_wconf 82' lang='lat' dir='ltr'><strong>audacis-</strong></span> 
     </span>
    </p>
   </div>
   <div class='ocr_carea' id='block_1_69' title="bbox 2209 2275 3792 2351">
    <p class='ocr_par' dir='ltr' id='par_1_69' title="bbox 2209 2275 3792 2351">
     <span class='ocr_line' id='line_1_69' title="bbox 2209 2275 3792 2351; baseline -0.002 -18"><span class='ocrx_word' id='word_1_471' title='bbox 2209 2279 2411 2350; x_wconf 88' lang='lat' dir='ltr'><strong>simus,</strong></span> <span class='ocrx_word' id='word_1_472' title='bbox 2453 2279 2645 2351; x_wconf 89' lang='lat' dir='ltr'><strong>capite</strong></span> <span class='ocrx_word' id='word_1_473' title='bbox 2676 2279 2864 2349; x_wconf 89' lang='lat' dir='ltr'><strong>calvo,</strong></span> <span class='ocrx_word' id='word_1_474' title='bbox 2900 2277 3077 2334; x_wconf 88' lang='lat' dir='ltr'><strong>barba</strong></span> <span class='ocrx_word' id='word_1_475' title='bbox 3109 2278 3306 2348; x_wconf 89' lang='lat' dir='ltr'><strong>longa,</strong></span> <span class='ocrx_word' id='word_1_476' title='bbox 3349 2275 3583 2333; x_wconf 85' lang='lat' dir='ltr'><strong>consilio</strong></span> <span class='ocrx_word' id='word_1_477' title='bbox 3609 2281 3657 2332; x_wconf 90' lang='lat' dir='ltr'><strong>et</strong></span> <span class='ocrx_word' id='word_1_478' title='bbox 3705 2275 3792 2331; x_wconf 84' lang='lat' dir='ltr'><strong>vir-</strong></span> 
     </span>
    </p>
   </div>
   <div class='ocr_carea' id='block_1_70' title="bbox 2206 2363 3792 2440">
    <p class='ocr_par' dir='ltr' id='par_1_70' title="bbox 2206 2363 3792 2440">
     <span class='ocr_line' id='line_1_70' title="bbox 2206 2363 3792 2440; baseline -0.003 -18"><span class='ocrx_word' id='word_1_479' title='bbox 2206 2372 2333 2424; x_wconf 88' lang='lat' dir='ltr'><strong>tute</strong></span> <span class='ocrx_word' id='word_1_480' title='bbox 2361 2369 2599 2438; x_wconf 82' lang='lat' dir='ltr'><strong>primus.</strong></span> <span class='ocrx_word' id='word_1_481' title='bbox 2657 2367 2931 2440; x_wconf 86' lang='lat' dir='ltr'><strong>Sepultus</strong></span> <span class='ocrx_word' id='word_1_482' title='bbox 2962 2371 3056 2423; x_wconf 90' lang='lat' dir='ltr'><strong>est</strong></span> <span class='ocrx_word' id='word_1_483' title='bbox 3088 2367 3142 2422; x_wconf 91' lang='lat' dir='ltr'><strong>in</strong></span> <span class='ocrx_word' id='word_1_484' title='bbox 3183 2365 3452 2423; x_wconf 71' lang='lat' dir='ltr'><strong>aeeclesia</strong></span> <span class='ocrx_word' id='word_1_485' title='bbox 3501 2363 3668 2422; x_wconf 85' lang='lat' dir='ltr'><strong>sancti</strong></span> <span class='ocrx_word' id='word_1_486' title='bbox 3693 2367 3792 2419; x_wconf 84' lang='lat' dir='ltr'><strong>Am-</strong></span> 
     </span>
    </p>
   </div>
   <div class='ocr_carea' id='block_1_71' title="bbox 2203 2453 3790 2530">
    <p class='ocr_par' dir='ltr' id='par_1_71' title="bbox 2203 2453 3790 2530">
     <span class='ocr_line' id='line_1_71' title="bbox 2203 2453 3790 2530; baseline -0.003 -19"><span class='ocrx_word' id='word_1_487' title='bbox 2203 2457 2404 2528; x_wconf 91' lang='lat' dir='ltr'><strong>brosii,</strong></span> <span class='ocrx_word' id='word_1_488' title='bbox 2443 2472 2614 2529; x_wconf 89' lang='lat' dir='ltr'><strong>quam</strong></span> <span class='ocrx_word' id='word_1_489' title='bbox 2646 2457 2772 2530; x_wconf 90' lang='lat' dir='ltr'><strong>ipse</strong></span> <span class='ocrx_word' id='word_1_490' title='bbox 2798 2457 2954 2513; x_wconf 84' lang='lat' dir='ltr'><strong>fecit.</strong></span> <span class='ocrx_word' id='word_1_491' title='bbox 2984 2454 3244 2527; x_wconf 79' lang='lat' dir='ltr'><strong>Reliquit</strong></span> <span class='ocrx_word' id='word_1_492' title='bbox 3267 2459 3457 2512; x_wconf 88' lang='lat' dir='ltr'><strong>autem</strong></span> <span class='ocrx_word' id='word_1_493' title='bbox 3479 2453 3638 2511; x_wconf 91' lang='lat' dir='ltr'><strong>ﬁlium</strong></span> <span class='ocrx_word' id='word_1_494' title='bbox 3661 2465 3790 2510; x_wconf 90' lang='lat' dir='ltr'><strong>suum</strong></span> 
     </span>
    </p>
   </div>
   <div class='ocr_carea' id='block_1_72' title="bbox 2202 2540 3786 2618">
    <p class='ocr_par' dir='ltr' id='par_1_72' title="bbox 2202 2540 3786 2618">
     <span class='ocr_line' id='line_1_72' title="bbox 2202 2540 3786 2618; baseline -0.003 -18"><span class='ocrx_word' id='word_1_495' title='bbox 2202 2545 2597 2617; x_wconf 87' lang='lat' dir='ltr'><strong>Garibaldum,</strong></span> <span class='ocrx_word' id='word_1_496' title='bbox 2632 2562 2801 2618; x_wconf 89' lang='lat' dir='ltr'><strong>quem</strong></span> <span class='ocrx_word' id='word_1_497' title='bbox 2833 2545 2902 2602; x_wconf 89' lang='lat' dir='ltr'><strong>dc</strong></span> <span class='ocrx_word' id='word_1_498' title='bbox 2928 2543 3045 2600; x_wconf 89' lang='lat' dir='ltr'><strong>ﬁlia</strong></span> <span class='ocrx_word' id='word_1_499' title='bbox 3105 2544 3264 2614; x_wconf 89' lang='lat' dir='ltr'><strong>regis</strong></span> <span class='ocrx_word' id='word_1_500' title='bbox 3313 2542 3560 2616; x_wconf 83' lang='lat' dir='ltr'><strong>Ariperti</strong></span> <span class='ocrx_word' id='word_1_501' title='bbox 3611 2540 3786 2609; x_wconf 91' lang='lat' dir='ltr'><strong>habuit,</strong></span> 
     </span>
    </p>
   </div>
   <div class='ocr_carea' id='block_1_73' title="bbox 2201 2629 3788 2707">
    <p class='ocr_par' dir='ltr' id='par_1_73' title="bbox 2201 2629 3788 2707">
     <span class='ocr_line' id='line_1_73' title="bbox 2201 2629 3788 2707; baseline -0.004 -16"><span class='ocrx_word' id='word_1_502' title='bbox 2201 2649 2594 2692; x_wconf 90' lang='lat' dir='ltr'><strong>successorem</strong></span> <span class='ocrx_word' id='word_1_503' title='bbox 2649 2635 2837 2707; x_wconf 87' lang='lat' dir='ltr'><strong>regni,</strong></span> <span class='ocrx_word' id='word_1_504' title='bbox 2887 2635 3076 2692; x_wconf 91' lang='lat' dir='ltr'><strong>adhuc</strong></span> <span class='ocrx_word' id='word_1_505' title='bbox 3129 2647 3394 2706; x_wconf 85' lang='lat' dir='ltr'><strong>puerum,</strong></span> <span class='ocrx_word' id='word_1_506' title='bbox 3469 2629 3788 2688; x_wconf 84' lang='lat' dir='ltr'><strong>Romoaldum</strong></span> 
     </span>
    </p>
   </div>
   <div class='ocr_carea' id='block_1_74' title="bbox 2199 2717 3788 2794">
    <p class='ocr_par' dir='ltr' id='par_1_74' title="bbox 2199 2717 3788 2794">
     <span class='ocr_line' id='line_1_74' title="bbox 2199 2717 3788 2794; baseline -0.003 -16"><span class='ocrx_word' id='word_1_507' title='bbox 2199 2738 2336 2780; x_wconf 90' lang='lat' dir='ltr'><strong>vero</strong></span> <span class='ocrx_word' id='word_1_508' title='bbox 2360 2723 2540 2781; x_wconf 90' lang='lat' dir='ltr'><strong>ﬁlium</strong></span> <span class='ocrx_word' id='word_1_509' title='bbox 2563 2739 2731 2782; x_wconf 91' lang='lat' dir='ltr'><strong>suum</strong></span> <span class='ocrx_word' id='word_1_510' title='bbox 2759 2724 2876 2794; x_wconf 87' lang='lat' dir='ltr'><strong>jam</strong></span> <span class='ocrx_word' id='word_1_511' title='bbox 2903 2724 2958 2780; x_wconf 90' lang='lat' dir='ltr'><strong>in</strong></span> <span class='ocrx_word' id='word_1_512' title='bbox 2993 2726 3325 2780; x_wconf 88' lang='lat' dir='ltr'><strong>Benevento</strong></span> <span class='ocrx_word' id='word_1_513' title='bbox 3375 2722 3571 2779; x_wconf 90' lang='lat' dir='ltr'><strong>ducem</strong></span> <span class='ocrx_word' id='word_1_514' title='bbox 3619 2717 3788 2776; x_wconf 88' lang='lat' dir='ltr'><strong>consti-</strong></span> 
     </span>
    </p>
   </div>
   <div class='ocr_carea' id='block_1_75' title="bbox 2198 2813 2331 2868">
    <p class='ocr_par' dir='ltr' id='par_1_75' title="bbox 2198 2813 2331 2868">
     <span class='ocr_line' id='line_1_75' title="bbox 2198 2813 2331 2868; baseline 0.008 -1"><span class='ocrx_word' id='word_1_515' title='bbox 2198 2813 2331 2868; x_wconf 89' lang='lat' dir='ltr'><strong>tuit.</strong></span> 
     </span>
    </p>
   </div>
   <div class='ocr_carea' id='block_1_76' title="bbox 2268 2899 3784 2970">
    <p class='ocr_par' dir='ltr' id='par_1_76' title="bbox 2268 2899 3784 2970">
     <span class='ocr_line' id='line_1_76' title="bbox 2268 2899 3784 2970; baseline -0.005 -14"><span class='ocrx_word' id='word_1_516' title='bbox 2268 2901 2450 2970; x_wconf 83' lang='lat' dir='ltr'><strong>Igitur</strong></span> <span class='ocrx_word' id='word_1_517' title='bbox 2480 2903 2744 2958; x_wconf 89' lang='lat' dir='ltr'><strong>Perhtari</strong></span> <span class='ocrx_word' id='word_1_518' title='bbox 2777 2917 2908 2960; x_wconf 92' lang='lat' dir='ltr'><strong>cum</strong></span> <span class='ocrx_word' id='word_1_519' title='bbox 2958 2906 3116 2958; x_wconf 90' lang='lat' dir='ltr'><strong>esset</strong></span> <span class='ocrx_word' id='word_1_520' title='bbox 3165 2902 3223 2957; x_wconf 91' lang='lat' dir='ltr'><strong>in</strong></span> <span class='ocrx_word' id='word_1_521' title='bbox 3287 2899 3539 2970; x_wconf 88' lang='lat' dir='ltr'><strong>Francia,</strong></span> <span class='ocrx_word' id='word_1_522' title='bbox 3589 2900 3784 2970; x_wconf 86' lang='lat' dir='ltr'><strong>propter</strong></span> 
     </span>
    </p>
   </div>
   <div class='ocr_carea' id='block_1_77' title="bbox 2195 2989 3780 3062">
    <p class='ocr_par' dir='ltr' id='par_1_77' title="bbox 2195 2989 3780 3062">
     <span class='ocr_line' id='line_1_77' title="bbox 2195 2989 3780 3062; baseline -0.002 -19"><span class='ocrx_word' id='word_1_523' title='bbox 2195 2989 2460 3046; x_wconf 90' lang='lat' dir='ltr'><strong>timorem</strong></span> <span class='ocrx_word' id='word_1_524' title='bbox 2493 2991 2978 3062; x_wconf 88' lang='lat' dir='ltr'><strong>Grimoaldi,quia</strong></span> <span class='ocrx_word' id='word_1_525' title='bbox 3011 2991 3336 3048; x_wconf 88' lang='lat' dir='ltr'><strong>foederatus</strong></span> <span class='ocrx_word' id='word_1_526' title='bbox 3362 2994 3487 3047; x_wconf 90' lang='lat' dir='ltr'><strong>erat</strong></span> <span class='ocrx_word' id='word_1_527' title='bbox 3519 3002 3635 3046; x_wconf 91' lang='lat' dir='ltr'><strong>cum</strong></span> <span class='ocrx_word' id='word_1_528' title='bbox 3677 2998 3780 3054; x_wconf 80' lang='lat' dir='ltr'><strong>rege</strong></span> 
     </span>
    </p>
   </div>
   <div class='ocr_carea' id='block_1_78' title="bbox 2195 3073 3782 3151">
    <p class='ocr_par' dir='ltr' id='par_1_78' title="bbox 2195 3073 3782 3151">
     <span class='ocr_line' id='line_1_78' title="bbox 2195 3073 3782 3151; baseline -0.004 -15"><span class='ocrx_word' id='word_1_529' title='bbox 2195 3079 2563 3150; x_wconf 76' lang='lat' dir='ltr'><strong>Francorum,</strong></span> <span class='ocrx_word' id='word_1_530' title='bbox 2599 3081 2785 3137; x_wconf 89' lang='lat' dir='ltr'><strong>voluit</strong></span> <span class='ocrx_word' id='word_1_531' title='bbox 2820 3082 3018 3151; x_wconf 90' lang='lat' dir='ltr'><strong>fugere</strong></span> <span class='ocrx_word' id='word_1_532' title='bbox 3058 3081 3113 3136; x_wconf 92' lang='lat' dir='ltr'><strong>in</strong></span> <span class='ocrx_word' id='word_1_533' title='bbox 3144 3073 3517 3136; x_wconf 76' lang='lat' dir='ltr'><strong>Britanniam.</strong></span> <span class='ocrx_word' id='word_1_534' title='bbox 3574 3078 3782 3146; x_wconf 87' lang='lat' dir='ltr'><strong>Cumque</strong></span> 
     </span>
    </p>
   </div>
   <div class='ocr_carea' id='block_1_79' title="bbox 2113 3137 3782 3240">
    <p class='ocr_par' dir='ltr' id='par_1_79' title="bbox 2113 3137 3782 3240">
     <span class='ocr_line' id='line_1_79' title="bbox 2113 3137 3782 3240; baseline -0.004 -17"><span class='ocrx_word' id='word_1_535' title='bbox 2113 3137 2161 3200; x_wconf 67' lang='grc' dir='ltr'>Ο</span> <span class='ocrx_word' id='word_1_536' title='bbox 2192 3169 2523 3238; x_wconf 79' lang='lat' dir='ltr'><strong>navigasset</strong></span> <span class='ocrx_word' id='word_1_537' title='bbox 2547 3137 2652 3239; x_wconf 82' lang='lat' dir='ltr'><strong>per</strong></span> <span class='ocrx_word' id='word_1_538' title='bbox 2675 3137 2936 3240; x_wconf 60' lang='lat' dir='ltr'><strong>pelagus,</strong></span> <span class='ocrx_word' id='word_1_539' title='bbox 2954 3169 3151 3226; x_wconf 90' lang='lat' dir='ltr'><strong>subito</strong></span> <span class='ocrx_word' id='word_1_540' title='bbox 3167 3168 3393 3226; x_wconf 90' lang='lat' dir='ltr'><strong>audivit</strong></span> <span class='ocrx_word' id='word_1_541' title='bbox 3413 3182 3442 3223; x_wconf 92' lang='lat' dir='ltr'><strong>a</strong></span> <span class='ocrx_word' id='word_1_542' title='bbox 3458 3167 3616 3224; x_wconf 89' lang='lat' dir='ltr'><strong>litore</strong></span> <span class='ocrx_word' id='word_1_543' title='bbox 3629 3137 3782 3220; x_wconf 78' lang='lat' dir='ltr'><strong>dicen-</strong></span> 
     </span>
    </p>
   </div>
   <div class='ocr_carea' id='block_1_80' title="bbox 2193 3251 3784 3328">
    <p class='ocr_par' dir='ltr' id='par_1_80' title="bbox 2193 3251 3784 3328">
     <span class='ocr_line' id='line_1_80' title="bbox 2193 3251 3784 3328; baseline -0.003 -16"><span class='ocrx_word' id='word_1_544' title='bbox 2193 3261 2307 3312; x_wconf 89' lang='lat' dir='ltr'><strong>tem</strong></span> <span class='ocrx_word' id='word_1_545' title='bbox 2341 3277 2352 3311; x_wconf 92' lang='lat'>:</span> <span class='ocrx_word' id='word_1_546' title='bbox 2377 3259 2453 3315; x_wconf 77' lang='lat' dir='ltr'><strong>Si</strong></span> <span class='ocrx_word' id='word_1_547' title='bbox 2475 3258 2765 3316; x_wconf 70' lang='lat' dir='ltr'><strong>Perhtari</strong></span> <span class='ocrx_word' id='word_1_548' title='bbox 2784 3259 2872 3314; x_wconf 75' lang='lat' dir='ltr'><strong>est</strong></span> <span class='ocrx_word' id='word_1_549' title='bbox 2897 3258 2963 3314; x_wconf 80' lang='lat' dir='ltr'><strong>in</strong></span> <span class='ocrx_word' id='word_1_550' title='bbox 2991 3258 3113 3315; x_wconf 80' lang='lat' dir='ltr'><strong>ista</strong></span> <span class='ocrx_word' id='word_1_551' title='bbox 3124 3259 3292 3328; x_wconf 69' lang='lat' dir='ltr'><strong>navi,</strong></span> <span class='ocrx_word' id='word_1_552' title='bbox 3315 3257 3492 3316; x_wconf 72' lang='lat' dir='ltr'><strong>dicite</strong></span> <span class='ocrx_word' id='word_1_553' title='bbox 3518 3254 3627 3324; x_wconf 83' lang='lat' dir='ltr'><strong>illi,</strong></span> <span class='ocrx_word' id='word_1_554' title='bbox 3647 3251 3784 3310; x_wconf 71' lang='lat' dir='ltr'><strong>utre-</strong></span> 
     </span>
    </p>
   </div>
   <div class='ocr_carea' id='block_1_81' title="bbox 2187 3339 3780 3420">
    <p class='ocr_par' dir='ltr' id='par_1_81' title="bbox 2187 3339 3780 3420">
     <span class='ocr_line' id='line_1_81' title="bbox 2187 3339 3780 3420; baseline -0.003 -18"><span class='ocrx_word' id='word_1_555' title='bbox 2187 3347 2456 3404; x_wconf 73' lang='lat' dir='ltr'><strong>oertatm-</strong></span> <span class='ocrx_word' id='word_1_556' title='bbox 2477 3348 3030 3419; x_wconf 70' lang='lat' dir='ltr'><strong>inpatriamsuam,</strong></span> <span class='ocrx_word' id='word_1_557' title='bbox 3049 3349 3201 3418; x_wconf 77' lang='lat' dir='ltr'><strong>quia</strong></span> <span class='ocrx_word' id='word_1_558' title='bbox 3203 3350 3343 3420; x_wconf 84' lang='lat' dir='ltr'><strong>jam</strong></span> <span class='ocrx_word' id='word_1_559' title='bbox 3357 3349 3474 3404; x_wconf 78' lang='lat' dir='ltr'><strong>tres</strong></span> <span class='ocrx_word' id='word_1_560' title='bbox 3517 3344 3633 3402; x_wconf 81' lang='lat' dir='ltr'><strong>dies</strong></span> <span class='ocrx_word' id='word_1_561' title='bbox 3655 3339 3780 3408; x_wconf 68' lang='lat' dir='ltr'><strong>sunt,</strong></span> 
     </span>
    </p>
   </div>
   <div class='ocr_carea' id='block_1_82' title="bbox 2187 3434 3783 3507">
    <p class='ocr_par' dir='ltr' id='par_1_82' title="bbox 2187 3434 3783 3507">
     <span class='ocr_line' id='line_1_82' title="bbox 2187 3434 3783 3507; baseline -0.003 -15"><span class='ocrx_word' id='word_1_562' title='bbox 2187 3449 2263 3492; x_wconf 69' lang='lat' dir='ltr'><strong>ex</strong></span> <span class='ocrx_word' id='word_1_563' title='bbox 2293 3450 2408 3507; x_wconf 76' lang='lat' dir='ltr'><strong>quo</strong></span> <span class='ocrx_word' id='word_1_564' title='bbox 2427 3451 2540 3493; x_wconf 70' lang='lat' dir='ltr'><strong>rem</strong></span> <span class='ocrx_word' id='word_1_565' title='bbox 2567 3436 2956 3496; x_wconf 72' lang='lat' dir='ltr'><strong>Grimoaldus</strong></span> <span class='ocrx_word' id='word_1_566' title='bbox 2978 3437 3251 3494; x_wconf 76' lang='lat' dir='ltr'><strong>mortuus</strong></span> <span class='ocrx_word' id='word_1_567' title='bbox 3263 3439 3366 3495; x_wconf 85' lang='lat' dir='ltr'><strong>est.</strong></span> <span class='ocrx_word' id='word_1_568' title='bbox 3389 3434 3546 3503; x_wconf 91' lang='lat' dir='ltr'><strong>Quod</strong></span> <span class='ocrx_word' id='word_1_569' title='bbox 3558 3445 3672 3490; x_wconf 89' lang='lat' dir='ltr'><strong>cum</strong></span> <span class='ocrx_word' id='word_1_570' title='bbox 3707 3441 3783 3486; x_wconf 84' lang='lat' dir='ltr'><strong>au-</strong></span> 
     </span>
    </p>
   </div>
   <div class='ocr_carea' id='block_1_83' title="bbox 2189 3518 3780 3597">
    <p class='ocr_par' dir='ltr' id='par_1_83' title="bbox 2189 3518 3780 3597">
     <span class='ocr_line' id='line_1_83' title="bbox 2189 3518 3780 3597; baseline -0.006 -17"><span class='ocrx_word' id='word_1_571' title='bbox 2189 3523 2371 3581; x_wconf 90' lang='lat' dir='ltr'><strong>disset</strong></span> <span class='ocrx_word' id='word_1_572' title='bbox 2407 3526 2822 3597; x_wconf 87' lang='lat' dir='ltr'><strong>Perhtari,ibat</strong></span> <span class='ocrx_word' id='word_1_573' title='bbox 2853 3541 3035 3597; x_wconf 90' lang='lat' dir='ltr'><strong>prope</strong></span> <span class='ocrx_word' id='word_1_574' title='bbox 3068 3524 3228 3596; x_wconf 89' lang='lat' dir='ltr'><strong>litus,</strong></span> <span class='ocrx_word' id='word_1_575' title='bbox 3286 3531 3349 3582; x_wconf 89' lang='lat' dir='ltr'><strong>ut</strong></span> <span class='ocrx_word' id='word_1_576' title='bbox 3397 3524 3606 3580; x_wconf 88' lang='lat' dir='ltr'><strong>videret</strong></span> <span class='ocrx_word' id='word_1_577' title='bbox 3650 3518 3780 3574; x_wconf 89' lang='lat' dir='ltr'><strong>illum</strong></span> 
     </span>
    </p>
   </div>
   <div class='ocr_carea' id='block_1_84' title="bbox 2188 3613 3781 3684">
    <p class='ocr_par' dir='ltr' id='par_1_84' title="bbox 2188 3613 3781 3684">
     <span class='ocr_line' id='line_1_84' title="bbox 2188 3613 3781 3684; baseline -0.004 -16"><span class='ocrx_word' id='word_1_578' title='bbox 2188 3613 2284 3684; x_wconf 91' lang='lat' dir='ltr'><strong>qui</strong></span> <span class='ocrx_word' id='word_1_579' title='bbox 2307 3613 2678 3684; x_wconf 87' lang='lat' dir='ltr'><strong>loquebatur.</strong></span> <span class='ocrx_word' id='word_1_580' title='bbox 2716 3614 2822 3670; x_wconf 87' lang='lat' dir='ltr'><strong>Sed</strong></span> <span class='ocrx_word' id='word_1_581' title='bbox 2846 3629 2976 3670; x_wconf 91' lang='lat' dir='ltr'><strong>cum</strong></span> <span class='ocrx_word' id='word_1_582' title='bbox 3000 3616 3290 3670; x_wconf 89' lang='lat' dir='ltr'><strong>neminem</strong></span> <span class='ocrx_word' id='word_1_583' title='bbox 3331 3613 3622 3682; x_wconf 87' lang='lat' dir='ltr'><strong>inveniret,</strong></span> <span class='ocrx_word' id='word_1_584' title='bbox 3675 3618 3781 3664; x_wconf 85' lang='lat' dir='ltr'><strong>con-</strong></span> 
     </span>
    </p>
   </div>
   <div class='ocr_carea' id='block_1_85' title="bbox 2185 3700 3780 3774">
    <p class='ocr_par' dir='ltr' id='par_1_85' title="bbox 2185 3700 3780 3774">
     <span class='ocr_line' id='line_1_85' title="bbox 2185 3700 3780 3774; baseline -0.006 -16"><span class='ocrx_word' id='word_1_585' title='bbox 2185 3702 2464 3758; x_wconf 90' lang='lat' dir='ltr'><strong>sideravit</strong></span> <span class='ocrx_word' id='word_1_586' title='bbox 2495 3702 2650 3774; x_wconf 89' lang='lat' dir='ltr'><strong>quod</strong></span> <span class='ocrx_word' id='word_1_587' title='bbox 2675 3703 2917 3772; x_wconf 84' lang='lat' dir='ltr'><strong>angelus</strong></span> <span class='ocrx_word' id='word_1_588' title='bbox 2946 3704 3068 3760; x_wconf 73' lang='lat' dir='ltr'><strong>haec</strong></span> <span class='ocrx_word' id='word_1_589' title='bbox 3087 3703 3352 3769; x_wconf 89' lang='lat' dir='ltr'><strong>diceret;</strong></span> <span class='ocrx_word' id='word_1_590' title='bbox 3405 3700 3692 3770; x_wconf 88' lang='lat' dir='ltr'><strong>statimque</strong></span> <span class='ocrx_word' id='word_1_591' title='bbox 3710 3709 3780 3750; x_wconf 87' lang='lat' dir='ltr'><strong>re-</strong></span> 
     </span>
    </p>
   </div>
   <div class='ocr_carea' id='block_1_86' title="bbox 2184 3787 3778 3864">
    <p class='ocr_par' dir='ltr' id='par_1_86' title="bbox 2184 3787 3778 3864">
     <span class='ocr_line' id='line_1_86' title="bbox 2184 3787 3778 3864; baseline -0.006 -16"><span class='ocrx_word' id='word_1_592' title='bbox 2184 3806 2410 3862; x_wconf 88' lang='lat' dir='ltr'><strong>versus,</strong></span> <span class='ocrx_word' id='word_1_593' title='bbox 2448 3792 2894 3864; x_wconf 89' lang='lat' dir='ltr'><strong>venitTicinum,</strong></span> <span class='ocrx_word' id='word_1_594' title='bbox 2922 3793 3226 3849; x_wconf 86' lang='lat' dir='ltr'><strong>etinvenit</strong></span> <span class='ocrx_word' id='word_1_595' title='bbox 3269 3793 3349 3848; x_wconf 93' lang='lat' dir='ltr'><strong>ibi</strong></span> <span class='ocrx_word' id='word_1_596' title='bbox 3397 3787 3778 3848; x_wconf 86' lang='lat' dir='ltr'><strong>multitudinem</strong></span> 
     </span>
    </p>
   </div>
   <div class='ocr_carea' id='block_1_87' title="bbox 2186 3876 3773 3952">
    <p class='ocr_par' dir='ltr' id='par_1_87' title="bbox 2186 3876 3773 3952">
     <span class='ocr_line' id='line_1_87' title="bbox 2186 3876 3773 3952; baseline -0.004 -17"><span class='ocrx_word' id='word_1_597' title='bbox 2186 3879 2718 3952; x_wconf 82' lang='lat' dir='ltr'><strong>Longobardorum,</strong></span> <span class='ocrx_word' id='word_1_598' title='bbox 2753 3882 2851 3952; x_wconf 92' lang='lat' dir='ltr'><strong>qui</strong></span> <span class='ocrx_word' id='word_1_599' title='bbox 2868 3897 2998 3938; x_wconf 91' lang='lat' dir='ltr'><strong>eum</strong></span> <span class='ocrx_word' id='word_1_600' title='bbox 3022 3897 3153 3938; x_wconf 92' lang='lat' dir='ltr'><strong>cum</strong></span> <span class='ocrx_word' id='word_1_601' title='bbox 3175 3881 3393 3952; x_wconf 90' lang='lat' dir='ltr'><strong>gaudio</strong></span> <span class='ocrx_word' id='word_1_602' title='bbox 3415 3876 3773 3949; x_wconf 88' lang='lat' dir='ltr'><strong>susceperunt.</strong></span> 
     </span>
    </p>
   </div>
   <div class='ocr_carea' id='block_1_88' title="bbox 2183 3961 3774 4043">
    <p class='ocr_par' dir='ltr' id='par_1_88' title="bbox 2183 3961 3774 4043">
     <span class='ocr_line' id='line_1_88' title="bbox 2183 3961 3774 4043; baseline -0.006 -19"><span class='ocrx_word' id='word_1_603' title='bbox 2183 3968 2418 4040; x_wconf 89' lang='lat' dir='ltr'><strong>Expulit</strong></span> <span class='ocrx_word' id='word_1_604' title='bbox 2443 3975 2635 4026; x_wconf 90' lang='lat' dir='ltr'><strong>autem</strong></span> <span class='ocrx_word' id='word_1_605' title='bbox 2653 3970 3024 4027; x_wconf 88' lang='lat' dir='ltr'><strong>Garibaldum</strong></span> <span class='ocrx_word' id='word_1_606' title='bbox 3050 3985 3294 4043; x_wconf 90' lang='lat' dir='ltr'><strong>puerum</strong></span> <span class='ocrx_word' id='word_1_607' title='bbox 3309 3969 3484 4026; x_wconf 91' lang='lat' dir='ltr'><strong>ﬁlium</strong></span> <span class='ocrx_word' id='word_1_608' title='bbox 3504 3961 3774 4022; x_wconf 88' lang='lat' dir='ltr'><strong>Grimoaldi</strong></span> 
     </span>
    </p>
   </div>
   <div class='ocr_carea' id='block_1_89' title="bbox 2183 4053 3774 4132">
    <p class='ocr_par' dir='ltr' id='par_1_89' title="bbox 2183 4053 3774 4132">
     <span class='ocr_line' id='line_1_89' title="bbox 2183 4053 3774 4132; baseline -0.007 -19"><span class='ocrx_word' id='word_1_609' title='bbox 2183 4057 2252 4113; x_wconf 91' lang='lat' dir='ltr'><strong>de</strong></span> <span class='ocrx_word' id='word_1_610' title='bbox 2287 4072 2486 4129; x_wconf 89' lang='lat' dir='ltr'><strong>regno,</strong></span> <span class='ocrx_word' id='word_1_611' title='bbox 2507 4063 2566 4115; x_wconf 88' lang='lat' dir='ltr'><strong>et</strong></span> <span class='ocrx_word' id='word_1_612' title='bbox 2619 4065 2752 4132; x_wconf 89' lang='lat' dir='ltr'><strong>post</strong></span> <span class='ocrx_word' id='word_1_613' title='bbox 2793 4073 3049 4116; x_wconf 86' lang='lat' dir='ltr'><strong>mensem</strong></span> <span class='ocrx_word' id='word_1_614' title='bbox 3103 4059 3353 4116; x_wconf 86' lang='lat' dir='ltr'><strong>tercium</strong></span> <span class='ocrx_word' id='word_1_615' title='bbox 3407 4053 3774 4114; x_wconf 89' lang='lat' dir='ltr'><strong>ordinaverunt</strong></span> 
     </span>
    </p>
   </div>
   <div class='ocr_carea' id='block_1_90' title="bbox 2179 4142 3772 4221">
    <p class='ocr_par' dir='ltr' id='par_1_90' title="bbox 2179 4142 3772 4221">
     <span class='ocr_line' id='line_1_90' title="bbox 2179 4142 3772 4221; baseline -0.007 -17"><span class='ocrx_word' id='word_1_616' title='bbox 2179 4162 2310 4204; x_wconf 87' lang='lat' dir='ltr'><strong>cum</strong></span> <span class='ocrx_word' id='word_1_617' title='bbox 2340 4147 2700 4217; x_wconf 79' lang='lat' dir='ltr'><strong>Langobardi</strong></span> <span class='ocrx_word' id='word_1_618' title='bbox 2736 4163 2928 4219; x_wconf 88' lang='lat' dir='ltr'><strong>regem</strong></span> <span class='ocrx_word' id='word_1_619' title='bbox 2952 4163 3128 4221; x_wconf 91' lang='lat' dir='ltr'><strong>super</strong></span> <span class='ocrx_word' id='word_1_620' title='bbox 3161 4163 3244 4204; x_wconf 91' lang='lat' dir='ltr'><strong>se.</strong></span> <span class='ocrx_word' id='word_1_621' title='bbox 3282 4150 3417 4205; x_wconf 90' lang='lat' dir='ltr'><strong>Erat</strong></span> <span class='ocrx_word' id='word_1_622' title='bbox 3450 4145 3592 4202; x_wconf 90' lang='lat' dir='ltr'><strong>enim</strong></span> <span class='ocrx_word' id='word_1_623' title='bbox 3633 4142 3772 4197; x_wconf 89' lang='lat' dir='ltr'><strong>homo</strong></span> 
     </span>
    </p>
   </div>
   <div class='ocr_carea' id='block_1_91' title="bbox 2175 4235 3769 4308">
    <p class='ocr_par' dir='ltr' id='par_1_91' title="bbox 2175 4235 3769 4308">
     <span class='ocr_line' id='line_1_91' title="bbox 2175 4235 3769 4308; baseline -0.007 -16"><span class='ocrx_word' id='word_1_624' title='bbox 2175 4235 2376 4306; x_wconf 86' lang='lat' dir='ltr'><strong>justus</strong></span> <span class='ocrx_word' id='word_1_625' title='bbox 2391 4236 2525 4292; x_wconf 89' lang='lat' dir='ltr'><strong>etin</strong></span> <span class='ocrx_word' id='word_1_626' title='bbox 2553 4236 2768 4294; x_wconf 90' lang='lat' dir='ltr'><strong>Christi</strong></span> <span class='ocrx_word' id='word_1_627' title='bbox 2784 4237 2895 4294; x_wconf 88' lang='lat' dir='ltr'><strong>ﬁde</strong></span> <span class='ocrx_word' id='word_1_628' title='bbox 2916 4243 3113 4294; x_wconf 90' lang='lat' dir='ltr'><strong>rectus</strong></span> <span class='ocrx_word' id='word_1_629' title='bbox 3125 4244 3181 4294; x_wconf 90' lang='lat' dir='ltr'><strong>et</strong></span> <span class='ocrx_word' id='word_1_630' title='bbox 3204 4237 3464 4294; x_wconf 88' lang='lat' dir='ltr'><strong>nutritor</strong></span> <span class='ocrx_word' id='word_1_631' title='bbox 3478 4241 3769 4308; x_wconf 86' lang='lat' dir='ltr'><strong>pauperum.</strong></span> 
     </span>
    </p>
   </div>
   <div class='ocr_carea' id='block_1_92' title="bbox 2175 4316 3769 4398">
    <p class='ocr_par' dir='ltr' id='par_1_92' title="bbox 2175 4316 3769 4398">
     <span class='ocr_line' id='line_1_92' title="bbox 2175 4316 3769 4398; baseline -0.006 -19"><span class='ocrx_word' id='word_1_632' title='bbox 2175 4325 2328 4380; x_wconf 83' lang='lat' dir='ltr'><strong>Misit</strong></span> <span class='ocrx_word' id='word_1_633' title='bbox 2363 4329 2556 4381; x_wconf 90' lang='lat' dir='ltr'><strong>autem</strong></span> <span class='ocrx_word' id='word_1_634' title='bbox 2589 4327 2642 4382; x_wconf 90' lang='lat' dir='ltr'><strong>in</strong></span> <span class='ocrx_word' id='word_1_635' title='bbox 2674 4327 3088 4398; x_wconf 88' lang='lat' dir='ltr'><strong>Beneventum,</strong></span> <span class='ocrx_word' id='word_1_636' title='bbox 3115 4331 3174 4383; x_wconf 90' lang='lat' dir='ltr'><strong>et</strong></span> <span class='ocrx_word' id='word_1_637' title='bbox 3219 4327 3356 4383; x_wconf 87' lang='lat' dir='ltr'><strong>fecit</strong></span> <span class='ocrx_word' id='word_1_638' title='bbox 3380 4323 3578 4380; x_wconf 83' lang='lat' dir='ltr'><strong>exinde</strong></span> <span class='ocrx_word' id='word_1_639' title='bbox 3608 4316 3769 4376; x_wconf 87' lang='lat' dir='ltr'><strong>venire</strong></span> 
     </span>
    </p>
   </div>
   <div class='ocr_carea' id='block_1_93' title="bbox 2173 4405 3767 4473">
    <p class='ocr_par' dir='ltr' id='par_1_93' title="bbox 2173 4405 3767 4473">
     <span class='ocr_line' id='line_1_93' title="bbox 2173 4405 3767 4473; baseline -0.007 -5"><span class='ocrx_word' id='word_1_640' title='bbox 2173 4413 2557 4471; x_wconf 86' lang='lat' dir='ltr'><strong>Rodelindam</strong></span> <span class='ocrx_word' id='word_1_641' title='bbox 2591 4431 2830 4472; x_wconf 90' lang='lat' dir='ltr'><strong>uxorem</strong></span> <span class='ocrx_word' id='word_1_642' title='bbox 2887 4430 3050 4473; x_wconf 90' lang='lat' dir='ltr'><strong>suam</strong></span> <span class='ocrx_word' id='word_1_643' title='bbox 3109 4419 3169 4471; x_wconf 92' lang='lat' dir='ltr'><strong>et</strong></span> <span class='ocrx_word' id='word_1_644' title='bbox 3215 4415 3584 4472; x_wconf 92' lang='lat' dir='ltr'><strong>Cunibertum</strong></span> <span class='ocrx_word' id='word_1_645' title='bbox 3622 4405 3767 4463; x_wconf 91' lang='lat' dir='ltr'><strong>ﬁlium</strong></span> 
     </span>
    </p>
   </div>
   <div class='ocr_carea' id='block_1_94' title="bbox 417 4495 3762 4574">
    <p class='ocr_par' dir='ltr' id='par_1_94' title="bbox 417 4495 3762 4574">
     <span class='ocr_line' id='line_1_94' title="bbox 417 4495 3762 4574; baseline -0.004 -15"><span class='ocrx_word' id='word_1_646' title='bbox 417 4501 596 4568; x_wconf 87' lang='lat' dir='ltr'><strong>Quem</strong></span> <span class='ocrx_word' id='word_1_647' title='bbox 629 4515 760 4558; x_wconf 91' lang='lat' dir='ltr'><strong>cum</strong></span> <span class='ocrx_word' id='word_1_648' title='bbox 792 4513 896 4556; x_wconf 86' lang='lat' dir='ltr'><strong>rex</strong></span> <span class='ocrx_word' id='word_1_649' title='bbox 926 4501 1321 4572; x_wconf 86' lang='lat' dir='ltr'><strong>interrogaret</strong></span> <span class='ocrx_word' id='word_1_650' title='bbox 1354 4499 1607 4570; x_wconf 87' lang='lat' dir='ltr'><strong>qualiter</strong></span> <span class='ocrx_word' id='word_1_651' title='bbox 1631 4500 1895 4557; x_wconf 82' lang='lat' dir='ltr'><strong>Perhtari</strong></span> <span class='ocrx_word' id='word_1_652' title='bbox 1921 4502 2060 4559; x_wconf 84' lang='lat' dir='ltr'><strong>cﬂ‘u-</strong></span> <span class='ocrx_word' id='word_1_653' title='bbox 2089 4499 2142 4560; x_wconf 96' lang='lat' dir='ltr'><strong>D</strong></span> <span class='ocrx_word' id='word_1_654' title='bbox 2177 4518 2367 4574; x_wconf 85' lang='lat' dir='ltr'><strong>suum,</strong></span> <span class='ocrx_word' id='word_1_655' title='bbox 2402 4519 2548 4574; x_wconf 89' lang='lat' dir='ltr'><strong>quos</strong></span> <span class='ocrx_word' id='word_1_656' title='bbox 2603 4505 2970 4562; x_wconf 87' lang='lat' dir='ltr'><strong>Grimoaldus</strong></span> <span class='ocrx_word' id='word_1_657' title='bbox 3027 4503 3166 4562; x_wconf 90' lang='lat' dir='ltr'><strong>illuc</strong></span> <span class='ocrx_word' id='word_1_658' title='bbox 3213 4503 3426 4560; x_wconf 87' lang='lat' dir='ltr'><strong>direxit</strong></span> <span class='ocrx_word' id='word_1_659' title='bbox 3465 4502 3516 4556; x_wconf 92' lang='lat' dir='ltr'><strong>in</strong></span> <span class='ocrx_word' id='word_1_660' title='bbox 3546 4495 3762 4556; x_wconf 82' lang='lat' dir='ltr'><strong>exilium.</strong></span> 
     </span>
    </p>
   </div>
   <div class='ocr_carea' id='block_1_95' title="bbox 410 4589 2058 4662">
    <p class='ocr_par' dir='ltr' id='par_1_95' title="bbox 410 4589 2058 4662">
     <span class='ocr_line' id='line_1_95' title="bbox 410 4589 2058 4662; baseline 0.002 -16"><span class='ocrx_word' id='word_1_661' title='bbox 410 4593 601 4662; x_wconf 83' lang='lat' dir='ltr'><strong>geret,</strong></span> <span class='ocrx_word' id='word_1_662' title='bbox 635 4589 733 4648; x_wconf 90' lang='lat' dir='ltr'><strong>ille</strong></span> <span class='ocrx_word' id='word_1_663' title='bbox 764 4604 989 4648; x_wconf 89' lang='lat' dir='ltr'><strong>omnem</strong></span> <span class='ocrx_word' id='word_1_664' title='bbox 1021 4590 1105 4646; x_wconf 89' lang='lat' dir='ltr'><strong>rei</strong></span> <span class='ocrx_word' id='word_1_665' title='bbox 1138 4589 1445 4646; x_wconf 91' lang='lat' dir='ltr'><strong>veritatem</strong></span> <span class='ocrx_word' id='word_1_666' title='bbox 1473 4589 1528 4645; x_wconf 91' lang='lat' dir='ltr'><strong>ei</strong></span> <span class='ocrx_word' id='word_1_667' title='bbox 1570 4589 1848 4647; x_wconf 89' lang='lat' dir='ltr'><strong>narravit.</strong></span> <span class='ocrx_word' id='word_1_668' title='bbox 1903 4592 2058 4649; x_wconf 92' lang='lat' dir='ltr'><strong>Tunc</strong></span> 
     </span>
    </p>
   </div>
   <div class='ocr_carea' id='block_1_96' title="bbox 411 4677 2059 4750">
    <p class='ocr_par' dir='ltr' id='par_1_96' title="bbox 411 4677 2059 4750">
     <span class='ocr_line' id='line_1_96' title="bbox 411 4677 2059 4750; baseline 0.001 -14"><span class='ocrx_word' id='word_1_669' title='bbox 411 4693 518 4736; x_wconf 86' lang='lat' dir='ltr'><strong>rex</strong></span> <span class='ocrx_word' id='word_1_670' title='bbox 538 4693 736 4736; x_wconf 88' lang='lat' dir='ltr'><strong>coram</strong></span> <span class='ocrx_word' id='word_1_671' title='bbox 781 4679 1054 4736; x_wconf 89' lang='lat' dir='ltr'><strong>omnibus</strong></span> <span class='ocrx_word' id='word_1_672' title='bbox 1075 4677 1420 4736; x_wconf 89' lang='lat' dir='ltr'><strong>collaudans</strong></span> <span class='ocrx_word' id='word_1_673' title='bbox 1437 4679 1802 4750; x_wconf 90' lang='lat' dir='ltr'><strong>prudentiam</strong></span> <span class='ocrx_word' id='word_1_674' title='bbox 1861 4680 1987 4750; x_wconf 88' lang='lat' dir='ltr'><strong>ejus</strong></span> <span class='ocrx_word' id='word_1_675' title='bbox 2000 4687 2059 4737; x_wconf 90' lang='lat' dir='ltr'><strong>et</strong></span> 
     </span>
    </p>
   </div>
   <div class='ocr_carea' id='block_1_97' title="bbox 410 4767 2054 4841">
    <p class='ocr_par' dir='ltr' id='par_1_97' title="bbox 410 4767 2054 4841">
     <span class='ocr_line' id='line_1_97' title="bbox 410 4767 2054 4841; baseline -0.001 -15"><span class='ocrx_word' id='word_1_676' title='bbox 410 4768 604 4841; x_wconf 86' lang='lat' dir='ltr'><strong>ﬁdem,</strong></span> <span class='ocrx_word' id='word_1_677' title='bbox 626 4767 1006 4826; x_wconf 87' lang='lat' dir='ltr'><strong>deditomnes</strong></span> <span class='ocrx_word' id='word_1_678' title='bbox 1017 4767 1254 4824; x_wconf 90' lang='lat' dir='ltr'><strong>divitias</strong></span> <span class='ocrx_word' id='word_1_679' title='bbox 1273 4781 1412 4825; x_wconf 89' lang='lat' dir='ltr'><strong>suas</strong></span> <span class='ocrx_word' id='word_1_680' title='bbox 1427 4767 1484 4824; x_wconf 91' lang='lat' dir='ltr'><strong>in</strong></span> <span class='ocrx_word' id='word_1_681' title='bbox 1499 4767 1658 4825; x_wconf 91' lang='lat' dir='ltr'><strong>illius</strong></span> <span class='ocrx_word' id='word_1_682' title='bbox 1679 4771 2054 4841; x_wconf 86' lang='lat' dir='ltr'><strong>potestatem,</strong></span> 
     </span>
    </p>
   </div>
   <div class='ocr_carea' id='block_1_98' title="bbox 409 4855 2059 4929">
    <p class='ocr_par' dir='ltr' id='par_1_98' title="bbox 409 4855 2059 4929">
     <span class='ocr_line' id='line_1_98' title="bbox 409 4855 2059 4929; baseline -0.001 -14"><span class='ocrx_word' id='word_1_683' title='bbox 409 4863 474 4915; x_wconf 90' lang='lat' dir='ltr'><strong>ut</strong></span> <span class='ocrx_word' id='word_1_684' title='bbox 497 4863 653 4916; x_wconf 89' lang='lat' dir='ltr'><strong>esset</strong></span> <span class='ocrx_word' id='word_1_685' title='bbox 684 4855 1178 4915; x_wconf 89' lang='lat' dir='ltr'><strong>honoratissimus</strong></span> <span class='ocrx_word' id='word_1_686' title='bbox 1208 4856 1264 4913; x_wconf 92' lang='lat' dir='ltr'><strong>in</strong></span> <span class='ocrx_word' id='word_1_687' title='bbox 1297 4855 1518 4929; x_wconf 91' lang='lat' dir='ltr'><strong>palatio</strong></span> <span class='ocrx_word' id='word_1_688' title='bbox 1577 4871 1703 4914; x_wconf 90' lang='lat' dir='ltr'><strong>suo.</strong></span> <span class='ocrx_word' id='word_1_689' title='bbox 1770 4859 1914 4914; x_wconf 89' lang='lat' dir='ltr'><strong>Post</strong></span> <span class='ocrx_word' id='word_1_690' title='bbox 1955 4857 2059 4914; x_wconf 91' lang='lat' dir='ltr'><strong>ali-</strong></span> 
     </span>
    </p>
   </div>
   <div class='ocr_carea' id='block_1_99' title="bbox 409 4945 2053 5018">
    <p class='ocr_par' dir='ltr' id='par_1_99' title="bbox 409 4945 2053 5018">
     <span class='ocr_line' id='line_1_99' title="bbox 409 4945 2053 5018; baseline -0.001 -14"><span class='ocrx_word' id='word_1_691' title='bbox 409 4951 663 5018; x_wconf 89' lang='lat' dir='ltr'><strong>quantos</strong></span> <span class='ocrx_word' id='word_1_692' title='bbox 681 4945 1355 5016; x_wconf 85' lang='lat' dir='ltr'><strong>diesinterrogaviteum</strong></span> <span class='ocrx_word' id='word_1_693' title='bbox 1377 4961 1498 5018; x_wconf 89' lang='lat' dir='ltr'><strong>rex,</strong></span> <span class='ocrx_word' id='word_1_694' title='bbox 1522 4951 1716 5004; x_wconf 88' lang='lat' dir='ltr'><strong>utrum</strong></span> <span class='ocrx_word' id='word_1_695' title='bbox 1738 4961 1935 5003; x_wconf 89' lang='lat' dir='ltr'><strong>secum</strong></span> <span class='ocrx_word' id='word_1_696' title='bbox 1955 4951 2053 5004; x_wconf 91' lang='lat' dir='ltr'><strong>aut</strong></span> 
     </span>
    </p>
   </div>
   <div class='ocr_carea' id='block_1_100' title="bbox 405 5035 2054 5108">
    <p class='ocr_par' dir='ltr' id='par_1_100' title="bbox 405 5035 2054 5108">
     <span class='ocr_line' id='line_1_100' title="bbox 405 5035 2054 5108; baseline 0.001 -16"><span class='ocrx_word' id='word_1_697' title='bbox 405 5048 538 5093; x_wconf 89' lang='lat' dir='ltr'><strong>cum</strong></span> <span class='ocrx_word' id='word_1_698' title='bbox 568 5035 870 5092; x_wconf 87' lang='lat' dir='ltr'><strong>Perhctari</strong></span> <span class='ocrx_word' id='word_1_699' title='bbox 893 5035 1178 5093; x_wconf 88' lang='lat' dir='ltr'><strong>libentius</strong></span> <span class='ocrx_word' id='word_1_700' title='bbox 1205 5041 1382 5094; x_wconf 89' lang='lat' dir='ltr'><strong>esset.</strong></span> <span class='ocrx_word' id='word_1_701' title='bbox 1410 5035 1512 5093; x_wconf 83' lang='lat' dir='ltr'><strong>Ille</strong></span> <span class='ocrx_word' id='word_1_702' title='bbox 1541 5039 1733 5094; x_wconf 88' lang='lat' dir='ltr'><strong>autem</strong></span> <span class='ocrx_word' id='word_1_703' title='bbox 1777 5037 2054 5108; x_wconf 85' lang='lat' dir='ltr'><strong>coepitju-</strong></span> 
     </span>
    </p>
   </div>
   <div class='ocr_carea' id='block_1_101' title="bbox 405 5124 2050 5199">
    <p class='ocr_par' dir='ltr' id='par_1_101' title="bbox 405 5124 2050 5199">
     <span class='ocr_line' id='line_1_101' title="bbox 405 5124 2050 5199; baseline 0 -17"><span class='ocrx_word' id='word_1_704' title='bbox 405 5124 589 5184; x_wconf 86' lang='lat' dir='ltr'><strong>rando</strong></span> <span class='ocrx_word' id='word_1_705' title='bbox 621 5125 838 5198; x_wconf 88' lang='lat' dir='ltr'><strong>dicere,</strong></span> <span class='ocrx_word' id='word_1_706' title='bbox 875 5125 1029 5199; x_wconf 91' lang='lat' dir='ltr'><strong>quod</strong></span> <span class='ocrx_word' id='word_1_707' title='bbox 1059 5126 1244 5199; x_wconf 85' lang='lat' dir='ltr'><strong>magis</strong></span> <span class='ocrx_word' id='word_1_708' title='bbox 1272 5129 1508 5199; x_wconf 83' lang='lat' dir='ltr'><strong>Optaret</strong></span> <span class='ocrx_word' id='word_1_709' title='bbox 1557 5142 1688 5184; x_wconf 90' lang='lat' dir='ltr'><strong>cum</strong></span> <span class='ocrx_word' id='word_1_710' title='bbox 1746 5125 2050 5184; x_wconf 89' lang='lat' dir='ltr'><strong>Perhctari</strong></span> 
     </span>
    </p>
   </div>
   <div class='ocr_carea' id='block_1_102' title="bbox 404 5213 2041 5290">
    <p class='ocr_par' dir='ltr' id='par_1_102' title="bbox 404 5213 2041 5290">
     <span class='ocr_line' id='line_1_102' title="bbox 404 5213 2041 5290; baseline 0.002 -20"><span class='ocrx_word' id='word_1_711' title='bbox 404 5213 572 5286; x_wconf 85' lang='lat' dir='ltr'><strong>mori,</strong></span> <span class='ocrx_word' id='word_1_712' title='bbox 616 5229 788 5288; x_wconf 89' lang='lat' dir='ltr'><strong>quam</strong></span> <span class='ocrx_word' id='word_1_713' title='bbox 813 5215 1161 5290; x_wconf 88' lang='lat' dir='ltr'><strong>ubicumque</strong></span> <span class='ocrx_word' id='word_1_714' title='bbox 1180 5217 1238 5273; x_wconf 90' lang='lat' dir='ltr'><strong>in</strong></span> <span class='ocrx_word' id='word_1_715' title='bbox 1267 5217 1534 5275; x_wconf 88' lang='lat' dir='ltr'><strong>maximis</strong></span> <span class='ocrx_word' id='word_1_716' title='bbox 1564 5213 1792 5274; x_wconf 89' lang='lat' dir='ltr'><strong>deliciis</strong></span> <span class='ocrx_word' id='word_1_717' title='bbox 1825 5217 2041 5275; x_wconf 90' lang='lat' dir='ltr'><strong>vivere.</strong></span> 
     </span>
    </p>
   </div>
   <div class='ocr_carea' id='block_1_103' title="bbox 401 5299 2038 5380">
    <p class='ocr_par' dir='ltr' id='par_1_103' title="bbox 401 5299 2038 5380">
     <span class='ocr_line' id='line_1_103' title="bbox 401 5299 2038 5380; baseline 0.002 -19"><span class='ocrx_word' id='word_1_718' title='bbox 401 5299 618 5362; x_wconf 89' lang='lat' dir='ltr'><strong>Deinde</strong></span> <span class='ocrx_word' id='word_1_719' title='bbox 646 5304 1286 5366; x_wconf 82' lang='lat' dir='ltr'><strong>vocavitvestararium</strong></span> <span class='ocrx_word' id='word_1_720' title='bbox 1333 5305 1515 5379; x_wconf 89' lang='lat' dir='ltr'><strong>illum,</strong></span> <span class='ocrx_word' id='word_1_721' title='bbox 1567 5310 1626 5365; x_wconf 91' lang='lat' dir='ltr'><strong>et</strong></span> <span class='ocrx_word' id='word_1_722' title='bbox 1650 5305 1832 5378; x_wconf 88' lang='lat' dir='ltr'><strong>jussit</strong></span> <span class='ocrx_word' id='word_1_723' title='bbox 1885 5320 2038 5380; x_wconf 91' lang='lat' dir='ltr'><strong>eum,</strong></span> 
     </span>
    </p>
   </div>
   <div class='ocr_carea' id='block_1_104' title="bbox 2173 4583 3765 4651">
    <p class='ocr_par' dir='ltr' id='par_1_104' title="bbox 2173 4583 3765 4651">
     <span class='ocr_line' id='line_1_104' title="bbox 2173 4583 3765 4651; baseline -0.007 -4"><span class='ocrx_word' id='word_1_724' title='bbox 2173 4593 2450 4649; x_wconf 70' lang='lat' dir='ltr'><strong>Posthaec</strong></span> <span class='ocrx_word' id='word_1_725' title='bbox 2476 4593 2627 4650; x_wconf 89' lang='lat' dir='ltr'><strong>idem</strong></span> <span class='ocrx_word' id='word_1_726' title='bbox 2645 4594 2915 4650; x_wconf 75' lang='lat' dir='ltr'><strong>Perhtari</strong></span> <span class='ocrx_word' id='word_1_727' title='bbox 2937 4592 3504 4651; x_wconf 88' lang='lat' dir='ltr'><strong>fecitmonasterium</strong></span> <span class='ocrx_word' id='word_1_728' title='bbox 3529 4589 3579 4644; x_wconf 91' lang='lat' dir='ltr'><strong>in</strong></span> <span class='ocrx_word' id='word_1_729' title='bbox 3599 4583 3765 4642; x_wconf 87' lang='lat' dir='ltr'><strong>eodem</strong></span> 
     </span>
    </p>
   </div>
   <div class='ocr_carea' id='block_1_105' title="bbox 2172 4667 3763 4754">
    <p class='ocr_par' dir='ltr' id='par_1_105' title="bbox 2172 4667 3763 4754">
     <span class='ocr_line' id='line_1_105' title="bbox 2172 4667 3763 4754; baseline -0.009 -19"><span class='ocrx_word' id='word_1_730' title='bbox 2172 4679 2300 4737; x_wconf 91' lang='lat' dir='ltr'><strong>loco</strong></span> <span class='ocrx_word' id='word_1_731' title='bbox 2333 4681 2485 4738; x_wconf 90' lang='lat' dir='ltr'><strong>unde</strong></span> <span class='ocrx_word' id='word_1_732' title='bbox 2517 4682 2680 4754; x_wconf 90' lang='lat' dir='ltr'><strong>prius</strong></span> <span class='ocrx_word' id='word_1_733' title='bbox 2712 4684 2961 4754; x_wconf 89' lang='lat' dir='ltr'><strong>fugerat,</strong></span> <span class='ocrx_word' id='word_1_734' title='bbox 2987 4687 3048 4738; x_wconf 90' lang='lat' dir='ltr'><strong>et</strong></span> <span class='ocrx_word' id='word_1_735' title='bbox 3072 4681 3204 4738; x_wconf 91' lang='lat' dir='ltr'><strong>fecit</strong></span> <span class='ocrx_word' id='word_1_736' title='bbox 3261 4679 3406 4738; x_wconf 92' lang='lat' dir='ltr'><strong>illud</strong></span> <span class='ocrx_word' id='word_1_737' title='bbox 3448 4672 3678 4734; x_wconf 88' lang='lat' dir='ltr'><strong>dedicari</strong></span> <span class='ocrx_word' id='word_1_738' title='bbox 3719 4667 3763 4722; x_wconf 87' lang='lat' dir='ltr'><strong>in</strong></span> 
     </span>
    </p>
   </div>
   <div class='ocr_carea' id='block_1_106' title="bbox 2170 4763 3765 4840">
    <p class='ocr_par' dir='ltr' id='par_1_106' title="bbox 2170 4763 3765 4840">
     <span class='ocr_line' id='line_1_106' title="bbox 2170 4763 3765 4840; baseline -0.003 -16"><span class='ocrx_word' id='word_1_739' title='bbox 2170 4768 2445 4826; x_wconf 90' lang='lat' dir='ltr'><strong>honerem</strong></span> <span class='ocrx_word' id='word_1_740' title='bbox 2491 4771 2588 4828; x_wconf 90' lang='lat' dir='ltr'><strong>Dei</strong></span> <span class='ocrx_word' id='word_1_741' title='bbox 2619 4776 2679 4828; x_wconf 88' lang='lat' dir='ltr'><strong>et</strong></span> <span class='ocrx_word' id='word_1_742' title='bbox 2727 4777 2944 4829; x_wconf 62' lang='lat' dir='ltr'><strong>sanctas</strong></span> <span class='ocrx_word' id='word_1_743' title='bbox 2998 4770 3241 4840; x_wconf 89' lang='lat' dir='ltr'><strong>virginis</strong></span> <span class='ocrx_word' id='word_1_744' title='bbox 3281 4767 3535 4839; x_wconf 68' lang='lat' dir='ltr'><strong>Agathze,</strong></span> <span class='ocrx_word' id='word_1_745' title='bbox 3577 4763 3626 4819; x_wconf 90' lang='lat' dir='ltr'><strong>in</strong></span> <span class='ocrx_word' id='word_1_746' title='bbox 3674 4770 3765 4830; x_wconf 74' lang='lat' dir='ltr'><strong>quo</strong></span> 
     </span>
    </p>
   </div>
   <div class='ocr_carea' id='block_1_107' title="bbox 2169 4849 3763 4931">
    <p class='ocr_par' dir='ltr' id='par_1_107' title="bbox 2169 4849 3763 4931">
     <span class='ocr_line' id='line_1_107' title="bbox 2169 4849 3763 4931; baseline -0.008 -16"><span class='ocrx_word' id='word_1_747' title='bbox 2169 4858 2386 4916; x_wconf 90' lang='lat' dir='ltr'><strong>multas</strong></span> <span class='ocrx_word' id='word_1_748' title='bbox 2415 4859 2674 4930; x_wconf 85' lang='lat' dir='ltr'><strong>virgines</strong></span> <span class='ocrx_word' id='word_1_749' title='bbox 2702 4859 3099 4931; x_wconf 87' lang='lat' dir='ltr'><strong>congregavit,</strong></span> <span class='ocrx_word' id='word_1_750' title='bbox 3134 4857 3430 4929; x_wconf 90' lang='lat' dir='ltr'><strong>multaque</strong></span> <span class='ocrx_word' id='word_1_751' title='bbox 3471 4849 3763 4912; x_wconf 86' lang='lat' dir='ltr'><strong>ornamenta</strong></span> 
     </span>
    </p>
   </div>
   <div class='ocr_carea' id='block_1_108' title="bbox 2167 4935 3762 5030">
    <p class='ocr_par' dir='ltr' id='par_1_108' title="bbox 2167 4935 3762 5030">
     <span class='ocr_line' id='line_1_108' title="bbox 2167 4935 3762 5030; baseline -0.006 -26"><span class='ocrx_word' id='word_1_752' title='bbox 2167 4951 2225 5004; x_wconf 92' lang='lat' dir='ltr'><strong>et</strong></span> <span class='ocrx_word' id='word_1_753' title='bbox 2249 4947 2614 5006; x_wconf 88' lang='lat' dir='ltr'><strong>substantias</strong></span> <span class='ocrx_word' id='word_1_754' title='bbox 2643 4950 2723 5006; x_wconf 92' lang='lat' dir='ltr'><strong>ibi</strong></span> <span class='ocrx_word' id='word_1_755' title='bbox 2744 4949 2924 5008; x_wconf 90' lang='lat' dir='ltr'><strong>dedit.</strong></span> <span class='ocrx_word' id='word_1_756' title='bbox 2982 4949 3137 5005; x_wconf 86' lang='lat' dir='ltr'><strong>Fecit</strong></span> <span class='ocrx_word' id='word_1_757' title='bbox 3163 4951 3360 5004; x_wconf 88' lang='lat' dir='ltr'><strong>autem</strong></span> <span class='ocrx_word' id='word_1_758' title='bbox 3399 4949 3454 5002; x_wconf 92' lang='lat' dir='ltr'><strong>et</strong></span> <span class='ocrx_word' id='word_1_759' title='bbox 3485 4955 3620 5030; x_wconf 80' lang='lat' dir='ltr'><strong>uxor</strong></span> <span class='ocrx_word' id='word_1_760' title='bbox 3660 4935 3762 5030; x_wconf 74' lang='lat' dir='ltr'><strong>ejus</strong></span> 
     </span>
    </p>
   </div>
   <div class='ocr_carea' id='block_1_109' title="bbox 2165 5027 3762 5096">
    <p class='ocr_par' dir='ltr' id='par_1_109' title="bbox 2165 5027 3762 5096">
     <span class='ocr_line' id='line_1_109' title="bbox 2165 5027 3762 5096; baseline -0.011 -2"><span class='ocrx_word' id='word_1_761' title='bbox 2165 5037 2488 5095; x_wconf 81' lang='lat' dir='ltr'><strong>Rodelinda</strong></span> <span class='ocrx_word' id='word_1_762' title='bbox 2517 5037 2844 5096; x_wconf 62' lang='lat' dir='ltr'><strong>secclesiam</strong></span> <span class='ocrx_word' id='word_1_763' title='bbox 2869 5039 2926 5093; x_wconf 91' lang='lat' dir='ltr'><strong>in</strong></span> <span class='ocrx_word' id='word_1_764' title='bbox 2950 5037 3226 5095; x_wconf 89' lang='lat' dir='ltr'><strong>honorem</strong></span> <span class='ocrx_word' id='word_1_765' title='bbox 3255 5038 3474 5092; x_wconf 68' lang='lat' dir='ltr'><strong>sanctae</strong></span> <span class='ocrx_word' id='word_1_766' title='bbox 3519 5027 3608 5086; x_wconf 89' lang='lat' dir='ltr'><strong>Dei</strong></span> <span class='ocrx_word' id='word_1_767' title='bbox 3633 5027 3762 5096; x_wconf 84' lang='lat' dir='ltr'><strong>geni-</strong></span> 
     </span>
    </p>
   </div>
   <div class='ocr_carea' id='block_1_110' title="bbox 2161 5113 3760 5210">
    <p class='ocr_par' dir='ltr' id='par_1_110' title="bbox 2161 5113 3760 5210">
     <span class='ocr_line' id='line_1_110' title="bbox 2161 5113 3760 5210; baseline -0.002 -26"><span class='ocrx_word' id='word_1_768' title='bbox 2161 5127 2334 5185; x_wconf 88' lang='lat' dir='ltr'><strong>tricis</strong></span> <span class='ocrx_word' id='word_1_769' title='bbox 2365 5133 2425 5184; x_wconf 90' lang='lat' dir='ltr'><strong>et</strong></span> <span class='ocrx_word' id='word_1_770' title='bbox 2443 5128 2702 5200; x_wconf 83' lang='lat' dir='ltr'><strong>Virginis</strong></span> <span class='ocrx_word' id='word_1_771' title='bbox 2732 5128 2921 5185; x_wconf 58' lang='lat' dir='ltr'><strong>Mariae</strong></span> <span class='ocrx_word' id='word_1_772' title='bbox 2942 5127 3085 5184; x_wconf 89' lang='lat' dir='ltr'><strong>foris</strong></span> <span class='ocrx_word' id='word_1_773' title='bbox 3120 5137 3320 5183; x_wconf 90' lang='lat' dir='ltr'><strong>muros</strong></span> <span class='ocrx_word' id='word_1_774' title='bbox 3344 5119 3542 5192; x_wconf 90' lang='lat' dir='ltr'><strong>Ticini,</strong></span> <span class='ocrx_word' id='word_1_775' title='bbox 3582 5113 3760 5210; x_wconf 39' lang='lat' dir='ltr'><strong>itl_l_0°.°</strong></span> 
     </span>
    </p>
   </div>
   <div class='ocr_carea' id='block_1_111' title="bbox 2160 5201 3760 5291">
    <p class='ocr_par' dir='ltr' id='par_1_111' title="bbox 2160 5201 3760 5291">
     <span class='ocr_line' id='line_1_111' title="bbox 2160 5201 3760 5291; baseline -0.012 -17"><span class='ocrx_word' id='word_1_776' title='bbox 2160 5215 2258 5289; x_wconf 93' lang='lat' dir='ltr'><strong>qui</strong></span> <span class='ocrx_word' id='word_1_777' title='bbox 2301 5215 2520 5274; x_wconf 88' lang='lat' dir='ltr'><strong>dicitur</strong></span> <span class='ocrx_word' id='word_1_778' title='bbox 2579 5217 2651 5274; x_wconf 87' lang='lat' dir='ltr'><strong>ad</strong></span> <span class='ocrx_word' id='word_1_779' title='bbox 2703 5216 2988 5291; x_wconf 87' lang='lat' dir='ltr'><strong>Perticas,</strong></span> <span class='ocrx_word' id='word_1_780' title='bbox 3039 5215 3324 5274; x_wconf 89' lang='lat' dir='ltr'><strong>decorans</strong></span> <span class='ocrx_word' id='word_1_781' title='bbox 3367 5225 3490 5269; x_wconf 90' lang='lat' dir='ltr'><strong>eam</strong></span> <span class='ocrx_word' id='word_1_782' title='bbox 3539 5201 3760 5263; x_wconf 85' lang='lat' dir='ltr'><strong>miriﬁcis</strong></span> 
     </span>
    </p>
   </div>
   <div class='ocr_carea' id='block_1_112' title="bbox 2150 5307 2524 5366">
    <p class='ocr_par' dir='ltr' id='par_1_112' title="bbox 2150 5307 2524 5366">
     <span class='ocr_line' id='line_1_112' title="bbox 2150 5307 2524 5366; baseline -0.003 -1"><span class='ocrx_word' id='word_1_783' title='bbox 2150 5307 2524 5366; x_wconf 86' lang='lat' dir='ltr'><strong>ornamentis.</strong></span> 
     </span>
    </p>
   </div>
   <div class='ocr_carea' id='block_1_113' title="bbox 1757 5469 2440 5529">
    <p class='ocr_par' dir='ltr' id='par_1_113' title="bbox 1757 5469 2440 5529">
     <span class='ocr_line' id='line_1_113' title="bbox 1757 5469 2440 5529; baseline 0.001 -2"><span class='ocrx_word' id='word_1_784' title='bbox 1757 5469 1996 5528; x_wconf 71' lang='lat' dir='ltr'><strong>VARIAE</strong></span> <span class='ocrx_word' id='word_1_785' title='bbox 2035 5469 2440 5529; x_wconf 89' lang='lat' dir='ltr'><strong>LECTIONES.</strong></span> 
     </span>
    </p>
   </div>
   <div class='ocr_carea' id='block_1_114' title="bbox 471 5587 1637 5701">
    <p class='ocr_par' dir='ltr' id='par_1_114' title="bbox 471 5587 1637 5701">
     <span class='ocr_line' id='line_1_114' title="bbox 471 5587 1637 5701; baseline 0.005 -54"><span class='ocrx_word' id='word_1_786' title='bbox 471 5587 565 5627; x_wconf 70' lang='lat' dir='ltr'><strong>‘m</strong></span> <span class='ocrx_word' id='word_1_787' title='bbox 586 5588 736 5650; x_wconf 86' lang='lat' dir='ltr'><strong>amic</strong></span> <span class='ocrx_word' id='word_1_788' title='bbox 769 5595 820 5646; x_wconf 85' lang='lat'><strong>1.</strong></span> <span class='ocrx_word' id='word_1_789' title='bbox 856 5589 947 5626; x_wconf 81' lang='grc'><strong>¹⁰⁴¹¹</strong></span> <span class='ocrx_word' id='word_1_790' title='bbox 974 5593 1139 5652; x_wconf 75' lang='lat' dir='ltr'><strong>XVII.</strong></span> <span class='ocrx_word' id='word_1_791' title='bbox 1168 5605 1320 5666; x_wconf 67' lang='lat' dir='ltr'><strong>corr,</strong></span> <span class='ocrx_word' id='word_1_792' title='bbox 1377 5591 1542 5652; x_wconf 79' lang='lat' dir='ltr'><strong>XVII.</strong></span> 
     </span>
    </p>
   </div>
  </div>
