3952 6318
148 300 281 364 805

1042 294 1480 361 CHRONICA.
1514 330 1592 342 -
1621 292 2097 360 CHRONICON
2141 294 2689 362 UNIVERSALE.

3451 300 3573 366 806

228 433 424 507 Igitur
454 432 723 491 Perhtari
754 447 883 490 cum
917 436 1188 502 regnaret
1221 431 1386 489 solus
1419 446 1521 504 per
1551 444 1735 487 annos
1753 435 1807 501 7,
1844 431 1899 493 A
1929 429 2127 489 missis
2155 432 2390 505 decidit,
2418 447 2587 504 quem
2631 432 2785 491 illius
2817 433 3058 491 Aldouis
3083 436 3265 494 adhuc
3291 438 3571 509 puerulus

149 526 212 581 in
240 529 459 581 octavo
483 537 636 580 anno
653 521 948 578 ordinavit
966 521 1346 578 Cunibertum
1369 520 1546 577 filium
1563 533 1730 577 suum
1756 520 1812 574 in

149 628 368 685 regno,
388 617 452 671 ut
478 612 702 685 pariter
733 615 1069 682 regnarent,
1093 616 1151 667 et
1176 614 1563 680 regnaverunt
1594 609 1815 681 pariter

154 718 270 777 per
302 703 508 759 decem
554 716 757 758 annos.
794 702 1055 772 Cumque
1086 701 1141 756 in
1190 702 1344 757 omni
1386 699 1816 771 tranquillitate

154 794 508 863 regnarent,
543 790 803 847 surrexit
836 794 1036 846 contra
1078 805 1182 847 eos
1225 789 1380 846 filius
1420 788 1655 858 diaboli,
1688 789 1817 844 Ala-

150 880 290 938 cbis
320 863 413 914 ¹⁰ί⁸
444 879 691 948 nomine,
755 879 825 934 de
882 878 1185 944 Tridento;
1243 878 1343 934 sed
1400 877 1811 947 Chunibcrtus,

151 968 326 1025 illius
366 967 540 1038 regis,
577 966 827 1037 diligens
864 965 1098 1023 Alachis
1130 966 1239 1033 ¹⁰⁴⁹,
1276 966 1566 1023 revocavit
1598 982 1725 1022 eum
1760 966 1814 1021 in

148 1057 415 1127 gratiam
451 1053 635 1128 patris
682 1054 789 1111 sui.
826 1055 972 1129 Sepe
1005 1055 1219 1127 quippe
1248 1054 1433 1110 voluit
1465 1069 1566 1110 rex
1600 1054 1818 1110 interfi-

147 1158 306 1202 cere
341 1142 601 1200 Alachim
635 1141 756 1196 ¹⁰⁶⁰ε
783 1142 882 1199 sed
911 1142 1304 1199 Chunibcrtus
1328 1157 1557 1214 semper
1590 1142 1814 1212 rogavit

148 1248 270 1306 pro
306 1248 398 1305 eo,
455 1246 699 1305 sperans
731 1231 887 1302 quod
919 1230 1231 1302 aliquando
1264 1231 1314 1287 ei
1375 1231 1565 1288 fidelis
1622 1236 1812 1297 esset;

150 1324 409 1395 insuper
457 1338 570 1379 non
604 1321 856 1378 cessavit
909 1335 1117 1391 rogare
1162 1325 1409 1393 patrem,
1472 1324 1532 1377 ut
1566 1319 1729 1377 daret
1761 1320 1813 1376 ei

152 1414 446 1471 ducatum
469 1412 700 1467 Brixiae.
726 1410 993 1467 Perhtari
1016 1425 1155 1467 vero
1180 1410 1328 1468 dixit
1352 1429 1363 1465 :
1398 1410 1493 1467 Ad
1511 1411 1677 1468 tuam
1683 1425 1817 1483 per-

151 1500 457 1560 ditionem
473 1500 867 1571 hocrogas,ut
878 1499 1022 1557 talis
1029 1499 1308 1572 potentia
1317 1499 1817 1558 virtutemAlachi

152 1590 320 1661 dem,
367 1590 440 1647 ut
472 1587 675 1662 possit
713 1602 988 1659 regnare.
1026 1588 1242 1646 Civitas
1272 1604 1518 1660 namque
1550 1589 1814 1646 Brixiana

151 1692 406 1750 semper
454 1676 657 1734 habuit
714 1677 1146 1734 multitudinem
1175 1678 1246 1735 de
1274 1678 1569 1736 nobilibus
1597 1678 1817 1750 Longo-

150 1766 406 1832 bardis;
442 1771 682 1838 propter
712 1766 821 1822 hoc
854 1766 1047 1822 timuit
1078 1767 1365 1835 Perhtari,
1401 1766 1555 1839 quod
1581 1767 1815 1824 Alaehis

149 1855 244 1911 ibi
279 1854 698 1911 dominaretur.
752 1856 1063 1926 Postquam
1125 1859 1316 1913 autem
1368 1856 1515 1912 idem
1548 1856 1813 1912 Perhtari

150 1942 434 2013 regnavit
466 1957 569 2014 per
600 1957 785 1999 annos
816 1945 901 2014 18,
938 1942 1250 2000 defunctus
1280 1950 1389 2014 est,
1425 1949 1482 2000 et
1510 1944 1678 2014 juxta
1707 1960 1814 2001 asc-

149 2030 426 2101 clesiam,
445 2044 614 2101 quam
633 2031 940 2103 Aripertus
960 2037 1127 2104 pater
1141 2032 1268 2103 ejus
1288 2033 1527 2104 fecerat,
1544 2032 1816 2105 sepultus

152 2124 277 2177 est.
304 2121 447 2176 Post
470 2124 714 2176 mortem
738 2135 879 2178 vero
900 2120 1026 2190 ejus
1051 2121 1465 2192 Chunibcrtus,
1487 2121 1642 2178 illius
1665 2122 1813 2194 ejus,

155 2206 302 2266 tulit
332 2223 577 2266 uxorem
600 2208 828 2265 nomine
857 2209 1267 2282 Ermelindam,
1299 2210 1369 2267 de
1402 2224 1616 2281 genere
1649 2211 1814 2283 Angli

156 2309 477 2353 saxonum.
504 2296 736 2354 Alachis
759 2312 897 2353 vero
929 2297 1150 2355 oblitus
1172 2299 1362 2356 omnia
1394 2299 1564 2372 bona,
1600 2315 1729 2372 quae
1759 2300 1815 2356 in

158 2399 301 2442 eum
331 2386 473 2442 fecit
527 2385 942 2457 Chunibcrtus,
998 2386 1193 2457 junxit
1224 2402 1288 2445 se
1319 2403 1449 2447 cum
1507 2388 1726 2446 Aldone
1757 2394 1813 2446 et

158 2473 472 2531 Grausone
496 2476 566 2531 de
591 2474 779 2532 Brixia
805 2481 863 2532 et
890 2491 1021 2532 cum
1062 2476 1261 2534 multis
1294 2478 1726 2547 Longobardis;
1758 2481 1814 2535 et

154 2579 299 2622 cum
335 2577 451 2620 non
480 2568 641 2621 esset
672 2564 1067 2621 Chunibcrtus
1099 2564 1153 2621 in
1186 2565 1382 2637 Papia,
1418 2565 1685 2622 introivit
1719 2566 1815 2623 ille

156 2652 218 2708 in
253 2651 538 2725 palatium
571 2667 715 2722 ejus.
772 2658 834 2709 et
881 2652 1188 2709 rebellavit
1244 2653 1315 2710 ei.
1349 2652 1513 2719 Quod
1573 2654 1815 2712 audiens

160 2740 583 2811 Chunibcrtus,
620 2741 769 2811 fugit
809 2741 965 2797 intra
995 2741 1182 2799 lacum
1214 2741 1474 2798 Larrium
1509 2742 1676 2813 juxta
1710 2746 1816 2801 Cu-

158 2844 335 2886 mam.
374 2831 548 2886 Facta
579 2835 671 2886 est
712 2834 905 2886 autem
937 2845 1141 2900 magna
1190 2830 1495 2888 tribulatio
1544 2832 1815 2889 omnibus

155 2919 259 2990 qui
294 2932 431 2976 eum
462 2919 754 2989 amabant,
804 2920 1052 2975 maxime
1084 2918 1319 2977 clericis
1347 2925 1405 2976 et
1446 2921 1811 2993 presbiteris,

158 3022 314 3080 quos
337 3006 574 3063 Alachis
596 3006 732 3064 odio
755 3007 1027 3064 habebat.
1056 3009 1194 3064 Erat
1213 3012 1407 3065 autem
1424 3008 1527 3066 illo
1553 3013 1815 3082 tempore

160 3095 220 3152 in
240 3095 537 3153 Ticinensi
568 3094 834 3153 tecclesia
867 3097 1179 3169 episcopus
1222 3097 1454 3154 nomine
1484 3099 1810 3171 Damianus,

161 3183 760 3242 sanctissimushomo
774 3190 949 3257 atque
964 3152 1810 3259 sapientissimusﬂicvidens,
1847 3152 1894 3215 Ο

163 3273 324 3347 quod
360 3272 596 3330 Alacbis
617 3274 862 3330 haberet
886 3273 1184 3346 palatium,
1209 3289 1279 3332 ne
1301 3275 1565 3333 aecclesia
1599 3291 1700 3334 sua
1722 3278 1812 3333 vel

156 3361 284 3435 ipse
315 3360 554 3434 aliquod
595 3360 805 3419 malum
855 3368 1179 3436 pateretur,
1216 3364 1374 3421 misit
1420 3365 1489 3421 ad
1517 3380 1648 3423 eum
1680 3382 1811 3423 cum

155 3448 573 3508 benedictione
601 3450 882 3509 :ecclesize
906 3467 1028 3509 sua:
1052 3452 1363 3511 diaconum
1388 3469 1557 3511 suum
1581 3455 1811 3512 nomine

154 3539 455 3611 Thomam,
496 3540 814 3613 sapientem
861 3541 1152 3599 hominem
1182 3547 1243 3600 et
1272 3543 1637 3614 religiosum.
1671 3545 1810 3601 Cum

156 3642 276 3700 que
301 3628 642 3687 nunciatum
676 3635 830 3687 esset
860 3630 937 3702 ei,
970 3632 1122 3702 quod
1152 3632 1378 3688 veniret
1402 3632 1473 3695 ad
1504 3648 1636 3690 eum
1665 3634 1813 3690 Tho-

158 3731 286 3774 mas
332 3715 617 3775 diaconus
653 3732 782 3775 cum
816 3718 1222 3777 benedictione
1251 3720 1511 3793 episcopi
1544 3722 1656 3793 sui,
1690 3722 1816 3779 Ala-

157 3805 312 3878 chis,
339 3822 444 3879 pro
464 3821 533 3864 eo
550 3806 704 3879 quod
727 3822 929 3865 omnes
950 3807 1200 3866 clericos
1217 3810 1352 3867 odio
1373 3810 1643 3882 habebat,
1666 3827 1816 3869 man-

158 3894 325 3952 davit
358 3895 432 3965 ei,
467 3895 664 3953 dicens
698 3897 809 3955 :Si
822 3896 1179 3970 femoralia,
1212 3898 1278 3956 id
1297 3899 1387 3958 est
1412 3898 1626 3959 bracas
1651 3915 1815 3959 mun-

158 3983 272 4043 das
303 3983 500 4055 habet,
531 3985 720 4044 intret
747 3985 829 4044 ad
845 4000 956 4059 me,
978 3988 1076 4045 sin
1096 3987 1314 4060 autem,
1321 3988 1492 4061 foris
1520 3989 1649 4047 stet.
1672 3990 1816 4047 Tho-

160 4087 288 4130 mas
318 4077 513 4130 autem
565 4073 869 4147 respondit
899 4095 919 4131 :
950 4076 1249 4135 Nunciate
1299 4077 1373 4148 ei,
1404 4079 1556 4150 quia
1588 4080 1821 4139 munda‘

144 4161 489 4236 femoralia
510 4160 728 4233 habeo;
756 4177 898 4221 nam
918 4164 1092 4222 hodie
1115 4165 1266 4222 totas
1296 4165 1471 4225 indui
1489 4168 1683 4225 vestes.
1712 4167 1813 4225 [lle

161 4254 363 4307 autem
387 4251 751 4309 remandavit
776 4253 828 4309 ei
854 4254 1017 4314 :Non
1036 4253 1167 4312 dico
1190 4253 1261 4311 de
1266 4255 1692 4329 femora/ibus,
1712 4258 1817 4315 sed

163 4340 237 4396 de
262 4354 327 4397 eo
347 4341 509 4412 quod
527 4341 696 4401 intra
716 4341 1037 4405 femoralia
1072 4342 1266 4401 habet.
1305 4344 1390 4401 Ad
1420 4344 1543 4401 hac
1568 4345 1813 4403 Thomas

162 4426 450 4487 diaconus
482 4430 784 4503 respondit
810 4449 823 4486 :
846 4432 1007 4489 Deus
1024 4432 1189 4491 solus
1196 4433 1401 4505 potest
1418 4431 1596 4492 dehis
1612 4434 1815 4493 causis

1928 519 1998 576 de
2030 526 2187 576 terra
2218 521 2454 592 collegit
2487 522 2655 593 eique
2679 522 2951 581 reddidit.
2980 523 3087 590 Qui
3119 539 3381 597 seprans,
3416 528 3568 598 quod

1927 609 2051 681 ipse
2086 624 2228 682 puer
2273 610 2461 667 adhuc
2502 611 2679 667 nichil
2724 611 3114 683 intellegeret,
3160 611 3305 669 dixit
3341 633 3353 669 :
3385 614 3572 673 Pater

1928 699 2293 757 tuusmultos
2314 699 2493 757 habet
2510 701 2581 757 de
2601 701 2775 772 istis;
2792 703 2850 759 si
2872 703 3029 760 Deus
3056 702 3332 773 voluerit,
3357 706 3423 761 in
3435 719 3572 776 pro-

1924 786 2088 845 ximo
2139 790 2391 860 tempore
2430 790 2616 847 michi
2666 791 2922 849 daturus
2949 791 3041 849 est
3062 806 3173 849 eos.
3210 792 3348 849 Cum
3377 799 3572 850 autem

1927 876 2208 948 puerulus
2231 876 2302 933 ad
2325 892 2631 950 vesperum
2654 878 2875 935 rediret
2909 881 3164 951 domum,
3188 881 3574 952 interrogavit

1926 981 2055 1023 eum
2088 969 2254 1038 pater
2273 981 2434 1038 suus,
2458 966 2507 1023 si
2531 982 2635 1023 rex
2656 968 2877 1039 aliquid
2900 968 3148 1025 dixisset
3180 970 3250 1026 ad
3278 985 3429 1027 eum.
3466 970 3574 1038 Qui

1927 1070 2056 1111 cum
2082 1055 2134 1111 ei
2158 1055 2491 1113 nunciasset
2513 1056 2700 1113 omnia
2726 1057 2879 1112 facta
2903 1063 2961 1112 et
2992 1058 3167 1128 dicta,
3205 1058 3400 1116 timuit
3423 1058 3570 1116 Aldo

1929 1143 2181 1213 fortiter,
2232 1149 2292 1200 et
2332 1144 2550 1201 vadens
2585 1144 2651 1200 ad
2705 1147 2943 1201 fratrem
2994 1161 3160 1203 suum
3192 1148 3566 1219 Grausoneni,

1928 1232 2219 1290 nunciavit
2243 1233 2294 1287 ei
2336 1233 2493 1304 regis
2516 1234 2715 1305 verba,
2740 1235 3055 1305 statimque
3076 1241 3380 1304 coeperunt
3403 1237 3572 1293 ambo

1926 1321 2225 1378 cmsiliari
2257 1337 2388 1378 cum
2427 1322 2626 1379 amicis
2672 1323 2796 1379 suis
2828 1323 2899 1380 de
2931 1323 3173 1381 interitu
3207 1326 3379 1395 regis.
3413 1326 3571 1381 Mane

1927 1414 2118 1465 autem
2158 1414 2542 1480 perrexerunt
2574 1410 2643 1467 ad
2675 1409 2974 1483 palatium,
3009 1416 3067 1468 et
3101 1412 3183 1467 sic
3216 1412 3286 1467 ad
3332 1411 3572 1467 Alachin

1926 1497 2109 1554 locuti
2133 1502 2296 1554 sunt:
2332 1497 2490 1564 Quid
2509 1498 3197 1571 dignarissemperstare
3216 1502 3283 1558 in
3298 1501 3576 1558 civitate?

1924 1588 2076 1644 Ecce
2090 1587 2142 1642 to
2149 1587 2210 1644 ta
2222 1588 2439 1645 civitas
2452 1588 2510 1644 et
2522 1589 2834 1647 universus
2841 1604 3001 1662 papu
3008 1590 3099 1647 lus
3122 1589 3234 1647 tibi
3241 1590 3452 1662 ﬁdelis
3464 1590 3570 1660 est,

1927 1675 2259 1734 etebriosus
2288 1677 2395 1734 ille
2428 1676 2829 1736 Chunibcrtus
2858 1680 2923 1736 in
2954 1680 3185 1736 tantum
3213 1679 3575 1738 humiliatus

1845 1795 1898 1855 B
1929 1766 2033 1835 est,
2048 1766 2117 1821 ut
2116 1767 2253 1837 jam
2264 1766 2526 1855 amplius
2535 1766 2818 1824 virtutem
2830 1768 3105 1840 aliquam
3116 1769 3324 1826 contra
3337 1769 3391 1825 te
3401 1766 3574 1826 habe-

1926 1869 1993 1913 re
2004 1869 2114 1911 non
2114 1854 2326 1926 possit.
2343 1855 2467 1912 Exi
2483 1870 2618 1928 ergo
2631 1856 2702 1913 de
2723 1857 2987 1927 civitate,
3004 1858 3064 1913 et
3074 1857 3225 1913 vade
3236 1857 3302 1914 in
3313 1858 3574 1915 venatio-

1925 1959 2057 2001 nem
2069 1958 2202 2002 cum
2228 1944 2554 2015 juvenibus
2568 1946 2712 2015 tuis,
2732 1959 2839 2003 nos
2849 1946 3048 2003 autem
3058 1960 3189 2003 cum
3213 1946 3363 2004 aliis
3377 1946 3574 2018 ﬁdeli-

1929 2032 2035 2092 bus
2057 2033 2180 2091 tuis
2210 2033 2586 2107 defendimus
2610 2033 2721 2091 tibi
2752 2033 2909 2093 hanc
2924 2034 3256 2105 civitatem;
3269 2035 3373 2092 sed
3392 2034 3576 2093 ethoc

1919 2123 2329 2194 promittimus
2361 2122 2492 2193 tibi,
2518 2125 2589 2180 ut
2613 2124 2679 2180 in
2688 2126 2969 2195 pronimo
2991 2125 3245 2195 tempore
3259 2124 3440 2195 caput
3457 2125 3576 2181 ini-

1924 2211 2067 2268 mici
2081 2212 2171 2269 tui
2187 2212 2541 2269 Chuniberti
2564 2211 2934 2269 adducamus
2948 2212 3077 2271 tibi.
3114 2212 3347 2269 Alachis
3376 2228 3403 2269 a
3414 2218 3571 2269 utem

1922 2301 2091 2372 juxta
2123 2300 2450 2357 suasionem
2482 2316 2683 2358 eorum
2716 2301 2894 2356 exivit
2915 2302 2985 2357 de
3014 2302 3252 2358 civitate
3284 2302 3339 2357 in
3369 2302 3572 2359 silvam

1928 2388 1999 2445 ad
2033 2388 2356 2447 venandum
2404 2405 2534 2447 cum
2593 2390 2923 2446 hominibus
2953 2390 3095 2447 suis.
3152 2390 3297 2447 Aldo
3344 2405 3484 2447 vero
3514 2396 3576 2448 et

1928 2478 2149 2535 Grauso
2178 2478 2370 2536 ierunt
2396 2477 2466 2533 ad
2489 2478 2678 2534 lacum
2711 2478 3104 2550 Cumacinum,
3126 2484 3184 2534 et
3208 2478 3458 2549 ingressi
3480 2493 3578 2536 na-

1926 2565 2061 2635 vim,
2078 2570 2466 2636 perrexerunt
2488 2565 2559 2622 ad
2584 2581 2779 2636 regem
2808 2567 3246 2637 Chunibertum,
3281 2566 3580 2638 etjactan-

1926 2659 2017 2711 tes
2040 2668 2101 2711 se
2134 2654 2202 2710 ad
2236 2656 2415 2726 pedes
2441 2654 2588 2726 ejus,
2622 2656 2847 2711 veniam
2872 2658 3148 2727 petebant
3180 2657 3251 2713 de
3283 2656 3390 2714 hoc
3420 2656 3577 2728 quod

1926 2748 2126 2799 contra
2158 2758 2289 2800 eum
2326 2745 2608 2815 fecerunt,
2632 2746 2689 2799 et
2725 2743 3128 2801 indicaverunt
3149 2744 3223 2816 ei,
3259 2744 3428 2817 quale
3460 2759 3576 2801 ma-

1926 2833 2043 2890 lum
2075 2833 2162 2890 eis
2196 2833 2387 2889 facere
2418 2832 2671 2889 voluerit
2714 2832 2946 2888 Alachis
2974 2837 3035 2889 et
3063 2833 3233 2904 quale
3264 2832 3573 2892 consilium

1926 2920 2192 2980 dederint
2215 2922 2286 2978 ei.
2304 2921 2469 2988 Quod
2488 2921 2731 2979 audiens
2756 2937 2859 2979 rex
2886 2922 3301 2993 Chunibcrtus,
3340 2923 3577 2993 gavisus

1924 3015 2015 3067 est
2036 3009 2222 3080 valde,
2254 3015 2311 3067 et
2336 3011 2933 3067 sacramentuminter
2964 3026 3025 3067 se
3039 3010 3346 3083 dederunt,
3370 3016 3428 3067 et
3459 3017 3575 3069 sta-

1924 3104 2163 3157 tuerunt
2188 3100 2359 3169 diem,
2387 3100 2617 3171 quando
2642 3099 3035 3157 Chunibcrtus
3056 3100 3312 3157 Ticinum
3347 3101 3573 3157 veniret

1925 3190 2154 3262 ipsique
2175 3203 2304 3245 eum
2330 3188 2385 3244 in
2412 3187 2709 3244 civitatem
2735 3188 3216 3245 intromitterent.
3243 3189 3576 3247 Constituto

1925 3283 2118 3336 autem
2145 3276 2236 3335 die
2260 3277 2416 3333 venit
2451 3278 2860 3349 Chunibcrtus,
2888 3282 2942 3333 et
2968 3277 3072 3349 illi,
3098 3278 3247 3335 sicut
3298 3278 3575 3351 promise-

1926 3371 2076 3438 rant,
2105 3371 2408 3437 gratanter
2454 3381 2585 3423 eum
2625 3370 3031 3439 susceperunt.
3063 3367 3218 3424 Tunc
3266 3381 3463 3425 omnes
3499 3368 3576 3424 si-

1928 3455 2065 3527 mul,
2100 3455 2411 3529 episc0pus
2450 3460 2509 3511 et
2540 3454 2855 3527 presbiteri
2886 3459 2945 3512 et
2991 3454 3210 3527 clerici,
3234 3455 3482 3526 juvenes
3512 3460 3572 3513 et

1923 3558 2115 3616 senes,
2152 3560 2279 3601 cum
2325 3544 2540 3615 gaudio
2587 3548 2976 3601 cucurrerunt
3033 3544 3104 3600 ad
3142 3558 3295 3617 eum,
3352 3545 3575 3617 gratias

1926 3635 2165 3702 agentes
2194 3633 2310 3687 Deo
2341 3646 2449 3702 pro
2484 3630 2674 3686 reditu
2706 3629 2854 3702 ejus,
2885 3634 2947 3685 et
2968 3629 3065 3686 alii
3090 3631 3577 3703 amplexabantur

1921 3734 2109 3793 genua
2142 3720 2291 3791 ejus,
2345 3724 2405 3775 et
2436 3717 2532 3773 alii
2566 3718 2773 3790 pedes;
2823 3718 2926 3775 sed
2957 3722 3018 3774 et
3048 3718 3147 3775 ille
3195 3721 3348 3790 quod
3379 3722 3576 3792 potuit

1925 3808 2293 3866 familiariter
2332 3807 2633 3864 osculatus
2662 3812 2773 3863 est.
2836 3806 3041 3862 Subito
3099 3812 3291 3863 autem
3324 3809 3574 3865 nuncius

1923 3896 2134 3954 exinde
2165 3896 2405 3953 veniens
2441 3894 2512 3951 ad
2546 3888 2896 3965 Alachisum,
2932 3893 3083 3949 dixit
3110 3894 3185 3966 ei,
3219 3894 3374 3966 quod
3426 3893 3576 3954 Aldo

1923 3992 1980 4044 et
2003 3987 2226 4043 Grauso
2248 3999 2360 4041 non
2384 3988 2609 4041 tantum
2640 3988 2817 4057 caput
2839 3982 3200 4057 Chuniberti,
3256 3984 3408 4041 sicut
3446 3998 3578 4056 pro-

1926 4075 2225 4147 miserant,
2260 4072 2362 4131 sed
2396 4079 2454 4129 et
2487 4078 2672 4129 totum
2702 4087 2918 4146 corpus
2945 4072 3073 4143 ejus
3101 4072 3484 4130 adduxissent
3516 4077 3579 4129 et

1924 4163 1982 4220 in
2012 4162 2292 4236 palatium
2336 4160 2650 4219 misissent.
2686 4160 2853 4228 Quod
2906 4160 3003 4218 ille
3032 4160 3298 4233 audiens,
3357 4161 3575 4218 contri-

1924 4257 2119 4310 status
2145 4253 2237 4308 est
2265 4249 2456 4323 valde,
2504 4254 2562 4305 et
2595 4265 2725 4308 cum
2758 4265 2966 4323 magno
2996 4251 3195 4308 furore
3243 4249 3572 4323 discedens,

1926 4341 2028 4399 ivit
2052 4354 2157 4414 per
2186 4338 2567 4412 Placentiam,
2616 4344 2676 4396 et
2708 4340 2923 4398 multas
2971 4339 3266 4412 civitates,
3299 4340 3443 4397 alias
3475 4354 3581 4413 per

1926 4429 2269 4502 blandicias,
2304 4428 2450 4486 alias
2479 4429 2534 4485 vi
2577 4428 3021 4502 apprehendens
3049 4428 3430 4501 congregavit
3460 4442 3583 4484 om-

157 4517 1810 4595 reprehensioneminmeinvenire,illeautemnonpotest.
1842 4511 1897 4575 D
1928 4534 2033 4577 nes
2057 4534 2202 4591 quos
2216 4519 2427 4591 potuit,
2452 4522 2511 4577 ut
2535 4533 2665 4577 cum
2690 4517 3046 4577 Chuniberto
3069 4522 3375 4593 pugnaret.
3412 4518 3581 4574 Cum-

165 4607 427 4679 Cumque
459 4605 621 4664 illum
666 4607 886 4665 intrare
918 4609 1175 4678 fecisset,
1207 4626 1337 4668 cum
1384 4625 1586 4682 magna
1621 4612 1704 4669 ira
1734 4613 1814 4670 lo~

163 4700 340 4753 cutus
359 4701 449 4753 est
490 4696 563 4753 ei.
593 4698 758 4765 Quod
789 4696 1095 4757 audientes
1125 4715 1327 4758 omnes
1353 4700 1575 4775 clerici,
1606 4702 1815 4761 timue-

165 4790 307 4841 runt
334 4784 571 4843 nimium
595 4790 904 4858 sperantes
930 4788 1081 4860 quod
1106 4788 1161 4845 in
1190 4789 1285 4845 illa
1309 4791 1548 4848 civitate
1572 4798 1816 4865 propter

165 4872 581 4931 crudelitatem
604 4874 731 4946 ejus
753 4876 948 4934 vivere
972 4893 1083 4935 non
1109 4883 1369 4951 possent,
1393 4888 1814 4953 coeperuntque

163 4966 395 5019 tantum
442 4963 783 5021 desiderare
812 4971 870 5022 et
901 4981 1095 5023 amare
1147 4968 1567 5027 Chunibertum
1618 4985 1814 5040 regem

165 5064 355 5124 suum,
384 5057 663 5124 quantum
692 5053 1006 5113 audierunt
1036 5056 1275 5113 Alachin
1309 5057 1608 5115 crudelem
1640 5063 1701 5114 et
1722 5073 1816 5116 su-

165 5142 432 5214 perbum.
480 5141 640 5199 Unde
676 5143 998 5201 crudelitas
1024 5144 1151 5216 ejus
1172 5149 1230 5202 et
1261 5147 1537 5220 superbia
1569 5162 1683 5204 non
1713 5147 1817 5206 du-

166 5231 314 5289 ravit
344 5244 453 5303 per
483 5236 747 5304 tempora
779 5232 981 5290 multa.
1007 5235 1269 5307 Denique
1289 5250 1419 5293 cum
1449 5235 1697 5309 quadam
1721 5235 1815 5296 die

164 5318 386 5378 solidos
416 5332 598 5392 super
638 5333 892 5379 mensam
923 5336 1086 5381 suam
1133 5328 1489 5398 numeraret,
1528 5339 1675 5383 unus
1702 5329 1817 5383 tre-

1930 4623 2042 4683 que
2071 4607 2462 4668 Chunibcrtus
2492 4614 2735 4669 econtra
2766 4623 2903 4668 suos
2933 4608 3260 4679 colligeret,
3290 4619 3578 4664 convene-

1927 4704 2063 4758 runt
2088 4701 2145 4756 in
2165 4715 2369 4773 campo
2406 4701 2504 4773 qui
2548 4700 2873 4757 Coronatus
2899 4698 3135 4768 dicitur,
3174 4696 3368 4767 ibique
3400 4698 3581 4751 stete-

1928 4793 2084 4846 runt.
2101 4789 2458 4847 Misitautem
2492 4788 2885 4845 Chunibertus
2898 4787 2969 4843 ad
2982 4785 3316 4842 Alacbisum
3330 4783 3535 4840 dicens
3561 4802 3575 4839 :

1933 4881 2011 4937 Ut
2024 4880 2178 4951 quid
2173 4879 2345 4952 perit
2358 4879 2528 4935 tanta
2540 4877 2844 4935 hominum
2857 4874 3212 4933 multitudo?
3237 4874 3581 4944 Pugnemus

1928 4981 2031 5039 ego
2053 4968 2115 5024 et
2131 4968 2213 5038 tu,
2230 4966 2289 5023 et
2312 4967 2421 5039 qui
2449 4964 2681 5035 vicerit,
2703 4977 2953 5036 regnum
2974 4962 3187 5019 teneat.
3215 4958 3449 5016 Alachis
3483 4973 3580 5016 au-

1926 5060 2046 5112 tem
2076 5056 2283 5113 noluit.
2330 5054 2430 5111 Cui
2462 5054 2609 5110 dixit
2644 5068 2794 5111 unus
2842 5054 2912 5109 de
2940 5049 3155 5123 pepulo
3203 5064 3330 5121 suo,
3362 5062 3579 5119 genere

1926 5144 2179 5201 Tuscus:
2200 5144 2391 5210 Quare
2410 5157 2529 5201 non
2527 5141 3022 5216 pugnascmneo?
3040 5140 3126 5197 Tu
3136 5152 3197 5197 es
3207 5139 3581 5204 fortissimus

1928 5233 1990 5291 et
2012 5232 2477 5304 audacissimus,
2514 5233 2575 5290 et
2610 5245 2718 5291 cur
2754 5245 2873 5289 non
2901 5231 3032 5288 edis
3058 5242 3192 5288 cum
3219 5227 3485 5287 audacia
3509 5227 3588 5285 ut

1920 5334 2153 5396 pugnes
2177 5335 2311 5381 cum
2353 5323 2451 5381 eo?
2505 5320 2740 5380 Alachis
2792 5318 3095 5395 respondit
3127 5338 3140 5373 :
3177 5316 3580 5377 Chunibcrtus

1527 5482 1767 5544 νΑιωΕ
1802 5484 2204 5543 LECTIONES.

222 5616 315 5659 1⁸⁸⁸
348 5612 547 5677 alahis
572 5625 723 5688 corr,
758 5613 977 5676 alachis
1005 5622 1056 5675 1.
1144 5616 1237 5654 ¹⁰⁴⁹
1263 5616 1449 5677 alahis
1479 5623 1532 5675 1.

1621 5617 1714 5653 mo
1740 5616 1952 5680 “anim
1982 5631 2131 5678 corr.
2165 5616 2417 5681 alachim
2447 5624 2501 5679 1.
2534 5616 2594 5678 et
2612 5616 2709 5681 ita
2734 5613 3033 5691 NW-
