3952 6338
383 295 499 362 807

1546 291 2029 356 EKKEHARDI
2074 291 2630 356 URAUGIENSIS

3688 295 3806 360 808

391 433 672 511 quamvis
700 429 968 489 ebriosus
1001 430 1102 500 sit,
1140 431 1336 488 tarneu
1366 429 1521 488 satis
1551 428 1879 502 estfortis.-
1905 442 2045 486 uam
2073 431 2128 492 Α
2160 428 2538 501 Romoaldus,
2557 429 2711 487 ﬁlius
2735 431 3071 500 Crimoaldi,
3100 431 3216 488 dux
3239 431 3807 502 Beneventanorum,

389 529 642 597 tempore
653 521 855 594 patris
867 520 966 578 sui
979 519 1222 590 quando
1235 533 1471 577 eramus
1473 533 1519 590 λ)
1528 519 1675 587 ueri,
1691 519 1936 575 erantin
1939 533 2046 589 12a-

391 615 542 672 latio
559 625 828 670 oeroeces
848 609 1124 680 majores,
1154 609 1210 666 et
1232 607 1633 666 Clum-ibertus
1654 607 2052 678 apprehendit

387 702 652 777 quemvis
666 699 1022 768 illorumper
1054 697 1256 754 lanam
1271 697 1339 753 de
1357 696 1546 766 dorso,
1565 696 1622 751 et
1639 697 2040 766 portaeitcum

385 805 510 850 una
531 803 735 858 manu,
761 787 922 860 quod
933 785 1258 858 egofacere
1292 800 1407 842 nou
1432 786 1719 857 poteram.
1757 783 1916 850 Quod
1948 799 2043 840 au-

387 880 554 937 diens
575 879 795 934 Tuscus
820 875 936 945 ille,
973 874 1154 930 dixit:
1183 875 1337 932 Situ
1358 889 1488 932 cum
1515 875 1621 930 illo
1637 887 1910 944 pugnare
1928 888 2043 930 uou

376 967 631 1041 poteris,
655 979 761 1022 uec
778 980 866 1022 me
895 964 1152 1036 amplius
1187 964 1252 1019 iu
1273 962 1645 1035 adjutoriu-m
1676 961 1954 1030 habebis;
1982 967 2040 1016 ct

384 1057 584 1113 statim
611 1053 819 1111 relicto
851 1069 938 1124 eo,
967 1053 1069 1108 ivit
1095 1052 1165 1108 ad
1191 1051 1626 1120 Chunibcrtum,
1659 1055 1716 1105 et
1765 1050 2037 1106 indicavit

385 1145 439 1201 ei
461 1143 650 1200 omnia
671 1143 814 1199 haec.
843 1144 978 1198 Cum
1005 1139 1324 1209 autemjam
1355 1153 1535 1212 prope
1565 1143 1719 1194 esset
1753 1143 1810 1194 ut
1841 1139 2042 1208 junge-

389 1248 451 1290 re
481 1247 544 1288 se
579 1231 856 1288 deberen‘.
922 1229 991 1285 ad
1026 1242 1295 1300 pugnam,
1345 1227 1623 1284 diaconus
1679 1227 1911 1298 quidam
1946 1242 2042 1282 no-

386 1323 537 1378 mine
560 1322 730 1385 Seno,
763 1318 1005 1375 multum
1057 1333 1257 1372 amans
1289 1317 1708 1372 Chunihrrtum
1742 1321 1800 1372 et
1829 1315 2042 1382 timens

387 1411 542 1482 quod
577 1410 633 1465 in
667 1408 864 1466 eadem
911 1422 1101 1478 pugna
1159 1409 1509 1473 moreretur,
1563 1403 1710 1459 dixit
1757 1405 1824 1460 ad
1859 1418 1988 1460 eum
2023 1424 2034 1458 :

387 1501 635 1560 Domine
653 1499 738 1556 mi
782 1513 906 1564 ree,
933 1496 1124 1553 omnis
1166 1509 1297 1566 spes
1339 1494 1538 1551 nostra
1566 1495 1630 1550 in
1673 1494 1863 1567 (eest;
1889 1495 1944 1550 si
1977 1494 2040 1549 tu

383 1589 652 1647 mortuus
658 1587 870 1660 fueris
896 1587 963 1640 in
973 1598 1204 1656 pugna,
1229 1596 1425 1639 omnes
1444 1580 1674 1653 hostile
1695 1581 2040 1638 crudelissi-

383 1691 518 1736 mus
538 1675 788 1735 Alae/iis
812 1688 919 1746 per
943 1673 1180 1729 dirersa
1202 1671 1429 1728 occidet
1455 1671 1764 1728 tormenta.
1789 1671 2040 1727 Placeat

381 1767 592 1840 itaque
604 1763 715 1823 tibi
727 1763 1042 1821 consilium
1066 1775 1277 1830 meum,
1305 1759 1363 1816 et
1379 1761 1454 1817 da
1466 1761 1836 1817 mihiomuia
1864 1773 2037 1816 arma
2065 1791 2118 1850 Β

382 1855 507 1924 tua,
525 1855 582 1912 et
591 1868 694 1925 ego
707 1853 921 1909 radam
937 1853 992 1907 et
1001 1868 1036 1922 [λ
1045 1863 1202 1921 ugua
1211 1849 1275 1905 bo
1288 1865 1416 1906 cum
1443 1849 1554 1906 isto
1567 1849 1935 1905 adversario.
1961 1849 2036 1905 Si

380 1957 484 2015 ego
503 1942 772 2000 mortuus
788 1941 975 2008 fuero,
1003 1939 1068 1994 tu
1089 1951 1371 2008 recupera
1383 1937 1470 1994 bis
1495 1951 1740 1994 causam
1762 1937 1962 2006 tuam;
1981 1938 2036 1994 si

377 2033 584 2100 vicero,
599 2031 884 2100 majorem
902 2027 1039 2084 inde
1063 2026 1308 2084 habebis
1333 2027 1616 2098 gloriam,
1634 2026 1896 2097 quiaper
1917 2041 2035 2083 ser-

375 2134 513 2177 vum
537 2121 704 2177 tuum
724 2117 969 2175 habebis
1005 2117 1333 2174 rictoriam.
1362 2117 1618 2186 Cumque
1645 2115 2034 2171 Chuniliertus

378 2209 488 2266 hoc
519 2209 754 2265 omnino
787 2211 1110 2268 recusaret,
1155 2209 1508 2273 rogaverunt
1549 2219 1678 2260 eum
1713 2203 2032 2260 fidelissimi

377 2299 466 2356 sui
501 2297 595 2370 qui
629 2297 892 2365 aderant,
957 2299 1016 2349 ut
1061 2294 1110 2348 ei
1142 2293 1523 2348 consentiret.
1576 2295 1729 2349 Tunc
1777 2291 1873 2348 ille
1903 2308 2036 2349 con-

378 2387 582 2456 sensit,
632 2385 1022 2452 indutumque
1069 2383 1366 2438 diaconeui
1393 2381 1662 2436 omnibus
1693 2381 1869 2436 armis
1915 2382 2037 2437 suis

385 2489 494 2546 pro
526 2488 590 2530 se
620 2473 691 2528 ad
726 2486 976 2544 pugnam
999 2470 1176 2526 misit.
1214 2471 1468 2539 Cumque
1493 2473 1818 2540 pugnarent
1853 2470 2034 2525 amba}

380 2567 606 2635 partes,
641 2561 874 2617 Alachis
895 2573 1125 2630 semper
1157 2557 1517 2628 intendebat,
1546 2557 1642 2614 ubi
1667 2557 1814 2614 Scno
1844 2556 2034 2614 diaco-

381 2666 493 2708 nus
527 2651 744 2720 stabat,
770 2653 1100 2720 putansque
1123 2648 1276 2718 quod
1312 2647 1704 2702 Chunihertus
1727 2650 1907 2717 esset,
1935 2647 2034 2702 im-

384 2739 666 2812 pugnavit
699 2752 830 2795 eum
853 2742 913 2792 et
943 2737 1180 2806 occidit,
1213 2740 1269 2790 ct
1302 2751 1432 2792 cum
1462 2735 1676 2805 gaudio
1705 2740 1882 2807 caput
1904 2735 2032 2804 ejus

381 2828 610 2886 abscidi
636 2825 920 2899 precepit,
975 2823 1293 2895 levansquc
1327 2823 1469 2878 illud
1503 2823 1558 2878 in
1587 2823 1776 2894 hasta,
1806 2823 2031 2892 gratias

379 2917 499 2988 egit
526 2917 665 2983 Deo,
716 2914 866 2985 quod
923 2912 1342 2969 Chunihertum
1393 2912 1697 2968 occiderit.
1759 2911 1871 2966 Sed
1901 2926 2029 2968 cum

378 3005 668 3062 cassidem
703 3005 773 3060 de
813 3002 1006 3074 capite
1038 3001 1196 3058 illius
1228 3000 1520 3071 tulissent,
1574 3000 1842 3072 apparuit
1876 3000 2027 3071 quod

375 3093 629 3150 clericus
663 3097 841 3148 esset.
877 3093 1032 3146 Tunc
1063 3089 1294 3146 Alachis
1322 3105 1452 3145 cum
1484 3089 1567 3145 ira
1604 3103 1804 3158 magna
1839 3087 2030 3144 excla-

376 3182 553 3239 mavit
574 3201 586 3236 :
602 3182 738 3238 Heu
754 3178 1388 3250 me,uichilfecimus,q
1399 3179 1592 3235 uamto
1606 3177 2030 3249 hauepuguam

374 3271 796 3337 commisimus,
821 3271 890 3326 iu
909 3283 1032 3340 qua
1052 3269 1332 3324 clericum
1353 3267 1708 3336 occidimus;
1735 3271 1794 3323 et
1827 3266 2027 3322 statim

373 3359 494 3417 tale
526 3364 723 3415 votum
749 3358 925 3428 vovit,
954 3355 1108 3428 quod
1133 3355 1180 3411 si
1205 3355 1510 3412 victoriam
1557 3355 1626 3411 de
1661 3355 2026 3420 Chuniherto

375 3447 643 3517 haberet,
669 3450 908 3520 puteum
945 3460 1116 3501 unum
1141 3445 1212 3500 de
1235 3444 1582 3501 clericorum
1607 3443 1902 3501 testiculis
1927 3445 2028 3500 im-

377 3537 587 3610 pleret.
623 3535 807 3605 Igitur
827 3534 1216 3590 Chuuibertus
1238 3533 1438 3590 videns
1462 3547 1602 3590 suos
1623 3533 1891 3604 deﬁcere,
1927 3549 2027 3605 pu-

378 3630 572 3682 tantes
596 3625 786 3696 ipsum
806 3628 1098 3680 mortuum
1123 3637 1276 3689 esse,
1297 3622 1558 3678 ostendit
1583 3637 1645 3680 se
1669 3621 1776 3692 eis,
1801 3623 2026 3680 confor-

375 3719 511 3772 tans
537 3729 642 3770 eos
664 3718 722 3770 et
747 3713 977 3770 dicens:
1005 3711 1208 3770 Nolite
1243 3711 1467 3782 timere,
1499 3712 1666 3770 modo
1687 3712 1844 3768 enim
1863 3711 2026 3770 debe-

373 3817 508 3862 mus
518 3805 796 3863 inimicos
811 3802 1040 3860 nostros
1063 3803 1315 3859 vincere.
1332 3802 1548 3858 Iterum
1565 3805 2026 3874 preparaverunt

376 3906 442 3949 se
463 3893 648 3950 ambae
691 3895 890 3964 partes
922 3891 994 3948 ad
1030 3905 1300 3962 pugnam,
1327 3897 1387 3946 et
1434 3906 1564 3948 cum
1588 3889 1810 3961 m‘jam
1843 3905 2024 3962 prOpe

374 3985 532 4038 esset
587 3985 648 4038 ut
705 3995 768 4036 se
825 3978 1383 4050 conjungerent1°5',
1444 3993 1677 4036 rursum
1729 3978 2025 4035 mandavit

377 4069 770 4127 Chunibertus
791 4067 863 4123 ad
891 4067 1223 4124 Alachisum
1251 4067 1479 4124 dicens:
1513 4068 1638 4125 C’ur
1653 4067 1822 4140 perit
1843 4081 2024 4138 popli-

378 4159 499 4217 lus‘?
540 4159 882 4228 Puguemus
918 4171 1021 4214 uos
1057 4157 1192 4226 duo,
1218 4157 1276 4213 et
1299 4157 1644 4226 quioicerit
1687 4156 2024 4214 dominetur

373 4248 535 4305 omni
555 4247 698 4304 huic
701 4246 942 4318 populo.
962 4245 1216 4316 Cumque
1241 4245 1514 4302 Alachiso
1537 4246 1626 4302 sui
1652 4245 1916 4302 homines
1939 4245 2022 4301 di-

371 4341 610 4394 cerent:
641 4336 838 4400 Quare
863 4349 978 4392 non
1005 4349 1242 4407 pugnas
1269 4349 1401 4393 cum
1430 4337 1526 4392 eo?
1556 4335 1653 4392 ille
1676 4336 2017 4408 respondit:

371 4423 507 4484 Non
515 4437 754 4497 possum
775 4423 1116 4496 hocface-re,
1131 4424 1282 4496 quia
1295 4425 1355 4480 oi
1363 4424 1465 4481 deo
1485 4425 1810 4496 imaginem
1825 4426 2022 4483 sancti

2157 524 2513 589 congregato
2535 520 2824 589 exercitu,
2857 523 3034 592 empit
3057 535 3392 593 cXpugnare
3410 522 3731 578 Tarentum
3753 529 3812 577 et

2156 608 2551 678 Brundisium,
2579 612 2633 664 et
2669 612 2849 664 totam
2879 607 3035 664 illam
3070 609 3364 679 regionem
3393 610 3504 666 sibi
3533 625 3604 666 su
3618 609 3811 681 bjuga-

2153 697 2259 752 vit.
2289 696 2610 752 Dioderada
2640 696 2818 766 'vero,
2854 712 3002 754 uxor
3031 697 3178 768 ejus,
3209 698 3344 754 fecit
3391 699 3808 754 monasterium

2156 785 2210 840 in
2246 785 2466 841 honore
2490 785 2674 842 sancti
2699 785 2856 841 Petri
2881 786 3132 857 apostoli
3159 787 3302 843 foris
3325 803 3525 844 muros
3545 787 3809 844 civitatis

2156 875 2594 940 Beneventanis,
2629 873 2684 929 in
2718 889 2832 944 quo
2879 873 3204 946 puellarum
3249 875 3466 931 Christi
3501 875 3648 932 fecit
3677 891 3810 932 con-

2152 967 2408 1018 ventum.
2445 965 2757 1034 Postquam
2809 965 3075 1033 regnavit
3105 963 3457 1020 Romoaldus
3490 979 3595 1036 per
3627 979 3811 1021 annos

2154 1055 2238 1117 16,
2267 1060 2532 1109 mortuus
2553 1059 2660 1122 est,
2688 1057 2746 1108 et
2779 1054 2933 1110 lilius
2965 1053 3090 1122 ejus
3121 1053 3490 1110 Grimoaldus
3515 1053 3674 1110 rexit
3708 1055 3806 1111 Be-

2152 1147 2463 1198 neventum
2489 1157 2592 1214 per
2617 1142 2948 1212 triennium,
2974 1141 3258 1213 duxitque
3282 1157 3520 1200 uxorem
3543 1141 3809 1212 Wigilin-

2151 1229 2301 1301 dam,
2327 1230 2499 1285 ﬁliam
2518 1229 2672 1298 regis
2695 1229 2984 1300 Perhtari,
3000 1245 3258 1287 sororem
3283 1231 3652 1287 Chuniberti.
3671 1233 3806 1288 Post

2152 1324 2396 1374 mortem
2424 1318 2738 1375 Grimoaldi
2773 1318 3041 1388 Gisoll'us,
3070 1321 3252 1374 frater
3281 1318 3427 1388 ejus,
3463 1319 3588 1376 dux
3619 1320 3812 1376 factus

2149 1410 2262 1478 est,
2296 1411 2352 1462 et
2387 1408 2573 1463 tenuit
2607 1407 2881 1464 ducatum
2933 1422 3036 1478 per
3083 1422 3264 1462 annos
3309 1413 3392 1463 l7.
3425 1407 3528 1463 Hic
3556 1422 3805 1480 uxorem

2150 1495 2352 1551 habuit
2385 1495 2783 1565 iWnibirgam,
2821 1494 2994 1551 filiam
3018 1495 3302 1552 Radoaldi
3326 1495 3512 1552 ducis.

2222 1584 2384 1640 Circa
2437 1585 2560 1640 haec
2611 1588 2896 1656 tempora,
2931 1599 3058 1640 cum
3083 1585 3198 1654 jam
3233 1599 3338 1656 per
3371 1583 3596 1642 multos
3628 1599 3809 1642 annos

2151 1672 2564 1730 monasterium
2587 1673 2773 1729 sancti
2796 1673 3092 1730 Benedicti
3118 1673 3171 1728 in
3198 1672 3406 1730 Casino
3424 1677 3627 1730 monte
3649 1681 3808 1731 esset

2151 1761 2516 1832 derelictum,
2552 1763 2830 1818 venerunt
2853 1761 3052 1818 Franci
3073 1761 3144 1817 de
3176 1761 3466 1818 Celmania
3497 1767 3558 1819 et
3593 1761 3668 1820 de
3702 1765 3808 1818 Au-

2151 1851 2292 1906 relia
2319 1865 2371 1905 in
2397 1849 2642 1906 eundem
2665 1849 2876 1920 locum,
2903 1853 2960 1906 et
2984 1851 3118 1906 dum
3139 1865 3202 1906 se
3223 1851 3506 1920 ﬁngerent
3525 1851 3732 1922 jacere
3753 1853 3806 1907 in

2148 1941 2350 1997 eodem
2376 1939 2506 1996 loco
2531 1939 2626 1996 ubi
2646 1939 2921 2010 jacebant
2942 1953 3190 2012 corpora
3214 1940 3400 1997 sancti
3421 1938 3726 1996 Benedicti
3751 1944 3807 1997 et

2147 2033 2366 2086 sanctis
2397 2028 2794 2098 Scholasticae,
2821 2027 3084 2084 tulerunt
3116 2041 3250 2084 ossa
3282 2041 3484 2083 eorum
3515 2031 3578 2083 et
3609 2031 3806 2099 porta-

2149 2122 2355 2175 verunt
2381 2117 2434 2174 in
2483 2117 2730 2189 patriam
2764 2131 2946 2188 suam,
2984 2117 3079 2174 ubi
3126 2118 3276 2174 facta
3298 2122 3432 2173 sunt
3461 2116 3580 2172 duo
3613 2131 3808 2174 mona-

2148 2207 2350 2276 steria,
2384 2222 2558 2264 unum
2601 2207 2655 2263 in
2689 2207 2910 2264 honore
2961 2206 3146 2263 sancti
3183 2205 3504 2273 Benedicti,
3549 2205 3716 2262 aliud
3750 2207 3802 2262 in

2146 2297 2365 2352 honore
2390 2301 2606 2352 sanctm
2639 2295 3033 2352 Scholasticze.
3069 2295 3177 2352 Sed
3219 2309 3324 2352 nos
3352 2298 3584 2351 certum
3615 2292 3804 2350 credi-

2149 2399 2298 2454 mus,
2331 2382 2476 2439 illud
2525 2381 2858 2438 venerabile
2892 2397 2980 2451 os,
3016 2381 3210 2437 divina
3241 2393 3474 2452 semper
3501 2379 3804 2437 ruminans

2147 2473 2344 2541 verba,
2379 2477 2438 2527 et
2469 2470 2693 2540 oculos,
2729 2485 2958 2542 semper
2986 2468 3244 2527 caelestia
3276 2469 3567 2540 videntes,
3601 2473 3660 2524 et
3693 2469 3800 2525 alia

2147 2561 2404 2616 membra
2429 2559 2606 2630 illius,
2634 2559 2898 2630 quamvis
2922 2557 3311 2637 dissolutahin
3333 2557 3538 2614 eodem
3563 2557 3700 2615 loco
3719 2573 3804 2615 re-

2147 2649 2448 2705 mansisse.
2485 2648 2679 2705 Solum
2703 2649 2855 2704 enim
2887 2662 3102 2719 corpus
3125 2647 3347 2703 Domini
3366 2661 3481 2703 non
3501 2645 3650 2702 vidit
3677 2661 3803 2704 cor-

2148 2737 2498 2808 ruptionem,
2523 2736 2766 2794 aliorum
2793 2751 2932 2794 vero
2953 2750 3200 2808 corpora
3223 2739 3582 2808 sanctorum,
3606 2749 3802 2808 quam-

2143 2827 2234 2884 vis
2264 2827 2320 2882 in
2351 2833 2568 2883 interna
2609 2825 2798 2897 gloria
2846 2826 3167 2899 reparanda
3199 2825 3337 2896 sint,
3369 2829 3566 2882 tamen
3603 2825 3663 2882 in
3695 2823 3798 2882 hoc

2145 2915 2346 2971 seculo
2379 2913 2666 2971 dissoluta
2699 2919 2854 2972 sunt.

2214 3007 2354 3062 Dum
2379 3007 2500 3061 huic
2525 3005 2580 3061 in
2600 3005 2767 3061 Italia
2798 3011 3106 3076 geruntur,
3123 3008 3252 3061 orta
3277 3009 3367 3061 est
3389 3003 3622 3061 heresis
3645 3004 3796 3077 apud

2143 3092 2724 3165 Constantinopolim,
2759 3107 2928 3164 quam
2960 3093 3360 3150 excitaverunt
3388 3091 3682 3162 Georgius
3703 3107 3797 3164 pa-

2144 3182 2396 3238 triarcha
2427 3181 3110 3253 Constantinopolitanus
3133 3185 3189 3237 et
3213 3179 3540 3238 Macharius
3567 3184 3626 3236 el.
3661 3181 3796 3253 Pyr-

2140 3287 2242 3328 rus
2261 3276 2320 3326 et
2343 3272 2552 3326 Petrus
2573 3275 2633 3326 et
2663 3271 2900 3341 Paulus,
2951 3273 3292 3341 separantes
3323 3269 3378 3325 in
3411 3269 3649 3327 Christo
3681 3268 3797 3327 dei-

2139 3363 2320 3415 tatem
2343 3363 2400 3415 ct
2425 3358 2864 3416 humanitatem.
2904 3359 3150 3430 Propter
3179 3372 3349 3429 quam
3382 3371 3622 3416 causam
3653 3359 3796 3415 Con-

2139 3449 2435 3506 stantinus
2463 3449 2777 3520 imperator
2812 3447 2948 3504 fecit
2983 3447 3326 3518 congregari
3355 3451 3596 3504 centum
3630 3447 3797 3520 quin-

2141 3537 2415 3609 quaginta
2449 3537 2779 3608 episcopos,
2829 3537 2981 3592 inter
3009 3552 3157 3607 quos
3197 3536 3433 3593 fuerunt
3463 3535 3582 3593 duo
3615 3535 3795 3607 legati

2140 3629 2354 3682 sanctae
2385 3627 2656 3682 Romamn
2703 3624 2982 3682 {ecclesia}
3014 3625 3176 3682 missi
3207 3641 3238 3681 a
3270 3639 3416 3697 papa
3461 3625 3792 3696 Agathone.

2135 3715 2423 3770 Iohannes
2465 3703 2749 3770 diaconus
2778 3718 2836 3770 et
2863 3715 3156 3770 Johannes
3183 3713 3526 3771 Portuensis
3551 3728 3796 3786 epysco-

2137 3819 2271 3875 pus,
2306 3806 2576 3874 factoque
2607 3801 2856 3859 concilio
2890 3803 3350 3874 dampnaveruut
3380 3802 3636 3859 heresim
3668 3818 3796 3876 pre-

2138 3893 2372 3950 dictam.
2408 3891 2620 3948 Eadem
2651 3907 2788 3948 vero
2823 3893 2962 3948 hora
2987 3896 3164 3948 tantae
3190 3892 3322 3949 telae
3353 3906 3708 3950 aranearum
3739 3893 3794 3948 in

2137 3982 2328 4038 medio
2351 3980 2551 4052 populi
2575 3980 2937 4051 ceciderunt,
2970 3985 3032 4036 ut
3055 3995 3256 4038 omnes
3274 3979 3486 4038 exinde
3511 3981 3791 4038 miraren-

2135 4075 2253 4128 tur.
2277 4071 2398 4126 Hoc
2420 4075 2614 4126 autem
2635 4070 2771 4126 visae
2793 4074 2925 4126 sunt
2952 4069 3306 4141 signiﬁcare,
3341 4075 3406 4127 ut
3435 4069 3671 4128 heresis
3695 4069 3791 4126 illa

2135 4164 2292 4215 esset
2333 4158 2738 4214 exinanieuda.
2778 4159 3087 4216 Predictus
3124 4164 3318 4216 autem
3359 4159 3654 4230 Georgius
3698 4175 3792 4232 pa-

2135 4247 2388 4304 triarcha
2421 4249 2492 4303 ab
2537 4247 2829 4320 episcOpis
2875 4248 3225 4306 ammonitus
3253 4252 3311 4305 et
3341 4253 3656 4307 correctus
3681 4254 3789 4318 est,

2137 4336 2232 4392 alii
2265 4351 2401 4394 vero
2434 4336 2488 4392 in
2522 4352 2624 4393 sua
2675 4335 2916 4408 perﬁdia
2951 4341 3378 4410 permanentes,
3415 4338 3488 4394 ab
3520 4338 3790 4395 omnibus

2134 4427 2428 4498 episcopis
2461 4426 2940 4483 anathematizati
2981 4430 3138 4483 sunt.
3174 4428 3306 4484 Ilaec
3333 4433 3426 4483 est
3455 4433 3634 4485 sexta
3663 4442 3791 4498 syn-

369 4512 728 4572 M-ichahelis
741 4512 1094 4584 archangeli
1108 4511 1769 4583 iuterhastassuas,ubi
1788 4515 2022 4585 eijura-
2050 4513 2104 4574 D
2133 4515 2282 4572 odus
2309 4513 2678 4585 universalis,
2735 4515 2791 4570 id
2824 4519 2916 4572 est
2965 4529 3135 4586 quam
3167 4515 3419 4573 mundus
3476 4517 3791 4575 universus

369 4604 856 4662 ci.Tuncunusex
870 4600 988 4658 illis
1002 4601 1150 4657 dixit
1164 4599 2022 4672 eizProptertimoremeidetur

371 4691 484 4752 tili
497 4691 658 4764 quod
666 4706 782 4749 nou
811 4691 918 4761 est,
954 4690 1152 4762 etjam
1181 4687 1296 4748 tibi
1317 4689 1558 4748 tardum
1573 4691 1664 4748 est
1685 4691 1790 4750 hoc
1805 4693 2016 4750 dicere.

373 4781 905 4854 Congredientibus
950 4784 1144 4837 autem
1201 4779 1467 4852 utrisque
1527 4781 1796 4852 partibus
1853 4781 2020 4838 multi

373 4873 668 4944 utrimque
717 4869 1092 4936 ceciderunt;
1143 4867 1376 4925 Alachis
1421 4883 1654 4940 quoque
1699 4869 1931 4942 cecidit,
1963 4875 2024 4928 et

373 4962 788 5030 Chuuibertus,
832 4957 1146 5028 adjuvantc
1163 4958 1426 5030 Domino,
1459 4959 1770 5016 victoriam
1795 4961 2018 5018 habuit.

373 5051 560 5122 Caput
580 5054 776 5107 autem
798 5047 1034 5105 Alachis
1051 5052 1107 5104 et
1132 5063 1304 5106 crura
1321 5049 1552 5107 abscisa
1574 5053 1730 5122 sunt,
1750 5057 1810 5107 et
1834 5049 2022 5108 solum

372 5153 592 5212 corpus
613 5145 884 5198 truncum
907 5137 1206 5196 remansit.
1233 5139 1358 5196 Rex
1385 5153 1527 5198 vero
1557 5155 1688 5198 cum
1717 5141 1932 5212 gaudio
1963 5145 2025 5198 et

370 5225 622 5286 victoria
654 5243 930 5287 reversus
955 5233 1048 5286 est
1075 5227 1353 5300 Ticinum,

443 5317 584 5376 Cum
607 5317 725 5376 ista
749 5317 962 5389 tierent
979 5319 1132 5393 apud
1155 5319 1572 5391 Langobardos
1594 5323 1758 5379 trans
1779 5319 2021 5394 Padum,

2135 4609 2314 4662 tenet.

2206 4693 2307 4750 llis
2339 4707 2570 4764 quoque
2593 4693 2958 4766 temporibus
2991 4707 3093 4765 per
3117 4697 3383 4752 octavam
3408 4693 3790 4752 indictionem

2133 4782 2386 4855 eclypsis
2414 4782 2566 4839 lunae
2615 4782 2906 4854 apparuit,
2941 4781 3199 4840 secundo
3229 4783 3322 4840 die
3373 4783 3658 4840 intrantis
3687 4783 3792 4842 Mai

2135 4871 2392 4944 eclypsis
2421 4870 2565 4929 solis
2597 4872 2750 4927 facta
2783 4875 2874 4928 est
2897 4873 3040 4928 hora
3060 4871 3174 4930 dici
3197 4872 3444 4945 decima,
3479 4886 3550 4930 ac
3580 4871 3792 4930 deinde

2136 4976 2334 5019 mense
2362 4959 2534 5032 Julio,
2568 4962 2833 5032 Augusto
2859 4965 2918 5018 et
2947 4962 3288 5034 Septembre
3321 4962 3664 5020 mortalitas
3680 4975 3820 5019 ma-.

2135 5066 2247 5122 gna
2279 5052 2430 5108 facta
2463 5055 2572 5109 est.
2603 5051 2757 5108 Tunc
2779 5050 3096 5108 visibiliter
3113 5051 3314 5110 multis
3335 5052 3675 5110 hominibus
3697 5067 3796 5124 ap-

2137 5145 2458 5214 paruerunt
2488 5141 2602 5198 duo
2658 5139 2868 5212 angeli,
2904 5155 3056 5199 unus
3082 5141 3272 5200 bonus
3297 5147 3358 5200 et
3415 5142 3575 5199 alter
3604 5140 3792 5200 malus

2137 5229 2504 5288 ambulantes
2525 5245 2628 5302 per
2647 5231 2858 5288 Urbem
2881 5234 3140 5303 tempore
3156 5235 3472 5304 nocturno,
3487 5230 3664 5289 etille
3677 5245 3792 5288 ma-

2137 5317 2738 5392 lusangelustenebat
2774 5318 3124 5380 venabulum
3147 5321 3205 5378 in
3225 5333 3423 5396 manu,
3465 5321 3791 5396 etperjus-

1739 5489 1974 5548 VARUE
2013 5489 2415 5550 LECTIONES.

446 5593 538 5630 sou
573 5597 738 5658 ἀδεεῖ
765 5603 814 5654 1.
906 5601 997 5636 που
1025 5601 1406 5680 conjungeret
1437 5609 1487 5662 1.
