3952 6312
83 330 206 391 809

980 322 1421 386 CHRONICA.
1454 354 1531 366 —
1564 312 2041 379 CHRONICON
2092 312 2639 378 UNIVERSALE.

3391 308 3512 370 810

85 464 314 521 sionem
368 460 503 518 boni
554 457 745 530 angeli
776 459 846 516 de
888 473 1249 529 quacumque
1301 455 1470 512 domo
1510 452 1744 524 januam
1778 449 1829 510 A
1863 448 2093 504 nomine
2133 447 2430 515 Arnulfus,
2466 448 2580 501 Deo
2621 444 2905 514 amabilis,
2941 442 3037 514 qui
3071 441 3278 499 relicto
3310 442 3509 499 seculo

88 552 491 624 percutiebat,
512 549 623 606 alia
643 549 736 605 die
755 563 956 605 omnes
981 548 1243 603 homines
1262 546 1333 601 de
1351 545 1552 601 eadem
1578 542 1747 599 domo

88 642 525 698 moriebantur.
560 642 700 695 Post
733 640 855 694 hzec
877 636 1102 694 cuidam
1127 635 1343 690 homini
1368 636 1519 689 bono
1544 647 1649 704 per
1671 633 1752 688 vi-

88 731 317 786 sionem
352 730 573 785 dictum
598 732 711 797 est,
744 728 897 797 quod
926 727 1047 797 ipsa
1074 724 1405 780 mortalitas
1429 738 1537 777 non
1562 735 1753 779 cessa-

91 824 204 889 ret,
260 818 371 875 nisi
406 819 461 873 in
495 816 763 873 accelesia
815 816 1002 871 sancti
1055 815 1211 870 Petri
1244 829 1370 883 qua)
1401 812 1617 868 dicitur
1669 810 1751 867 Ad

89 904 329 960 Vincula
374 903 753 959 dedicaretur
792 900 973 956 altare
1008 900 1061 954 in
1097 900 1317 956 honore
1359 898 1544 953 sancti
1580 896 1753 951 Seba-

90 992 275 1049 stiani
308 992 601 1062 martyris.
639 991 764 1056 Quo
788 991 956 1057 facto,
986 988 1315 1045 mortalitas
1338 985 1609 1042 cessavit.

164 1083 403 1137 Interea
439 1094 542 1135 rex
575 1080 968 1135 Chunibertus
988 1093 1117 1134 cum
1142 1076 1388 1147 quodam
1417 1074 1753 1132 ﬁdelissimo

94 1186 205 1227 suo
252 1169 600 1227 consiliatus
640 1172 724 1223 est
771 1168 1057 1238 quomodo
1092 1165 1367 1223 Aldonem
1404 1168 1461 1220 et
1507 1165 1755 1219 Grauso-

93 1275 226 1316 nem
250 1258 573 1315 occideret.
606 1258 862 1327 Cumque
883 1257 952 1312 de
973 1256 1076 1311 hac
1102 1270 1161 1310 re
1188 1255 1338 1310 inter
1363 1269 1424 1308 sc
1448 1252 1754 1323 loqueren-

92 1355 213 1417 tur,
241 1351 470 1404 stantcs
496 1361 675 1418 prope
703 1346 1017 1401 fenestram
1043 1343 1351 1415 quandam,
1374 1342 1570 1398 subito
1597 1341 1647 1395 in
1677 1342 1754 1396 fe-

94 1442 295 1493 nestra
324 1435 422 1491 illa
446 1450 643 1492 musca
668 1435 954 1490 consedit.
982 1436 1159 1500 Quam
1184 1432 1578 1489 Chunibertns
1601 1430 1752 1486 occi-

91 1528 240 1582 dere
271 1524 496 1593 volens,
531 1540 661 1581 cum
694 1523 958 1593 cultello,
1005 1522 1158 1593 quod
1195 1523 1248 1577 in
1286 1536 1451 1577 manu
1490 1520 1748 1588 tenebat,

92 1614 308 1683 pedem
351 1612 509 1669 illius
551 1617 772 1669 tantum
815 1611 1175 1667 abscidebat.
1222 1611 1478 1679 Cumque
1517 1606 1663 1663 Aldo
1695 1610 1751 1662 et

90 1704 333 1759 Crauso
363 1701 433 1757 ad
468 1701 747 1773 palatium
785 1700 942 1769 regis
978 1700 1283 1755 tenderent
1313 1704 1367 1753 et
1397 1698 1512 1768 jam
1548 1711 1754 1767 appro-

88 1792 479 1863 pinquarent,
512 1790 768 1845 obviavit
792 1789 877 1844 eis
900 1804 1049 1845 unus
1080 1790 1250 1843 homo
1280 1788 1424 1858 pede
1454 1790 1747 1853 truncato,
1785 1816 1834 1873 Β

87 1884 156 1934 et
192 1878 343 1935 dixit
376 1877 463 1934 eis
491 1878 644 1949 quod
687 1878 1079 1934 Chunibertus
1118 1891 1221 1932 rex
1261 1875 1438 1931 vellet
1471 1890 1572 1930 eos
1602 1875 1754 1930 oeci-

88 1969 263 2024 dere.
289 1968 407 2023 Hoc
432 1967 513 2021 illi
541 1967 868 2037 audientes,
904 1968 1174 2035 fugerunt
1200 1966 1253 2019 in
1278 1964 1603 2021 aacclesiam
1628 1978 1755 2019 san-

90 2058 179 2112 cti
204 2055 445 2112 Romani
475 2055 768 2127 martyris,
791 2061 846 2111 et
869 2056 1304 2112 absconderant
1328 2070 1387 2111 se
1413 2058 1546 2124 post
1568 2051 1753 2108 altare

94 2146 293 2217 ipsius
321 2145 624 2203 azcclesize.
663 2146 916 2215 Cumque
950 2145 1058 2200 hoc
1094 2144 1213 2213 regi
1251 2144 1582 2200 nunciatum
1618 2141 1755 2197 fuis-

92 2239 210 2305 set,
242 2235 443 2291 statim
477 2235 704 2290 vocavit
737 2234 808 2290 ad
841 2248 903 2289 se
936 2234 1097 2288 illum
1130 2232 1529 2288 ﬁdelissimum
1562 2246 1749 2299 suum,

92 2323 195 2378 cui
225 2322 334 2379 hoc
357 2322 468 2379 soli
492 2321 849 2392 crediderat,
871 2326 928 2377 et
954 2321 1102 2376 dixit
1118 2321 1169 2376 ei
1195 2340 1205 2373 :
1232 2322 1426 2385 Quare
1440 2320 1756 2376 consilium

93 2425 295 2467 meum
326 2411 642 2468 credidisti
672 2412 1022 2480 cuicumque
1050 2410 1313 2467 homini?
1344 2408 1445 2464 Ille
1478 2423 1606 2464 cum
1644 2412 1755 2462 tre-

93 2514 264 2556 more
317 2499 625 2570 respondit
669 2518 682 2554 :
724 2499 970 2556 Domine
1008 2499 1091 2555 mi
1128 2512 1257 2568 rem,
1300 2499 1364 2555 tu
1400 2499 1538 2565 scis,
1582 2497 1750 2568 quia,

85 2590 424 2661 postquam
458 2588 641 2648 mia/tl
683 2589 911 2645 loculus
939 2602 1017 2657 es,
1059 2602 1370 2659 nunquam
1400 2587 1469 2643 de
1501 2588 1596 2642 luo
1627 2601 1755 2643 con-

88 2679 301 2750 spectu
322 2678 509 2750 foras
549 2677 732 2747 exivi,
768 2678 827 2734 et
860 2678 1145 2748 quomodo
1175 2678 1282 2734 hoc
1307 2672 1497 2734 alicui
1528 2677 1754 2733 homini

91 2764 297 2820 dicere
343 2763 549 2833 potui?
597 2764 752 2819 Tunc
796 2777 897 2818 rex
940 2762 1231 2819 mandavit
1273 2764 1340 2816 ai
1383 2761 1661 2817 Aldonem
1695 2766 1751 2816 et

91 2854 484 2921 Grausonem,
511 2855 574 2907 ut
598 2851 738 2922 quid
761 2851 816 2907 in
840 2852 1161 2907 {ecclesiam
1196 2851 1500 2921 fugissent.
1538 2850 1642 2916 Qui
1668 2865 1756 2906 re-

91 2941 467 3011 sponderunt
494 2959 506 2995 :
533 2940 691 3005 Quia
712 2940 1056 2998 audii-imus
1077 2940 1236 3012 quod
1248 2954 1359 2995 rea:
1376 2954 1478 2996 nos
1494 2940 1756 2995 occidere

90 3028 296 3086 callet.
354 3029 569 3085 lterum
622 3028 915 3085 mandavit
952 3029 1021 3084 ad
1062 3044 1163 3085 eos
1212 3044 1334 3098 rex,
1388 3029 1755 3098 interrogans

93 3117 235 3189 quis
256 3117 348 3174 eis
379 3117 490 3174 hoc
514 3117 837 3189 nunciaret,
866 3121 923 3174 et
947 3118 1094 3173 dixit
1128 3118 1277 3189 quod
1309 3118 1555 3189 gratiam
1591 3133 1753 3175 suam

95 3222 212 3262 non
243 3206 557 3276 haberent,
592 3206 699 3262 nisi
725 3207 832 3264 hoc
858 3207 965 3264 sibi
1000 3209 1459 3264 manifestarent.
1491 3210 1646 3265 Tune
1673 3207 1754 3263 illi

95 3296 296 3353 omnia
319 3310 451 3365 quae
472 3296 620 3352 facta
645 3296 872 3352 fuerant
900 3297 1439 3367 manifestaverunt,
1461 3298 1751 3354 dicentes:

100 3386 263 3452 Quia
286 3384 527 3443 obciavi
534 3386 559 3441 ι
576 3386 742 3443 nobis
758 3400 913 3444 unus
930 3387 1258 3458 liomopede
1279 3374 1550 3444 truncato
1574 3402 1758 3459 usque

94 3476 179 3530 ad
201 3475 579 3547 geuiculum,
612 3476 672 3532 et
703 3476 831 3548 ipse
867 3477 974 3533 lioc
1007 3475 1176 3533 uobis
1222 3476 1550 3533 nunciacit.
1602 3479 1757 3533 Tunc

92 3578 200 3618 rex
235 3562 637 3620 Chunibertus
670 3564 977 3633 intellexit,
1013 3565 1166 3635 quod
1198 3580 1395 3621 musca
1430 3564 1527 3621 illa
1561 3564 1756 3621 diabo-

93 3651 187 3705 lus
238 3651 457 3707 fuisset
499 3656 557 3708 et
598 3653 719 3725 ipse
759 3654 870 3710 hoc
906 3655 993 3709 eis
1035 3655 1387 3725 nunciassct,
1439 3656 1754 3726 statimque

92 3740 335 3796 vocavit
366 3755 466 3796 eos
497 3741 567 3796 ad
601 3756 681 3811 se,
706 3746 763 3798 et
796 3742 1051 3798 reddidit
1084 3744 1169 3799 eis
1199 3745 1447 3813 gratiam
1482 3759 1662 3815 suam,
1696 3751 1755 3800 et

96 3843 290 3899 usque
322 3828 395 3883 ad
429 3834 673 3886 mortem
703 3831 907 3887 habuit
937 3847 1038 3887 eos
1070 3832 1406 3889 honoratos.

168 3920 342 3973 Inter
372 3918 494 3975 haec
527 3919 947 3977 Constantinus
992 3922 1313 3991 imperator
1342 3928 1610 3978 mortuus
1640 3928 1751 3994 est,

93 4012 154 4062 et
185 4006 581 4078 Justinianus,
611 4008 764 4065 ﬁlius
784 4010 911 4079 ejus
937 4010 1141 4079 minor,
1168 4010 1358 4067 tenuit
1386 4027 1625 4080 regnum
1653 4027 1755 4083 per

93 4112 291 4152 annos
332 4095 553 4151 decem.
600 4099 809 4153 Contra
851 4100 1003 4155 hunc
1037 4100 1145 4155 Leo
1180 4100 1412 4170 quidam
1444 4101 1625 4171 venit,
1660 4115 1755 4173 ap-

92 4185 576 4257 prebensumque
606 4202 745 4244 naso
774 4188 1166 4265 detruncavit,
1191 4188 1548 4260 ejiciensque
1572 4189 1641 4246 de
1666 4205 1755 4247 re-

88 4289 233 4344 gno,
270 4274 399 4345 ipse
431 4289 531 4346 per
560 4290 741 4333 annos
769 4281 894 4333 tres
924 4278 1209 4348 regnavit,
1243 4283 1302 4333 et
1334 4279 1497 4335 illum
1521 4279 1575 4335 in
1599 4278 1755 4336 insu-

91 4363 213 4420 lam
242 4364 555 4434 quamdam
579 4364 865 4422 exiliavit.
904 4369 1117 4423 Iterum
1146 4367 1424 4439 Tyberius
1447 4369 1597 4425 hunc
1623 4369 1755 4425 Leo-

96 4467 239 4509 nem
282 4452 358 4508 de
398 4467 575 4524 regno
614 4455 859 4526 expulit,
903 4456 1146 4529 ipseque
1178 4472 1419 4527 regnum
1453 4458 1659 4528 tenuit,
1693 4464 1753 4515 et

1868 540 2068 606 postea
2101 535 2417 605 episcopus
2458 534 2644 588 factus
2673 537 2791 588 est.

1936 624 2290 680 Cunibcrtus
2330 639 2466 681 vero
2495 626 2797 695 postquam
2833 619 3095 689 regnavit
3130 619 3292 675 annis
3326 622 3390 674 12
3422 633 3513 674 so-

1867 712 1956 768 lus
1990 717 2115 783 post
2151 717 2393 768 mortem
2435 711 2640 783 patris,
2687 712 2952 765 mortuus
2993 712 3104 775 est,
3152 722 3510 777 regnumque

1868 802 1984 857 ﬁlio
2006 817 2110 857 suo
2136 803 2401 873 Lioperto
2422 801 2608 856 adhuc
2631 799 2870 871 parvulo
2890 798 3127 865 dimisit,
3152 797 3242 851 cui
3264 799 3514 866 Aspran-

1866 890 2001 946 dum
2035 891 2220 946 virum
2252 890 2573 961 sapientem
2608 888 2953 943 nutritorcm
2994 886 3329 942 constituit.
3371 886 3509 939 Post

1866 983 2001 1036 octo
2043 995 2272 1036 menses
2318 979 2705 1049 Reginpcrtus
2736 976 2850 1032 dux
2877 975 3310 1031 Taurinensium
3353 974 3510 1029 venit

1867 1084 1994 1124 cum
2030 1068 2293 1125 exercitu
2328 1069 2607 1123 adversus
2648 1066 3006 1137 Asprandum
3040 1070 3097 1119 et
3130 1063 3507 1119 lluotharinm

1867 1156 2048 1213 duces
2098 1156 2592 1226 Pergamcnsium,
2627 1159 2685 1209 et
2720 1168 2980 1224 pugnans
3030 1169 3159 1207 cum
3209 1153 3315 1219 eis,
3369 1151 3509 1206 vicit

1866 1260 1989 1316 eos,
2021 1252 2079 1301 et
2112 1245 2493 1318 apprehendit
2530 1259 2800 1313 regnum;
2835 1243 2929 1299 sed
2967 1242 3168 1296 eodem
3194 1256 3342 1295 anno
3366 1254 3513 1294 mor-

1871 1338 2004 1391 tuus
2054 1340 2159 1390 est.
2215 1335 2390 1404 Cujus
2441 1333 2592 1388 ﬁlius
2647 1334 2954 1402 Aripcrtus
2990 1330 3198 1385 iterum
3233 1327 3512 1400 pugnavit

1866 1424 2150 1479 adversus
2177 1423 2507 1494 [.iOpertum
2532 1437 2724 1490 regem
2750 1421 2901 1492 apud
2925 1419 3179 1474 Ticinum
3204 1425 3260 1473 et
3285 1418 3513 1487 Lioper-

1868 1519 1987 1570 tum
2028 1514 2082 1567 in
2111 1528 2301 1583 pugna
2336 1512 2526 1567 vivum
2559 1509 2966 1582 apprehendit,
3002 1504 3513 1578 Asprandus’vero

1866 1602 2125 1658 nutritor
2150 1602 2275 1671 ejus
2302 1601 2354 1655 in
2382 1600 2626 1655 insulam
2662 1598 3026 1655 Cumacinam
3062 1598 3225 1665 fugit.
3263 1598 3384 1651 Dux
3417 1609 3514 1650 au-

1866 1696 1981 1745 tem
2009 1690 2364 1745 Ruotharius
2385 1705 2515 1745 cum
2537 1688 2785 1743 redisset
2812 1689 3171 1754 Pergamum,
3202 1685 3512 1754 Aripertus
3580 1740 3587 1746 ,

1867 1796 1997 1835 cum
2028 1794 2232 1848 magno
2272 1779 2540 1833 exercitu
2571 1776 2801 1831 obsedit
2834 1779 2889 1829 et
2925 1774 3280 1845 expugnavit
3311 1772 3513 1827 civita-

1872 1874 2004 1937 tem,
2059 1868 2537 1939 apprehensoque
2578 1864 2917 1931 Ruothario,
2974 1862 3109 1917 fecit
3165 1862 3286 1916 radi
3337 1865 3514 1931 caput

1867 1957 1993 2025 ejus
2024 1961 2081 2012 et
2117 1958 2371 2026 barbam,
2405 1962 2460 2011 et
2490 1954 2749 2011 exiliavit
2779 1968 2929 2020 eum,
2966 1951 3060 2007 ubi
3096 1956 3226 2021 post
3255 1949 3514 2019 aliquan-

1870 2052 1989 2101 tum
2022 2050 2252 2116 tempus
2294 2047 2556 2101 mortuus
2588 2048 2699 2098 est.
2736 2042 3065 2112 Liopcrtum
3099 2054 3235 2095 vero
3269 2053 3512 2109 puerum

1869 2134 2026 2189 misit
2059 2134 2111 2188 in
2148 2134 2438 2202 balneum,
2470 2138 2529 2187 et
2560 2132 2775 2187 clausit
2810 2131 3041 2201 januam
3085 2144 3261 2199 super
3298 2129 3507 2199 ipsum,

1867 2224 2067 2294 sicque
2100 2223 2274 2278 nimio
2302 2222 2497 2278 calore
2530 2228 2796 2277 mortuus
2826 2224 2943 2274 est.

1939 2313 2249 2382 Aripertus
2283 2316 2473 2367 autem
2507 2327 2634 2365 cum
2672 2324 2913 2365 securus
2939 2308 3054 2378 jam
3090 2313 3382 2377 regnaret,
3415 2322 3514 2375 ap-

1869 2401 2171 2472 prehendit
2198 2400 2626 2471 Sigibrandum,
2652 2398 2828 2455 ﬁlium
2851 2397 3154 2467 Asprandi,
3177 2401 3233 2452 ct
3254 2412 3514 2452 excceca-

1869 2491 1951 2546 vit
1969 2506 2098 2546 eum
2118 2494 2177 2546 et
2195 2505 2396 2546 onmcs
2415 2493 2693 2560 parentes
2712 2488 2951 2559 ejusper
2971 2487 3200 2543 diversa
3223 2492 3511 2542 tormenta

1867 2580 2090 2649 aﬂlixit,
2135 2579 2553 2649 Liutprandum
2587 2583 2802 2648 autem,
2842 2576 3019 2633 ﬁlium
3052 2577 3177 2645 ejus
3211 2576 3510 2646 minorem,

1872 2668 2057 2723 tenuit
2092 2668 2145 2722 in
2185 2682 2453 2731 carcere;
2507 2671 2562 2721 et
2612 2667 2746 2736 quia
2796 2665 2983 2721 adhuc
3034 2671 3161 2720 erat
3210 2664 3509 2735 puerulus,

1870 2772 2174 2828 personam
2203 2758 2329 2826 ejus
2362 2756 2650 2826 despexit,
2682 2759 2739 2810 et
2774 2755 2958 2810 noluit
2980 2755 3031 2809 ei
3059 2756 3246 2810 facere
3277 2754 3513 2823 aliquod

1868 2846 2099 2916 malum,
2143 2846 2381 2916 insuper
2423 2844 2639 2899 dimisit
2674 2860 2802 2900 eum
2838 2844 2919 2899 ire
2951 2844 3019 2899 ad
3055 2847 3274 2914 patrem
3309 2859 3504 2899 suum.

1870 2936 2053 3004 Igitur
2086 2935 2476 3007 Liutprandus
2507 2934 2662 2990 venit
2686 2933 2755 2988 ad
2783 2938 3004 3003 patrem
3036 2948 3199 2988 suum
3232 2933 3286 2987 in
3321 2934 3515 2988 Baxva—

1870 3025 2035 3094 riam,
2072 3040 2184 3094 quo
2210 3024 2463 3094 ipsejam
2499 3024 2713 3078 dudum
2748 3024 2973 3091 fugerat
3005 3021 3248 3077 eundem
3282 3022 3514 3093 Aripcr-

1870 3119 2012 3183 tum,
2067 3115 2135 3169 ad
2186 3114 2389 3169 ducem
2433 3113 2915 3182 Thcodebertum,
2968 3111 3251 3181 stetitque
3283 3128 3411 3166 cum
3445 3127 3513 3167 co

1869 3219 1973 3274 per
2005 3218 2185 3258 annos
2215 3210 2263 3257 9.
2302 3202 2424 3267 Quo
2462 3218 2590 3258 cum
2633 3202 2892 3257 venisset
2937 3202 3348 3272 Liutprandus,
3383 3218 3512 3258 eum

1867 3293 2080 3362 gaudio
2113 3307 2316 3361 magno
2346 3296 2433 3347 est
2467 3298 2806 3362 susceptus.

1940 3385 2058 3438 [Ioc
2091 3388 2352 3452 tempore
2400 3381 2554 3451 apud
2599 3382 2815 3436 Gallias
2844 3381 2896 3436 in
2931 3397 3109 3451 regno
3159 3382 3510 3436 Francorum

1869 3475 1977 3530 sub
2011 3472 2240 3528 nomine
2285 3472 2521 3541 majoris
2560 3471 2768 3527 domus
2810 3472 3248 3542 principabatur
3280 3471 3509 3543 Ansgis,

1870 3563 2023 3619 ﬁlius
2045 3561 2261 3618 Arnolﬁ
2289 3560 2634 3631 supradicti,
2671 3561 2768 3630 qui
2792 3576 2997 3616 nomen
3023 3560 3257 3616 trahere
3281 3562 3515 3617 videtur

1868 3653 1939 3708 ab
1974 3651 2220 3706 Anchisa
2271 3650 2532 3719 Trojano.
2588 3649 2772 3717 Igitur
2821 3652 3123 3719 postquam
3171 3650 3513 3720 Asprandus

1872 3756 1971 3811 per
2003 3756 2205 3797 novem
2240 3755 2419 3793 annos
2452 3738 2673 3793 mansit-
2695 3738 2746 3791 in
2784 3738 3062 3807 Bawaria,
3101 3738 3512 3795 movitexinde

1866 3830 2328 3900 Theodepertum
2354 3829 2746 3883 Bawariorum
2768 3827 2993 3896 ducem,
3015 3832 3071 3881 et
3093 3843 3222 3882 cum
3246 3829 3510 3886 exercitu

1866 3920 2023 3977 venit
2048 3921 2102 3974 in
2122 3918 2365 3987 Italiam,
2392 3917 2786 3988 pugnavitque
2809 3932 2939 3970 cum
2966 3916 3256 3987 Ariperto,
3284 3922 3343 3971 ct
3366 3933 3514 3973 mor-

1868 4011 1951 4066 tui
1977 4014 2106 4065 sunt
2134 4008 2299 4063 multi
2324 4008 2393 4062 de
2420 4007 2686 4077 partibus
2711 4006 2993 4075 uti-istinc.
3032 4007 3139 4061 Sed
3166 4010 3427 4078 quamvis
3454 4012 3509 4068 in

1869 4101 1990 4171 ipsa
2044 4113 2230 4170 pugna
2263 4112 2373 4152 nox
2411 4098 2579 4151 linem
2632 4096 2886 4163 fecisset,
2936 4104 3159 4153 certum
3192 4103 3284 4153 est
3319 4103 3511 4157 tamen

1868 4190 2021 4261 quod
2056 4187 2300 4243 Bawarii
2346 4189 2637 4256 fugerunt,
2671 4191 2730 4240 et
2764 4187 3073 4258 Aripertus
3103 4204 3233 4244 cum
3265 4189 3512 4248 victoria

1868 4279 2042 4336 rediit
2073 4277 2142 4334 ad
2173 4283 2385 4333 castra.
2428 4277 2535 4343 Qui
2577 4292 2706 4333 cum
2748 4277 3039 4334 noluisset
3066 4295 3299 4337 manere
3334 4281 3387 4336 in
3421 4298 3515 4339 ca-

1867 4369 2007 4426 stris
2039 4366 2141 4423 sed
2190 4367 2300 4421 iret
2332 4367 2384 4421 in
2420 4368 2697 4437 Ticinum,
2747 4368 2883 4422 fecit
2923 4367 3381 4439 desperationem
3417 4388 3515 4441 po-

1869 4458 2003 4530 pulo
2033 4472 2157 4526 suo,
2182 4462 2237 4511 et
2264 4457 2617 4511 adversariis
2647 4457 2809 4511 dedit
2838 4458 3161 4515 audaciam.
3198 4462 3511 4530 Postquam

90 4542 268 4598 illum
298 4541 358 4596 in
386 4543 713 4600 custodiam
760 4545 986 4616 posuit.
1039 4547 1174 4601 Post
1224 4547 1347 4602 haec
1392 4548 1753 4605 Justinianus
1782 4538 1836 4598 D
1868 4562 2006 4602 vero
2048 4546 2345 4601 civitatem
2390 4544 2629 4600 intravit
2661 4551 2719 4602 et
2752 4548 2927 4603 sensit
2974 4548 3185 4602 iratum
3226 4550 3335 4603 sibi
3378 4564 3512 4606 esse

86 4645 345 4701 regnum
366 4646 534 4689 suum
559 4648 663 4705 per
684 4633 1036 4703 adjutorium
1058 4635 1343 4691 Terebelli
1369 4637 1527 4705 regis
1550 4636 1754 4707 Bulga-

85 4737 230 4777 rum
263 4722 508 4793 recepit,
541 4726 597 4779 et
624 4724 868 4780 Leonem
902 4728 1076 4795 atque
1106 4724 1396 4781 Tiberium
1429 4741 1625 4783 coram
1658 4742 1755 4798 po-

86 4810 241 4881 pulo
276 4809 334 4866 in
366 4811 556 4866 medio
583 4812 739 4868 circo
778 4813 1057 4870 decollari
1095 4813 1251 4871 fecit.

162 4900 277 4956 His
311 4898 523 4958 diebus
546 4916 647 4956 rex
672 4902 1125 4971 Anglisaxonum
1152 4903 1379 4960 nomine
1404 4904 1751 4978 Cedoaldus,

89 4989 195 5060 qui
226 4987 445 5046 multas
477 5003 700 5059 pugnas
724 4991 777 5045 in
803 5006 906 5046 sua
934 4992 1117 5063 patria
1148 4994 1459 5063 commisit,
1495 4995 1566 5051 ad
1595 4996 1758 5051 Chri-

87 5081 259 5135 stum
292 5091 616 5134 conversus
655 5082 768 5149 est,
811 5085 867 5135 et
914 5080 1155 5136 tendens
1207 5083 1460 5152 Romam,
1494 5083 1647 5139 venit
1684 5086 1755 5140 ad

87 5165 529 5223 Cbunibertum
588 5182 801 5237 regem,
854 5184 883 5224 a
936 5183 1047 5239 quo
1097 5186 1225 5226 cum
1279 5186 1485 5241 magno
1536 5172 1755 5231 honore

88 5259 439 5326 susceptus,
474 5253 580 5310 ivit
608 5256 863 5326 Romam,
890 5263 950 5312 et
982 5273 1010 5313 a
1046 5258 1217 5313 beato
1246 5259 1446 5329 Sergio
1481 5276 1622 5331 papa
1662 5263 1756 5317 ba-

89 5344 383 5416 ptizatus,
434 5345 648 5400 Petrus
697 5345 1029 5403 nominatus
1080 5351 1192 5419 est,
1228 5354 1286 5417 et
1314 5363 1444 5405 eum
1477 5351 1665 5406 adhuc
1698 5351 1755 5406 in

89 5432 253 5491 albis
276 5436 455 5503 esset,
489 5436 755 5492 mortuus
782 5441 896 5505 est,
920 5439 978 5492 et
1003 5435 1058 5492 in
1080 5436 1348 5495 azeclesia
1379 5439 1566 5495 sancti
1595 5440 1752 5497 Petri

90 5521 404 5594 sepultus.

168 5612 298 5670 Hoc
329 5609 511 5668 etiam
542 5614 807 5684 tempore
838 5613 945 5672 fuit
978 5613 1034 5671 in
1074 5629 1254 5687 regno
1286 5616 1635 5675 Francorum
1667 5618 1758 5675 vir

382 5711 652 5775 PATROL.
699 5710 905 5778 CLIV.

1866 4635 2145 4708 populum
2181 4651 2283 4705 pro
2308 4633 2415 4688 tali
2452 4636 2624 4703 facto,
2662 4636 2863 4691 habuit
2897 4637 3224 4704 consilium,
3260 4642 3322 4692 ut
3355 4638 3515 4707 fuge-

1867 4731 1952 4781 ret
1984 4727 2040 4780 in
2072 4724 2390 4792 Franciam,
2417 4728 2471 4778 et
2500 4722 2636 4777 tulit
2658 4723 2729 4777 de
2755 4723 2970 4793 palatio
2999 4740 3200 4780 aurum
3233 4732 3510 4795 quantum

1866 4815 2072 4884 voluit,
2099 4818 2157 4869 et
2180 4813 2382 4868 exivit.
2416 4813 2670 4880 Cumque
2694 4811 2948 4867 Ticinum
2976 4813 3208 4868 fluvium
3233 4820 3513 4873 oneratus

1868 4919 2011 4960 auro
2058 4905 2429 4958 transnatare
2482 4898 2786 4969 voluisset,
2847 4900 3167 4956 suffocatus
3213 4903 3284 4956 ab
3336 4918 3507 4975 aqua,

1808 4992 1815 5000 ’
1868 4997 2137 5049 mortuus
2158 4996 2268 5047 est.
2300 4989 2425 5044 Alio
2450 4987 2541 5043 die
2572 4988 2865 5043 inventum
2888 4994 3216 5060 esteorpus
3240 4991 3416 5063 illius,
3452 5005 3512 5055 οι

1868 5082 2163 5153 sepultum
2196 5084 2287 5135 est
2323 5078 2377 5132 in
2411 5076 2678 5132 aecclesia
2721 5076 2934 5132 domini
2977 5079 3320 5138 Salvatoris.
3369 5086 3513 5143 Post

1868 5173 2036 5242 cujus
2069 5174 2316 5225 mortem
2356 5166 2696 5239 Asprandus
2732 5166 3239 5235 Longobardorum
3270 5187 3510 5243 regnum

1866 5263 2076 5331 tenuit,
2103 5264 2159 5314 ct
2187 5258 2554 5315 solummodo
2587 5262 2707 5313 tres
2738 5272 2965 5313 menses
2986 5261 3270 5331 regnavit,
3299 5262 3385 5316 vir
3410 5279 3514 5334 per

1866 5352 2054 5407 omnia
2082 5352 2268 5406 bonus
2288 5354 2346 5403 et
2370 5348 2538 5416 cujus
2569 5347 2873 5419 sapientia:
2898 5349 3064 5418 pauci
3091 5350 3352 5406 homines
3376 5353 3515 5409 assi-

1868 5440 2056 5501 miJari
2101 5443 2367 5509 possunt.
2414 5436 2691 5491 Videntes
2728 5440 2921 5493 autem
2950 5438 3315 5507 Longobardi
3358 5441 3514 5510 quod

1869 5527 2212 5602 ASprandus
2253 5530 2605 5594 moreretur,
2649 5524 2908 5581 fecerunt
2952 5526 3062 5582 sibi
3107 5543 3300 5598 regem
3334 5528 3512 5585 ﬁlium

1867 5618 1995 5689 ejus
2024 5615 2467 5690 Liutprandum,
2499 5617 2666 5686 patre
2699 5614 2887 5672 adhuc
2919 5615 3169 5674 vivente.

3198 5716 3278 5777 26
