  <div class='ocr_page' id='page_1' title='image "/cluster/home/n/w/nwhite01/storage/ocr_20150623/154/uva.x000829797/411.png"; bbox 0 0 3952 6372; ppageno 0'>
   <div class='ocr_carea' id='block_1_1' title="bbox 532 356 644 428">
    <p class='ocr_par' dir='ltr' id='par_1_1' title="bbox 532 356 644 428">
     <span class='ocr_line' id='line_1_1' title="bbox 532 356 644 428; baseline -0.018 0"><span class='ocrx_word' id='word_1_1' title='bbox 532 356 644 428; x_wconf 87' lang='grc'>811</span> 
     </span>
    </p>
   </div>
   <div class='ocr_carea' id='block_1_2' title="bbox 1689 361 3830 445">
    <p class='ocr_par' dir='ltr' id='par_1_2' title="bbox 1689 361 3830 445">
     <span class='ocr_line' id='line_1_2' title="bbox 1689 361 3830 445; baseline 0.009 -19"><span class='ocrx_word' id='word_1_2' title='bbox 1689 363 2172 428; x_wconf 81' lang='lat' dir='ltr'>EKKEHARDI</span> <span class='ocrx_word' id='word_1_3' title='bbox 2220 361 2776 428; x_wconf 45' lang='lat' dir='ltr'>URAUGIFNSIS</span> <span class='ocrx_word' id='word_1_4' title='bbox 3747 381 3830 445; x_wconf 80' lang='grc'>812</span> 
     </span>
    </p>
   </div>
   <div class='ocr_carea' id='block_1_3' title="bbox 603 497 3832 580">
    <p class='ocr_par' dir='ltr' id='par_1_3' title="bbox 603 497 3832 580">
     <span class='ocr_line' id='line_1_3' title="bbox 603 497 3832 580; baseline 0.001 -24"><span class='ocrx_word' id='word_1_5' title='bbox 603 498 979 572; x_wconf 78' lang='lat' dir='ltr'>Phylippicus</span> <span class='ocrx_word' id='word_1_6' title='bbox 1003 504 1194 556; x_wconf 90' lang='lat' dir='ltr'>autem</span> <span class='ocrx_word' id='word_1_7' title='bbox 1225 497 1612 557; x_wconf 78' lang='lat' dir='ltr'>Iustinianum</span> <span class='ocrx_word' id='word_1_8' title='bbox 1645 501 2052 572; x_wconf 80' lang='lat' dir='ltr'>imperatorem</span> <span class='ocrx_word' id='word_1_9' title='bbox 2086 517 2178 556; x_wconf 68' lang='grc' dir='ltr'>ου·</span> <span class='ocrx_word' id='word_1_10' title='bbox 2207 500 2263 561; x_wconf 90' lang='grc' dir='ltr'><strong>Α</strong></span> <span class='ocrx_word' id='word_1_11' title='bbox 2298 499 2633 566; x_wconf 90' lang='lat' dir='ltr'>Barcetum;</span> <span class='ocrx_word' id='word_1_12' title='bbox 2668 501 2928 569; x_wconf 84' lang='lat' dir='ltr'>itemque</span> <span class='ocrx_word' id='word_1_13' title='bbox 2961 499 3016 554; x_wconf 91' lang='lat' dir='ltr'>in</span> <span class='ocrx_word' id='word_1_14' title='bbox 3049 498 3264 556; x_wconf 85' lang='lat' dir='ltr'>Alonna</span> <span class='ocrx_word' id='word_1_15' title='bbox 3304 501 3428 561; x_wconf 89' lang='lat' dir='ltr'>villa</span> <span class='ocrx_word' id='word_1_16' title='bbox 3461 509 3664 580; x_wconf 84' lang='lat' dir='ltr'>propria</span> <span class='ocrx_word' id='word_1_17' title='bbox 3691 527 3832 573; x_wconf 75' lang='lat' dir='ltr'>mona.</span> 
     </span>
    </p>
   </div>
   <div class='ocr_carea' id='block_1_4' title="bbox 533 590 2177 660">
    <p class='ocr_par' dir='ltr' id='par_1_4' title="bbox 533 590 2177 660">
     <span class='ocr_line' id='line_1_4' title="bbox 533 590 2177 660; baseline 0 -16"><span class='ocrx_word' id='word_1_18' title='bbox 533 590 696 658; x_wconf 92' lang='lat' dir='ltr'>cidit,</span> <span class='ocrx_word' id='word_1_19' title='bbox 725 603 1082 660; x_wconf 78' lang='lat' dir='ltr'>regnumque</span> <span class='ocrx_word' id='word_1_20' title='bbox 1115 591 1238 660; x_wconf 87' lang='lat' dir='ltr'>ejus</span> <span class='ocrx_word' id='word_1_21' title='bbox 1269 605 1370 660; x_wconf 90' lang='lat' dir='ltr'>per</span> <span class='ocrx_word' id='word_1_22' title='bbox 1401 606 1608 646; x_wconf 87' lang='lat' dir='ltr'>annum</span> <span class='ocrx_word' id='word_1_23' title='bbox 1634 595 1692 644; x_wconf 75' lang='lat' dir='ltr'>et</span> <span class='ocrx_word' id='word_1_24' title='bbox 1716 606 1817 645; x_wconf 88' lang='lat' dir='ltr'>sex</span> <span class='ocrx_word' id='word_1_25' title='bbox 1843 603 2072 645; x_wconf 86' lang='lat' dir='ltr'>menses</span> <span class='ocrx_word' id='word_1_26' title='bbox 2098 594 2177 644; x_wconf 91' lang='lat' dir='ltr'>te-</span> 
     </span>
    </p>
   </div>
   <div class='ocr_carea' id='block_1_5' title="bbox 534 679 2172 748">
    <p class='ocr_par' dir='ltr' id='par_1_5' title="bbox 534 679 2172 748">
     <span class='ocr_line' id='line_1_5' title="bbox 534 679 2172 748; baseline -0.002 -13"><span class='ocrx_word' id='word_1_27' title='bbox 534 679 688 744; x_wconf 91' lang='lat' dir='ltr'>nuit;</span> <span class='ocrx_word' id='word_1_28' title='bbox 721 679 976 734; x_wconf 86' lang='lat' dir='ltr'>surrexit</span> <span class='ocrx_word' id='word_1_29' title='bbox 1001 679 1152 732; x_wconf 90' lang='lat' dir='ltr'>enim</span> <span class='ocrx_word' id='word_1_30' title='bbox 1185 686 1388 734; x_wconf 89' lang='lat' dir='ltr'>contra</span> <span class='ocrx_word' id='word_1_31' title='bbox 1423 693 1550 733; x_wconf 75' lang='lat' dir='ltr'>eum</span> <span class='ocrx_word' id='word_1_32' title='bbox 1590 680 1952 744; x_wconf 79' lang='lat' dir='ltr'>Anastasius,</span> <span class='ocrx_word' id='word_1_33' title='bbox 1988 679 2084 748; x_wconf 87' lang='lat' dir='ltr'>qui</span> <span class='ocrx_word' id='word_1_34' title='bbox 2117 683 2172 732; x_wconf 87' lang='lat' dir='ltr'>et</span> 
     </span>
    </p>
   </div>
   <div class='ocr_carea' id='block_1_6' title="bbox 534 767 2178 836">
    <p class='ocr_par' dir='ltr' id='par_1_6' title="bbox 534 767 2178 836">
     <span class='ocr_line' id='line_1_6' title="bbox 534 767 2178 836; baseline -0.001 -13"><span class='ocrx_word' id='word_1_35' title='bbox 534 768 870 823; x_wconf 88' lang='lat' dir='ltr'>Arthemius</span> <span class='ocrx_word' id='word_1_36' title='bbox 910 768 1104 822; x_wconf 89' lang='lat' dir='ltr'>dictus</span> <span class='ocrx_word' id='word_1_37' title='bbox 1132 773 1244 834; x_wconf 91' lang='lat' dir='ltr'>est,</span> <span class='ocrx_word' id='word_1_38' title='bbox 1278 771 1334 822; x_wconf 85' lang='lat' dir='ltr'>et</span> <span class='ocrx_word' id='word_1_39' title='bbox 1369 768 1540 836; x_wconf 80' lang='lat' dir='ltr'>ejecit</span> <span class='ocrx_word' id='word_1_40' title='bbox 1571 782 1697 822; x_wconf 91' lang='lat' dir='ltr'>eum</span> <span class='ocrx_word' id='word_1_41' title='bbox 1730 767 1801 822; x_wconf 90' lang='lat' dir='ltr'>de</span> <span class='ocrx_word' id='word_1_42' title='bbox 1832 783 2006 836; x_wconf 88' lang='lat' dir='ltr'>regno</span> <span class='ocrx_word' id='word_1_43' title='bbox 2045 780 2178 822; x_wconf 84' lang='lat' dir='ltr'>ocu-</span> 
     </span>
    </p>
   </div>
   <div class='ocr_carea' id='block_1_7' title="bbox 532 855 2174 926">
    <p class='ocr_par' dir='ltr' id='par_1_7' title="bbox 532 855 2174 926">
     <span class='ocr_line' id='line_1_7' title="bbox 532 855 2174 926; baseline 0 -16"><span class='ocrx_word' id='word_1_44' title='bbox 532 855 732 926; x_wconf 67' lang='lat' dir='ltr'>losqur-</span> <span class='ocrx_word' id='word_1_45' title='bbox 765 855 892 924; x_wconf 86' lang='lat' dir='ltr'>ejus</span> <span class='ocrx_word' id='word_1_46' title='bbox 920 870 1227 926; x_wconf 87' lang='lat' dir='ltr'>erumpere</span> <span class='ocrx_word' id='word_1_47' title='bbox 1261 855 1414 910; x_wconf 78' lang='lat' dir='ltr'>fecit.</span> <span class='ocrx_word' id='word_1_48' title='bbox 1451 855 1794 912; x_wconf 73' lang='lat' dir='ltr'>Anastasius</span> <span class='ocrx_word' id='word_1_49' title='bbox 1825 860 2015 912; x_wconf 85' lang='lat' dir='ltr'>autem</span> <span class='ocrx_word' id='word_1_50' title='bbox 2045 870 2174 911; x_wconf 83' lang='lat' dir='ltr'>cum</span> 
     </span>
    </p>
   </div>
   <div class='ocr_carea' id='block_1_8' title="bbox 532 943 2173 1012">
    <p class='ocr_par' dir='ltr' id='par_1_8' title="bbox 532 943 2173 1012">
     <span class='ocr_line' id='line_1_8' title="bbox 532 943 2173 1012; baseline -0.001 -12"><span class='ocrx_word' id='word_1_51' title='bbox 532 945 792 1000; x_wconf 74' lang='lat' dir='ltr'>mitteret</span> <span class='ocrx_word' id='word_1_52' title='bbox 828 958 1005 1000; x_wconf 83' lang='lat' dir='ltr'>naves</span> <span class='ocrx_word' id='word_1_53' title='bbox 1034 943 1088 998; x_wconf 92' lang='lat' dir='ltr'>in</span> <span class='ocrx_word' id='word_1_54' title='bbox 1121 943 1528 998; x_wconf 77' lang='lat' dir='ltr'>Alexandriaizi</span> <span class='ocrx_word' id='word_1_55' title='bbox 1563 947 1766 998; x_wconf 76' lang='lat' dir='ltr'>contra</span> <span class='ocrx_word' id='word_1_56' title='bbox 1801 945 2173 1012; x_wconf 84' lang='lat' dir='ltr'>Sarracenos,</span> 
     </span>
    </p>
   </div>
   <div class='ocr_carea' id='block_1_9' title="bbox 531 1031 2174 1103">
    <p class='ocr_par' dir='ltr' id='par_1_9' title="bbox 531 1031 2174 1103">
     <span class='ocr_line' id='line_1_9' title="bbox 531 1031 2174 1103; baseline -0.002 -14"><span class='ocrx_word' id='word_1_57' title='bbox 531 1033 896 1089; x_wconf 88' lang='lat' dir='ltr'>divertentes</span> <span class='ocrx_word' id='word_1_58' title='bbox 928 1031 1143 1087; x_wconf 75' lang='lat' dir='ltr'>milites</span> <span class='ocrx_word' id='word_1_59' title='bbox 1175 1032 1736 1103; x_wconf 74' lang='lat' dir='ltr'>Constantinopolim</span> <span class='ocrx_word' id='word_1_60' title='bbox 1771 1033 2174 1102; x_wconf 89' lang='lat' dir='ltr'>quuisierunt</span> 
     </span>
    </p>
   </div>
   <div class='ocr_carea' id='block_1_10' title="bbox 527 1120 2178 1191">
    <p class='ocr_par' dir='ltr' id='par_1_10' title="bbox 527 1120 2178 1191">
     <span class='ocr_line' id='line_1_10' title="bbox 527 1120 2178 1191; baseline -0.001 -15"><span class='ocrx_word' id='word_1_61' title='bbox 527 1120 932 1190; x_wconf 85' lang='lat' dir='ltr'>Theodosium,</span> <span class='ocrx_word' id='word_1_62' title='bbox 985 1121 1372 1176; x_wconf 79' lang='lat' dir='ltr'>orthodoxum</span> <span class='ocrx_word' id='word_1_63' title='bbox 1427 1120 1632 1185; x_wconf 87' lang='lat' dir='ltr'>virum,</span> <span class='ocrx_word' id='word_1_64' title='bbox 1687 1126 1746 1175; x_wconf 87' lang='lat' dir='ltr'>et</span> <span class='ocrx_word' id='word_1_65' title='bbox 1799 1121 2039 1176; x_wconf 88' lang='lat' dir='ltr'>invitum</span> <span class='ocrx_word' id='word_1_66' title='bbox 2076 1134 2178 1191; x_wconf 90' lang='lat' dir='ltr'>per</span> 
     </span>
    </p>
   </div>
   <div class='ocr_carea' id='block_1_11' title="bbox 530 1207 2173 1280">
    <p class='ocr_par' dir='ltr' id='par_1_11' title="bbox 530 1207 2173 1280">
     <span class='ocr_line' id='line_1_11' title="bbox 530 1207 2173 1280; baseline -0.001 -16"><span class='ocrx_word' id='word_1_67' title='bbox 530 1207 863 1264; x_wconf 86' lang='lat' dir='ltr'>violentiam</span> <span class='ocrx_word' id='word_1_68' title='bbox 917 1213 1238 1280; x_wconf 87' lang='lat' dir='ltr'>posuerunt</span> <span class='ocrx_word' id='word_1_69' title='bbox 1292 1209 1343 1262; x_wconf 92' lang='lat' dir='ltr'>in</span> <span class='ocrx_word' id='word_1_70' title='bbox 1398 1223 1656 1277; x_wconf 85' lang='lat' dir='ltr'>regnum.</span> <span class='ocrx_word' id='word_1_71' title='bbox 1723 1208 1932 1264; x_wconf 84' lang='lat' dir='ltr'>Exiens</span> <span class='ocrx_word' id='word_1_72' title='bbox 1981 1213 2173 1264; x_wconf 89' lang='lat' dir='ltr'>autem</span> 
     </span>
    </p>
   </div>
   <div class='ocr_carea' id='block_1_12' title="bbox 531 1295 2176 1366">
    <p class='ocr_par' dir='ltr' id='par_1_12' title="bbox 531 1295 2176 1366">
     <span class='ocr_line' id='line_1_12' title="bbox 531 1295 2176 1366; baseline 0.001 -16"><span class='ocrx_word' id='word_1_73' title='bbox 531 1296 680 1352; x_wconf 88' lang='lat' dir='ltr'>idem</span> <span class='ocrx_word' id='word_1_74' title='bbox 711 1297 1072 1352; x_wconf 84' lang='lat' dir='ltr'>Theodosius</span> <span class='ocrx_word' id='word_1_75' title='bbox 1095 1295 1164 1351; x_wconf 93' lang='lat' dir='ltr'>de</span> <span class='ocrx_word' id='word_1_76' title='bbox 1191 1295 1692 1366; x_wconf 81' lang='lat' dir='ltr'>Constantinopoli</span> <span class='ocrx_word' id='word_1_77' title='bbox 1718 1296 1770 1349; x_wconf 91' lang='lat' dir='ltr'>in</span> <span class='ocrx_word' id='word_1_78' title='bbox 1800 1295 2048 1365; x_wconf 82' lang='lat' dir='ltr'>Niceam,</span> <span class='ocrx_word' id='word_1_79' title='bbox 2077 1311 2176 1366; x_wconf 92' lang='lat' dir='ltr'>pu-</span> 
     </span>
    </p>
   </div>
   <div class='ocr_carea' id='block_1_13' title="bbox 527 1381 2174 1452">
    <p class='ocr_par' dir='ltr' id='par_1_13' title="bbox 527 1381 2174 1452">
     <span class='ocr_line' id='line_1_13' title="bbox 527 1381 2174 1452; baseline 0 -14"><span class='ocrx_word' id='word_1_80' title='bbox 527 1383 728 1452; x_wconf 90' lang='lat' dir='ltr'>gnavit</span> <span class='ocrx_word' id='word_1_81' title='bbox 749 1388 948 1440; x_wconf 86' lang='lat' dir='ltr'>contra</span> <span class='ocrx_word' id='word_1_82' title='bbox 977 1384 1368 1452; x_wconf 86' lang='lat' dir='ltr'>Anastasium,</span> <span class='ocrx_word' id='word_1_83' title='bbox 1395 1387 1455 1437; x_wconf 90' lang='lat' dir='ltr'>et</span> <span class='ocrx_word' id='word_1_84' title='bbox 1477 1383 1613 1437; x_wconf 91' lang='lat' dir='ltr'>vicit</span> <span class='ocrx_word' id='word_1_85' title='bbox 1639 1398 1790 1449; x_wconf 91' lang='lat' dir='ltr'>cum,</span> <span class='ocrx_word' id='word_1_86' title='bbox 1827 1381 2078 1452; x_wconf 89' lang='lat' dir='ltr'>tulitque</span> <span class='ocrx_word' id='word_1_87' title='bbox 2104 1384 2174 1438; x_wconf 89' lang='lat' dir='ltr'>ab</span> 
     </span>
    </p>
   </div>
   <div class='ocr_carea' id='block_1_14' title="bbox 527 1469 2170 1541">
    <p class='ocr_par' dir='ltr' id='par_1_14' title="bbox 527 1469 2170 1541">
     <span class='ocr_line' id='line_1_14' title="bbox 527 1469 2170 1541; baseline -0.001 -15"><span class='ocrx_word' id='word_1_88' title='bbox 527 1487 597 1527; x_wconf 93' lang='lat' dir='ltr'>eo</span> <span class='ocrx_word' id='word_1_89' title='bbox 632 1478 1079 1541; x_wconf 90' lang='lat' dir='ltr'>sacramentum,</span> <span class='ocrx_word' id='word_1_90' title='bbox 1115 1477 1168 1526; x_wconf 88' lang='lat' dir='ltr'>et</span> <span class='ocrx_word' id='word_1_91' title='bbox 1211 1487 1340 1527; x_wconf 92' lang='lat' dir='ltr'>cum</span> <span class='ocrx_word' id='word_1_92' title='bbox 1387 1469 1665 1525; x_wconf 73' lang='lat' dir='ltr'>clericum</span> <span class='ocrx_word' id='word_1_93' title='bbox 1720 1471 1843 1525; x_wconf 86' lang='lat' dir='ltr'>ﬁeri</span> <span class='ocrx_word' id='word_1_94' title='bbox 1889 1470 2080 1540; x_wconf 85' lang='lat' dir='ltr'>jussit,</span> <span class='ocrx_word' id='word_1_95' title='bbox 2115 1475 2170 1526; x_wconf 91' lang='lat' dir='ltr'>et</span> 
     </span>
    </p>
   </div>
   <div class='ocr_carea' id='block_1_15' title="bbox 529 1558 2172 1632">
    <p class='ocr_par' dir='ltr' id='par_1_15' title="bbox 529 1558 2172 1632">
     <span class='ocr_line' id='line_1_15' title="bbox 529 1558 2172 1632; baseline -0.002 -16"><span class='ocrx_word' id='word_1_96' title='bbox 529 1565 730 1632; x_wconf 89' lang='lat' dir='ltr'>postea</span> <span class='ocrx_word' id='word_1_97' title='bbox 783 1561 1172 1632; x_wconf 87' lang='lat' dir='ltr'>presbitcrum</span> <span class='ocrx_word' id='word_1_98' title='bbox 1222 1559 1479 1614; x_wconf 88' lang='lat' dir='ltr'>ordinari</span> <span class='ocrx_word' id='word_1_99' title='bbox 1535 1558 1689 1614; x_wconf 85' lang='lat' dir='ltr'>fecit.</span> <span class='ocrx_word' id='word_1_100' title='bbox 1723 1559 1949 1614; x_wconf 85' lang='lat' dir='ltr'>Mortuo</span> <span class='ocrx_word' id='word_1_101' title='bbox 1981 1562 2172 1614; x_wconf 79' lang='lat' dir='ltr'>autem</span> 
     </span>
    </p>
   </div>
   <div class='ocr_carea' id='block_1_16' title="bbox 523 1647 2172 1720">
    <p class='ocr_par' dir='ltr' id='par_1_16' title="bbox 523 1647 2172 1720">
     <span class='ocr_line' id='line_1_16' title="bbox 523 1647 2172 1720; baseline -0.001 -16"><span class='ocrx_word' id='word_1_102' title='bbox 523 1649 849 1706; x_wconf 91' lang='lat' dir='ltr'>Theodosio</span> <span class='ocrx_word' id='word_1_103' title='bbox 881 1653 1012 1720; x_wconf 89' lang='lat' dir='ltr'>post</span> <span class='ocrx_word' id='word_1_104' title='bbox 1037 1663 1244 1704; x_wconf 90' lang='lat' dir='ltr'>annum</span> <span class='ocrx_word' id='word_1_105' title='bbox 1279 1662 1474 1717; x_wconf 91' lang='lat' dir='ltr'>unum,</span> <span class='ocrx_word' id='word_1_106' title='bbox 1511 1647 1622 1702; x_wconf 91' lang='lat' dir='ltr'>Leo</span> <span class='ocrx_word' id='word_1_107' title='bbox 1657 1648 1842 1702; x_wconf 82' lang='lat' dir='ltr'>factus</span> <span class='ocrx_word' id='word_1_108' title='bbox 1873 1650 1961 1703; x_wconf 93' lang='lat' dir='ltr'>cst</span> <span class='ocrx_word' id='word_1_109' title='bbox 1999 1647 2172 1719; x_wconf 86' lang='lat' dir='ltr'>impe-</span> 
     </span>
    </p>
   </div>
   <div class='ocr_carea' id='block_1_17' title="bbox 527 1741 707 1794">
    <p class='ocr_par' dir='ltr' id='par_1_17' title="bbox 527 1741 707 1794">
     <span class='ocr_line' id='line_1_17' title="bbox 527 1741 707 1794; baseline -0.011 0"><span class='ocrx_word' id='word_1_110' title='bbox 527 1741 707 1794; x_wconf 90' lang='lat' dir='ltr'>rator.</span> 
     </span>
    </p>
   </div>
   <div class='ocr_carea' id='block_1_18' title="bbox 597 1824 2172 1896">
    <p class='ocr_par' dir='ltr' id='par_1_18' title="bbox 597 1824 2172 1896">
     <span class='ocr_line' id='line_1_18' title="bbox 597 1824 2172 1896; baseline 0 -16"><span class='ocrx_word' id='word_1_111' title='bbox 597 1827 758 1896; x_wconf 85' lang='lat' dir='ltr'>Apud</span> <span class='ocrx_word' id='word_1_112' title='bbox 805 1840 1044 1895; x_wconf 86' lang='lat' dir='ltr'>regnum</span> <span class='ocrx_word' id='word_1_113' title='bbox 1080 1827 1427 1881; x_wconf 82' lang='lat' dir='ltr'>Francorum</span> <span class='ocrx_word' id='word_1_114' title='bbox 1463 1824 1564 1880; x_wconf 91' lang='lat' dir='ltr'>illo</span> <span class='ocrx_word' id='word_1_115' title='bbox 1598 1825 1650 1878; x_wconf 93' lang='lat' dir='ltr'>in</span> <span class='ocrx_word' id='word_1_116' title='bbox 1686 1828 1949 1895; x_wconf 87' lang='lat' dir='ltr'>tempore</span> <span class='ocrx_word' id='word_1_117' title='bbox 1981 1825 2172 1896; x_wconf 83' lang='lat' dir='ltr'>Pippi-</span> 
     </span>
    </p>
   </div>
   <div class='ocr_carea' id='block_1_19' title="bbox 522 1914 2170 1984">
    <p class='ocr_par' dir='ltr' id='par_1_19' title="bbox 522 1914 2170 1984">
     <span class='ocr_line' id='line_1_19' title="bbox 522 1914 2170 1984; baseline 0 -14"><span class='ocrx_word' id='word_1_118' title='bbox 522 1931 630 1971; x_wconf 78' lang='lat' dir='ltr'>nus</span> <span class='ocrx_word' id='word_1_119' title='bbox 677 1915 960 1984; x_wconf 83' lang='lat' dir='ltr'>regnavit,</span> <span class='ocrx_word' id='word_1_120' title='bbox 1005 1915 1100 1984; x_wconf 86' lang='lat' dir='ltr'>qui</span> <span class='ocrx_word' id='word_1_121' title='bbox 1147 1915 1250 1970; x_wconf 82' lang='lat' dir='ltr'>fuit</span> <span class='ocrx_word' id='word_1_122' title='bbox 1294 1914 1528 1969; x_wconf 89' lang='lat' dir='ltr'>nimium</span> <span class='ocrx_word' id='word_1_123' title='bbox 1581 1915 1770 1968; x_wconf 88' lang='lat' dir='ltr'>audax</span> <span class='ocrx_word' id='word_1_124' title='bbox 1823 1928 2170 1984; x_wconf 87' lang='lat' dir='ltr'>semperque</span> 
     </span>
    </p>
   </div>
   <div class='ocr_carea' id='block_1_20' title="bbox 522 2002 2170 2071">
    <p class='ocr_par' dir='ltr' id='par_1_20' title="bbox 522 2002 2170 2071">
     <span class='ocr_line' id='line_1_20' title="bbox 522 2002 2170 2071; baseline 0 -13"><span class='ocrx_word' id='word_1_125' title='bbox 522 2005 592 2058; x_wconf 90' lang='lat' dir='ltr'>ab</span> <span class='ocrx_word' id='word_1_126' title='bbox 621 2003 891 2059; x_wconf 84' lang='lat' dir='ltr'>hostibus</span> <span class='ocrx_word' id='word_1_127' title='bbox 922 2003 1224 2058; x_wconf 87' lang='lat' dir='ltr'>victoriam</span> <span class='ocrx_word' id='word_1_128' title='bbox 1258 2002 1479 2058; x_wconf 83' lang='lat' dir='ltr'>habuit.</span> <span class='ocrx_word' id='word_1_129' title='bbox 1519 2003 1619 2057; x_wconf 90' lang='lat' dir='ltr'>llic</span> <span class='ocrx_word' id='word_1_130' title='bbox 1644 2002 1846 2057; x_wconf 84' lang='lat' dir='ltr'>habuit</span> <span class='ocrx_word' id='word_1_131' title='bbox 1871 2002 2040 2071; x_wconf 80' lang='lat' dir='ltr'>ﬁlios,</span> <span class='ocrx_word' id='word_1_132' title='bbox 2068 2004 2170 2058; x_wconf 89' lang='lat' dir='ltr'>sed</span> 
     </span>
    </p>
   </div>
   <div class='ocr_carea' id='block_1_21' title="bbox 519 2090 2167 2162">
    <p class='ocr_par' dir='ltr' id='par_1_21' title="bbox 519 2090 2167 2162">
     <span class='ocr_line' id='line_1_21' title="bbox 519 2090 2167 2162; baseline 0 -16"><span class='ocrx_word' id='word_1_133' title='bbox 519 2106 591 2146; x_wconf 89' lang='lat' dir='ltr'>ex</span> <span class='ocrx_word' id='word_1_134' title='bbox 611 2091 696 2147; x_wconf 87' lang='lat' dir='ltr'>eis</span> <span class='ocrx_word' id='word_1_135' title='bbox 717 2091 962 2146; x_wconf 84' lang='lat' dir='ltr'>Karolus</span> <span class='ocrx_word' id='word_1_136' title='bbox 983 2091 1239 2162; x_wconf 90' lang='lat' dir='ltr'>optimus</span> <span class='ocrx_word' id='word_1_137' title='bbox 1258 2091 1476 2159; x_wconf 78' lang='lat' dir='ltr'>extitit,</span> <span class='ocrx_word' id='word_1_138' title='bbox 1501 2090 1595 2160; x_wconf 89' lang='lat' dir='ltr'>qui</span> <span class='ocrx_word' id='word_1_139' title='bbox 1625 2095 1753 2161; x_wconf 90' lang='lat' dir='ltr'>post</span> <span class='ocrx_word' id='word_1_140' title='bbox 1775 2105 1901 2145; x_wconf 93' lang='lat' dir='ltr'>cum</span> <span class='ocrx_word' id='word_1_141' title='bbox 1929 2105 2167 2159; x_wconf 86' lang='lat' dir='ltr'>regnum</span> 
     </span>
    </p>
   </div>
   <div class='ocr_carea' id='block_1_22' title="bbox 520 2181 764 2250">
    <p class='ocr_par' dir='ltr' id='par_1_22' title="bbox 520 2181 764 2250">
     <span class='ocr_line' id='line_1_22' title="bbox 520 2181 764 2250; baseline 0.004 -15"><span class='ocrx_word' id='word_1_142' title='bbox 520 2181 764 2250; x_wconf 90' lang='lat' dir='ltr'>accepit.</span> 
     </span>
    </p>
   </div>
   <div class='ocr_carea' id='block_1_23' title="bbox 593 2265 2170 2338">
    <p class='ocr_par' dir='ltr' id='par_1_23' title="bbox 593 2265 2170 2338">
     <span class='ocr_line' id='line_1_23' title="bbox 593 2265 2170 2338; baseline -0.001 -15"><span class='ocrx_word' id='word_1_143' title='bbox 593 2269 760 2323; x_wconf 86' lang='lat' dir='ltr'>Circa</span> <span class='ocrx_word' id='word_1_144' title='bbox 784 2268 906 2324; x_wconf 56' lang='lat' dir='ltr'>haec</span> <span class='ocrx_word' id='word_1_145' title='bbox 929 2271 1191 2338; x_wconf 84' lang='lat' dir='ltr'>tempora</span> <span class='ocrx_word' id='word_1_146' title='bbox 1218 2271 1604 2337; x_wconf 89' lang='lat' dir='ltr'>compunctus</span> <span class='ocrx_word' id='word_1_147' title='bbox 1628 2265 1824 2322; x_wconf 90' lang='lat' dir='ltr'>divino</span> <span class='ocrx_word' id='word_1_148' title='bbox 1848 2281 2043 2322; x_wconf 88' lang='lat' dir='ltr'>amore</span> <span class='ocrx_word' id='word_1_149' title='bbox 2067 2269 2170 2322; x_wconf 87' lang='lat' dir='ltr'>Pa-</span> 
     </span>
    </p>
   </div>
   <div class='ocr_carea' id='block_1_24' title="bbox 516 2355 2169 2425">
    <p class='ocr_par' dir='ltr' id='par_1_24' title="bbox 516 2355 2169 2425">
     <span class='ocr_line' id='line_1_24' title="bbox 516 2355 2169 2425; baseline 0 -15"><span class='ocrx_word' id='word_1_150' title='bbox 516 2361 726 2412; x_wconf 85' lang='lat' dir='ltr'>tronax</span> <span class='ocrx_word' id='word_1_151' title='bbox 763 2357 832 2411; x_wconf 89' lang='lat' dir='ltr'>de</span> <span class='ocrx_word' id='word_1_152' title='bbox 867 2355 1055 2410; x_wconf 83' lang='lat' dir='ltr'>Brixia</span> <span class='ocrx_word' id='word_1_153' title='bbox 1100 2355 1257 2410; x_wconf 86' lang='lat' dir='ltr'>venit</span> <span class='ocrx_word' id='word_1_154' title='bbox 1293 2355 1552 2424; x_wconf 84' lang='lat' dir='ltr'>Romam,</span> <span class='ocrx_word' id='word_1_155' title='bbox 1587 2361 1643 2410; x_wconf 88' lang='lat' dir='ltr'>et</span> <span class='ocrx_word' id='word_1_156' title='bbox 1680 2371 1784 2425; x_wconf 88' lang='lat' dir='ltr'>per</span> <span class='ocrx_word' id='word_1_157' title='bbox 1811 2355 2169 2410; x_wconf 87' lang='lat' dir='ltr'>exhortatio-</span> 
     </span>
    </p>
   </div>
   <div class='ocr_carea' id='block_1_25' title="bbox 519 2442 2167 2515">
    <p class='ocr_par' dir='ltr' id='par_1_25' title="bbox 519 2442 2167 2515">
     <span class='ocr_line' id='line_1_25' title="bbox 519 2442 2167 2515; baseline -0.001 -16"><span class='ocrx_word' id='word_1_158' title='bbox 519 2459 648 2500; x_wconf 87' lang='lat' dir='ltr'>nem</span> <span class='ocrx_word' id='word_1_159' title='bbox 684 2443 772 2476; x_wconf 77' lang='grc'>¹⁰³³</span> <span class='ocrx_word' id='word_1_160' title='bbox 805 2444 960 2499; x_wconf 90' lang='lat' dir='ltr'>beati</span> <span class='ocrx_word' id='word_1_161' title='bbox 995 2442 1278 2513; x_wconf 83' lang='lat' dir='ltr'>Gregorii,</span> <span class='ocrx_word' id='word_1_162' title='bbox 1314 2447 1453 2499; x_wconf 91' lang='lat' dir='ltr'>tunc</span> <span class='ocrx_word' id='word_1_163' title='bbox 1489 2443 1770 2514; x_wconf 89' lang='lat' dir='ltr'>temporis</span> <span class='ocrx_word' id='word_1_164' title='bbox 1791 2458 1977 2515; x_wconf 71' lang='lat' dir='ltr'>papzc,</span> <span class='ocrx_word' id='word_1_165' title='bbox 2013 2443 2167 2498; x_wconf 89' lang='lat' dir='ltr'>venit</span> 
     </span>
    </p>
   </div>
   <div class='ocr_carea' id='block_1_26' title="bbox 518 2531 2165 2602">
    <p class='ocr_par' dir='ltr' id='par_1_26' title="bbox 518 2531 2165 2602">
     <span class='ocr_line' id='line_1_26' title="bbox 518 2531 2165 2602; baseline 0.001 -15"><span class='ocrx_word' id='word_1_166' title='bbox 518 2533 573 2588; x_wconf 89' lang='lat' dir='ltr'>in</span> <span class='ocrx_word' id='word_1_167' title='bbox 607 2531 902 2588; x_wconf 83' lang='lat' dir='ltr'>Cassinum</span> <span class='ocrx_word' id='word_1_168' title='bbox 945 2536 1227 2601; x_wconf 88' lang='lat' dir='ltr'>castrum,</span> <span class='ocrx_word' id='word_1_169' title='bbox 1269 2531 1564 2602; x_wconf 68' lang='lat' dir='ltr'>coepitque</span> <span class='ocrx_word' id='word_1_170' title='bbox 1609 2531 1683 2585; x_wconf 90' lang='lat' dir='ltr'>ibi</span> <span class='ocrx_word' id='word_1_171' title='bbox 1727 2532 1993 2587; x_wconf 87' lang='lat' dir='ltr'>habitare</span> <span class='ocrx_word' id='word_1_172' title='bbox 2035 2546 2165 2588; x_wconf 91' lang='lat' dir='ltr'>cum</span> 
     </span>
    </p>
   </div>
   <div class='ocr_carea' id='block_1_27' title="bbox 517 2618 2163 2692">
    <p class='ocr_par' dir='ltr' id='par_1_27' title="bbox 517 2618 2163 2692">
     <span class='ocr_line' id='line_1_27' title="bbox 517 2618 2163 2692; baseline -0.001 -17"><span class='ocrx_word' id='word_1_173' title='bbox 517 2619 882 2692; x_wconf 84' lang='lat' dir='ltr'>simplicibus</span> <span class='ocrx_word' id='word_1_174' title='bbox 903 2618 1250 2687; x_wconf 90' lang='lat' dir='ltr'>hominibus,</span> <span class='ocrx_word' id='word_1_175' title='bbox 1278 2619 1374 2688; x_wconf 82' lang='lat' dir='ltr'>qui</span> <span class='ocrx_word' id='word_1_176' title='bbox 1400 2625 1537 2674; x_wconf 93' lang='lat' dir='ltr'>tunc</span> <span class='ocrx_word' id='word_1_177' title='bbox 1566 2619 1640 2673; x_wconf 90' lang='lat' dir='ltr'>ibi</span> <span class='ocrx_word' id='word_1_178' title='bbox 1670 2619 2022 2675; x_wconf 87' lang='lat' dir='ltr'>residebant.</span> <span class='ocrx_word' id='word_1_179' title='bbox 2056 2619 2163 2686; x_wconf 89' lang='lat' dir='ltr'>Qui</span> 
     </span>
    </p>
   </div>
   <div class='ocr_carea' id='block_1_28' title="bbox 515 2706 2166 2764">
    <p class='ocr_par' dir='ltr' id='par_1_28' title="bbox 515 2706 2166 2764">
     <span class='ocr_line' id='line_1_28' title="bbox 515 2706 2166 2764; baseline -0.001 0"><span class='ocrx_word' id='word_1_180' title='bbox 515 2707 726 2764; x_wconf 88' lang='lat' dir='ltr'>deinde</span> <span class='ocrx_word' id='word_1_181' title='bbox 754 2708 1000 2764; x_wconf 85' lang='lat' dir='ltr'>eundem</span> <span class='ocrx_word' id='word_1_182' title='bbox 1031 2706 1420 2762; x_wconf 88' lang='lat' dir='ltr'>venerabilem</span> <span class='ocrx_word' id='word_1_183' title='bbox 1457 2707 1642 2762; x_wconf 90' lang='lat' dir='ltr'>virum</span> <span class='ocrx_word' id='word_1_184' title='bbox 1680 2709 2053 2763; x_wconf 90' lang='lat' dir='ltr'>Petronacem</span> <span class='ocrx_word' id='word_1_185' title='bbox 2091 2709 2166 2763; x_wconf 82' lang='lat' dir='ltr'>fe-</span> 
     </span>
    </p>
   </div>
   <div class='ocr_carea' id='block_1_29' title="bbox 514 2795 2162 2866">
    <p class='ocr_par' dir='ltr' id='par_1_29' title="bbox 514 2795 2162 2866">
     <span class='ocr_line' id='line_1_29' title="bbox 514 2795 2162 2866; baseline -0.002 -13"><span class='ocrx_word' id='word_1_186' title='bbox 514 2801 722 2853; x_wconf 88' lang='lat' dir='ltr'>cerunt</span> <span class='ocrx_word' id='word_1_187' title='bbox 753 2796 862 2851; x_wconf 90' lang='lat' dir='ltr'>sibi</span> <span class='ocrx_word' id='word_1_188' title='bbox 896 2795 1206 2851; x_wconf 89' lang='lat' dir='ltr'>seniorem.</span> <span class='ocrx_word' id='word_1_189' title='bbox 1259 2797 1572 2866; x_wconf 71' lang='lat' dir='ltr'>Coeperunt</span> <span class='ocrx_word' id='word_1_190' title='bbox 1619 2797 1811 2851; x_wconf 89' lang='lat' dir='ltr'>autem</span> <span class='ocrx_word' id='word_1_191' title='bbox 1861 2797 2058 2851; x_wconf 89' lang='lat' dir='ltr'>statim</span> <span class='ocrx_word' id='word_1_192' title='bbox 2092 2795 2162 2851; x_wconf 91' lang='lat' dir='ltr'>ad</span> 
     </span>
    </p>
   </div>
   <div class='ocr_carea' id='block_1_30' title="bbox 514 2883 2165 2954">
    <p class='ocr_par' dir='ltr' id='par_1_30' title="bbox 514 2883 2165 2954">
     <span class='ocr_line' id='line_1_30' title="bbox 514 2883 2165 2954; baseline 0 -14"><span class='ocrx_word' id='word_1_193' title='bbox 514 2899 644 2941; x_wconf 93' lang='lat' dir='ltr'>cum</span> <span class='ocrx_word' id='word_1_194' title='bbox 677 2897 1032 2940; x_wconf 88' lang='lat' dir='ltr'>concurrere</span> <span class='ocrx_word' id='word_1_195' title='bbox 1068 2883 1231 2939; x_wconf 90' lang='lat' dir='ltr'>multi</span> <span class='ocrx_word' id='word_1_196' title='bbox 1259 2883 1363 2938; x_wconf 88' lang='lat' dir='ltr'>viri</span> <span class='ocrx_word' id='word_1_197' title='bbox 1392 2883 1638 2952; x_wconf 87' lang='lat' dir='ltr'>nobiles,</span> <span class='ocrx_word' id='word_1_198' title='bbox 1665 2889 1724 2938; x_wconf 88' lang='lat' dir='ltr'>et</span> <span class='ocrx_word' id='word_1_199' title='bbox 1747 2884 2058 2954; x_wconf 88' lang='lat' dir='ltr'>adjuvante</span> <span class='ocrx_word' id='word_1_200' title='bbox 2083 2885 2165 2942; x_wconf 91' lang='lat' dir='ltr'>di-</span> 
     </span>
    </p>
   </div>
   <div class='ocr_carea' id='block_1_31' title="bbox 513 2971 2164 3042">
    <p class='ocr_par' dir='ltr' id='par_1_31' title="bbox 513 2971 2164 3042">
     <span class='ocr_line' id='line_1_31' title="bbox 513 2971 2164 3042; baseline 0.001 -14"><span class='ocrx_word' id='word_1_201' title='bbox 513 2972 643 3028; x_wconf 90' lang='lat' dir='ltr'>vina</span> <span class='ocrx_word' id='word_1_202' title='bbox 675 2971 886 3042; x_wconf 86' lang='lat' dir='ltr'>gratia,</span> <span class='ocrx_word' id='word_1_203' title='bbox 920 2986 1024 3042; x_wconf 90' lang='lat' dir='ltr'>pro</span> <span class='ocrx_word' id='word_1_204' title='bbox 1056 2971 1282 3026; x_wconf 88' lang='lat' dir='ltr'>meritis</span> <span class='ocrx_word' id='word_1_205' title='bbox 1318 2971 1471 3026; x_wconf 88' lang='lat' dir='ltr'>beati</span> <span class='ocrx_word' id='word_1_206' title='bbox 1509 2972 1690 3042; x_wconf 89' lang='lat' dir='ltr'>patris</span> <span class='ocrx_word' id='word_1_207' title='bbox 1725 2973 2040 3036; x_wconf 87' lang='lat' dir='ltr'>Benedicti,</span> <span class='ocrx_word' id='word_1_208' title='bbox 2077 2988 2164 3029; x_wconf 88' lang='lat' dir='ltr'>re-</span> 
     </span>
    </p>
   </div>
   <div class='ocr_carea' id='block_1_32' title="bbox 513 3059 2161 3133">
    <p class='ocr_par' dir='ltr' id='par_1_32' title="bbox 513 3059 2161 3133">
     <span class='ocr_line' id='line_1_32' title="bbox 513 3059 2161 3133; baseline 0.001 -17"><span class='ocrx_word' id='word_1_209' title='bbox 513 3061 741 3133; x_wconf 90' lang='lat' dir='ltr'>paravit</span> <span class='ocrx_word' id='word_1_210' title='bbox 773 3061 967 3132; x_wconf 87' lang='lat' dir='ltr'>priora</span> <span class='ocrx_word' id='word_1_211' title='bbox 999 3059 1350 3124; x_wconf 89' lang='lat' dir='ltr'>habitacula,</span> <span class='ocrx_word' id='word_1_212' title='bbox 1379 3059 1696 3129; x_wconf 90' lang='lat' dir='ltr'>vivcnsque</span> <span class='ocrx_word' id='word_1_213' title='bbox 1729 3076 1858 3116; x_wconf 90' lang='lat' dir='ltr'>cum</span> <span class='ocrx_word' id='word_1_214' title='bbox 1892 3061 2161 3118; x_wconf 89' lang='lat' dir='ltr'>omnibus</span> 
     </span>
    </p>
   </div>
   <div class='ocr_carea' id='block_1_33' title="bbox 513 3147 2159 3220">
    <p class='ocr_par' dir='ltr' id='par_1_33' title="bbox 513 3147 2159 3220">
     <span class='ocr_line' id='line_1_33' title="bbox 513 3147 2159 3220; baseline 0.001 -15"><span class='ocrx_word' id='word_1_215' title='bbox 513 3150 623 3205; x_wconf 90' lang='lat' dir='ltr'>sub</span> <span class='ocrx_word' id='word_1_216' title='bbox 651 3149 792 3220; x_wconf 86' lang='lat' dir='ltr'>jugo</span> <span class='ocrx_word' id='word_1_217' title='bbox 825 3153 1043 3203; x_wconf 71' lang='lat' dir='ltr'>sanctae</span> <span class='ocrx_word' id='word_1_218' title='bbox 1082 3147 1298 3216; x_wconf 71' lang='lat' dir='ltr'>regulae</span> <span class='ocrx_word' id='word_1_219' title='bbox 1340 3147 1658 3203; x_wconf 90' lang='lat' dir='ltr'>secundum</span> <span class='ocrx_word' id='word_1_220' title='bbox 1701 3149 1962 3205; x_wconf 90' lang='lat' dir='ltr'>ordinem</span> <span class='ocrx_word' id='word_1_221' title='bbox 2006 3150 2159 3206; x_wconf 85' lang='lat' dir='ltr'>beati</span> 
     </span>
    </p>
   </div>
   <div class='ocr_carea' id='block_1_34' title="bbox 514 3230 2240 3305">
    <p class='ocr_par' dir='ltr' id='par_1_34' title="bbox 514 3230 2240 3305">
     <span class='ocr_line' id='line_1_34' title="bbox 514 3230 2240 3305; baseline 0 -14"><span class='ocrx_word' id='word_1_222' title='bbox 514 3237 834 3305; x_wconf 87' lang='lat' dir='ltr'>Benedicti,</span> <span class='ocrx_word' id='word_1_223' title='bbox 889 3241 1155 3292; x_wconf 90' lang='lat' dir='ltr'>sanctum</span> <span class='ocrx_word' id='word_1_224' title='bbox 1199 3234 1343 3291; x_wconf 90' lang='lat' dir='ltr'>illud</span> <span class='ocrx_word' id='word_1_225' title='bbox 1386 3237 1803 3292; x_wconf 88' lang='lat' dir='ltr'>monasterium</span> <span class='ocrx_word' id='word_1_226' title='bbox 1835 3238 1908 3293; x_wconf 90' lang='lat' dir='ltr'>ad</span> <span class='ocrx_word' id='word_1_227' title='bbox 1947 3240 2159 3295; x_wconf 89' lang='lat' dir='ltr'>bonum</span> <span class='ocrx_word' id='word_1_228' title='bbox 2193 3230 2240 3291; x_wconf 72' lang='grc' dir='ltr'>Ο</span> 
     </span>
    </p>
   </div>
   <div class='ocr_carea' id='block_1_35' title="bbox 511 3323 2162 3395">
    <p class='ocr_par' dir='ltr' id='par_1_35' title="bbox 511 3323 2162 3395">
     <span class='ocr_line' id='line_1_35' title="bbox 511 3323 2162 3395; baseline 0.001 -15"><span class='ocrx_word' id='word_1_229' title='bbox 511 3325 872 3395; x_wconf 87' lang='lat' dir='ltr'>perduxerat</span> <span class='ocrx_word' id='word_1_230' title='bbox 894 3328 1132 3378; x_wconf 88' lang='lat' dir='ltr'>statum.</span> <span class='ocrx_word' id='word_1_231' title='bbox 1162 3323 1304 3379; x_wconf 83' lang='lat' dir='ltr'>Huic</span> <span class='ocrx_word' id='word_1_232' title='bbox 1325 3324 1642 3380; x_wconf 84' lang='lat' dir='ltr'>venerabili</span> <span class='ocrx_word' id='word_1_233' title='bbox 1671 3325 1795 3380; x_wconf 84' lang='lat' dir='ltr'>viro</span> <span class='ocrx_word' id='word_1_234' title='bbox 1821 3327 1997 3382; x_wconf 88' lang='lat' dir='ltr'>multa</span> <span class='ocrx_word' id='word_1_235' title='bbox 2024 3327 2162 3382; x_wconf 81' lang='lat' dir='ltr'>fecit</span> 
     </span>
    </p>
   </div>
   <div class='ocr_carea' id='block_1_36' title="bbox 513 3412 2161 3484">
    <p class='ocr_par' dir='ltr' id='par_1_36' title="bbox 513 3412 2161 3484">
     <span class='ocr_line' id='line_1_36' title="bbox 513 3412 2161 3484; baseline 0.001 -15"><span class='ocrx_word' id='word_1_236' title='bbox 513 3413 805 3482; x_wconf 85' lang='lat' dir='ltr'>adjutoria</span> <span class='ocrx_word' id='word_1_237' title='bbox 847 3412 1100 3467; x_wconf 90' lang='lat' dir='ltr'>dilectus</span> <span class='ocrx_word' id='word_1_238' title='bbox 1137 3415 1254 3468; x_wconf 92' lang='lat' dir='ltr'>Deo</span> <span class='ocrx_word' id='word_1_239' title='bbox 1294 3412 1602 3469; x_wconf 87' lang='lat' dir='ltr'>Zacharias</span> <span class='ocrx_word' id='word_1_240' title='bbox 1635 3429 1801 3484; x_wconf 90' lang='lat' dir='ltr'>papa,</span> <span class='ocrx_word' id='word_1_241' title='bbox 1837 3414 1982 3470; x_wconf 89' lang='lat' dir='ltr'>dans</span> <span class='ocrx_word' id='word_1_242' title='bbox 2013 3415 2064 3471; x_wconf 92' lang='lat' dir='ltr'>ei</span> <span class='ocrx_word' id='word_1_243' title='bbox 2096 3415 2161 3470; x_wconf 94' lang='lat' dir='ltr'>li-</span> 
     </span>
    </p>
   </div>
   <div class='ocr_carea' id='block_1_37' title="bbox 515 3501 2160 3572">
    <p class='ocr_par' dir='ltr' id='par_1_37' title="bbox 515 3501 2160 3572">
     <span class='ocr_line' id='line_1_37' title="bbox 515 3501 2160 3572; baseline 0.002 -15"><span class='ocrx_word' id='word_1_244' title='bbox 515 3503 654 3558; x_wconf 91' lang='lat' dir='ltr'>bros</span> <span class='ocrx_word' id='word_1_245' title='bbox 678 3505 894 3558; x_wconf 61' lang='lat' dir='ltr'>sanctae</span> <span class='ocrx_word' id='word_1_246' title='bbox 917 3501 1226 3572; x_wconf 68' lang='lat' dir='ltr'>scripturae</span> <span class='ocrx_word' id='word_1_247' title='bbox 1249 3507 1309 3556; x_wconf 93' lang='lat' dir='ltr'>et</span> <span class='ocrx_word' id='word_1_248' title='bbox 1331 3502 1440 3556; x_wconf 90' lang='lat' dir='ltr'>alia</span> <span class='ocrx_word' id='word_1_249' title='bbox 1465 3516 1590 3571; x_wconf 66' lang='lat' dir='ltr'>qua:</span> <span class='ocrx_word' id='word_1_250' title='bbox 1612 3503 1682 3558; x_wconf 91' lang='lat' dir='ltr'>ad</span> <span class='ocrx_word' id='word_1_251' title='bbox 1707 3503 2022 3559; x_wconf 87' lang='lat' dir='ltr'>utilitatem</span> <span class='ocrx_word' id='word_1_252' title='bbox 2046 3521 2160 3560; x_wconf 90' lang='lat' dir='ltr'>mo-</span> 
     </span>
    </p>
   </div>
   <div class='ocr_carea' id='block_1_38' title="bbox 511 3589 2163 3662">
    <p class='ocr_par' dir='ltr' id='par_1_38' title="bbox 511 3589 2163 3662">
     <span class='ocr_line' id='line_1_38' title="bbox 511 3589 2163 3662; baseline 0.002 -16"><span class='ocrx_word' id='word_1_253' title='bbox 511 3589 755 3646; x_wconf 89' lang='lat' dir='ltr'>nasterii</span> <span class='ocrx_word' id='word_1_254' title='bbox 783 3590 1099 3661; x_wconf 85' lang='lat' dir='ltr'>pertinent,</span> <span class='ocrx_word' id='word_1_255' title='bbox 1120 3589 1430 3661; x_wconf 90' lang='lat' dir='ltr'>insupcret</span> <span class='ocrx_word' id='word_1_256' title='bbox 1453 3591 1732 3660; x_wconf 87' lang='lat' dir='ltr'>regulam,</span> <span class='ocrx_word' id='word_1_257' title='bbox 1761 3607 1928 3662; x_wconf 90' lang='lat' dir='ltr'>quam</span> <span class='ocrx_word' id='word_1_258' title='bbox 1957 3594 2163 3650; x_wconf 88' lang='lat' dir='ltr'>beatus</span> 
     </span>
    </p>
   </div>
   <div class='ocr_carea' id='block_1_39' title="bbox 511 3679 2162 3752">
    <p class='ocr_par' dir='ltr' id='par_1_39' title="bbox 511 3679 2162 3752">
     <span class='ocr_line' id='line_1_39' title="bbox 511 3679 2162 3752; baseline 0.002 -18"><span class='ocrx_word' id='word_1_259' title='bbox 511 3683 681 3752; x_wconf 88' lang='lat' dir='ltr'>pater</span> <span class='ocrx_word' id='word_1_260' title='bbox 703 3679 1054 3734; x_wconf 87' lang='lat' dir='ltr'>Benedictus</span> <span class='ocrx_word' id='word_1_261' title='bbox 1087 3679 1352 3734; x_wconf 90' lang='lat' dir='ltr'>manibus</span> <span class='ocrx_word' id='word_1_262' title='bbox 1382 3679 1504 3734; x_wconf 90' lang='lat' dir='ltr'>suis</span> <span class='ocrx_word' id='word_1_263' title='bbox 1535 3680 1794 3750; x_wconf 88' lang='lat' dir='ltr'>scripsit.</span> <span class='ocrx_word' id='word_1_264' title='bbox 1832 3682 1915 3735; x_wconf 84' lang='lat' dir='ltr'>Ab</span> <span class='ocrx_word' id='word_1_265' title='bbox 1940 3681 2040 3737; x_wconf 93' lang='lat' dir='ltr'>illo</span> <span class='ocrx_word' id='word_1_266' title='bbox 2065 3696 2162 3738; x_wconf 90' lang='lat' dir='ltr'>au-</span> 
     </span>
    </p>
   </div>
   <div class='ocr_carea' id='block_1_40' title="bbox 509 3767 2160 3838">
    <p class='ocr_par' dir='ltr' id='par_1_40' title="bbox 509 3767 2160 3838">
     <span class='ocr_line' id='line_1_40' title="bbox 509 3767 2160 3838; baseline 0.001 -14"><span class='ocrx_word' id='word_1_267' title='bbox 509 3773 627 3824; x_wconf 90' lang='lat' dir='ltr'>tem</span> <span class='ocrx_word' id='word_1_268' title='bbox 658 3772 942 3838; x_wconf 90' lang='lat' dir='ltr'>tempore,</span> <span class='ocrx_word' id='word_1_269' title='bbox 975 3781 1048 3822; x_wconf 89' lang='lat' dir='ltr'>ex</span> <span class='ocrx_word' id='word_1_270' title='bbox 1071 3782 1184 3838; x_wconf 92' lang='lat' dir='ltr'>quo</span> <span class='ocrx_word' id='word_1_271' title='bbox 1217 3767 1384 3824; x_wconf 92' lang='lat' dir='ltr'>locus</span> <span class='ocrx_word' id='word_1_272' title='bbox 1414 3767 1512 3823; x_wconf 89' lang='lat' dir='ltr'>ille</span> <span class='ocrx_word' id='word_1_273' title='bbox 1545 3769 1889 3824; x_wconf 87' lang='lat' dir='ltr'>destructus</span> <span class='ocrx_word' id='word_1_274' title='bbox 1919 3775 2028 3836; x_wconf 88' lang='lat' dir='ltr'>est,</span> <span class='ocrx_word' id='word_1_275' title='bbox 2067 3786 2160 3826; x_wconf 90' lang='lat' dir='ltr'>us-</span> 
     </span>
    </p>
   </div>
   <div class='ocr_carea' id='block_1_41' title="bbox 511 3855 2156 3930">
    <p class='ocr_par' dir='ltr' id='par_1_41' title="bbox 511 3855 2156 3930">
     <span class='ocr_line' id='line_1_41' title="bbox 511 3855 2156 3930; baseline 0.001 -17"><span class='ocrx_word' id='word_1_276' title='bbox 511 3871 624 3928; x_wconf 88' lang='lat' dir='ltr'>que</span> <span class='ocrx_word' id='word_1_277' title='bbox 645 3857 715 3912; x_wconf 88' lang='lat' dir='ltr'>ad</span> <span class='ocrx_word' id='word_1_278' title='bbox 745 3855 860 3926; x_wconf 90' lang='lat' dir='ltr'>jam</span> <span class='ocrx_word' id='word_1_279' title='bbox 894 3855 1113 3912; x_wconf 89' lang='lat' dir='ltr'>dictum</span> <span class='ocrx_word' id='word_1_280' title='bbox 1145 3856 1414 3912; x_wconf 87' lang='lat' dir='ltr'>abbatem</span> <span class='ocrx_word' id='word_1_281' title='bbox 1449 3858 1852 3928; x_wconf 86' lang='lat' dir='ltr'>Petronacem,</span> <span class='ocrx_word' id='word_1_282' title='bbox 1881 3857 2156 3930; x_wconf 88' lang='lat' dir='ltr'>completi</span> 
     </span>
    </p>
   </div>
   <div class='ocr_carea' id='block_1_42' title="bbox 511 3945 1515 4002">
    <p class='ocr_par' dir='ltr' id='par_1_42' title="bbox 511 3945 1515 4002">
     <span class='ocr_line' id='line_1_42' title="bbox 511 3945 1515 4002; baseline -0.001 -2"><span class='ocrx_word' id='word_1_283' title='bbox 511 3945 744 4002; x_wconf 85' lang='lat' dir='ltr'>fuerunt</span> <span class='ocrx_word' id='word_1_284' title='bbox 775 3949 1010 4000; x_wconf 88' lang='lat' dir='ltr'>centum</span> <span class='ocrx_word' id='word_1_285' title='bbox 1042 3949 1102 4000; x_wconf 90' lang='lat' dir='ltr'>et</span> <span class='ocrx_word' id='word_1_286' title='bbox 1133 3945 1333 4001; x_wconf 90' lang='lat' dir='ltr'>decem</span> <span class='ocrx_word' id='word_1_287' title='bbox 1363 3945 1515 4000; x_wconf 90' lang='lat' dir='ltr'>anni.</span> 
     </span>
    </p>
   </div>
   <div class='ocr_carea' id='block_1_43' title="bbox 583 4033 2154 4105">
    <p class='ocr_par' dir='ltr' id='par_1_43' title="bbox 583 4033 2154 4105">
     <span class='ocr_line' id='line_1_43' title="bbox 583 4033 2154 4105; baseline 0.001 -17"><span class='ocrx_word' id='word_1_288' title='bbox 583 4035 640 4088; x_wconf 87' lang='lat' dir='ltr'>In</span> <span class='ocrx_word' id='word_1_289' title='bbox 677 4033 936 4102; x_wconf 77' lang='lat' dir='ltr'>Francia,</span> <span class='ocrx_word' id='word_1_290' title='bbox 979 4037 1210 4090; x_wconf 90' lang='lat' dir='ltr'>mortuo</span> <span class='ocrx_word' id='word_1_291' title='bbox 1251 4033 1513 4105; x_wconf 87' lang='lat' dir='ltr'>Pippino,</span> <span class='ocrx_word' id='word_1_292' title='bbox 1553 4033 1704 4089; x_wconf 79' lang='lat' dir='ltr'>filius</span> <span class='ocrx_word' id='word_1_293' title='bbox 1735 4035 1860 4104; x_wconf 64' lang='lat' dir='ltr'>ejus</span> <span class='ocrx_word' id='word_1_294' title='bbox 1893 4033 2154 4105; x_wconf 76' lang='lat' dir='ltr'>Karolus,</span> 
     </span>
    </p>
   </div>
   <div class='ocr_carea' id='block_1_44' title="bbox 511 4121 2157 4194">
    <p class='ocr_par' dir='ltr' id='par_1_44' title="bbox 511 4121 2157 4194">
     <span class='ocr_line' id='line_1_44' title="bbox 511 4121 2157 4194; baseline 0.001 -16"><span class='ocrx_word' id='word_1_295' title='bbox 511 4121 773 4192; x_wconf 86' lang='lat' dir='ltr'>quamvis</span> <span class='ocrx_word' id='word_1_296' title='bbox 802 4136 904 4192; x_wconf 93' lang='lat' dir='ltr'>per</span> <span class='ocrx_word' id='word_1_297' title='bbox 937 4121 1148 4178; x_wconf 90' lang='lat' dir='ltr'>multas</span> <span class='ocrx_word' id='word_1_298' title='bbox 1197 4136 1441 4194; x_wconf 87' lang='lat' dir='ltr'>pugnas,</span> <span class='ocrx_word' id='word_1_299' title='bbox 1488 4121 1621 4179; x_wconf 88' lang='lat' dir='ltr'>tulit</span> <span class='ocrx_word' id='word_1_300' title='bbox 1663 4123 2052 4194; x_wconf 84' lang='lat' dir='ltr'>principatum</span> <span class='ocrx_word' id='word_1_301' title='bbox 2087 4125 2157 4179; x_wconf 92' lang='lat' dir='ltr'>dc</span> 
     </span>
    </p>
   </div>
   <div class='ocr_carea' id='block_1_45' title="bbox 511 4210 2156 4282">
    <p class='ocr_par' dir='ltr' id='par_1_45' title="bbox 511 4210 2156 4282">
     <span class='ocr_line' id='line_1_45' title="bbox 511 4210 2156 4282; baseline 0 -16"><span class='ocrx_word' id='word_1_302' title='bbox 511 4214 804 4282; x_wconf 83' lang='lat' dir='ltr'>potestate</span> <span class='ocrx_word' id='word_1_303' title='bbox 855 4210 1200 4280; x_wconf 81' lang='lat' dir='ltr'>Reginl‘ridi.</span> <span class='ocrx_word' id='word_1_304' title='bbox 1253 4211 1410 4266; x_wconf 89' lang='lat' dir='ltr'>Inter</span> <span class='ocrx_word' id='word_1_305' title='bbox 1459 4211 1582 4267; x_wconf 63' lang='lat' dir='ltr'>haec</span> <span class='ocrx_word' id='word_1_306' title='bbox 1629 4212 2023 4282; x_wconf 79' lang='lat' dir='ltr'>Liutprandus</span> <span class='ocrx_word' id='word_1_307' title='bbox 2054 4227 2156 4268; x_wconf 88' lang='lat' dir='ltr'>rex</span> 
     </span>
    </p>
   </div>
   <div class='ocr_carea' id='block_1_46' title="bbox 511 4299 2152 4371">
    <p class='ocr_par' dir='ltr' id='par_1_46' title="bbox 511 4299 2152 4371">
     <span class='ocr_line' id='line_1_46' title="bbox 511 4299 2152 4371; baseline 0.001 -16"><span class='ocrx_word' id='word_1_308' title='bbox 511 4299 754 4356; x_wconf 86' lang='lat' dir='ltr'>audiens</span> <span class='ocrx_word' id='word_1_309' title='bbox 787 4301 939 4370; x_wconf 92' lang='lat' dir='ltr'>quod</span> <span class='ocrx_word' id='word_1_310' title='bbox 971 4299 1275 4356; x_wconf 89' lang='lat' dir='ltr'>Sarraceni</span> <span class='ocrx_word' id='word_1_311' title='bbox 1310 4300 1776 4370; x_wconf 88' lang='lat' dir='ltr'>depredarentur</span> <span class='ocrx_word' id='word_1_312' title='bbox 1809 4301 2152 4371; x_wconf 88' lang='lat' dir='ltr'>Sardiniam,</span> 
     </span>
    </p>
   </div>
   <div class='ocr_carea' id='block_1_47' title="bbox 509 4387 2187 4461">
    <p class='ocr_par' dir='ltr' id='par_1_47' title="bbox 509 4387 2187 4461">
     <span class='ocr_line' id='line_1_47' title="bbox 509 4387 2187 4461; baseline 0.001 -16"><span class='ocrx_word' id='word_1_313' title='bbox 509 4389 672 4446; x_wconf 89' lang='lat' dir='ltr'>dedit</span> <span class='ocrx_word' id='word_1_314' title='bbox 702 4403 968 4459; x_wconf 91' lang='lat' dir='ltr'>magnum</span> <span class='ocrx_word' id='word_1_315' title='bbox 1003 4387 1282 4460; x_wconf 88' lang='lat' dir='ltr'>precium,</span> <span class='ocrx_word' id='word_1_316' title='bbox 1318 4391 1375 4444; x_wconf 91' lang='lat' dir='ltr'>et</span> <span class='ocrx_word' id='word_1_317' title='bbox 1409 4388 1565 4446; x_wconf 89' lang='lat' dir='ltr'>misit</span> <span class='ocrx_word' id='word_1_318' title='bbox 1600 4390 1656 4445; x_wconf 92' lang='lat' dir='ltr'>in</span> <span class='ocrx_word' id='word_1_319' title='bbox 1699 4390 2043 4461; x_wconf 89' lang='lat' dir='ltr'>Sardiniam,</span> <span class='ocrx_word' id='word_1_320' title='bbox 2079 4390 2187 4446; x_wconf 68' lang='grc'>1⁸9--</span> 
     </span>
    </p>
   </div>
   <div class='ocr_carea' id='block_1_48' title="bbox 505 4477 2151 4550">
    <p class='ocr_par' dir='ltr' id='par_1_48' title="bbox 505 4477 2151 4550">
     <span class='ocr_line' id='line_1_48' title="bbox 505 4477 2151 4550; baseline -0.001 -15"><span class='ocrx_word' id='word_1_321' title='bbox 505 4477 703 4550; x_wconf 90' lang='lat' dir='ltr'>citque</span> <span class='ocrx_word' id='word_1_322' title='bbox 733 4478 865 4533; x_wconf 89' lang='lat' dir='ltr'>inde</span> <span class='ocrx_word' id='word_1_323' title='bbox 900 4477 1108 4533; x_wconf 84' lang='lat' dir='ltr'>adduci</span> <span class='ocrx_word' id='word_1_324' title='bbox 1139 4490 1274 4533; x_wconf 90' lang='lat' dir='ltr'>ossa</span> <span class='ocrx_word' id='word_1_325' title='bbox 1302 4477 1489 4534; x_wconf 86' lang='lat' dir='ltr'>sancti</span> <span class='ocrx_word' id='word_1_326' title='bbox 1524 4477 1832 4548; x_wconf 83' lang='lat' dir='ltr'>Augustini</span> <span class='ocrx_word' id='word_1_327' title='bbox 1868 4479 2151 4550; x_wconf 80' lang='lat' dir='ltr'>episcopi,</span> 
     </span>
    </p>
   </div>
   <div class='ocr_carea' id='block_1_49' title="bbox 506 4565 1616 4640">
    <p class='ocr_par' dir='ltr' id='par_1_49' title="bbox 506 4565 1616 4640">
     <span class='ocr_line' id='line_1_49' title="bbox 506 4565 1616 4640; baseline 0 -16"><span class='ocrx_word' id='word_1_328' title='bbox 506 4571 564 4624; x_wconf 89' lang='lat' dir='ltr'>et</span> <span class='ocrx_word' id='word_1_329' title='bbox 598 4567 794 4640; x_wconf 91' lang='lat' dir='ltr'>posuit</span> <span class='ocrx_word' id='word_1_330' title='bbox 830 4565 926 4622; x_wconf 91' lang='lat' dir='ltr'>illa</span> <span class='ocrx_word' id='word_1_331' title='bbox 968 4565 1286 4624; x_wconf 79' lang='lat' dir='ltr'>honoriﬁce</span> <span class='ocrx_word' id='word_1_332' title='bbox 1318 4567 1371 4622; x_wconf 89' lang='lat' dir='ltr'>in</span> <span class='ocrx_word' id='word_1_333' title='bbox 1403 4567 1616 4624; x_wconf 90' lang='lat' dir='ltr'>Ticino.</span> 
     </span>
    </p>
   </div>
   <div class='ocr_carea' id='block_1_50' title="bbox 575 4653 2154 4728">
    <p class='ocr_par' dir='ltr' id='par_1_50' title="bbox 575 4653 2154 4728">
     <span class='ocr_line' id='line_1_50' title="bbox 575 4653 2154 4728; baseline 0 -17"><span class='ocrx_word' id='word_1_334' title='bbox 575 4657 716 4712; x_wconf 86' lang='lat' dir='ltr'>Post</span> <span class='ocrx_word' id='word_1_335' title='bbox 768 4655 893 4712; x_wconf 71' lang='lat' dir='ltr'>haec</span> <span class='ocrx_word' id='word_1_336' title='bbox 944 4653 1187 4712; x_wconf 85' lang='lat' dir='ltr'>Karolus</span> <span class='ocrx_word' id='word_1_337' title='bbox 1235 4671 1338 4713; x_wconf 87' lang='lat' dir='ltr'>rex</span> <span class='ocrx_word' id='word_1_338' title='bbox 1389 4658 1738 4713; x_wconf 87' lang='lat' dir='ltr'>Francorum</span> <span class='ocrx_word' id='word_1_339' title='bbox 1772 4657 1926 4712; x_wconf 88' lang='lat' dir='ltr'>misit</span> <span class='ocrx_word' id='word_1_340' title='bbox 1960 4657 2154 4728; x_wconf 82' lang='lat' dir='ltr'>Pippi-</span> 
     </span>
    </p>
   </div>
   <div class='ocr_carea' id='block_1_51' title="bbox 505 4743 2154 4816">
    <p class='ocr_par' dir='ltr' id='par_1_51' title="bbox 505 4743 2154 4816">
     <span class='ocr_line' id='line_1_51' title="bbox 505 4743 2154 4816; baseline 0 -14"><span class='ocrx_word' id='word_1_341' title='bbox 505 4759 640 4802; x_wconf 88' lang='lat' dir='ltr'>num</span> <span class='ocrx_word' id='word_1_342' title='bbox 666 4743 844 4800; x_wconf 82' lang='lat' dir='ltr'>ﬁlium</span> <span class='ocrx_word' id='word_1_343' title='bbox 870 4759 1038 4800; x_wconf 90' lang='lat' dir='ltr'>suum</span> <span class='ocrx_word' id='word_1_344' title='bbox 1063 4745 1132 4800; x_wconf 86' lang='lat' dir='ltr'>ad</span> <span class='ocrx_word' id='word_1_345' title='bbox 1160 4745 1572 4816; x_wconf 81' lang='lat' dir='ltr'>Liutprandum</span> <span class='ocrx_word' id='word_1_346' title='bbox 1605 4759 1821 4816; x_wconf 88' lang='lat' dir='ltr'>regem,</span> <span class='ocrx_word' id='word_1_347' title='bbox 1857 4750 1916 4802; x_wconf 90' lang='lat' dir='ltr'>ut</span> <span class='ocrx_word' id='word_1_348' title='bbox 1953 4744 2154 4802; x_wconf 87' lang='lat' dir='ltr'>tonde-</span> 
     </span>
    </p>
   </div>
   <div class='ocr_carea' id='block_1_52' title="bbox 506 4831 2153 4905">
    <p class='ocr_par' dir='ltr' id='par_1_52' title="bbox 506 4831 2153 4905">
     <span class='ocr_line' id='line_1_52' title="bbox 506 4831 2153 4905; baseline 0.001 -17"><span class='ocrx_word' id='word_1_349' title='bbox 506 4837 596 4890; x_wconf 85' lang='lat' dir='ltr'>ret</span> <span class='ocrx_word' id='word_1_350' title='bbox 623 4831 870 4904; x_wconf 89' lang='lat' dir='ltr'>capillos</span> <span class='ocrx_word' id='word_1_351' title='bbox 895 4833 1021 4902; x_wconf 87' lang='lat' dir='ltr'>ejus</span> <span class='ocrx_word' id='word_1_352' title='bbox 1041 4839 1100 4887; x_wconf 91' lang='lat' dir='ltr'>ct</span> <span class='ocrx_word' id='word_1_353' title='bbox 1125 4834 1340 4888; x_wconf 82' lang='lat' dir='ltr'>t‘accrct</span> <span class='ocrx_word' id='word_1_354' title='bbox 1376 4849 1505 4889; x_wconf 92' lang='lat' dir='ltr'>cum</span> <span class='ocrx_word' id='word_1_355' title='bbox 1538 4833 1646 4889; x_wconf 91' lang='lat' dir='ltr'>sibi</span> <span class='ocrx_word' id='word_1_356' title='bbox 1683 4833 1894 4889; x_wconf 87' lang='lat' dir='ltr'>exinde</span> <span class='ocrx_word' id='word_1_357' title='bbox 1924 4848 2153 4905; x_wconf 89' lang='lat' dir='ltr'>compa-</span> 
     </span>
    </p>
   </div>
   <div class='ocr_carea' id='block_1_53' title="bbox 505 4920 2153 4992">
    <p class='ocr_par' dir='ltr' id='par_1_53' title="bbox 505 4920 2153 4992">
     <span class='ocr_line' id='line_1_53' title="bbox 505 4920 2153 4992; baseline 0.001 -15"><span class='ocrx_word' id='word_1_358' title='bbox 505 4925 686 4985; x_wconf 89' lang='lat' dir='ltr'>trcm;</span> <span class='ocrx_word' id='word_1_359' title='bbox 718 4920 870 4992; x_wconf 86' lang='lat' dir='ltr'>quod</span> <span class='ocrx_word' id='word_1_360' title='bbox 896 4920 992 4976; x_wconf 90' lang='lat' dir='ltr'>ille</span> <span class='ocrx_word' id='word_1_361' title='bbox 1017 4921 1176 4991; x_wconf 84' lang='lat' dir='ltr'>fecit,</span> <span class='ocrx_word' id='word_1_362' title='bbox 1213 4936 1572 4991; x_wconf 89' lang='lat' dir='ltr'>puerumque</span> <span class='ocrx_word' id='word_1_363' title='bbox 1603 4937 1732 4978; x_wconf 89' lang='lat' dir='ltr'>cum</span> <span class='ocrx_word' id='word_1_364' title='bbox 1756 4921 1926 4978; x_wconf 88' lang='lat' dir='ltr'>donis</span> <span class='ocrx_word' id='word_1_365' title='bbox 1955 4921 2153 4979; x_wconf 89' lang='lat' dir='ltr'>multis</span> 
     </span>
    </p>
   </div>
   <div class='ocr_carea' id='block_1_54' title="bbox 504 5008 1110 5080">
    <p class='ocr_par' dir='ltr' id='par_1_54' title="bbox 504 5008 1110 5080">
     <span class='ocr_line' id='line_1_54' title="bbox 504 5008 1110 5080; baseline -0.003 -14"><span class='ocrx_word' id='word_1_366' title='bbox 504 5011 574 5066; x_wconf 89' lang='lat' dir='ltr'>ad</span> <span class='ocrx_word' id='word_1_367' title='bbox 609 5014 831 5080; x_wconf 87' lang='lat' dir='ltr'>patrem</span> <span class='ocrx_word' id='word_1_368' title='bbox 866 5008 1110 5065; x_wconf 89' lang='lat' dir='ltr'>remisit.</span> 
     </span>
    </p>
   </div>
   <div class='ocr_carea' id='block_1_55' title="bbox 575 5097 2146 5172">
    <p class='ocr_par' dir='ltr' id='par_1_55' title="bbox 575 5097 2146 5172">
     <span class='ocr_line' id='line_1_55' title="bbox 575 5097 2146 5172; baseline 0.001 -18"><span class='ocrx_word' id='word_1_369' title='bbox 575 5099 761 5168; x_wconf 85' lang='lat' dir='ltr'>Igitur</span> <span class='ocrx_word' id='word_1_370' title='bbox 790 5098 1184 5169; x_wconf 90' lang='lat' dir='ltr'>Liutprandus</span> <span class='ocrx_word' id='word_1_371' title='bbox 1209 5113 1310 5154; x_wconf 87' lang='lat' dir='ltr'>rex</span> <span class='ocrx_word' id='word_1_372' title='bbox 1333 5097 1546 5155; x_wconf 91' lang='lat' dir='ltr'>multas</span> <span class='ocrx_word' id='word_1_373' title='bbox 1575 5099 1872 5157; x_wconf 72' lang='lat' dir='ltr'>aecclesias</span> <span class='ocrx_word' id='word_1_374' title='bbox 1899 5116 2000 5172; x_wconf 91' lang='lat' dir='ltr'>per</span> <span class='ocrx_word' id='word_1_375' title='bbox 2021 5101 2146 5158; x_wconf 91' lang='lat' dir='ltr'>loca</span> 
     </span>
    </p>
   </div>
   <div class='ocr_carea' id='block_1_56' title="bbox 504 5187 2148 5246">
    <p class='ocr_par' dir='ltr' id='par_1_56' title="bbox 504 5187 2148 5246">
     <span class='ocr_line' id='line_1_56' title="bbox 504 5187 2148 5246; baseline 0 -2"><span class='ocrx_word' id='word_1_376' title='bbox 504 5187 734 5244; x_wconf 87' lang='lat' dir='ltr'>diversa</span> <span class='ocrx_word' id='word_1_377' title='bbox 763 5187 1114 5243; x_wconf 86' lang='lat' dir='ltr'>construxit.</span> <span class='ocrx_word' id='word_1_378' title='bbox 1159 5187 1320 5242; x_wconf 88' lang='lat' dir='ltr'>Fecit</span> <span class='ocrx_word' id='word_1_379' title='bbox 1359 5188 1510 5243; x_wconf 90' lang='lat' dir='ltr'>enim</span> <span class='ocrx_word' id='word_1_380' title='bbox 1543 5189 1958 5246; x_wconf 90' lang='lat' dir='ltr'>monasterium</span> <span class='ocrx_word' id='word_1_381' title='bbox 1993 5190 2148 5246; x_wconf 89' lang='lat' dir='ltr'>beati</span> 
     </span>
    </p>
   </div>
   <div class='ocr_carea' id='block_1_57' title="bbox 503 5274 2147 5350">
    <p class='ocr_par' dir='ltr' id='par_1_57' title="bbox 503 5274 2147 5350">
     <span class='ocr_line' id='line_1_57' title="bbox 503 5274 2147 5350; baseline 0.002 -20"><span class='ocrx_word' id='word_1_382' title='bbox 503 5274 663 5330; x_wconf 90' lang='lat' dir='ltr'>Petri</span> <span class='ocrx_word' id='word_1_383' title='bbox 686 5274 938 5346; x_wconf 87' lang='lat' dir='ltr'>apostoli</span> <span class='ocrx_word' id='word_1_384' title='bbox 965 5275 1108 5332; x_wconf 82' lang='lat' dir='ltr'>foris</span> <span class='ocrx_word' id='word_1_385' title='bbox 1132 5290 1328 5332; x_wconf 90' lang='lat' dir='ltr'>muros</span> <span class='ocrx_word' id='word_1_386' title='bbox 1347 5275 1666 5334; x_wconf 90' lang='lat' dir='ltr'>Ticinensis</span> <span class='ocrx_word' id='word_1_387' title='bbox 1687 5278 1966 5350; x_wconf 89' lang='lat' dir='ltr'>civitatis,</span> <span class='ocrx_word' id='word_1_388' title='bbox 1991 5280 2147 5350; x_wconf 89' lang='lat' dir='ltr'>quod</span> 
     </span>
    </p>
   </div>
   <div class='ocr_carea' id='block_1_58' title="bbox 507 5361 2144 5438">
    <p class='ocr_par' dir='ltr' id='par_1_58' title="bbox 507 5361 2144 5438">
     <span class='ocr_line' id='line_1_58' title="bbox 507 5361 2144 5438; baseline 0.003 -20"><span class='ocrx_word' id='word_1_389' title='bbox 507 5361 720 5419; x_wconf 90' lang='lat' dir='ltr'>dicitur</span> <span class='ocrx_word' id='word_1_390' title='bbox 751 5363 822 5418; x_wconf 87' lang='lat' dir='ltr'>ad</span> <span class='ocrx_word' id='word_1_391' title='bbox 850 5363 1060 5420; x_wconf 64' lang='lat' dir='ltr'>Caelum</span> <span class='ocrx_word' id='word_1_392' title='bbox 1092 5379 1354 5435; x_wconf 84' lang='lat' dir='ltr'>aureum,</span> <span class='ocrx_word' id='word_1_393' title='bbox 1388 5370 1447 5422; x_wconf 92' lang='lat' dir='ltr'>et</span> <span class='ocrx_word' id='word_1_394' title='bbox 1478 5381 1710 5423; x_wconf 89' lang='lat' dir='ltr'>sursum</span> <span class='ocrx_word' id='word_1_395' title='bbox 1735 5367 1790 5422; x_wconf 90' lang='lat' dir='ltr'>in</span> <span class='ocrx_word' id='word_1_396' title='bbox 1815 5367 2060 5438; x_wconf 81' lang='lat' dir='ltr'>Alpibus</span> <span class='ocrx_word' id='word_1_397' title='bbox 2091 5367 2144 5423; x_wconf 92' lang='lat' dir='ltr'>in</span> 
     </span>
    </p>
   </div>
   <div class='ocr_carea' id='block_1_59' title="bbox 504 5451 2147 5527">
    <p class='ocr_par' dir='ltr' id='par_1_59' title="bbox 504 5451 2147 5527">
     <span class='ocr_line' id='line_1_59' title="bbox 504 5451 2147 5527; baseline 0.004 -21"><span class='ocrx_word' id='word_1_398' title='bbox 504 5451 737 5522; x_wconf 89' lang='lat' dir='ltr'>propria</span> <span class='ocrx_word' id='word_1_399' title='bbox 769 5466 873 5508; x_wconf 88' lang='lat' dir='ltr'>sua</span> <span class='ocrx_word' id='word_1_400' title='bbox 904 5451 1042 5508; x_wconf 90' lang='lat' dir='ltr'>villa</span> <span class='ocrx_word' id='word_1_401' title='bbox 1083 5453 1225 5508; x_wconf 84' lang='lat' dir='ltr'>fecit</span> <span class='ocrx_word' id='word_1_402' title='bbox 1269 5455 1705 5526; x_wconf 89' lang='lat' dir='ltr'>monasterium,</span> <span class='ocrx_word' id='word_1_403' title='bbox 1741 5455 1898 5527; x_wconf 84' lang='lat' dir='ltr'>quod</span> <span class='ocrx_word' id='word_1_404' title='bbox 1931 5454 2147 5513; x_wconf 89' lang='lat' dir='ltr'>dicitur</span> 
     </span>
    </p>
   </div>
   <div class='ocr_carea' id='block_1_60' title="bbox 2294 588 3830 672">
    <p class='ocr_par' dir='ltr' id='par_1_60' title="bbox 2294 588 3830 672">
     <span class='ocr_line' id='line_1_60' title="bbox 2294 588 3830 672; baseline 0.01 -29"><span class='ocrx_word' id='word_1_405' title='bbox 2294 589 2534 644; x_wconf 89' lang='lat' dir='ltr'>sterium</span> <span class='ocrx_word' id='word_1_406' title='bbox 2573 588 2706 643; x_wconf 83' lang='lat' dir='ltr'>fecit</span> <span class='ocrx_word' id='word_1_407' title='bbox 2741 588 2794 642; x_wconf 93' lang='lat' dir='ltr'>in</span> <span class='ocrx_word' id='word_1_408' title='bbox 2829 589 3048 644; x_wconf 91' lang='lat' dir='ltr'>honore</span> <span class='ocrx_word' id='word_1_409' title='bbox 3090 589 3274 644; x_wconf 91' lang='lat' dir='ltr'>sancti</span> <span class='ocrx_word' id='word_1_410' title='bbox 3317 593 3581 650; x_wconf 87' lang='lat' dir='ltr'>Anastasii</span> <span class='ocrx_word' id='word_1_411' title='bbox 3607 606 3830 672; x_wconf 73' lang='lat' dir='ltr'>martyris.</span> 
     </span>
    </p>
   </div>
   <div class='ocr_carea' id='block_1_61' title="bbox 2293 677 3834 760">
    <p class='ocr_par' dir='ltr' id='par_1_61' title="bbox 2293 677 3834 760">
     <span class='ocr_line' id='line_1_61' title="bbox 2293 677 3834 760; baseline 0.009 -28"><span class='ocrx_word' id='word_1_412' title='bbox 2293 677 2572 732; x_wconf 90' lang='lat' dir='ltr'>Similiter</span> <span class='ocrx_word' id='word_1_413' title='bbox 2596 677 2733 732; x_wconf 84' lang='lat' dir='ltr'>fecit</span> <span class='ocrx_word' id='word_1_414' title='bbox 2753 677 3075 732; x_wconf 65' lang='lat' dir='ltr'>aacclcsiam</span> <span class='ocrx_word' id='word_1_415' title='bbox 3108 678 3320 733; x_wconf 89' lang='lat' dir='ltr'>domini</span> <span class='ocrx_word' id='word_1_416' title='bbox 3351 681 3639 741; x_wconf 83' lang='lat' dir='ltr'>Salvatoris</span> <span class='ocrx_word' id='word_1_417' title='bbox 3660 687 3702 743; x_wconf 89' lang='lat' dir='ltr'>in</span> <span class='ocrx_word' id='word_1_418' title='bbox 3723 692 3834 760; x_wconf 86' lang='lat' dir='ltr'>pala-</span> 
     </span>
    </p>
   </div>
   <div class='ocr_carea' id='block_1_62' title="bbox 2291 764 3830 848">
    <p class='ocr_par' dir='ltr' id='par_1_62' title="bbox 2291 764 3830 848">
     <span class='ocr_line' id='line_1_62' title="bbox 2291 764 3830 848; baseline 0.01 -29"><span class='ocrx_word' id='word_1_419' title='bbox 2291 765 2374 820; x_wconf 94' lang='lat' dir='ltr'>tio</span> <span class='ocrx_word' id='word_1_420' title='bbox 2404 780 2529 834; x_wconf 92' lang='lat' dir='ltr'>suo,</span> <span class='ocrx_word' id='word_1_421' title='bbox 2560 769 2617 820; x_wconf 88' lang='lat' dir='ltr'>et</span> <span class='ocrx_word' id='word_1_422' title='bbox 2648 765 2940 821; x_wconf 88' lang='lat' dir='ltr'>ordinavit</span> <span class='ocrx_word' id='word_1_423' title='bbox 2971 764 3047 819; x_wconf 88' lang='lat' dir='ltr'>ibi</span> <span class='ocrx_word' id='word_1_424' title='bbox 3078 766 3410 824; x_wconf 89' lang='lat' dir='ltr'>sacerdotes</span> <span class='ocrx_word' id='word_1_425' title='bbox 3439 779 3494 825; x_wconf 87' lang='lat' dir='ltr'>et</span> <span class='ocrx_word' id='word_1_426' title='bbox 3519 772 3742 846; x_wconf 83' lang='lat' dir='ltr'>clericos,</span> <span class='ocrx_word' id='word_1_427' title='bbox 3765 781 3830 848; x_wconf 85' lang='lat' dir='ltr'>qui</span> 
     </span>
    </p>
   </div>
   <div class='ocr_carea' id='block_1_63' title="bbox 2288 853 3834 932">
    <p class='ocr_par' dir='ltr' id='par_1_63' title="bbox 2288 853 3834 932">
     <span class='ocr_line' id='line_1_63' title="bbox 2288 853 3834 932; baseline 0 -23"><span class='ocrx_word' id='word_1_428' title='bbox 2288 854 2532 909; x_wconf 89' lang='lat' dir='ltr'>cottidie</span> <span class='ocrx_word' id='word_1_429' title='bbox 2593 853 2786 910; x_wconf 86' lang='lat' dir='ltr'>divina</span> <span class='ocrx_word' id='word_1_430' title='bbox 2837 853 3020 909; x_wconf 85' lang='lat' dir='ltr'>oﬂlcia</span> <span class='ocrx_word' id='word_1_431' title='bbox 3054 853 3131 908; x_wconf 88' lang='lat' dir='ltr'>ibi</span> <span class='ocrx_word' id='word_1_432' title='bbox 3167 853 3538 928; x_wconf 85' lang='lat' dir='ltr'>celebrarent,</span> <span class='ocrx_word' id='word_1_433' title='bbox 3571 865 3694 932; x_wconf 88' lang='lat' dir='ltr'>quod</span> <span class='ocrx_word' id='word_1_434' title='bbox 3735 881 3834 922; x_wconf 72' lang='lat' dir='ltr'>nun.</span> 
     </span>
    </p>
   </div>
   <div class='ocr_carea' id='block_1_64' title="bbox 2291 941 3830 1022">
    <p class='ocr_par' dir='ltr' id='par_1_64' title="bbox 2291 941 3830 1022">
     <span class='ocr_line' id='line_1_64' title="bbox 2291 941 3830 1022; baseline 0.008 -24"><span class='ocrx_word' id='word_1_435' title='bbox 2291 957 2460 1012; x_wconf 88' lang='lat' dir='ltr'>quam</span> <span class='ocrx_word' id='word_1_436' title='bbox 2493 941 2590 997; x_wconf 88' lang='lat' dir='ltr'>alii</span> <span class='ocrx_word' id='word_1_437' title='bbox 2623 956 2794 1010; x_wconf 88' lang='lat' dir='ltr'>reges</span> <span class='ocrx_word' id='word_1_438' title='bbox 2835 947 2968 998; x_wconf 90' lang='lat' dir='ltr'>ante</span> <span class='ocrx_word' id='word_1_439' title='bbox 3011 942 3197 1013; x_wconf 91' lang='lat' dir='ltr'>ipsum</span> <span class='ocrx_word' id='word_1_440' title='bbox 3231 943 3558 1003; x_wconf 89' lang='lat' dir='ltr'>habuerunt.</span> <span class='ocrx_word' id='word_1_441' title='bbox 3595 951 3830 1022; x_wconf 81' lang='lat' dir='ltr'>Postquam</span> 
     </span>
    </p>
   </div>
   <div class='ocr_carea' id='block_1_65' title="bbox 2289 1030 3834 1107">
    <p class='ocr_par' dir='ltr' id='par_1_65' title="bbox 2289 1030 3834 1107">
     <span class='ocr_line' id='line_1_65' title="bbox 2289 1030 3834 1107; baseline 0.008 -22"><span class='ocrx_word' id='word_1_442' title='bbox 2289 1045 2428 1086; x_wconf 91' lang='lat' dir='ltr'>vero</span> <span class='ocrx_word' id='word_1_443' title='bbox 2480 1030 2742 1101; x_wconf 86' lang='lat' dir='ltr'>regnavit</span> <span class='ocrx_word' id='word_1_444' title='bbox 2775 1044 2879 1102; x_wconf 88' lang='lat' dir='ltr'>per</span> <span class='ocrx_word' id='word_1_445' title='bbox 2905 1044 3086 1086; x_wconf 88' lang='lat' dir='ltr'>annos</span> <span class='ocrx_word' id='word_1_446' title='bbox 3117 1035 3176 1085; x_wconf 83' lang='lat'>31</span> <span class='ocrx_word' id='word_1_447' title='bbox 3213 1035 3272 1086; x_wconf 90' lang='lat' dir='ltr'>et</span> <span class='ocrx_word' id='word_1_448' title='bbox 3303 1046 3517 1090; x_wconf 81' lang='lat' dir='ltr'>menses</span> <span class='ocrx_word' id='word_1_449' title='bbox 3539 1042 3587 1107; x_wconf 89' lang='lat'>7,</span> <span class='ocrx_word' id='word_1_450' title='bbox 3632 1046 3834 1098; x_wconf 85' lang='lat' dir='ltr'>mortuus</span> 
     </span>
    </p>
   </div>
   <div class='ocr_carea' id='block_1_66' title="bbox 2287 1117 3836 1190">
    <p class='ocr_par' dir='ltr' id='par_1_66' title="bbox 2287 1117 3836 1190">
     <span class='ocr_line' id='line_1_66' title="bbox 2287 1117 3836 1190; baseline 0.006 -15"><span class='ocrx_word' id='word_1_451' title='bbox 2287 1124 2396 1188; x_wconf 87' lang='lat' dir='ltr'>est,</span> <span class='ocrx_word' id='word_1_452' title='bbox 2425 1117 2810 1190; x_wconf 84' lang='lat' dir='ltr'>sepultusque</span> <span class='ocrx_word' id='word_1_453' title='bbox 2838 1125 2928 1174; x_wconf 90' lang='lat' dir='ltr'>est</span> <span class='ocrx_word' id='word_1_454' title='bbox 2951 1119 3006 1174; x_wconf 91' lang='lat' dir='ltr'>in</span> <span class='ocrx_word' id='word_1_455' title='bbox 3029 1119 3291 1176; x_wconf 69' lang='lat' dir='ltr'>tecclcsia</span> <span class='ocrx_word' id='word_1_456' title='bbox 3315 1122 3488 1177; x_wconf 91' lang='lat' dir='ltr'>sancti</span> <span class='ocrx_word' id='word_1_457' title='bbox 3513 1123 3713 1181; x_wconf 88' lang='lat' dir='ltr'>Adriani</span> <span class='ocrx_word' id='word_1_458' title='bbox 3731 1142 3836 1184; x_wconf 86' lang='lat' dir='ltr'>mar-</span> 
     </span>
    </p>
   </div>
   <div class='ocr_carea' id='block_1_67' title="bbox 2288 1207 3836 1278">
    <p class='ocr_par' dir='ltr' id='par_1_67' title="bbox 2288 1207 3836 1278">
     <span class='ocr_line' id='line_1_67' title="bbox 2288 1207 3836 1278; baseline 0.006 -16"><span class='ocrx_word' id='word_1_459' title='bbox 2288 1207 2457 1277; x_wconf 75' lang='lat' dir='ltr'>tyris;</span> <span class='ocrx_word' id='word_1_460' title='bbox 2511 1207 2605 1262; x_wconf 92' lang='lat' dir='ltr'>ubi</span> <span class='ocrx_word' id='word_1_461' title='bbox 2647 1211 2704 1262; x_wconf 91' lang='lat' dir='ltr'>et</span> <span class='ocrx_word' id='word_1_462' title='bbox 2744 1209 2914 1278; x_wconf 88' lang='lat' dir='ltr'>pater</span> <span class='ocrx_word' id='word_1_463' title='bbox 2961 1207 3089 1278; x_wconf 89' lang='lat' dir='ltr'>ejus</span> <span class='ocrx_word' id='word_1_464' title='bbox 3135 1207 3398 1278; x_wconf 90' lang='lat' dir='ltr'>sepultus</span> <span class='ocrx_word' id='word_1_465' title='bbox 3426 1212 3528 1266; x_wconf 91' lang='lat' dir='ltr'>est.</span> <span class='ocrx_word' id='word_1_466' title='bbox 3561 1211 3672 1268; x_wconf 84' lang='lat' dir='ltr'>Fuit</span> <span class='ocrx_word' id='word_1_467' title='bbox 3695 1220 3836 1271; x_wconf 85' lang='lat' dir='ltr'>autem</span> 
     </span>
    </p>
   </div>
   <div class='ocr_carea' id='block_1_68' title="bbox 2289 1295 3839 1368">
    <p class='ocr_par' dir='ltr' id='par_1_68' title="bbox 2289 1295 3839 1368">
     <span class='ocr_line' id='line_1_68' title="bbox 2289 1295 3839 1368; baseline 0.005 -18"><span class='ocrx_word' id='word_1_468' title='bbox 2289 1295 2519 1365; x_wconf 88' lang='lat' dir='ltr'>sapiens</span> <span class='ocrx_word' id='word_1_469' title='bbox 2540 1298 2599 1350; x_wconf 90' lang='lat' dir='ltr'>et</span> <span class='ocrx_word' id='word_1_470' title='bbox 2623 1295 2814 1365; x_wconf 83' lang='lat' dir='ltr'>fortis,</span> <span class='ocrx_word' id='word_1_471' title='bbox 2847 1298 3070 1350; x_wconf 87' lang='lat' dir='ltr'>amator</span> <span class='ocrx_word' id='word_1_472' title='bbox 3103 1295 3282 1366; x_wconf 87' lang='lat' dir='ltr'>pacis,</span> <span class='ocrx_word' id='word_1_473' title='bbox 3306 1297 3650 1368; x_wconf 88' lang='lat' dir='ltr'>culpantibus</span> <span class='ocrx_word' id='word_1_474' title='bbox 3676 1301 3839 1358; x_wconf 88' lang='lat' dir='ltr'>miseri-</span> 
     </span>
    </p>
   </div>
   <div class='ocr_carea' id='block_1_69' title="bbox 2285 1383 3841 1458">
    <p class='ocr_par' dir='ltr' id='par_1_69' title="bbox 2285 1383 3841 1458">
     <span class='ocr_line' id='line_1_69' title="bbox 2285 1383 3841 1458; baseline 0.005 -20"><span class='ocrx_word' id='word_1_475' title='bbox 2285 1395 2438 1452; x_wconf 91' lang='lat' dir='ltr'>cors,</span> <span class='ocrx_word' id='word_1_476' title='bbox 2469 1387 2688 1444; x_wconf 85' lang='lat' dir='ltr'>castus.</span> <span class='ocrx_word' id='word_1_477' title='bbox 2725 1383 3092 1440; x_wconf 88' lang='lat' dir='ltr'>orationibus</span> <span class='ocrx_word' id='word_1_478' title='bbox 3115 1389 3174 1439; x_wconf 92' lang='lat' dir='ltr'>et</span> <span class='ocrx_word' id='word_1_479' title='bbox 3195 1383 3408 1454; x_wconf 87' lang='lat' dir='ltr'>vigiliis</span> <span class='ocrx_word' id='word_1_480' title='bbox 3439 1385 3667 1458; x_wconf 89' lang='lat' dir='ltr'>deditus,</span> <span class='ocrx_word' id='word_1_481' title='bbox 3693 1389 3738 1444; x_wconf 92' lang='lat' dir='ltr'>in</span> <span class='ocrx_word' id='word_1_482' title='bbox 3761 1390 3841 1446; x_wconf 75' lang='lat' dir='ltr'>ele~</span> 
     </span>
    </p>
   </div>
   <div class='ocr_carea' id='block_1_70' title="bbox 2287 1468 3836 1542">
    <p class='ocr_par' dir='ltr' id='par_1_70' title="bbox 2287 1468 3836 1542">
     <span class='ocr_line' id='line_1_70' title="bbox 2287 1468 3836 1542; baseline 0.006 -19"><span class='ocrx_word' id='word_1_483' title='bbox 2287 1469 2531 1525; x_wconf 91' lang='lat' dir='ltr'>mosinis</span> <span class='ocrx_word' id='word_1_484' title='bbox 2573 1469 2802 1539; x_wconf 84' lang='lat' dir='ltr'>largus;</span> <span class='ocrx_word' id='word_1_485' title='bbox 2847 1468 3076 1526; x_wconf 90' lang='lat' dir='ltr'>litteras</span> <span class='ocrx_word' id='word_1_486' title='bbox 3118 1485 3229 1526; x_wconf 92' lang='lat' dir='ltr'>non</span> <span class='ocrx_word' id='word_1_487' title='bbox 3271 1472 3446 1542; x_wconf 90' lang='lat' dir='ltr'>novit,</span> <span class='ocrx_word' id='word_1_488' title='bbox 3478 1474 3568 1529; x_wconf 89' lang='lat' dir='ltr'>sed</span> <span class='ocrx_word' id='word_1_489' title='bbox 3598 1477 3755 1532; x_wconf 87' lang='lat' dir='ltr'>tamen</span> <span class='ocrx_word' id='word_1_490' title='bbox 3780 1479 3836 1532; x_wconf 88' lang='lat' dir='ltr'>sic</span> 
     </span>
    </p>
   </div>
   <div class='ocr_carea' id='block_1_71' title="bbox 2286 1557 3740 1630">
    <p class='ocr_par' dir='ltr' id='par_1_71' title="bbox 2286 1557 3740 1630">
     <span class='ocr_line' id='line_1_71' title="bbox 2286 1557 3740 1630; baseline 0.004 -18"><span class='ocrx_word' id='word_1_491' title='bbox 2286 1557 2522 1628; x_wconf 91' lang='lat' dir='ltr'>sapiens</span> <span class='ocrx_word' id='word_1_492' title='bbox 2555 1557 2682 1627; x_wconf 83' lang='lat' dir='ltr'>fuit,</span> <span class='ocrx_word' id='word_1_493' title='bbox 2717 1561 2782 1614; x_wconf 90' lang='lat' dir='ltr'>ut</span> <span class='ocrx_word' id='word_1_494' title='bbox 2815 1557 3194 1630; x_wconf 78' lang='lat' dir='ltr'>phyIOSOphis</span> <span class='ocrx_word' id='word_1_495' title='bbox 3225 1559 3632 1618; x_wconf 90' lang='lat' dir='ltr'>assimulandus</span> <span class='ocrx_word' id='word_1_496' title='bbox 3659 1563 3740 1618; x_wconf 88' lang='lat' dir='ltr'>sit.</span> 
     </span>
    </p>
   </div>
   <div class='ocr_carea' id='block_1_72' title="bbox 2357 1647 3842 1722">
    <p class='ocr_par' dir='ltr' id='par_1_72' title="bbox 2357 1647 3842 1722">
     <span class='ocr_line' id='line_1_72' title="bbox 2357 1647 3842 1722; baseline 0.005 -22"><span class='ocrx_word' id='word_1_497' title='bbox 2357 1647 2664 1717; x_wconf 85' lang='lat' dir='ltr'>Hucusque</span> <span class='ocrx_word' id='word_1_498' title='bbox 2688 1647 2758 1703; x_wconf 91' lang='lat' dir='ltr'>de</span> <span class='ocrx_word' id='word_1_499' title='bbox 2782 1647 3292 1717; x_wconf 87' lang='lat' dir='ltr'>Longobardorum</span> <span class='ocrx_word' id='word_1_500' title='bbox 3315 1649 3501 1719; x_wconf 87' lang='lat' dir='ltr'>gentis</span> <span class='ocrx_word' id='word_1_501' title='bbox 3520 1650 3713 1719; x_wconf 85' lang='lat' dir='ltr'>origine</span> <span class='ocrx_word' id='word_1_502' title='bbox 3735 1653 3842 1722; x_wconf 84' lang='lat' dir='ltr'>ejus-</span> 
     </span>
    </p>
   </div>
   <div class='ocr_carea' id='block_1_73' title="bbox 2287 1735 3842 1808">
    <p class='ocr_par' dir='ltr' id='par_1_73' title="bbox 2287 1735 3842 1808">
     <span class='ocr_line' id='line_1_73' title="bbox 2287 1735 3842 1808; baseline 0.003 -18"><span class='ocrx_word' id='word_1_503' title='bbox 2287 1747 2398 1804; x_wconf 80' lang='lat' dir='ltr'>que</span> <span class='ocrx_word' id='word_1_504' title='bbox 2434 1735 2487 1789; x_wconf 91' lang='lat' dir='ltr'>in</span> <span class='ocrx_word' id='word_1_505' title='bbox 2522 1735 2744 1791; x_wconf 90' lang='lat' dir='ltr'>Italiam</span> <span class='ocrx_word' id='word_1_506' title='bbox 2788 1735 3152 1805; x_wconf 87' lang='lat' dir='ltr'>ingressione</span> <span class='ocrx_word' id='word_1_507' title='bbox 3193 1751 3504 1808; x_wconf 88' lang='lat' dir='ltr'>regumque</span> <span class='ocrx_word' id='word_1_508' title='bbox 3532 1739 3645 1808; x_wconf 89' lang='lat' dir='ltr'>ejus</span> <span class='ocrx_word' id='word_1_509' title='bbox 3670 1753 3842 1795; x_wconf 64' lang='lat' dir='ltr'>succes</span> 
     </span>
    </p>
   </div>
   <div class='ocr_carea' id='block_1_74' title="bbox 2287 1822 3844 1898">
    <p class='ocr_par' dir='ltr' id='par_1_74' title="bbox 2287 1822 3844 1898">
     <span class='ocr_line' id='line_1_74' title="bbox 2287 1822 3844 1898; baseline 0.004 -22"><span class='ocrx_word' id='word_1_510' title='bbox 2287 1822 2451 1878; x_wconf 90' lang='lat' dir='ltr'>sione</span> <span class='ocrx_word' id='word_1_511' title='bbox 2501 1823 2749 1878; x_wconf 90' lang='lat' dir='ltr'>strictim</span> <span class='ocrx_word' id='word_1_512' title='bbox 2801 1824 3204 1895; x_wconf 89' lang='lat' dir='ltr'>descripsisse,</span> <span class='ocrx_word' id='word_1_513' title='bbox 3252 1825 3645 1896; x_wconf 87' lang='lat' dir='ltr'>imperatorum</span> <span class='ocrx_word' id='word_1_514' title='bbox 3672 1841 3844 1898; x_wconf 81' lang='lat' dir='ltr'>quoque</span> 
     </span>
    </p>
   </div>
   <div class='ocr_carea' id='block_1_75' title="bbox 2286 1910 3846 1984">
    <p class='ocr_par' dir='ltr' id='par_1_75' title="bbox 2286 1910 3846 1984">
     <span class='ocr_line' id='line_1_75' title="bbox 2286 1910 3846 1984; baseline 0.004 -20"><span class='ocrx_word' id='word_1_515' title='bbox 2286 1910 2673 1967; x_wconf 82' lang='lat' dir='ltr'>Romanorum</span> <span class='ocrx_word' id='word_1_516' title='bbox 2725 1911 2958 1968; x_wconf 87' lang='lat' dir='ltr'>interim</span> <span class='ocrx_word' id='word_1_517' title='bbox 3009 1913 3375 1984; x_wconf 90' lang='lat' dir='ltr'>regnantium</span> <span class='ocrx_word' id='word_1_518' title='bbox 3428 1915 3636 1968; x_wconf 85' lang='lat' dir='ltr'>nomina</span> <span class='ocrx_word' id='word_1_519' title='bbox 3665 1919 3711 1970; x_wconf 88' lang='lat' dir='ltr'>et</span> <span class='ocrx_word' id='word_1_520' title='bbox 3747 1921 3846 1970; x_wconf 82' lang='lat' dir='ltr'>tem-</span> 
     </span>
    </p>
   </div>
   <div class='ocr_carea' id='block_1_76' title="bbox 2285 1999 3849 2074">
    <p class='ocr_par' dir='ltr' id='par_1_76' title="bbox 2285 1999 3849 2074">
     <span class='ocr_line' id='line_1_76' title="bbox 2285 1999 3849 2074; baseline 0.004 -22"><span class='ocrx_word' id='word_1_521' title='bbox 2285 2011 2421 2069; x_wconf 89' lang='lat' dir='ltr'>pora</span> <span class='ocrx_word' id='word_1_522' title='bbox 2475 1999 2733 2056; x_wconf 89' lang='lat' dir='ltr'>breviter</span> <span class='ocrx_word' id='word_1_523' title='bbox 2785 2001 3050 2070; x_wconf 87' lang='lat' dir='ltr'>tetigisse</span> <span class='ocrx_word' id='word_1_524' title='bbox 3099 2001 3368 2072; x_wconf 79' lang='lat' dir='ltr'>sufficiat,</span> <span class='ocrx_word' id='word_1_525' title='bbox 3420 2017 3563 2058; x_wconf 91' lang='lat' dir='ltr'>nunc</span> <span class='ocrx_word' id='word_1_526' title='bbox 3609 2003 3669 2058; x_wconf 87' lang='lat' dir='ltr'>ad</span> <span class='ocrx_word' id='word_1_527' title='bbox 3711 2009 3849 2074; x_wconf 70' lang='lat' dir='ltr'>cepte</span> 
     </span>
    </p>
   </div>
   <div class='ocr_carea' id='block_1_77' title="bbox 2285 2086 3848 2160">
    <p class='ocr_par' dir='ltr' id='par_1_77' title="bbox 2285 2086 3848 2160">
     <span class='ocr_line' id='line_1_77' title="bbox 2285 2086 3848 2160; baseline 0.003 -19"><span class='ocrx_word' id='word_1_528' title='bbox 2285 2087 2458 2142; x_wconf 87' lang='lat' dir='ltr'>seriei</span> <span class='ocrx_word' id='word_1_529' title='bbox 2495 2086 2902 2160; x_wconf 90' lang='lat' dir='ltr'>digestionem,</span> <span class='ocrx_word' id='word_1_530' title='bbox 2928 2088 3080 2145; x_wconf 90' lang='lat' dir='ltr'>unde</span> <span class='ocrx_word' id='word_1_531' title='bbox 3106 2089 3405 2160; x_wconf 90' lang='lat' dir='ltr'>paululum</span> <span class='ocrx_word' id='word_1_532' title='bbox 3436 2089 3664 2160; x_wconf 89' lang='lat' dir='ltr'>digressi</span> <span class='ocrx_word' id='word_1_533' title='bbox 3683 2105 3848 2158; x_wconf 89' lang='lat' dir='ltr'>sumus,</span> 
     </span>
    </p>
   </div>
   <div class='ocr_carea' id='block_1_78' title="bbox 2283 2175 2861 2247">
    <p class='ocr_par' dir='ltr' id='par_1_78' title="bbox 2283 2175 2861 2247">
     <span class='ocr_line' id='line_1_78' title="bbox 2283 2175 2861 2247; baseline 0.007 -17"><span class='ocrx_word' id='word_1_534' title='bbox 2283 2175 2604 2247; x_wconf 90' lang='lat' dir='ltr'>descriptio</span> <span class='ocrx_word' id='word_1_535' title='bbox 2639 2178 2861 2234; x_wconf 89' lang='lat' dir='ltr'>redeat.</span> 
     </span>
    </p>
   </div>
   <div class='ocr_carea' id='block_1_79' title="bbox 2354 2264 3846 2339">
    <p class='ocr_par' dir='ltr' id='par_1_79' title="bbox 2354 2264 3846 2339">
     <span class='ocr_line' id='line_1_79' title="bbox 2354 2264 3846 2339; baseline 0.001 -20"><span class='ocrx_word' id='word_1_536' title='bbox 2354 2264 2454 2333; x_wconf 85' lang='lat' dir='ltr'>(H.</span> <span class='ocrx_word' id='word_1_537' title='bbox 2489 2267 2592 2337; x_wconf 70' lang='grc' dir='ltr'>φη.)</span> <span class='ocrx_word' id='word_1_538' title='bbox 2640 2267 2902 2322; x_wconf 84' lang='lat' dir='ltr'>Justinus</span> <span class='ocrx_word' id='word_1_539' title='bbox 2950 2266 3272 2338; x_wconf 90' lang='lat' dir='ltr'>imperator</span> <span class='ocrx_word' id='word_1_540' title='bbox 3321 2267 3611 2339; x_wconf 87' lang='lat' dir='ltr'>Tyberium</span> <span class='ocrx_word' id='word_1_541' title='bbox 3640 2269 3846 2324; x_wconf 87' lang='lat' dir='ltr'>comitem</span> 
     </span>
    </p>
   </div>
   <div class='ocr_carea' id='block_1_80' title="bbox 2281 2354 3846 2428">
    <p class='ocr_par' dir='ltr' id='par_1_80' title="bbox 2281 2354 3846 2428">
     <span class='ocr_line' id='line_1_80' title="bbox 2281 2354 3846 2428; baseline 0 -20"><span class='ocrx_word' id='word_1_542' title='bbox 2281 2354 2688 2410; x_wconf 85' lang='lat' dir='ltr'>excubitorum</span> <span class='ocrx_word' id='word_1_543' title='bbox 2714 2355 2822 2410; x_wconf 89' lang='lat' dir='ltr'>sibi</span> <span class='ocrx_word' id='word_1_544' title='bbox 2851 2354 3028 2411; x_wconf 82' lang='lat' dir='ltr'>filium</span> <span class='ocrx_word' id='word_1_545' title='bbox 3054 2356 3296 2425; x_wconf 83' lang='lat' dir='ltr'>faciens,</span> <span class='ocrx_word' id='word_1_546' title='bbox 3327 2371 3572 2414; x_wconf 90' lang='lat' dir='ltr'>cesarem</span> <span class='ocrx_word' id='word_1_547' title='bbox 3599 2354 3846 2428; x_wconf 77' lang='lat' dir='ltr'>appellavit</span> 
     </span>
    </p>
   </div>
   <div class='ocr_carea' id='block_1_81' title="bbox 2279 2444 3850 2516">
    <p class='ocr_par' dir='ltr' id='par_1_81' title="bbox 2279 2444 3850 2516">
     <span class='ocr_line' id='line_1_81' title="bbox 2279 2444 3850 2516; baseline 0 -20"><span class='ocrx_word' id='word_1_548' title='bbox 2279 2445 2339 2496; x_wconf 90' lang='lat' dir='ltr'>et</span> <span class='ocrx_word' id='word_1_549' title='bbox 2362 2455 2760 2498; x_wconf 86' lang='lat' dir='ltr'>consessorem</span> <span class='ocrx_word' id='word_1_550' title='bbox 2783 2459 2950 2500; x_wconf 90' lang='lat' dir='ltr'>suum</span> <span class='ocrx_word' id='word_1_551' title='bbox 2975 2444 3309 2500; x_wconf 90' lang='lat' dir='ltr'>constituit.</span> <span class='ocrx_word' id='word_1_552' title='bbox 3336 2447 3469 2500; x_wconf 85' lang='lat' dir='ltr'>Erat</span> <span class='ocrx_word' id='word_1_553' title='bbox 3493 2445 3768 2516; x_wconf 88' lang='lat' dir='ltr'>imperator</span> <span class='ocrx_word' id='word_1_554' title='bbox 3785 2457 3850 2512; x_wconf 87' lang='lat' dir='ltr'>pe-</span> 
     </span>
    </p>
   </div>
   <div class='ocr_carea' id='block_1_82' title="bbox 2279 2529 3847 2603">
    <p class='ocr_par' dir='ltr' id='par_1_82' title="bbox 2279 2529 3847 2603">
     <span class='ocr_line' id='line_1_82' title="bbox 2279 2529 3847 2603; baseline -0.001 -18"><span class='ocrx_word' id='word_1_555' title='bbox 2279 2529 2451 2586; x_wconf 91' lang='lat' dir='ltr'>dibus</span> <span class='ocrx_word' id='word_1_556' title='bbox 2481 2545 2638 2600; x_wconf 88' lang='lat' dir='ltr'>eger,</span> <span class='ocrx_word' id='word_1_557' title='bbox 2665 2535 2721 2586; x_wconf 90' lang='lat' dir='ltr'>et</span> <span class='ocrx_word' id='word_1_558' title='bbox 2747 2545 2852 2602; x_wconf 90' lang='lat' dir='ltr'>per</span> <span class='ocrx_word' id='word_1_559' title='bbox 2875 2531 2984 2589; x_wconf 90' lang='lat' dir='ltr'>hoc</span> <span class='ocrx_word' id='word_1_560' title='bbox 3009 2533 3192 2602; x_wconf 89' lang='lat' dir='ltr'>magis</span> <span class='ocrx_word' id='word_1_561' title='bbox 3221 2533 3280 2588; x_wconf 91' lang='lat' dir='ltr'>in</span> <span class='ocrx_word' id='word_1_562' title='bbox 3311 2533 3526 2590; x_wconf 90' lang='lat' dir='ltr'>lectulo</span> <span class='ocrx_word' id='word_1_563' title='bbox 3549 2532 3724 2603; x_wconf 89' lang='lat' dir='ltr'>jacuit.</span> <span class='ocrx_word' id='word_1_564' title='bbox 3752 2532 3847 2586; x_wconf 84' lang='lat' dir='ltr'>Post</span> 
     </span>
    </p>
   </div>
   <div class='ocr_carea' id='block_1_83' title="bbox 2278 2617 3850 2693">
    <p class='ocr_par' dir='ltr' id='par_1_83' title="bbox 2278 2617 3850 2693">
     <span class='ocr_line' id='line_1_83' title="bbox 2278 2617 3850 2693; baseline -0.001 -20"><span class='ocrx_word' id='word_1_565' title='bbox 2278 2617 2402 2674; x_wconf 72' lang='lat' dir='ltr'>haec</span> <span class='ocrx_word' id='word_1_566' title='bbox 2434 2619 2777 2691; x_wconf 86' lang='lat' dir='ltr'>infirmatus,</span> <span class='ocrx_word' id='word_1_567' title='bbox 2822 2621 2925 2676; x_wconf 90' lang='lat' dir='ltr'>sed</span> <span class='ocrx_word' id='word_1_568' title='bbox 2968 2625 3102 2692; x_wconf 91' lang='lat' dir='ltr'>post</span> <span class='ocrx_word' id='word_1_569' title='bbox 3144 2621 3445 2693; x_wconf 88' lang='lat' dir='ltr'>paululum</span> <span class='ocrx_word' id='word_1_570' title='bbox 3475 2637 3504 2677; x_wconf 86' lang='lat' dir='ltr'>a</span> <span class='ocrx_word' id='word_1_571' title='bbox 3535 2621 3774 2690; x_wconf 76' lang='lat' dir='ltr'>languore</span> <span class='ocrx_word' id='word_1_572' title='bbox 3795 2618 3850 2672; x_wconf 90' lang='lat' dir='ltr'>di-</span> 
     </span>
    </p>
   </div>
   <div class='ocr_carea' id='block_1_84' title="bbox 2279 2707 3849 2782">
    <p class='ocr_par' dir='ltr' id='par_1_84' title="bbox 2279 2707 3849 2782">
     <span class='ocr_line' id='line_1_84' title="bbox 2279 2707 3849 2782; baseline 0 -22"><span class='ocrx_word' id='word_1_573' title='bbox 2279 2707 2511 2778; x_wconf 90' lang='lat' dir='ltr'>missus,</span> <span class='ocrx_word' id='word_1_574' title='bbox 2541 2709 2886 2766; x_wconf 91' lang='lat' dir='ltr'>convocavit</span> <span class='ocrx_word' id='word_1_575' title='bbox 2914 2715 3028 2765; x_wconf 90' lang='lat' dir='ltr'>tam</span> <span class='ocrx_word' id='word_1_576' title='bbox 3063 2711 3358 2766; x_wconf 90' lang='lat' dir='ltr'>Euticium</span> <span class='ocrx_word' id='word_1_577' title='bbox 3392 2709 3700 2782; x_wconf 83' lang='lat' dir='ltr'>pontiﬁcem</span> <span class='ocrx_word' id='word_1_578' title='bbox 3724 2712 3769 2762; x_wconf 87' lang='lat' dir='ltr'>et</span> <span class='ocrx_word' id='word_1_579' title='bbox 3791 2721 3849 2762; x_wconf 82' lang='lat' dir='ltr'>se-</span> 
     </span>
    </p>
   </div>
   <div class='ocr_carea' id='block_1_85' title="bbox 2277 2796 3850 2867">
    <p class='ocr_par' dir='ltr' id='par_1_85' title="bbox 2277 2796 3850 2867">
     <span class='ocr_line' id='line_1_85' title="bbox 2277 2796 3850 2867; baseline -0.002 -18"><span class='ocrx_word' id='word_1_580' title='bbox 2277 2798 2494 2867; x_wconf 91' lang='lat' dir='ltr'>natum,</span> <span class='ocrx_word' id='word_1_581' title='bbox 2524 2811 2692 2866; x_wconf 88' lang='lat' dir='ltr'>quam</span> <span class='ocrx_word' id='word_1_582' title='bbox 2715 2811 2918 2854; x_wconf 89' lang='lat' dir='ltr'>omnes</span> <span class='ocrx_word' id='word_1_583' title='bbox 2939 2799 3284 2855; x_wconf 87' lang='lat' dir='ltr'>sacerdotes</span> <span class='ocrx_word' id='word_1_584' title='bbox 3307 2804 3366 2854; x_wconf 93' lang='lat' dir='ltr'>et</span> <span class='ocrx_word' id='word_1_585' title='bbox 3389 2799 3562 2867; x_wconf 90' lang='lat' dir='ltr'>cives,</span> <span class='ocrx_word' id='word_1_586' title='bbox 3582 2802 3636 2852; x_wconf 88' lang='lat' dir='ltr'>ct</span> <span class='ocrx_word' id='word_1_587' title='bbox 3658 2796 3850 2852; x_wconf 86' lang='lat' dir='ltr'>adducto</span> 
     </span>
    </p>
   </div>
   <div class='ocr_carea' id='block_1_86' title="bbox 2277 2883 3852 2958">
    <p class='ocr_par' dir='ltr' id='par_1_86' title="bbox 2277 2883 3852 2958">
     <span class='ocr_line' id='line_1_86' title="bbox 2277 2883 3852 2958; baseline -0.002 -19"><span class='ocrx_word' id='word_1_588' title='bbox 2277 2897 2494 2939; x_wconf 74' lang='lat' dir='ltr'>caesare</span> <span class='ocrx_word' id='word_1_589' title='bbox 2526 2885 2788 2956; x_wconf 83' lang='lat' dir='ltr'>Tyberio,</span> <span class='ocrx_word' id='word_1_590' title='bbox 2817 2885 3002 2957; x_wconf 89' lang='lat' dir='ltr'>palam</span> <span class='ocrx_word' id='word_1_591' title='bbox 3027 2886 3304 2944; x_wconf 88' lang='lat' dir='ltr'>omnibus</span> <span class='ocrx_word' id='word_1_592' title='bbox 3329 2885 3634 2958; x_wconf 87' lang='lat' dir='ltr'>appellavit</span> <span class='ocrx_word' id='word_1_593' title='bbox 3652 2899 3760 2940; x_wconf 89' lang='lat' dir='ltr'>eum</span> <span class='ocrx_word' id='word_1_594' title='bbox 3781 2883 3852 2937; x_wconf 87' lang='lat' dir='ltr'>im-</span> 
     </span>
    </p>
   </div>
   <div class='ocr_carea' id='block_1_87' title="bbox 2277 2971 3854 3043">
    <p class='ocr_par' dir='ltr' id='par_1_87' title="bbox 2277 2971 3854 3043">
     <span class='ocr_line' id='line_1_87' title="bbox 2277 2971 3854 3043; baseline 0 -17"><span class='ocrx_word' id='word_1_595' title='bbox 2277 2977 2626 3043; x_wconf 88' lang='lat' dir='ltr'>peratorem,</span> <span class='ocrx_word' id='word_1_596' title='bbox 2667 2974 2756 3030; x_wconf 88' lang='lat' dir='ltr'>his</span> <span class='ocrx_word' id='word_1_597' title='bbox 2785 2975 3153 3032; x_wconf 90' lang='lat' dir='ltr'>sermonibus</span> <span class='ocrx_word' id='word_1_598' title='bbox 3187 2991 3376 3033; x_wconf 90' lang='lat' dir='ltr'>usus:</span> <span class='ocrx_word' id='word_1_599' title='bbox 3403 2977 3551 3033; x_wconf 82' lang='lat' dir='ltr'>Ecce</span> <span class='ocrx_word' id='word_1_600' title='bbox 3575 2976 3716 3031; x_wconf 79' lang='lat' dir='ltr'>Deus</span> <span class='ocrx_word' id='word_1_601' title='bbox 3740 2971 3854 3028; x_wconf 75' lang='lat' dir='ltr'>bene-</span> 
     </span>
    </p>
   </div>
   <div class='ocr_carea' id='block_1_88' title="bbox 2275 3059 3848 3132">
    <p class='ocr_par' dir='ltr' id='par_1_88' title="bbox 2275 3059 3848 3132">
     <span class='ocr_line' id='line_1_88' title="bbox 2275 3059 3848 3132; baseline 0 -15"><span class='ocrx_word' id='word_1_602' title='bbox 2275 3059 2422 3118; x_wconf 83' lang='lat' dir='ltr'>feeit</span> <span class='ocrx_word' id='word_1_603' title='bbox 2448 3061 2578 3130; x_wconf 81' lang='lat' dir='ltr'>tibi,</span> <span class='ocrx_word' id='word_1_604' title='bbox 2613 3062 2768 3120; x_wconf 74' lang='lat' dir='ltr'>hunc</span> <span class='ocrx_word' id='word_1_605' title='bbox 2797 3063 3069 3120; x_wconf 70' lang='lat' dir='ltr'>katitum</span> <span class='ocrx_word' id='word_1_606' title='bbox 3094 3066 3261 3122; x_wconf 95' lang='lat' dir='ltr'>Deus</span> <span class='ocrx_word' id='word_1_607' title='bbox 3295 3064 3406 3120; x_wconf 77' lang='lat' dir='ltr'>tibi</span> <span class='ocrx_word' id='word_1_608' title='bbox 3435 3063 3609 3132; x_wconf 86' lang='lat' dir='ltr'>dedit,</span> <span class='ocrx_word' id='word_1_609' title='bbox 3633 3074 3734 3118; x_wconf 73' lang='lat' dir='ltr'>non</span> <span class='ocrx_word' id='word_1_610' title='bbox 3756 3073 3848 3130; x_wconf 80' lang='lat' dir='ltr'>ego.</span> 
     </span>
    </p>
   </div>
   <div class='ocr_carea' id='block_1_89' title="bbox 2273 3146 3856 3222">
    <p class='ocr_par' dir='ltr' id='par_1_89' title="bbox 2273 3146 3856 3222">
     <span class='ocr_line' id='line_1_89' title="bbox 2273 3146 3856 3222; baseline -0.002 -19"><span class='ocrx_word' id='word_1_611' title='bbox 2273 3147 2520 3204; x_wconf 69' lang='lat' dir='ltr'>Honora</span> <span class='ocrx_word' id='word_1_612' title='bbox 2545 3148 2738 3220; x_wconf 80' lang='lat' dir='ltr'>illum,</span> <span class='ocrx_word' id='word_1_613' title='bbox 2771 3151 2842 3207; x_wconf 84' lang='lat' dir='ltr'>ut</span> <span class='ocrx_word' id='word_1_614' title='bbox 2867 3153 2930 3208; x_wconf 77' lang='lat' dir='ltr'>tu</span> <span class='ocrx_word' id='word_1_615' title='bbox 2959 3165 3194 3222; x_wconf 84' lang='lat' dir='ltr'>quoque</span> <span class='ocrx_word' id='word_1_616' title='bbox 3223 3152 3534 3209; x_wconf 74' lang='lat' dir='ltr'>houoreris</span> <span class='ocrx_word' id='word_1_617' title='bbox 3560 3150 3630 3208; x_wconf 80' lang='lat' dir='ltr'>ab</span> <span class='ocrx_word' id='word_1_618' title='bbox 3652 3149 3769 3216; x_wconf 82' lang='lat' dir='ltr'>illo;</span> <span class='ocrx_word' id='word_1_619' title='bbox 3790 3146 3856 3201; x_wconf 79' lang='lat' dir='ltr'>lio-</span> 
     </span>
    </p>
   </div>
   <div class='ocr_carea' id='block_1_90' title="bbox 2271 3235 3852 3313">
    <p class='ocr_par' dir='ltr' id='par_1_90' title="bbox 2271 3235 3852 3313">
     <span class='ocr_line' id='line_1_90' title="bbox 2271 3235 3852 3313; baseline -0.002 -22"><span class='ocrx_word' id='word_1_620' title='bbox 2271 3249 2421 3292; x_wconf 75' lang='lat' dir='ltr'>nora</span> <span class='ocrx_word' id='word_1_621' title='bbox 2465 3237 2718 3293; x_wconf 78' lang='lat' dir='ltr'>matrem</span> <span class='ocrx_word' id='word_1_622' title='bbox 2767 3239 2951 3310; x_wconf 84' lang='lat' dir='ltr'>tuam,</span> <span class='ocrx_word' id='word_1_623' title='bbox 3003 3253 3136 3311; x_wconf 73' lang='lat' dir='ltr'>qua</span> <span class='ocrx_word' id='word_1_624' title='bbox 3182 3241 3518 3313; x_wconf 73' lang='lat' dir='ltr'>aliquando</span> <span class='ocrx_word' id='word_1_625' title='bbox 3546 3237 3650 3296; x_wconf 78' lang='lat' dir='ltr'>tibi</span> <span class='ocrx_word' id='word_1_626' title='bbox 3672 3235 3852 3293; x_wconf 71' lang='lat' dir='ltr'>domina</span> 
     </span>
    </p>
   </div>
   <div class='ocr_carea' id='block_1_91' title="bbox 2273 3323 3858 3398">
    <p class='ocr_par' dir='ltr' id='par_1_91' title="bbox 2273 3323 3858 3398">
     <span class='ocr_line' id='line_1_91' title="bbox 2273 3323 3858 3398; baseline 0.006 -21"><span class='ocrx_word' id='word_1_627' title='bbox 2273 3323 2429 3390; x_wconf 84' lang='lat' dir='ltr'>fuit;</span> <span class='ocrx_word' id='word_1_628' title='bbox 2456 3325 2632 3393; x_wconf 66' lang='lat' dir='ltr'>uasti,</span> <span class='ocrx_word' id='word_1_629' title='bbox 2667 3327 2826 3395; x_wconf 84' lang='lat' dir='ltr'>quod</span> <span class='ocrx_word' id='word_1_630' title='bbox 2843 3329 3112 3397; x_wconf 67' lang='lat' dir='ltr'>primum</span> <span class='ocrx_word' id='word_1_631' title='bbox 3125 3328 3348 3398; x_wconf 78' lang='lat' dir='ltr'>fueris</span> <span class='ocrx_word' id='word_1_632' title='bbox 3369 3328 3500 3398; x_wconf 85' lang='lat' dir='ltr'>ejus</span> <span class='ocrx_word' id='word_1_633' title='bbox 3519 3339 3722 3394; x_wconf 69' lang='lat' dir='ltr'>servus,</span> <span class='ocrx_word' id='word_1_634' title='bbox 3747 3332 3858 3378; x_wconf 60' lang='lat' dir='ltr'>mm</span> 
     </span>
    </p>
   </div>
   <div class='ocr_carea' id='block_1_92' title="bbox 2271 3411 3858 3488">
    <p class='ocr_par' dir='ltr' id='par_1_92' title="bbox 2271 3411 3858 3488">
     <span class='ocr_line' id='line_1_92' title="bbox 2271 3411 3858 3488; baseline 0.002 -21"><span class='ocrx_word' id='word_1_635' title='bbox 2271 3411 2469 3468; x_wconf 85' lang='lat' dir='ltr'>autem</span> <span class='ocrx_word' id='word_1_636' title='bbox 2504 3414 2701 3484; x_wconf 73' lang='lat' dir='ltr'>filius.</span> <span class='ocrx_word' id='word_1_637' title='bbox 2755 3415 2844 3471; x_wconf 87' lang='lat' dir='ltr'>Ne</span> <span class='ocrx_word' id='word_1_638' title='bbox 2881 3417 3222 3488; x_wconf 75' lang='lat' dir='ltr'>qratuleris</span> <span class='ocrx_word' id='word_1_639' title='bbox 3253 3417 3320 3472; x_wconf 78' lang='lat' dir='ltr'>in</span> <span class='ocrx_word' id='word_1_640' title='bbox 3351 3413 3746 3488; x_wconf 58' lang='lat' dir='ltr'>angui-nibus,</span> <span class='ocrx_word' id='word_1_641' title='bbox 3787 3419 3858 3464; x_wconf 69' lang='lat' dir='ltr'>nec</span> 
     </span>
    </p>
   </div>
   <div class='ocr_carea' id='block_1_93' title="bbox 2271 3495 3858 3577">
    <p class='ocr_par' dir='ltr' id='par_1_93' title="bbox 2271 3495 3858 3577">
     <span class='ocr_line' id='line_1_93' title="bbox 2271 3495 3858 3577; baseline -0.001 -21"><span class='ocrx_word' id='word_1_642' title='bbox 2271 3503 2659 3560; x_wconf 68' lang='lat' dir='ltr'>communi/res</span> <span class='ocrx_word' id='word_1_643' title='bbox 2680 3502 3019 3575; x_wconf 71' lang='lat' dir='ltr'>homicidio,</span> <span class='ocrx_word' id='word_1_644' title='bbox 3044 3519 3118 3561; x_wconf 78' lang='lat' dir='ltr'>ne</span> <span class='ocrx_word' id='word_1_645' title='bbox 3135 3507 3372 3563; x_wconf 86' lang='lat' dir='ltr'>malum</span> <span class='ocrx_word' id='word_1_646' title='bbox 3380 3521 3496 3577; x_wconf 72' lang='lat' dir='ltr'>pro</span> <span class='ocrx_word' id='word_1_647' title='bbox 3517 3504 3664 3561; x_wconf 86' lang='lat' dir='ltr'>malo</span> <span class='ocrx_word' id='word_1_648' title='bbox 3680 3495 3858 3557; x_wconf 69' lang='lat' dir='ltr'>reddas‘</span> 
     </span>
    </p>
   </div>
   <div class='ocr_carea' id='block_1_94' title="bbox 2269 3587 3863 3663">
    <p class='ocr_par' dir='ltr' id='par_1_94' title="bbox 2269 3587 3863 3663">
     <span class='ocr_line' id='line_1_94' title="bbox 2269 3587 3863 3663; baseline 0.002 -20"><span class='ocrx_word' id='word_1_649' title='bbox 2269 3600 2342 3643; x_wconf 76' lang='lat' dir='ltr'>ue</span> <span class='ocrx_word' id='word_1_650' title='bbox 2361 3587 2429 3644; x_wconf 80' lang='lat' dir='ltr'>in</span> <span class='ocrx_word' id='word_1_651' title='bbox 2448 3589 2606 3644; x_wconf 80' lang='lat' dir='ltr'>malo</span> <span class='ocrx_word' id='word_1_652' title='bbox 2633 3590 2979 3649; x_wconf 77' lang='lat' dir='ltr'>inimieicia</span> <span class='ocrx_word' id='word_1_653' title='bbox 2997 3592 3182 3650; x_wconf 68' lang='lat' dir='ltr'>michi</span> <span class='ocrx_word' id='word_1_654' title='bbox 3204 3593 3437 3651; x_wconf 85' lang='lat' dir='ltr'>similis</span> <span class='ocrx_word' id='word_1_655' title='bbox 3469 3589 3758 3663; x_wconf 71' lang='lat' dir='ltr'>eﬂeiaris;</span> <span class='ocrx_word' id='word_1_656' title='bbox 3779 3597 3863 3640; x_wconf 68' lang='lat' dir='ltr'>non</span> 
     </span>
    </p>
   </div>
   <div class='ocr_carea' id='block_1_95' title="bbox 2271 3670 3865 3752">
    <p class='ocr_par' dir='ltr' id='par_1_95' title="bbox 2271 3670 3865 3752">
     <span class='ocr_line' id='line_1_95' title="bbox 2271 3670 3865 3752; baseline -0.001 -20"><span class='ocrx_word' id='word_1_657' title='bbox 2271 3677 2457 3732; x_wconf 69' lang='lat' dir='ltr'>elevet</span> <span class='ocrx_word' id='word_1_658' title='bbox 2470 3678 2524 3733; x_wconf 82' lang='lat' dir='ltr'>te</span> <span class='ocrx_word' id='word_1_659' title='bbox 2541 3677 2785 3736; x_wconf 73' lang='lat' dir='ltr'>habitus</span> <span class='ocrx_word' id='word_1_660' title='bbox 2806 3680 2905 3738; x_wconf 78' lang='lat' dir='ltr'>Itio</span> <span class='ocrx_word' id='word_1_661' title='bbox 2925 3682 3433 3752; x_wconf 84' lang='lat' dir='ltr'>quemadmodum</span> <span class='ocrx_word' id='word_1_662' title='bbox 3445 3695 3567 3750; x_wconf 84' lang='lat' dir='ltr'>me;</span> <span class='ocrx_word' id='word_1_663' title='bbox 3583 3681 3666 3738; x_wconf 84' lang='lat' dir='ltr'>sic</span> <span class='ocrx_word' id='word_1_664' title='bbox 3683 3670 3865 3736; x_wconf 64' lang='lat' dir='ltr'>attende</span> 
     </span>
    </p>
   </div>
   <div class='ocr_carea' id='block_1_96' title="bbox 2269 3763 3861 3844">
    <p class='ocr_par' dir='ltr' id='par_1_96' title="bbox 2269 3763 3861 3844">
     <span class='ocr_line' id='line_1_96' title="bbox 2269 3763 3861 3844; baseline -0.003 -24"><span class='ocrx_word' id='word_1_665' title='bbox 2269 3765 2540 3823; x_wconf 71' lang='lat' dir='ltr'>omnibus</span> <span class='ocrx_word' id='word_1_666' title='bbox 2563 3767 2722 3824; x_wconf 83' lang='lat' dir='ltr'>sicut</span> <span class='ocrx_word' id='word_1_667' title='bbox 2745 3767 2856 3825; x_wconf 77' lang='lat' dir='ltr'>tibi</span> <span class='ocrx_word' id='word_1_668' title='bbox 2864 3787 2889 3838; x_wconf 82' lang='lat'><strong><em>;</em></strong></span> <span class='ocrx_word' id='word_1_669' title='bbox 2915 3771 3062 3827; x_wconf 83' lang='lat' dir='ltr'>scito</span> <span class='ocrx_word' id='word_1_670' title='bbox 3089 3772 3234 3842; x_wconf 82' lang='lat' dir='ltr'>quis</span> <span class='ocrx_word' id='word_1_671' title='bbox 3247 3771 3480 3844; x_wconf 70' lang='lat' dir='ltr'>fueris,</span> <span class='ocrx_word' id='word_1_672' title='bbox 3505 3783 3576 3826; x_wconf 78' lang='lat' dir='ltr'>ue</span> <span class='ocrx_word' id='word_1_673' title='bbox 3591 3763 3861 3838; x_wconf 66' lang='lat' dir='ltr'>superbiae,</span> 
     </span>
    </p>
   </div>
   <div class='ocr_carea' id='block_1_97' title="bbox 2269 3849 3865 3930">
    <p class='ocr_par' dir='ltr' id='par_1_97' title="bbox 2269 3849 3865 3930">
     <span class='ocr_line' id='line_1_97' title="bbox 2269 3849 3865 3930; baseline 0.001 -22"><span class='ocrx_word' id='word_1_674' title='bbox 2269 3853 2329 3908; x_wconf 88' lang='lat' dir='ltr'>et</span> <span class='ocrx_word' id='word_1_675' title='bbox 2340 3866 2455 3910; x_wconf 75' lang='lat' dir='ltr'>non</span> <span class='ocrx_word' id='word_1_676' title='bbox 2463 3855 2758 3926; x_wconf 74' lang='lat' dir='ltr'>peccabis.</span> <span class='ocrx_word' id='word_1_677' title='bbox 2789 3858 2996 3914; x_wconf 74' lang='lat' dir='ltr'>Omnes</span> <span class='ocrx_word' id='word_1_678' title='bbox 3011 3859 3118 3916; x_wconf 87' lang='lat' dir='ltr'>isti</span> <span class='ocrx_word' id='word_1_679' title='bbox 3127 3860 3187 3930; x_wconf 73' lang='lat' dir='ltr'><strong><em>ﬁ</em></strong></span> <span class='ocrx_word' id='word_1_680' title='bbox 3191 3861 3266 3916; x_wconf 86' lang='lat' dir='ltr'>lii</span> <span class='ocrx_word' id='word_1_681' title='bbox 3288 3859 3382 3916; x_wconf 87' lang='lat' dir='ltr'>tui</span> <span class='ocrx_word' id='word_1_682' title='bbox 3400 3859 3542 3916; x_wconf 78' lang='lat' dir='ltr'>sunt</span> <span class='ocrx_word' id='word_1_683' title='bbox 3557 3857 3611 3914; x_wconf 83' lang='lat' dir='ltr'>et</span> <span class='ocrx_word' id='word_1_684' title='bbox 3622 3853 3777 3922; x_wconf 69' lang='lat' dir='ltr'>servi,</span> <span class='ocrx_word' id='word_1_685' title='bbox 3793 3849 3865 3905; x_wconf 75' lang='grc' dir='ltr'>Ιιοε</span> 
     </span>
    </p>
   </div>
   <div class='ocr_carea' id='block_1_98' title="bbox 2269 3940 3864 4018">
    <p class='ocr_par' dir='ltr' id='par_1_98' title="bbox 2269 3940 3864 4018">
     <span class='ocr_line' id='line_1_98' title="bbox 2269 3940 3864 4018; baseline -0.006 -18"><span class='ocrx_word' id='word_1_686' title='bbox 2269 3956 2400 4000; x_wconf 83' lang='lat' dir='ltr'>eum</span> <span class='ocrx_word' id='word_1_687' title='bbox 2419 3943 2648 4014; x_wconf 73' lang='lat' dir='ltr'>videas,</span> <span class='ocrx_word' id='word_1_688' title='bbox 2673 3959 2868 4002; x_wconf 75' lang='lat' dir='ltr'>omnes</span> <span class='ocrx_word' id='word_1_689' title='bbox 2890 3946 2998 4016; x_wconf 84' lang='lat' dir='ltr'>qui</span> <span class='ocrx_word' id='word_1_690' title='bbox 3017 3947 3160 4003; x_wconf 76' lang='lat' dir='ltr'>sunt</span> <span class='ocrx_word' id='word_1_691' title='bbox 3177 3949 3276 4003; x_wconf 71' lang='lat' dir='ltr'>rei</span> <span class='ocrx_word' id='word_1_692' title='bbox 3295 3947 3552 4018; x_wconf 71' lang='lat' dir='ltr'>publica</span> <span class='ocrx_word' id='word_1_693' title='bbox 3577 3945 3742 4001; x_wconf 73' lang='lat' dir='ltr'>vides.</span> <span class='ocrx_word' id='word_1_694' title='bbox 3772 3940 3864 3993; x_wconf 69' lang='lat' dir='ltr'>Hac</span> 
     </span>
    </p>
   </div>
   <div class='ocr_carea' id='block_1_99' title="bbox 2269 4031 3864 4108">
    <p class='ocr_par' dir='ltr' id='par_1_99' title="bbox 2269 4031 3864 4108">
     <span class='ocr_line' id='line_1_99' title="bbox 2269 4031 3864 4108; baseline -0.004 -20"><span class='ocrx_word' id='word_1_695' title='bbox 2269 4045 2399 4088; x_wconf 91' lang='lat' dir='ltr'>cum</span> <span class='ocrx_word' id='word_1_696' title='bbox 2438 4032 2708 4104; x_wconf 90' lang='lat' dir='ltr'>dixisset,</span> <span class='ocrx_word' id='word_1_697' title='bbox 2751 4039 2810 4088; x_wconf 92' lang='lat' dir='ltr'>et</span> <span class='ocrx_word' id='word_1_698' title='bbox 2853 4033 3002 4089; x_wconf 79' lang='lat' dir='ltr'>facta</span> <span class='ocrx_word' id='word_1_699' title='bbox 3035 4035 3312 4091; x_wconf 87' lang='lat' dir='ltr'>oratione</span> <span class='ocrx_word' id='word_1_700' title='bbox 3347 4049 3378 4092; x_wconf 90' lang='lat' dir='ltr'>a</span> <span class='ocrx_word' id='word_1_701' title='bbox 3413 4031 3748 4108; x_wconf 86' lang='lat' dir='ltr'>patriarcha,</span> <span class='ocrx_word' id='word_1_702' title='bbox 3772 4039 3864 4083; x_wconf 87' lang='lat' dir='ltr'>cum</span> 
     </span>
    </p>
   </div>
   <div class='ocr_carea' id='block_1_100' title="bbox 2269 4115 3868 4192">
    <p class='ocr_par' dir='ltr' id='par_1_100' title="bbox 2269 4115 3868 4192">
     <span class='ocr_line' id='line_1_100' title="bbox 2269 4115 3868 4192; baseline -0.004 -20"><span class='ocrx_word' id='word_1_703' title='bbox 2269 4117 2554 4175; x_wconf 84' lang='lat' dir='ltr'>dixissent</span> <span class='ocrx_word' id='word_1_704' title='bbox 2585 4134 2787 4176; x_wconf 89' lang='lat' dir='ltr'>omnes</span> <span class='ocrx_word' id='word_1_705' title='bbox 2811 4139 2823 4174; x_wconf 88' lang='lat'><strong>:</strong></span> <span class='ocrx_word' id='word_1_706' title='bbox 2847 4122 3050 4192; x_wconf 74' lang='lat' dir='ltr'>Amen,</span> <span class='ocrx_word' id='word_1_707' title='bbox 3077 4123 3302 4178; x_wconf 90' lang='lat' dir='ltr'>cecidit</span> <span class='ocrx_word' id='word_1_708' title='bbox 3323 4137 3511 4179; x_wconf 57' lang='lat' dir='ltr'>caesar</span> <span class='ocrx_word' id='word_1_709' title='bbox 3532 4121 3600 4178; x_wconf 89' lang='lat' dir='ltr'>ad</span> <span class='ocrx_word' id='word_1_710' title='bbox 3622 4119 3779 4192; x_wconf 87' lang='lat' dir='ltr'>pedes</span> <span class='ocrx_word' id='word_1_711' title='bbox 3798 4115 3868 4168; x_wconf 83' lang='lat' dir='ltr'>ini-</span> 
     </span>
    </p>
   </div>
   <div class='ocr_carea' id='block_1_101' title="bbox 2269 4207 3864 4281">
    <p class='ocr_par' dir='ltr' id='par_1_101' title="bbox 2269 4207 3864 4281">
     <span class='ocr_line' id='line_1_101' title="bbox 2269 4207 3864 4281; baseline -0.004 -18"><span class='ocrx_word' id='word_1_712' title='bbox 2269 4207 2582 4278; x_wconf 90' lang='lat' dir='ltr'>peratoris,</span> <span class='ocrx_word' id='word_1_713' title='bbox 2617 4213 2672 4264; x_wconf 89' lang='lat' dir='ltr'>et</span> <span class='ocrx_word' id='word_1_714' title='bbox 2708 4209 2856 4264; x_wconf 92' lang='lat' dir='ltr'>dixit</span> <span class='ocrx_word' id='word_1_715' title='bbox 2877 4209 2928 4264; x_wconf 91' lang='lat' dir='ltr'>ei</span> <span class='ocrx_word' id='word_1_716' title='bbox 2956 4229 2968 4264; x_wconf 92' lang='lat'><strong>:</strong></span> <span class='ocrx_word' id='word_1_717' title='bbox 2993 4210 3070 4267; x_wconf 51' lang='lat' dir='ltr'>.S&#39;i</span> <span class='ocrx_word' id='word_1_718' title='bbox 3088 4211 3204 4280; x_wconf 76' lang='lat' dir='ltr'>eis,</span> <span class='ocrx_word' id='word_1_719' title='bbox 3229 4225 3406 4281; x_wconf 82' lang='lat' dir='ltr'>sum;</span> <span class='ocrx_word' id='word_1_720' title='bbox 3429 4211 3614 4279; x_wconf 75' lang='lat' dir='ltr'>sicis,</span> <span class='ocrx_word' id='word_1_721' title='bbox 3634 4219 3740 4263; x_wconf 69' lang='lat' dir='ltr'>non</span> <span class='ocrx_word' id='word_1_722' title='bbox 3754 4213 3864 4261; x_wconf 71' lang='lat' dir='ltr'>sum.</span> 
     </span>
    </p>
   </div>
   <div class='ocr_carea' id='block_1_102' title="bbox 2266 4295 3870 4370">
    <p class='ocr_par' dir='ltr' id='par_1_102' title="bbox 2266 4295 3870 4370">
     <span class='ocr_line' id='line_1_102' title="bbox 2266 4295 3870 4370; baseline 0.002 -21"><span class='ocrx_word' id='word_1_723' title='bbox 2266 4297 2335 4350; x_wconf 88' lang='lat' dir='ltr'>Et</span> <span class='ocrx_word' id='word_1_724' title='bbox 2361 4296 2676 4367; x_wconf 88' lang='lat' dir='ltr'>imperator</span> <span class='ocrx_word' id='word_1_725' title='bbox 2708 4297 2787 4352; x_wconf 89' lang='lat' dir='ltr'>ait</span> <span class='ocrx_word' id='word_1_726' title='bbox 2813 4316 2825 4352; x_wconf 92' lang='lat'>:</span> <span class='ocrx_word' id='word_1_727' title='bbox 2850 4299 3028 4367; x_wconf 82' lang='lat' dir='ltr'>Deus,</span> <span class='ocrx_word' id='word_1_728' title='bbox 3060 4299 3171 4368; x_wconf 85' lang='lat' dir='ltr'>qui</span> <span class='ocrx_word' id='word_1_729' title='bbox 3180 4301 3355 4370; x_wconf 79' lang='lat' dir='ltr'>fecit</span> <span class='ocrx_word' id='word_1_730' title='bbox 3379 4301 3586 4357; x_wconf 71' lang='lat' dir='ltr'>calum</span> <span class='ocrx_word' id='word_1_731' title='bbox 3606 4298 3661 4354; x_wconf 80' lang='lat' dir='ltr'>et</span> <span class='ocrx_word' id='word_1_732' title='bbox 3677 4295 3870 4353; x_wconf 55' lang='lat' dir='ltr'>terram,</span> 
     </span>
    </p>
   </div>
   <div class='ocr_carea' id='block_1_103' title="bbox 2264 4377 3870 4456">
    <p class='ocr_par' dir='ltr' id='par_1_103' title="bbox 2264 4377 3870 4456">
     <span class='ocr_line' id='line_1_103' title="bbox 2264 4377 3870 4456; baseline -0.001 -14"><span class='ocrx_word' id='word_1_733' title='bbox 2264 4385 2392 4456; x_wconf 76' lang='lat' dir='ltr'>ipse</span> <span class='ocrx_word' id='word_1_734' title='bbox 2411 4385 2613 4442; x_wconf 75' lang='lat' dir='ltr'>omnia</span> <span class='ocrx_word' id='word_1_735' title='bbox 2633 4399 2766 4456; x_wconf 75' lang='lat' dir='ltr'>qua</span> <span class='ocrx_word' id='word_1_736' title='bbox 2783 4387 2982 4447; x_wconf 74' lang='lat' dir='ltr'>dicere</span> <span class='ocrx_word' id='word_1_737' title='bbox 3002 4387 3225 4444; x_wconf 81' lang='lat' dir='ltr'>oblitus</span> <span class='ocrx_word' id='word_1_738' title='bbox 3246 4403 3389 4446; x_wconf 85' lang='lat' dir='ltr'>sum</span> <span class='ocrx_word' id='word_1_739' title='bbox 3407 4391 3476 4446; x_wconf 73' lang='lat' dir='ltr'>in</span> <span class='ocrx_word' id='word_1_740' title='bbox 3497 4401 3590 4446; x_wconf 83' lang='lat' dir='ltr'>eor</span> <span class='ocrx_word' id='word_1_741' title='bbox 3610 4387 3758 4443; x_wconf 71' lang='lat' dir='ltr'>tuum</span> <span class='ocrx_word' id='word_1_742' title='bbox 3770 4377 3870 4436; x_wconf 69' lang='lat' dir='ltr'>mil-</span> 
     </span>
    </p>
   </div>
   <div class='ocr_carea' id='block_1_104' title="bbox 2268 4464 3869 4549">
    <p class='ocr_par' dir='ltr' id='par_1_104' title="bbox 2268 4464 3869 4549">
     <span class='ocr_line' id='line_1_104' title="bbox 2268 4464 3869 4549; baseline -0.007 -17"><span class='ocrx_word' id='word_1_743' title='bbox 2268 4473 2378 4532; x_wconf 83' lang='lat' dir='ltr'>tat.</span> <span class='ocrx_word' id='word_1_744' title='bbox 2401 4475 2534 4531; x_wconf 71' lang='lat' dir='ltr'>Haec</span> <span class='ocrx_word' id='word_1_745' title='bbox 2557 4489 2686 4532; x_wconf 92' lang='lat' dir='ltr'>cum</span> <span class='ocrx_word' id='word_1_746' title='bbox 2709 4475 3054 4546; x_wconf 88' lang='lat' dir='ltr'>loqueretur</span> <span class='ocrx_word' id='word_1_747' title='bbox 3084 4477 3442 4549; x_wconf 88' lang='lat' dir='ltr'>imperator,</span> <span class='ocrx_word' id='word_1_748' title='bbox 3477 4476 3726 4549; x_wconf 89' lang='lat' dir='ltr'>replebat</span> <span class='ocrx_word' id='word_1_749' title='bbox 3746 4464 3869 4525; x_wconf 84' lang='lat' dir='ltr'>lacr-i</span> 
     </span>
    </p>
   </div>
   <div class='ocr_carea' id='block_1_105' title="bbox 2181 4563 3868 4658">
    <p class='ocr_par' dir='ltr' id='par_1_105' title="bbox 2181 4563 3868 4658">
     <span class='ocr_line' id='line_1_105' title="bbox 2181 4563 3868 4658; baseline -0.025 -8"><span class='ocrx_word' id='word_1_750' title='bbox 2181 4596 2236 4658; x_wconf 93' lang='lat' dir='ltr'><strong>D</strong></span> <span class='ocrx_word' id='word_1_751' title='bbox 2267 4563 2375 4658; x_wconf 51' lang='lat' dir='ltr'>mi?</span> <span class='ocrx_word' id='word_1_752' title='bbox 2397 4567 2585 4658; x_wconf 51' lang='lat' dir='ltr'>“Fum</span> <span class='ocrx_word' id='word_1_753' title='bbox 2609 4563 2938 4634; x_wconf 70' lang='grc' dir='ltr'>θοιιθείιιω.</span> <span class='ocrx_word' id='word_1_754' title='bbox 2970 4566 3108 4658; x_wconf 56' lang='lat' dir='ltr'>Fost</span> <span class='ocrx_word' id='word_1_755' title='bbox 3131 4566 3260 4624; x_wconf 59' lang='lat' dir='ltr'>haec</span> <span class='ocrx_word' id='word_1_756' title='bbox 3283 4567 3560 4624; x_wconf 86' lang='lat' dir='ltr'>Justinus</span> <span class='ocrx_word' id='word_1_757' title='bbox 3581 4577 3717 4624; x_wconf 89' lang='lat' dir='ltr'>anno</span> <span class='ocrx_word' id='word_1_758' title='bbox 3737 4564 3785 4614; x_wconf 77' lang='lat'><strong>11</strong></span> <span class='ocrx_word' id='word_1_759' title='bbox 3808 4568 3868 4610; x_wconf 80' lang='lat' dir='ltr'>re-</span> 
     </span>
    </p>
   </div>
   <div class='ocr_carea' id='block_1_106' title="bbox 2263 4652 3764 4726">
    <p class='ocr_par' dir='ltr' id='par_1_106' title="bbox 2263 4652 3764 4726">
     <span class='ocr_line' id='line_1_106' title="bbox 2263 4652 3764 4726; baseline -0.004 -18"><span class='ocrx_word' id='word_1_760' title='bbox 2263 4652 2359 4723; x_wconf 88' lang='lat' dir='ltr'>gni</span> <span class='ocrx_word' id='word_1_761' title='bbox 2385 4652 2474 4708; x_wconf 92' lang='lat' dir='ltr'>sui</span> <span class='ocrx_word' id='word_1_762' title='bbox 2494 4657 2756 4710; x_wconf 90' lang='lat' dir='ltr'>mortuus</span> <span class='ocrx_word' id='word_1_763' title='bbox 2774 4657 2886 4724; x_wconf 90' lang='lat' dir='ltr'>est,</span> <span class='ocrx_word' id='word_1_764' title='bbox 2909 4653 3114 4710; x_wconf 90' lang='lat' dir='ltr'>relicto</span> <span class='ocrx_word' id='word_1_765' title='bbox 3135 4655 3398 4726; x_wconf 84' lang='lat' dir='ltr'>Tyberio</span> <span class='ocrx_word' id='word_1_766' title='bbox 3422 4663 3764 4712; x_wconf 87' lang='lat' dir='ltr'>successore.</span> 
     </span>
    </p>
   </div>
   <div class='ocr_carea' id='block_1_107' title="bbox 2266 4741 2793 4798">
    <p class='ocr_par' dir='ltr' id='par_1_107' title="bbox 2266 4741 2793 4798">
     <span class='ocr_line' id='line_1_107' title="bbox 2266 4741 2793 4798; baseline 0.002 -1"><span class='ocrx_word' id='word_1_767' title='bbox 2266 4741 2412 4797; x_wconf 87' lang='lat' dir='ltr'>Anni</span> <span class='ocrx_word' id='word_1_768' title='bbox 2442 4741 2531 4774; x_wconf 78' lang='grc'>¹⁰⁸⁸</span> <span class='ocrx_word' id='word_1_769' title='bbox 2561 4742 2793 4798; x_wconf 82' lang='lat' dir='ltr'>Justini.</span> 
     </span>
    </p>
   </div>
   <div class='ocr_carea' id='block_1_108' title="bbox 2340 4823 3872 4902">
    <p class='ocr_par' dir='ltr' id='par_1_108' title="bbox 2340 4823 3872 4902">
     <span class='ocr_line' id='line_1_108' title="bbox 2340 4823 3872 4902; baseline -0.014 -6"><span class='ocrx_word' id='word_1_770' title='bbox 2340 4836 2385 4886; x_wconf 77' lang='grc' dir='ltr'>1ο</span> <span class='ocrx_word' id='word_1_771' title='bbox 2429 4831 2595 4902; x_wconf 70' lang='lat' dir='ltr'>(0hr.</span> <span class='ocrx_word' id='word_1_772' title='bbox 2644 4831 2750 4902; x_wconf 86' lang='lat' dir='ltr'>W.)</span> <span class='ocrx_word' id='word_1_773' title='bbox 2792 4832 2985 4886; x_wconf 89' lang='lat' dir='ltr'>Primo</span> <span class='ocrx_word' id='word_1_774' title='bbox 3018 4838 3214 4890; x_wconf 89' lang='lat' dir='ltr'>autem</span> <span class='ocrx_word' id='word_1_775' title='bbox 3250 4849 3412 4893; x_wconf 90' lang='lat' dir='ltr'>anno</span> <span class='ocrx_word' id='word_1_776' title='bbox 3442 4830 3670 4902; x_wconf 84' lang='lat' dir='ltr'>Justini,</span> <span class='ocrx_word' id='word_1_777' title='bbox 3701 4823 3872 4900; x_wconf 84' lang='lat' dir='ltr'>quiest</span> 
     </span>
    </p>
   </div>
   <div class='ocr_carea' id='block_1_109' title="bbox 2265 4908 3875 4997">
    <p class='ocr_par' dir='ltr' id='par_1_109' title="bbox 2265 4908 3875 4997">
     <span class='ocr_line' id='line_1_109' title="bbox 2265 4908 3875 4997; baseline -0.006 -21"><span class='ocrx_word' id='word_1_778' title='bbox 2265 4935 2448 4977; x_wconf 91' lang='lat' dir='ltr'>annus</span> <span class='ocrx_word' id='word_1_779' title='bbox 2470 4920 2774 4976; x_wconf 78' lang='lat' dir='ltr'>dominij</span> <span class='ocrx_word' id='word_1_780' title='bbox 2799 4920 3222 4980; x_wconf 89' lang='lat' dir='ltr'>incarnationis</span> <span class='ocrx_word' id='word_1_781' title='bbox 3247 4929 3440 4997; x_wconf 59' lang='grc'>565³³,</span> <span class='ocrx_word' id='word_1_782' title='bbox 3469 4918 3712 4980; x_wconf 88' lang='lat' dir='ltr'>Armenii</span> <span class='ocrx_word' id='word_1_783' title='bbox 3731 4908 3875 4972; x_wconf 85' lang='lat' dir='ltr'>susci-</span> 
     </span>
    </p>
   </div>
   <div class='ocr_carea' id='block_1_110' title="bbox 2264 5009 2648 5080">
    <p class='ocr_par' dir='ltr' id='par_1_110' title="bbox 2264 5009 2648 5080">
     <span class='ocr_line' id='line_1_110' title="bbox 2264 5009 2648 5080; baseline 0 -16"><span class='ocrx_word' id='word_1_784' title='bbox 2264 5009 2426 5080; x_wconf 91' lang='lat' dir='ltr'>piunt</span> <span class='ocrx_word' id='word_1_785' title='bbox 2459 5009 2648 5064; x_wconf 81' lang='lat' dir='ltr'>ﬁdem.</span> 
     </span>
    </p>
   </div>
   <div class='ocr_carea' id='block_1_111' title="bbox 2332 5087 3874 5170">
    <p class='ocr_par' dir='ltr' id='par_1_111' title="bbox 2332 5087 3874 5170">
     <span class='ocr_line' id='line_1_111' title="bbox 2332 5087 3874 5170; baseline -0.007 -17"><span class='ocrx_word' id='word_1_786' title='bbox 2332 5102 2383 5154; x_wconf 88' lang='lat'>3.</span> <span class='ocrx_word' id='word_1_787' title='bbox 2419 5097 2518 5166; x_wconf 84' lang='lat' dir='ltr'>(H.</span> <span class='ocrx_word' id='word_1_788' title='bbox 2548 5098 2653 5170; x_wconf 67' lang='grc' dir='ltr'>θη.)</span> <span class='ocrx_word' id='word_1_789' title='bbox 2685 5100 2749 5153; x_wconf 86' lang='grc' dir='ltr'>Α.</span> <span class='ocrx_word' id='word_1_790' title='bbox 2787 5099 2848 5152; x_wconf 92' lang='lat' dir='ltr'>D.</span> <span class='ocrx_word' id='word_1_791' title='bbox 2883 5101 3004 5153; x_wconf 77' lang='lat'>567.</span> <span class='ocrx_word' id='word_1_792' title='bbox 3042 5097 3259 5169; x_wconf 86' lang='lat' dir='ltr'>Sophia</span> <span class='ocrx_word' id='word_1_793' title='bbox 3295 5105 3579 5170; x_wconf 86' lang='lat' dir='ltr'>augusta,</span> <span class='ocrx_word' id='word_1_794' title='bbox 3620 5087 3874 5154; x_wconf 82' lang='lat' dir='ltr'>accersitis</span> 
     </span>
    </p>
   </div>
   <div class='ocr_carea' id='block_1_112' title="bbox 2261 5177 3875 5257">
    <p class='ocr_par' dir='ltr' id='par_1_112' title="bbox 2261 5177 3875 5257">
     <span class='ocr_line' id='line_1_112' title="bbox 2261 5177 3875 5257; baseline -0.005 -14"><span class='ocrx_word' id='word_1_795' title='bbox 2261 5187 2523 5257; x_wconf 91' lang='lat' dir='ltr'>notariis,</span> <span class='ocrx_word' id='word_1_796' title='bbox 2569 5185 2784 5242; x_wconf 80' lang='lat' dir='ltr'>deferri</span> <span class='ocrx_word' id='word_1_797' title='bbox 2816 5185 2906 5219; x_wconf 66' lang='lat'>1°55</span> <span class='ocrx_word' id='word_1_798' title='bbox 2931 5186 3111 5256; x_wconf 90' lang='lat' dir='ltr'>jussit</span> <span class='ocrx_word' id='word_1_799' title='bbox 3151 5189 3481 5247; x_wconf 86' lang='lat' dir='ltr'>cautiones</span> <span class='ocrx_word' id='word_1_800' title='bbox 3513 5187 3812 5246; x_wconf 88' lang='lat' dir='ltr'>debitorum</span> <span class='ocrx_word' id='word_1_801' title='bbox 3833 5177 3875 5230; x_wconf 69' lang='lat' dir='ltr'>ei</span> 
     </span>
    </p>
   </div>
   <div class='ocr_carea' id='block_1_113' title="bbox 2263 5268 3874 5350">
    <p class='ocr_par' dir='ltr' id='par_1_113' title="bbox 2263 5268 3874 5350">
     <span class='ocr_line' id='line_1_113' title="bbox 2263 5268 3874 5350; baseline -0.007 -18"><span class='ocrx_word' id='word_1_802' title='bbox 2263 5277 2484 5346; x_wconf 89' lang='lat' dir='ltr'>breves,</span> <span class='ocrx_word' id='word_1_803' title='bbox 2537 5279 2598 5330; x_wconf 89' lang='lat' dir='ltr'>et</span> <span class='ocrx_word' id='word_1_804' title='bbox 2645 5274 2865 5332; x_wconf 91' lang='lat' dir='ltr'>dimisit</span> <span class='ocrx_word' id='word_1_805' title='bbox 2912 5276 2998 5331; x_wconf 90' lang='lat' dir='ltr'>eis</span> <span class='ocrx_word' id='word_1_806' title='bbox 3045 5276 3268 5332; x_wconf 89' lang='lat' dir='ltr'>omnia.</span> <span class='ocrx_word' id='word_1_807' title='bbox 3326 5278 3505 5350; x_wconf 75' lang='lat' dir='ltr'>(0hr.</span> <span class='ocrx_word' id='word_1_808' title='bbox 3563 5275 3660 5345; x_wconf 90' lang='lat' dir='ltr'>W.)</span> <span class='ocrx_word' id='word_1_809' title='bbox 3707 5268 3874 5328; x_wconf 87' lang='lat' dir='ltr'>Eodem</span> 
     </span>
    </p>
   </div>
   <div class='ocr_carea' id='block_1_114' title="bbox 2260 5355 3876 5440">
    <p class='ocr_par' dir='ltr' id='par_1_114' title="bbox 2260 5355 3876 5440">
     <span class='ocr_line' id='line_1_114' title="bbox 2260 5355 3876 5440; baseline -0.005 -18"><span class='ocrx_word' id='word_1_810' title='bbox 2260 5380 2408 5422; x_wconf 90' lang='lat' dir='ltr'>anno</span> <span class='ocrx_word' id='word_1_811' title='bbox 2448 5366 2661 5420; x_wconf 87' lang='lat' dir='ltr'>Narscs</span> <span class='ocrx_word' id='word_1_812' title='bbox 2703 5365 2990 5436; x_wconf 88' lang='lat' dir='ltr'>patricius</span> <span class='ocrx_word' id='word_1_813' title='bbox 3032 5364 3288 5422; x_wconf 87' lang='lat' dir='ltr'>Totilam</span> <span class='ocrx_word' id='word_1_814' title='bbox 3332 5381 3538 5440; x_wconf 87' lang='lat' dir='ltr'>regem</span> <span class='ocrx_word' id='word_1_815' title='bbox 3577 5360 3772 5424; x_wconf 85' lang='lat' dir='ltr'>occidit</span> <span class='ocrx_word' id='word_1_816' title='bbox 3797 5355 3876 5410; x_wconf 79' lang='lat' dir='ltr'>Go-</span> 
     </span>
    </p>
   </div>
   <div class='ocr_carea' id='block_1_115' title="bbox 2260 5453 2838 5526">
    <p class='ocr_par' dir='ltr' id='par_1_115' title="bbox 2260 5453 2838 5526">
     <span class='ocr_line' id='line_1_115' title="bbox 2260 5453 2838 5526; baseline -0.002 -17"><span class='ocrx_word' id='word_1_817' title='bbox 2260 5455 2506 5526; x_wconf 87' lang='lat' dir='ltr'>thosque</span> <span class='ocrx_word' id='word_1_818' title='bbox 2539 5453 2838 5526; x_wconf 89' lang='lat' dir='ltr'>dispersit.</span> 
     </span>
    </p>
   </div>
   <div class='ocr_carea' id='block_1_116' title="bbox 1866 5571 2538 5628">
    <p class='ocr_par' dir='ltr' id='par_1_116' title="bbox 1866 5571 2538 5628">
     <span class='ocr_line' id='line_1_116' title="bbox 1866 5571 2538 5628; baseline 0 -2"><span class='ocrx_word' id='word_1_819' title='bbox 1866 5573 1953 5628; x_wconf 90' lang='lat' dir='ltr'>VA</span> <span class='ocrx_word' id='word_1_820' title='bbox 1963 5572 2102 5628; x_wconf 68' lang='grc' dir='ltr'>ΒΙΔΕ</span> <span class='ocrx_word' id='word_1_821' title='bbox 2141 5571 2538 5628; x_wconf 85' lang='lat' dir='ltr'>LECTIONES.</span> 
     </span>
    </p>
   </div>
   <div class='ocr_carea' id='block_1_117' title="bbox 573 5650 1433 5728">
    <p class='ocr_par' dir='ltr' id='par_1_117' title="bbox 573 5650 1433 5728">
     <span class='ocr_line' id='line_1_117' title="bbox 573 5650 1433 5728; baseline 0.001 -17"><span class='ocrx_word' id='word_1_822' title='bbox 573 5650 662 5688; x_wconf 72' lang='grc'>²⁰⁸³</span> <span class='ocrx_word' id='word_1_823' title='bbox 691 5659 752 5711; x_wconf 86' lang='lat' dir='ltr'>et</span> <span class='ocrx_word' id='word_1_824' title='bbox 784 5669 837 5728; x_wconf 92' lang='lat' dir='ltr'>p.</span> <span class='ocrx_word' id='word_1_825' title='bbox 870 5668 920 5712; x_wconf 90' lang='lat' dir='ltr'>e.</span> <span class='ocrx_word' id='word_1_826' title='bbox 956 5654 1024 5714; x_wconf 75' lang='lat' dir='ltr'>in</span> <span class='ocrx_word' id='word_1_827' title='bbox 1055 5656 1176 5713; x_wconf 84' lang='lat' dir='ltr'>loco</span> <span class='ocrx_word' id='word_1_828' title='bbox 1205 5669 1344 5714; x_wconf 77' lang='lat' dir='ltr'>raso</span> <span class='ocrx_word' id='word_1_829' title='bbox 1380 5662 1433 5712; x_wconf 83' lang='grc'>1.</span> 
     </span>
    </p>
   </div>
   <div class='ocr_carea' id='block_1_118' title="bbox 1517 5656 2650 5734">
    <p class='ocr_par' dir='ltr' id='par_1_118' title="bbox 1517 5656 2650 5734">
     <span class='ocr_line' id='line_1_118' title="bbox 1517 5656 2650 5734; baseline 0.008 -19"><span class='ocrx_word' id='word_1_830' title='bbox 1517 5657 1608 5694; x_wconf 68' lang='grc' dir='ltr'>ίοδι</span> <span class='ocrx_word' id='word_1_831' title='bbox 1635 5660 1802 5719; x_wconf 86' lang='lat' dir='ltr'>deest</span> <span class='ocrx_word' id='word_1_832' title='bbox 1827 5664 1876 5718; x_wconf 80' lang='grc'><strong>1.</strong></span> <span class='ocrx_word' id='word_1_833' title='bbox 1915 5663 1963 5718; x_wconf 76' lang='grc'>4.</span> <span class='ocrx_word' id='word_1_834' title='bbox 2043 5659 2135 5695; x_wconf 79' lang='grc'>¹⁰⁸⁵</span> <span class='ocrx_word' id='word_1_835' title='bbox 2163 5659 2308 5734; x_wconf 75' lang='lat' dir='ltr'>post</span> <span class='ocrx_word' id='word_1_836' title='bbox 2328 5656 2566 5732; x_wconf 67' lang='lat' dir='ltr'>supplet</span> <span class='ocrx_word' id='word_1_837' title='bbox 2593 5662 2650 5716; x_wconf 76' lang='grc' dir='ltr'>1ο</span> 
     </span>
    </p>
   </div>
  </div>
