3952 6322
96 282 194 343 813

928 259 1371 326 CHRONICA.
1406 292 1484 303 —
1516 253 1993 318 CHRONICON
2040 257 2565 321 UNIVERSALE

3336 260 3451 323 814

152 418 201 468 4.
241 412 297 465 Α.
332 408 391 462 D.
424 406 543 460 568.
604 398 965 469 Longobardi
1026 397 1248 453 Italiam
1277 393 1566 467 petentes,
1630 389 1700 445 de
1731 394 1784 457 Α
1816 388 2173 461 imperialem
2225 407 2328 464 per
2372 397 2439 447 30
2467 392 2592 447 dies
2616 392 3040 462 jocnndaretur
3071 409 3199 449 cum
3232 395 3352 451 suis
3383 396 3454 451 ad

96 496 351 560 Pannonia
382 489 600 561 egressi
636 492 772 545 sunt
805 487 901 556 (cf.
938 488 997 542 P.
1033 487 1156 555 D.).

150 593 197 646 6.
229 588 286 642 A.
318 584 379 639 D.
413 582 534 635 570.
569 575 959 647 ‘Longobardi
1018 572 1404 629 Mediolanum
1456 570 1705 624 intrave-

97 680 228 735 runt.

214 775 236 797 ‘
264 768 418 826 D?E.
438 764 735 837 etiinﬂne
755 762 904 837 anni
928 765 1117 837 57-11
1152 758 1242 837 mf“
1269 755 1541 816 addunt:
1574 755 1710 809 San-

257 848 383 897 etus
409 831 701 893 Vedastus
733 834 895 889 obiit.
932 832 1009 889 cf.
1042 831 1244 904 Sigeo.

155 946 199 997 7.
234 942 293 995 A.
327 939 386 992 D.
422 934 571 991 571‘.

217 1043 238 1063 '
266 1039 340 1092 D?
372 1035 429 1090 E.
468 1035 651 1088 4—1-1
692 1028 924 1086 addant
951 1047 968 1083 .·
1004 1025 1319 1095 Gregorius
1363 1018 1714 1095 Turonensis

237 1090 581 1185 .episcopus
612 1102 667 1157 in
698 1100 783 1133 1°57
820 1100 999 1155 Gallia
1030 1090 1235 1154 claret.
1268 1096 1348 1167 cf.
1376 1090 1580 1163 Sigeo.

161 1213 232 1263 11.
268 1204 427 1273 (Chr.
470 1200 578 1270 W.)
603 1200 887 1253 A.D.575.
916 1195 1180 1252 Justinus
1206 1194 1523 1264 imperator
1545 1187 1710 1244 obiit.

101 1294 316 1364 Quidam
341 1289 611 1348 scribunt
631 1286 715 1355 (P.
752 1288 814 1341 Ι).
838 1301 919 1354 ιιι,
948 1288 1056 1354 11),
1086 1282 1237 1353 quod
1264 1281 1317 1335 in
1343 1279 1591 1335 heresim
1616 1277 1718 1331 Pe-

101 1383 355 1455 lagianam
384 1376 684 1445 inciderit,
725 1382 781 1430 et
817 1374 945 1430 ideo
971 1374 1133 1443 justo
1165 1371 1263 1425 Dei
1291 1368 1510 1439 judicio
1542 1380 1717 1422 sensu

102 1471 324 1544 perdito,
356 1482 487 1525 cum
519 1463 770 1522 amentia
802 1463 979 1518 vitam
1014 1459 1285 1516 finiverit.

99 1560 225 1617 Anni
253 1556 497 1629 Tyberii.

159 1648 361 1719 (H.m.)
385 1648 552 1700 Anno
577 1640 878 1698 dominicae
913 1635 1332 1694 incarnationis
1374 1637 1523 1703 576°,
1550 1630 1720 1688 Urbis

1815 478 2185 551 vindemiam,
2204 480 2428 551 Sophya
2446 480 2831 535 Iustinianum
2856 481 3001 535 clam
3027 483 3277 551 vocavit,
3302 499 3459 539 cum-

1818 582 1929 637 que
1950 568 2002 623 in
2039 584 2277 637 regnum
2309 569 2627 624 sublimare
2661 569 2929 639 quesivit.
2961 571 3076 625 lloc
3101 571 3342 627 audiens
3361 574 3459 642 Ty-

1820 657 2036 726 berius,
2075 657 2416 713 festinanter
2446 658 3007 728 ConstantinOpolim
3030 658 3222 727 rediit,
3259 675 3457 732 appre-

1820 744 2175 815 hensamque
2210 746 2513 816 Sophyam,
2537 746 2803 801 omnibus
2833 746 2956 801 suis
2979 747 3153 803 rebus
3178 763 3301 803 eam
3333 765 3464 821 spo-

1821 832 2005 902 liavit,
2043 835 2341 890 dimittens
2372 834 2423 889 ei
2456 838 2682 889 tantum
2706 835 2856 891 unde
2887 835 3130 905 viveret,
3158 841 3214 891 et
3250 836 3464 895 tollens

1822 937 2022 981 omnes
2058 937 2270 995 pueros
2302 923 2445 995 ejus,
2482 923 2553 978 de
2595 924 2715 979 suis
2749 924 3019 979 fidelibus
3053 927 3249 996 posuit
3283 927 3378 998 qui
3411 930 3463 983 ei

1827 1012 2140 1077 servirent,
2169 1012 2497 1083 prceipiens
2540 1017 2603 1067 ut
2634 1011 2827 1068 nullus
2857 1027 2924 1067 ex
2962 1014 3049 1067 his
3082 1015 3178 1083 qui
3211 1015 3261 1069 ei
3296 1022 3463 1072 antea

1827 1100 2161 1157 serviebant
2193 1100 2261 1155 ad
2294 1115 2418 1155 eam
2445 1101 2772 1155 accederet.
2813 1101 3198 1157 Justinianum
3225 1119 3360 1159 \‘ct‘O
3382 1121 3469 1161 so-

1828 1190 1899 1246 lis
1928 1188 2124 1245 verbis
2158 1188 2501 1259 corripiens,
2530 1188 2584 1243 in
2611 1194 2833 1244 tantum
2858 1204 2984 1245 eum
3014 1196 3215 1261 postea
3241 1192 3464 1264 dilexit,

1830 1284 1890 1335 ut
1914 1279 2086 1333 tiliam
2111 1293 2272 1333 suam
2300 1276 2417 1332 tilio
2441 1277 2568 1347 ejus
2594 1278 2962 1348 promitteret
2989 1294 3334 1349 rursumque
3352 1280 3469 1337 filio

1830 1384 1929 1424 sua
1952 1367 2122 1422 filiam
2146 1367 2271 1437 ejus
2315 1372 2648 1436 expeteret;
2676 1367 2779 1421 sed
2801 1367 2994 1422 nescio
3027 1381 3140 1437 quo
3172 1368 3241 1423 de
3276 1384 3334 1424 re
3367 1370 3473 1426 hoc

1831 1456 1901 1512 ad
1921 1456 2190 1511 effectum
2226 1470 2336 1510 non
2390 1455 2671 1525 pervenit.
2709 1458 2791 1525 (P.
2830 1457 2889 1510 D.
2930 1456 2973 1511 ί.
3017 1457 3040 1511 l
3074 1458 3091 1527 )
3128 1457 3227 1511 Hic
3277 1458 3473 1528 itaque

1833 1546 1964 1617 quia
2001 1544 2213 1600 multas
2253 1544 2602 1599 elemosinas
2653 1545 2896 1599 cottidie
2956 1545 3110 1614 fecit,
3148 1545 3389 1602 multum
3421 1548 3471 1602 ei

1834 1636 1985 1690 Deus
2007 1648 2209 1689 aurum
2237 1632 2680 1688 demonstravit.
2718 1633 2816 1703 (Η.
2851 1635 2954 1705 οη.)
2990 1633 3243 1699 Quadam
3280 1636 3475 1705 itaque

96 1752 221 1794 vero
238 1734 481 1793 conditae
500 1730 809 1787 millesimo
823 1732 973 1797 327°,
988 1723 1268 1798 Tyberius
1282 1720 1718 1789 Constantinus,
1751 1767 1805 1829 B
1837 1723 1928 1778 die
1948 1721 2325 1778 deambulans
2347 1736 2450 1793 per
2470 1721 2769 1792 palatium,
2790 1722 2930 1776 vidit
2949 1722 3000 1776 in
3029 1724 3357 1793 pavimento
3383 1739 3478 1794 pe-

93 1840 290 1896 genere
312 1824 514 1889 Thrax,
551 1824 651 1876 55°
692 1818 820 1874 loco
849 1818 919 1873 ab
952 1818 1213 1884 Augusto
1247 1811 1548 1882 imperium
1579 1808 1723 1864 acci-

98 1916 260 1986 piens,
300 1915 616 1969 coronatus
647 1912 737 1964 est
768 1908 839 1962 ab
872 1904 1096 1962 Euticio
1137 1900 1488 1973 patriarcha,
1524 1910 1724 1966 regna-

97 2004 277 2073 vitque
307 2000 473 2057 annis
505 2005 556 2054 7.
593 1997 700 2064 Qui
731 1996 970 2051 mittens
1010 1991 1253 2049 adduxit
1287 2003 1525 2046 uxorem
1561 2001 1722 2043 suam

104 2090 461 2159 Anastasiam,
488 2092 546 2144 et
591 2084 896 2143 coronavit
939 2097 1083 2138 eam.
1104 2080 1239 2146 Quae
1262 2093 1391 2135 cum
1415 2089 1724 2133 coronare-

100 2184 199 2247 tur,
222 2177 543 2235 clamabant
561 2178 788 2247 partes:
817 2172 1165 2238 Anastasio,
1188 2168 1486 2224 tneincas.
1504 2164 1720 2233 Satira,

100 2260 1200 2338 Domine,guosjnssistiimperareJloc
1214 2256 1458 2312 audiens
1475 2252 1721 2324 Sophya,

101 2372 228 2413 uxor
252 2355 487 2425 Justini,
541 2353 731 2409 animo
765 2349 1031 2421 perculsa
1064 2351 1188 2413 est;
1241 2344 1541 2401 nesciebat
1572 2341 1724 2397 enim

101 2444 230 2516 quod
258 2445 502 2501 haberet
536 2455 794 2511 uxorem,
829 2438 1184 2507 volebatque
1215 2435 1341 2506 ipsa
1375 2433 1596 2488 nubere
1626 2431 1727 2499 Ty-

100 2535 242 2590 berio
272 2539 327 2589 et
364 2544 709 2605 permanere
734 2533 999 2598 augusta.
1024 2525 1267 2591 Quidam
1291 2536 1430 2578 vero
1455 2519 1727 2575 dicebant

100 2623 251 2693 quod,
278 2622 512 2678 vivente
542 2619 790 2679 Justino,
827 2615 1152 2673 adamicata
1185 2613 1355 2669 fuerit
1378 2609 1644 2681 Tyberio,
1669 2608 1725 2661 et

100 2712 205 2783 ipsa
235 2710 596 2784 persuaserit
636 2706 890 2775 Iustino,
926 2709 990 2761 ut
1022 2718 1151 2759 eum
1202 2714 1478 2758 caesarem
1511 2698 1729 2752 faceret

103 2800 186 2869 (cf.
218 2803 273 2855 P.
309 2801 369 2856 D.
405 2815 495 2869 ιη,
528 2799 604 2870 2).
666 2796 771 2863 Qui
805 2810 934 2851 cum
995 2791 1182 2848 adhuc
1211 2790 1443 2846 vivente
1502 2785 1729 2843 Justino

104 2894 341 2960 preesset
373 2886 617 2960 palatio,
652 2889 710 2941 et
744 2888 805 2940 ut
840 2897 973 2937 vere
996 2879 1356 2936 Christianus
1389 2877 1729 2931 thesaurum

104 2976 344 3049 multum,
380 2990 558 3048 quem
584 2974 852 3030 Justinus
884 2970 1029 3026 male
1051 2966 1425 3038 congregavit
1448 2963 1732 3036 pejusque

105 3066 150 3122 in
181 3066 378 3123 ferreis
404 3064 608 3122 archis
640 3061 923 3133 reposuit,
945 3057 1302 3131 pauperibus
1325 3054 1728 3121 distribueret,

1836 1818 2008 1881 tram,
2037 1812 2089 1865 in
2114 1825 2223 1881 qua
2271 1812 2561 1881 scalptum
2586 1814 2711 1866 erat
2746 1816 2960 1867 saneta:
2990 1812 3184 1867 crucis
3214 1813 3468 1881 signum.

1836 1902 1902 1956 Et
1929 1902 2042 1956 ait:
2078 1902 2265 1957 Cruce
2295 1901 2535 1956 Domini
2558 1899 2801 1971 frontes
2831 1901 2887 1955 et
2910 1902 3151 1970 pectora
3174 1902 3377 1958 nostra
3402 1903 3481 1958 si-

1830 2004 2024 2060 gnare
2038 1989 2394 2058 debenzus,et
2405 2003 2529 2045 ecce
2540 1989 2646 2046 sub
2656 1989 2903 2061 pedibus
2915 1990 3137 2046 nostris
3149 2004 3277 2046 eam
3290 2004 3355 2046 ca
3366 1991 3481 2047 lca-

1833 2078 2254 2149 m-us,etjussit
2298 2094 2420 2133 eam
2444 2078 2681 2134 auferri.
2719 2078 2857 2143 Qua:
2887 2094 3015 2134 eum
3048 2078 3363 2150 levaretur,
3400 2079 3482 2134 in-

1836 2172 2121 2223 venerunt
2153 2168 2323 2222 aliam
2367 2167 2543 2222 simili
2583 2168 2751 2222 modo
2784 2167 3095 2236 signatam.
3136 2168 3390 2238 Cumque
3423 2173 3479 2224 et

1839 2258 1985 2312 hanc
2012 2255 2608 2326 sublevarijussisset,
2629 2257 2896 2327 apparuit
2922 2257 3124 2311 tercia.
3154 2258 3307 2312 lianc
3342 2272 3484 2328 quo-

1840 2361 1950 2417 que
1972 2361 2101 2401 cum
2128 2344 2439 2413 levassent,
2461 2344 2805 2401 invenerunt
2837 2343 3154 2416 plusquam
3174 2344 3328 2401 mille
3353 2360 3484 2402 cen-

1840 2434 2063 2491 tenaria
2097 2435 2242 2491 auri.
2277 2433 2401 2498 Quo
2435 2432 2688 2503 sublato,
2726 2433 2967 2490 multum
2993 2434 3349 2506 pauperibus
3374 2434 3486 2490 lar-

1838 2524 1996 2593 gitus
2028 2528 2117 2579 est
2153 2538 2224 2579 ex
2254 2538 2349 2579 eo.

1912 2614 2124 2667 Narses
2150 2626 2380 2682 quoqne
2412 2612 2693 2683 patricius
2716 2627 2976 2680 magnam
3004 2612 3233 2669 domum
3260 2613 3484 2685 habuit,

1842 2702 1895 2757 in
1932 2717 2040 2772 qua
2072 2701 2388 2756 cisternam
2424 2700 2664 2768 faciens,
2691 2701 2935 2756 multum
2960 2715 3164 2758 aurum
3197 2708 3254 2758 et
3284 2718 3489 2772 argen-

1845 2795 1963 2844 tum
2025 2788 2077 2843 in
2135 2804 2200 2843 ea
2246 2788 2534 2856 recondit,
2593 2788 2865 2844 occidens
2920 2803 3120 2845 omnes
3172 2790 3344 2861 hujus
3402 2790 3484 2846 rei

1841 2878 2113 2936 conscios
2142 2883 2338 2949 preter
2381 2890 2576 2932 senem
2618 2891 2814 2947 unum,
2867 2892 2896 2931 a
2932 2893 3045 2948 quo
3089 2879 3483 2949 juramentum

1842 2969 2102 3037 exigens,
2164 2966 2350 3021 omnia
2395 2966 2446 3021 ei
2493 2967 2948 3021 commendavit.
3020 2968 3242 3025 Mortuo
3292 2974 3486 3027 autem

1844 3059 2104 3127 Narscte,
2147 3056 2449 3127 predictus
2479 3070 2653 3111 Senex
2687 3056 2757 3110 ad
2788 3056 3091 3126 Tyberium
3118 3060 3294 3127 venit,
3330 3062 3385 3116 et
3417 3060 3452 3114 d

103 3154 304 3227 Sophya
363 3157 619 3225 augusta
671 3130 1038 3221 frequentius
1081 3161 1211 3203 eum
1272 3143 1615 3214 increpavit,
1650 3140 1733 3194 di—
1764 3130 1812 3193 Ο
1844 3148 2044 3204 eadem
2070 3145 3488 3221 peeuniaeiindicavit.Quigavisusmisitpueros

103 3257 252 3301 cens:
283 3243 448 3311 Quod
470 3256 576 3313 ego
586 3254 692 3313 per
719 3239 937 3296 multos
959 3249 1145 3294 annos
1165 3233 1539 3306 congregant,
1576 3230 1640 3286 tn
1668 3230 1735 3285 in

102 3334 306 3393 modico
329 3336 589 3405 tempore
626 3328 931 3401 (rependis.
972 3326 1073 3382 Cui
1107 3325 1205 3380 ille
1245 3324 1324 3379 ait
1353 3342 1364 3376 :
1400 3320 1638 3392 Conﬁdo
1668 3320 1735 3376 in

102 3422 343 3493 Domino,
360 3419 783 3496 gniapecnnia
795 3432 911 3474 non
923 3414 1258 3486 deerit/tace
1276 3408 1735 3484 regali,tantnm

93 3526 362 3584 pauperes
390 3510 751 3569 elemosinas
782 3504 1102 3576 accipiant,
1121 3500 1408 3573 εἰσίῃ)ίὶοὶ
1435 3499 1735 3556 rediman-

104 3600 309 3656 tnr.Hic
331 3616 463 3657 cum
486 3597 844 3669 impcrialem
874 3608 1145 3651 coronam
1162 3594 1513 3661 accepturus
1551 3590 1732 3657 esset,

98 3690 513 3761 eumquejuxta
527 3684 1009 3743 consuetudinem
1026 3683 1081 3737 in
1104 3678 1443 3752 spectaculo
1458 3677 1616 3745 circi,
1637 3677 1734 3734 ubi

100 3791 250 3847 reges
279 3776 557 3835 coronari
589 3775 879 3844 solebant,
908 3770 1160 3844 populus
1191 3769 1585 3839 exspectaret,
1615 3766 1736 3836 qui-

99 3864 211 3921 dam
242 3864 573 3924 adversarii
608 3862 847 3919 insidias
877 3862 928 3917 ei
967 3865 1337 3933 paraverunt,
1374 3862 1430 3913 et
1461 3856 1736 3913 Justinia-

101 3969 237 4027 num,
279 3962 562 4028 nepotem
592 3952 823 4022 Justini,
860 3951 912 4005 in
950 3950 1253 4021 imperium
1288 3947 1607 4004 sublimare
1638 3962 1735 4001 vo-

98 4041 333 4103 luerunt.
372 4045 481 4101 Ille
505 4047 700 4100 autem
727 4042 891 4113 prius
909 4039 1031 4096 loca
1058 4043 1257 4095 sancta
1283 4036 1730 4109 perambulavit,

98 4139 286 4204 postea
307 4150 531 4192 vocans
552 4132 623 4189 ad
647 4146 710 4188 se
729 4130 1058 4203 pontificem
1078 4129 1243 4185 urbis
1267 4127 1576 4196 Euticium,
1602 4140 1733 4181 cum

94 4224 500 4281 consulibuset
544 4220 823 4293 prefectis
862 4219 1195 4288 ceterisque
1237 4217 1536 4272 honoratis
1582 4215 1736 4287 pala-

97 4311 227 4369 tium
245 4314 515 4382 intravit,
532 4315 592 4366 et
608 4309 853 4366 induens
868 4324 929 4366 se
946 4322 1201 4381 purpura
1215 4320 1605 4375 coronamque
1622 4304 1732 4359 sibi

94 4399 405 4473 imponens,
444 4398 603 4458 sedit
644 4414 822 4471 super
868 4397 1063 4454 sedem
1100 4395 1480 4468 imperialem,
1513 4399 1573 4450 et
1604 4408 1733 4450 cum

1844 3253 1982 3294 suos
2014 3254 2143 3295 cum
2206 3252 2294 3307 eo,
2329 3237 2424 3308 qui
2482 3237 2812 3308 aperientes
2871 3240 3209 3313 cisternam,
3270 3250 3488 3303 tantam

1847 3327 2147 3399 pecuniam
2191 3327 2558 3397 invenerunt,
2595 3332 2657 3383 ut
2709 3343 2810 3399 per
2840 3329 3055 3386 multos
3107 3332 3230 3387 dies
3265 3334 3357 3389 vix
3392 3351 3491 3407 po~

1847 3417 2057 3474 tulsset
2120 3417 2437 3489 deportari.
2500 3416 2679 3482 Quam
2724 3434 2882 3475 more
2933 3435 3037 3475 suo
3070 3436 3214 3492 pene
3263 3438 3489 3481 omnem

1846 3507 2204 3579 pauperibus
2245 3507 2536 3577 erogavit.
2587 3508 2710 3578 llic,
2747 3525 2876 3564 eum
2920 3512 3282 3581 temporibus
3318 3513 3492 3569 Bene-

1848 3597 1990 3653 dicti
2024 3612 2204 3667 papaa.
2240 3596 2609 3652 vastantibus
2638 3598 2827 3652 omnia
2860 3599 3276 3669 Longobardis,
3314 3603 3491 3659 Roma

1848 3688 1995 3742 fame
2041 3685 2358 3754 laboraret,
2413 3686 2592 3740 multa
2628 3685 2782 3741 milia
2844 3688 3166 3743 modiorum
3217 3691 3491 3748 frumenti

1847 3776 2091 3830 navibus
2140 3776 2211 3829 ab
2262 3776 2504 3845 [Egypto
2565 3774 2843 3844 dirigens,
2896 3790 3020 3830 eam
3072 3777 3490 3836 misericordia)

1847 3864 2043 3921 studio
2075 3863 2375 3918 relevavit:

1917 3952 2116 4007 Tercio
2173 3951 2343 4020 hujus
2401 3966 2550 4005 anno
2595 3967 2695 4006 rex
2755 3954 3060 4008 Persarum
3114 3958 3491 4025 congregavit

1846 4042 2170 4099 exercitum
2193 4040 2489 4110 copiosum
2529 4046 2733 4096 contra
2758 4058 2907 4111 eum,
2942 4043 3044 4098 sed
3080 4044 3287 4101 missus
3318 4046 3389 4101 ab
3421 4062 3490 4103 eo

1845 4131 2139 4188 exercitus
2172 4132 2316 4185 duce
2348 4130 2624 4185 Mauricio
2659 4132 2864 4188 Persas
2902 4132 3061 4202 vicit,
3100 4148 3492 4207 reversusque

1844 4220 2155 4279 Mauricius
2207 4235 2335 4275 eum
2385 4220 2652 4289 victoria,
2703 4221 3021 4278 honorifice
3067 4240 3093 4279 a
3129 4226 3369 4296 Tyherio
3401 4236 3494 4286 est

1848 4311 2442 4381 suseeptus,dataque
2463 4309 2571 4364 sibi
2592 4310 2705 4366 filia
2726 4312 2795 4365 im
2808 4315 3097 4383 pcratoris
3116 4317 3491 4376 Constantina

1847 4417 2027 4473 gener
2046 4400 2173 4470 ejus
2206 4406 2296 4454 est
2328 4400 2590 4456 effectus.
2628 4402 2908 4457 Similiter
2947 4409 3004 4459 et
3059 4407 3341 4463 Germano
3366 4425 3494 4481 pre-

94 4492 304 4561 magnis
324 4490 608 4547 laudibus
632 4489 687 4544 in
709 4487 891 4559 gloria
917 4488 1180 4557 regniest
1209 4484 1605 4542 confirmatus.
1630 4483 1729 4554 (Η.
1765 4496 1817 4555 D
1852 4490 1962 4547 tori
1982 4490 2176 4559 junxit
2212 4488 2383 4545 filiam
2409 4504 2571 4545 suam
2594 4491 2847 4562 Charite,
2878 4498 3190 4563 utrumque
3213 4510 3491 4553 eiesarem

91 4582 182 4653 φη.)
214 4580 382 4647 Quod
426 4578 698 4636 videntes
734 4578 861 4648 ejus
903 4575 1246 4645 adversarii,
1290 4588 1493 4645 magna
1537 4573 1737 4629 confu-

92 4669 240 4726 sione
271 4673 407 4728 sunt
453 4667 742 4740 cooperti.
782 4666 1143 4724 Justinianus
1172 4679 1312 4721 vero
1354 4669 1484 4736 post
1518 4677 1737 4736 paucos

93 4757 210 4816 dies
228 4760 499 4827 veniens,
552 4756 794 4829 projecit
829 4772 887 4812 se
917 4755 987 4811 ad
1020 4754 1197 4828 pedes
1228 4754 1372 4825 ejus,
1425 4760 1483 4810 et
1516 4757 1579 4811 ut
1610 4768 1739 4823 gra-

91 4850 217 4904 tiam
248 4851 379 4920 ejus
410 4848 680 4915 haberet,
710 4845 1035 4916 quindecim
1061 4845 1397 4901 centenaria
1422 4843 1548 4900 auri
1580 4842 1737 4900 dedit

88 4936 153 4991 ei.
189 4937 314 5008 llle,
349 4943 415 4992 ut
453 4949 685 5006 semper
717 4935 826 4990 fuit
855 4934 1102 5005 patiens,
1130 4934 1387 5005 suscepit
1414 4948 1544 4990 eum
1570 4934 1737 5008 bene,

82 5026 371 5098 jussitque
404 5040 542 5082 eum
575 5025 630 5080 in
690 5023 907 5095 palatio
937 5038 1166 5095 semper
1226 5038 1479 5080 manere.
1513 5026 1736 5095 Sophya

88 5128 335 5188 quoque,
355 5117 666 5172 immemor
689 5112 1096 5185 promissionis
1142 5128 1309 5187 quam
1325 5113 1639 5184 aliquando
1666 5116 1741 5170 fc-

87 5211 245 5262 cerat
274 5203 554 5277 Tyberio,
596 5203 901 5274 temptavit
939 5202 990 5260 ei
1027 5202 1285 5259 fraudem
1320 5202 1603 5271 ingerere.
1638 5204 1745 5259 Ex-

85 5299 255 5353 eunte
278 5294 440 5352 enim
487 5291 586 5349 illo
617 5292 689 5350 ad
718 5292 935 5363 villam,
970 5295 1034 5349 ut
1063 5292 1229 5362 juxta
1257 5292 1742 5349 consuetudinem

1850 4594 2056 4636 CPBQHS
2072 4622 2083 4633 .

1924 4668 2012 4740 (P.
2054 4670 2121 4724 D.
2164 4669 2256 4737 ῐῐῐ,
2294 4668 2417 4738 13.)
2451 4669 2531 4723 Ad
2584 4669 2732 4723 hunc
2789 4670 3092 4738 Tylierium
3151 4671 3492 4741 llclpcrieus

1852 4773 1954 4814 rex
1976 4759 2328 4813 Francorum
2354 4756 2561 4811 missos
2604 4772 2743 4811 suos
2766 4757 2998 4827 direxit,
3051 4763 3108 4812 et
3134 4758 3310 4815 multa
3344 4759 3492 4816 dona

1851 4847 2095 4918 accepit,
2120 4850 2175 4903 et
2195 4860 2404 4901 aureos
2422 4844 2591 4915 tales,
2612 4861 2855 4915 quorum
2874 4861 3020 4902 unus
3035 4847 3260 4904 solidus
3285 4848 3493 4905 libram

1854 4936 2137 5010 pensavit,
2165 4940 2221 4990 et
2247 4934 2535 4990 habebant
2560 4948 2633 4988 ex
2657 4949 2764 4989 una
2799 4940 2964 5005 parte
2985 4934 3225 5004 figuram
3250 4937 3496 5008 impera-

1850 5026 1998 5083 toris
2024 5030 2083 5082 et
2115 5039 2219 5096 per
2248 5038 2451 5094 gyrum
2478 5022 2759 5094 scriptum
2787 5042 2806 5077 .·
2845 5022 3083 5095 Tgberz’i
3117 5026 3500 5085 Constantini

1849 5116 2120 5188 perpetui
2148 5114 2427 5186 Augusti,
2457 5128 2528 5169 ex
2552 5112 2736 5168 altera
2763 5114 2925 5184 parte
2947 5128 3203 5185 currum,
3239 5119 3295 5171 et
3320 5115 3501 5172 homi-

1854 5220 1980 5260 nem
2003 5219 2179 5275 super
2228 5218 2358 5260 eum
2384 5203 2480 5274 qui
2531 5203 2784 5259 minabat
2820 5202 3000 5274 illum,
3035 5206 3092 5259 et
3128 5204 3204 5259 ibi
3228 5210 3352 5262 erat
3386 5206 3499 5263 cir-

1854 5293 2275 5363 cumscriptum
2308 5312 2319 5346 :
2357 5291 2567 5349 Gloria
2596 5295 3018 5352 Romanorum.

1453 5443 1689 5500 VARLE
1732 5443 2131 5502 LECTIONES.

153 5579 243 5616 1°“
277 5575 514 5639 desunt
539 5577 734 5637 tamen
762 5581 838 5635 9°.
916 5576 1007 5613 1°"
1038 5577 1094 5634 in
1121 5591 1175 5649 g.
1213 5576 1428 5636 desunt
1452 5580 1643 5634 4-11.
