3952 6306
500 335 619 405 815

1659 332 2140 400 EKKEHARDI
2186 331 2744 400 URAUGIENSIS
3754 337 3844 401 8l6

575 475 674 533 His
709 473 1071 547 temperibus
1104 473 1312 532 beatus
1337 474 1668 545 Gregorius,
1703 480 1841 531 tunc
1865 472 2148 530 arcliidia-
2177 473 2233 532 A
2266 472 2362 542 rit,
2389 477 2445 528 et
2473 472 2884 544 imperatorem
2904 465 3100 540 gladio
3125 463 3468 526 moriturum
3485 469 3732 527 omnibus
3751 489 3846 544 pro-

503 580 708 637 oonus,
734 580 862 622 cum
886 565 1095 622 fuisset
1113 579 1142 620 a
1169 565 1402 633 Pelagio
1423 579 1565 636 papa
1591 563 2148 634 ConstantinOpolim

506 653 1093 723 missus,rogantibus
1115 653 1396 708 fratribus
1417 669 1608 708 serum
1627 652 2146 720 commorantibus,

506 741 872 810 maximeque
891 739 1150 796 Leandro
1168 740 1536 810 Hispaniensi
1553 740 1846 811 episcopo,
1865 739 2149 810 quietiam

509 837 643 887 tunc
680 829 961 899 temporis
1009 827 1146 883 illuc
1206 829 1418 884 missus
1481 829 1687 894 fuerat,
1751 828 1988 884 moralia
2045 827 2152 883 Job

506 917 765 990 scripsit,
798 921 857 972 et
906 916 1234 972 Euthicium
1267 917 1528 986 ejusdem
1580 917 1744 973 urbis
1794 917 2150 988 episcopum,

508 1009 782 1077 presente
833 1004 1080 1076 Tyberio
1115 1012 1384 1073 augusto,
1445 1005 1498 1059 in
1536 1005 1646 1060 ﬁde
1707 1004 2156 1060 resurrectionis

505 1108 738 1150 errasse
769 1093 1025 1148 convicit
1056 1092 1151 1161 (cf.
1203 1093 1392 1148 Vilam
1425 1094 1601 1164 (ἔνθα.
1635 1098 1691 1147 et
1728 1095 1964 1164 Bsnsn).

579 1185 662 1252 (P.
701 1184 768 1236 D.
812 1181 1054 1252 lll,15.)
1110 1181 1393 1250 'l‘ybcrius
1451 1186 1644 1237 autem
1701 1197 1830 1236 cum
1885 1185 2152 1249 regnaret

508 1273 674 1329 annis
705 1277 757 1342 7,
805 1277 862 1325 et
917 1269 1243 1324 inﬁrmatus
1304 1275 1546 1324 mortem
1605 1270 1714 1326 sibi
1773 1271 2154 1341 propinquam

509 1361 776 1428 sentiret,
811 1374 940 1415 cum
975 1357 1219 1414 consilio
1251 1359 1492 1429 Sophyae
1523 1363 1789 1426 augusta:
1818 1359 2154 1415 Mauricium

507 1463 783 1518 generum
819 1462 1007 1515 suum,
1056 1460 1271 1514 genere
1307 1445 1690 1516 Capadoeuin,
1747 1445 1817 1501 ad
1853 1446 2154 1517 imperium

507 1538 704 1607 elegit,
737 1537 910 1606 eique
969 1535 1357 1606 principatum
1391 1534 1573 1604 dedit,
1605 1535 1840 1590 dicens:
1872 1537 1949 1592 In
1968 1536 2158 1592 mente

507 1624 675 1691 habe,
691 1624 1180 1681 ntrectitndinem
1200 1624 1810 1694 etjnsticiamsemper
1823 1637 2003 1680 ames.
2038 1625 2156 1679 Hoc

510 1717 818 1786 postquam
845 1712 1012 1781 dixit,
1039 1712 1108 1766 de
1133 1711 1240 1766 hac
1276 1711 1404 1767 luce
1431 1712 1722 1781 migravit.
1753 1713 1931 1778 Quem
1955 1728 2155 1768 omnes

511 1802 708 1874 populi
739 1801 983 1856 multum
1033 1801 1384 1890 planxerunt
1419 1818 1520 1872 pro
1553 1801 1813 1856 bonitate
1843 1803 1988 1871 ejus.
2025 1801 2151 1856 Fuit
2184 1831 2238 1890 Β

507 1891 658 1948 enim
683 1905 920 1946 summa;
943 1889 1246 1959 bonitatis,
1272 1889 1342 1944 ad
1366 1890 1717 1946 elemosinas
1744 1895 2065 1961 promptus,
2097 1889 2151 1943 in

501 1978 978 2048 judiciisjnstus,
1015 1977 1070 2032 in
1116 1977 1469 2034 discretione
1501 1979 1890 2048 cautissimus,
1937 1977 2154 2034 nullum

508 2067 894 2138 despiciebat,
932 2067 1032 2122 sed
1067 2082 1267 2123 omnes
1295 2081 1426 2122 cum
1462 2069 1607 2123 bona
1641 2067 1943 2124 voluntate
1974 2067 2158 2123 susci-

508 2155 729 2226 piebat,
764 2160 823 2210 et
871 2155 1003 2226 quia
1037 2155 1325 2210 dilexerat
1384 2170 1606 2224 omnes,
1645 2157 1716 2211 ab
1776 2156 2046 2212 omnibus
2075 2155 2159 2211 di-

508 2244 700 2300 lectus
726 2248 835 2298 est.

509 2333 654 2388 Anni
689 2330 779 2364 1°“
799 2331 1048 2402 Tyberii.

581 2421 759 2490 Cujus
791 2435 940 2474 anno
984 2419 1168 2490 primo
1216 2420 1534 2476 thesaurus
1592 2436 1834 2490 magnus
1865 2423 1970 2477 sub
2003 2421 2158 2492 pavi-

510 2514 708 2564 mento
742 2508 940 2580 palatii
973 2512 1029 2563 et
1062 2509 1115 2563 in
1147 2509 1316 2564 domo
1345 2511 1610 2564 Narsetis
1636 2511 1865 2581 patricii
1891 2511 2158 2567 inventus

511 2604 620 2667 est,
646 2601 708 2654 ut
744 2611 920 2668 supra
948 2597 1167 2652 dictum
1199 2602 1312 2652 est.

580 2681 632 2733 2.
665 2679 728 2732 A.
761 2679 823 2732 Ι).
871 2682 992 2733 577.
1058 2677 1408 2734 Benedictus
1467 2693 1611 2750 papa
1671 2683 1798 2735 64ιι⁸
1853 2679 2008 2736 sedit
2063 2696 2159 2736 an-

509 2781 597 2822 ms
627 2768 679 2868 4'.
701 2845 804 2900 D.?
827 2845 886 2898 Ε.
921 2844 1156 2901 addant
1183 2865 1202 2900 :
1236 2845 1318 2900 Ab
1349 2845 1456 2900 hoc
1499 2847 1814 2912 Gregorius
1837 2880 1905 2887 —
1927 2849 2158 2906 ordina-

722 2919 837 2972 tus.
875 2917 992 2969 4-
1017 2922 1101 2972 11.
1155 2915 1425 2972 addant:
1472 2919 1552 2972 Ab
1595 2919 1704 2973 hoc
1742 2920 2056 2984 Gregorius
2087 2921 2157 2976 ad

721 2987 1140 3113 pre’d7icandum
1195 2987 1396 3057 Anglis
1437 2989 1652 3044 .nissus
1678 2994 1788 3044 est.
1834 3005 1910 3046 ex
1937 2991 2148 3062 Sigeo.

721 3071 782 3113 a.
815 3063 847 3112 ὁ

561 3071 1026 3214 ,3.
1063 3139 1126 3192 Α.
1163 3137 1226 3190 n.
1263 3140 1384 3192 s78.
1445 3137 1795 3208 Sigibertus,
1857 3139 2012 3196 filius
2059 3140 2158 3196 Lo-

513 3225 708 3295 tbarii,
747 3225 1094 3281 interfectus
1125 3228 1212 3279 est
1246 3237 1397 3280 anno
1431 3225 1591 3294 regni
1624 3227 1714 3282 sui
1747 3229 1832 3281 14.

578 3319 629 3369 6.
668 3317 730 3370 Α.
765 3315 828 3370 D.
865 3316 994 3369 581.
1034 3312 1306 3383 Pelagius
1340 3328 1488 3385 papa
1516 3318 1644 3369 65Μ
1672 3315 1828 3372 sedit
1855 3330 2037 3374 annos
2070 3322 2154 3388 10,

511 3406 832 3551 "1315:5113.
870 3481 977 3553 W.)
1021 3484 1084 3536 A.
1121 3483 1182 3536 D.
1215 3487 1342 3536 532.
1404 3483 1684 3554 Tyberius
1739 3485 2160 3542 Constantinus

511 3572 678 3628 obiit.

583 3661 683 3730 (Η.
717 3660 821 3730 m.)
872 3661 1035 3715 Anno
1067 3658 1368 3715 dominicae
1426 3660 1846 3718 incarnationis
1901 3665 2052 3732 583°,
2087 3663 2159 3718 ab

512 3751 665 3806 Urbe
696 3748 929 3805 condita
985 3747 1293 3804 millesimo
1342 3751 1492 3818 334°,
1551 3751 1884 3820 Mauricius,
1945 3765 2159 3820 genere

511 3839 868 3910 Capadocus,
907 3843 1002 3894 56°
1031 3836 1158 3893 loco
1191 3837 1262 3893 ab
1289 3840 1570 3908 Augusto,
1599 3839 1820 3910 primus
1843 3855 1916 3894 ex
1943 3853 2160 3911 genere

511 3930 846 3997 Grecorum,
892 3926 1142 3996 adeptus
1164 3929 1254 3982 est
1296 3925 1624 3998 imperium,
1650 3927 2033 3999 regnavitque
2065 3943 2161 3984 an-

510 4016 600 4072 nis
627 4021 714 4072 2|.
745 4016 846 4070 Ilic
897 4014 1154 4070 secundo
1178 4013 1403 4086 imperii
1431 4015 1518 4072 sui
1543 4030 1693 4071 anno
1725 4017 1933 4072 consul
1966 4016 2160 4088 appel-

513 4104 668 4160 latus
689 4109 796 4172 est,
823 4107 882 4158 et
901 4102 1116 4158 multos
1139 4103 1446 4160 thesauros
1460 4104 1600 4160 Urbi
1615 4104 1869 4160 donavit.
1889 4105 2160 4160 Provexit

511 4198 704 4249 autem
737 4190 1134 4261 Phylippicum
1197 4191 1482 4261 quendam
1545 4195 1834 4264 pretorezn
1879 4193 2155 4263 Orientis,

511 4281 604 4338 cui
636 4285 691 4336 et
727 4280 900 4335 tiliam
954 4294 1114 4336 suam
1149 4279 1420 4336 Gordiani
1467 4295 1707 4336 uxorem
1769 4281 1952 4342 dedit.
1989 4297 2157 4352 quem

512 4373 703 4425 tamen
731 4376 931 4440 postea
949 4367 1112 4439 quasi
1127 4367 1290 4438 regni
1314 4373 1722 4440 usurpator-em
1739 4370 2156 4441 suSSpieiosum

511 4458 732 4514 habuit.
763 4457 933 4528 (Vita
984 4458 1181 4530 Greg.)
1215 4459 1396 4528 Hujus
1443 4459 1809 4529 temporibus
1841 4459 1968 4530 ipso
2001 4460 2160 4516 anni-

2265 561 2580 617 nunciavit.
2619 561 2801 630 (Jom.
2850 557 2984 616 Vita
3015 559 3214 628 Greg.,
3246 573 3324 628 IX,
3348 561 3401 627 3,
3433 561 3491 613 et
3519 559 3692 628 H.m.)
3721 559 3844 626 Quod

2263 649 2574 706 Mauricius
2591 653 2652 706 ut
2668 647 2912 719 audivit,
2935 663 2965 704 a
2985 647 3291 718 tyrannide
3311 646 3844 714 Grcgorioinferenda

2264 744 2449 794 semet
2489 737 2802 807 continuit,
2832 740 2890 793 et
2925 749 3199 792 reversus
3231 734 3284 790 in
3319 749 3384 790 se
3413 733 3698 806 cogitavit,
3727 740 3842 807 quod

2262 827 2440 881 Deum
2488 826 2666 882 lateat
2690 823 2887 894 nichil,
2922 824 3024 880 sed
3059 823 3265 879 reddat
3289 821 3558 879 omnibus
3585 825 3843 881 secundum

2265 929 2440 986 opera
2465 930 2684 984 eorum,
2718 927 3148 983 recognoscens
3179 912 3355 968 etiam
3385 925 3694 982 excessum,
3717 927 3842 984 quem

2267 1003 2321 1058 in
2355 1003 2752 1075 captivatione
2794 1001 3111 1059 multorum
3173 1001 3394 1056 fecerat
3427 1033 3490 1039 —
3521 999 3685 1056 multa
3733 1003 3844 1058 enim

2268 1091 2420 1146 bella
2441 1093 2495 1146 in
2521 1091 2774 1148 diversis
2797 1090 2992 1147 mundi
3020 1089 3288 1160 partibus
3307 1102 3416 1160 per
3438 1083 3688 1146 diversos
3709 1089 3846 1146 duces

2267 1197 2406 1237 suos
2437 1184 2784 1238 exercuerat
2814 1211 2884 1220 —
2911 1179 3192 1250 expedire
3241 1178 3356 1236 sibi
3383 1177 3673 1249 judicavit,
3701 1178 3747 1234 in
3770 1179 3846 1236 hac

2267 1270 2384 1326 vita
2412 1269 2673 1340 recipere
2693 1285 2798 1340 pro
2821 1272 3083 1340 peccato,
3106 1271 3165 1322 et
3198 1281 3313 1324 non
3349 1267 3406 1321 in
3439 1267 3642 1337 futura,
3673 1282 3848 1340 compo-

2269 1358 2529 1428 sitasque
2555 1359 2778 1429 scripto
2796 1372 3003 1430 preces
3027 1355 3215 1412 eidem
3242 1355 3524 1425 Gregorio
3545 1359 3598 1412 et
3617 1356 3678 1412 ad
3698 1372 3847 1413 omnes

2269 1444 2694 1514 patriarcbales
2727 1444 2898 1501 sedes
2927 1448 2985 1500 et
3007 1444 3077 1500 ad
3109 1457 3312 1500 omnes
3341 1442 3608 1499 civitates
3626 1448 3679 1499 et
3705 1459 3846 1500 mona-

2268 1533 2444 1589 steria
2507 1533 2809 1589 civitatum
2844 1533 2966 1590 sive
3023 1532 3407 1588 solitudinum
3463 1547 3587 1588 cum
3633 1533 3785 1588 cereis
3806 1539 3845 1587 et

2270 1621 2731 1678 thimiamatibus
2781 1627 2839 1677 et
2888 1621 3152 1694 pecuniis
3209 1621 3558 1691 transmisit,
3589 1626 3644 1678 et
3695 1627 3746 1676 ut
3773 1637 3846 1692 pro

2269 1710 2529 1780 peccatis
2550 1711 2668 1766 suis
2692 1710 3126 1766 intercederent
3150 1709 3529 1781 supplicavit,
3553 1709 3652 1764 hoc
3671 1709 3848 1781 potissi-

2270 1815 2422 1856 mum
2452 1801 2793 1871 deprecans,
2821 1806 2882 1856 ut
2915 1799 3009 1855 hic
3033 1804 3093 1855 et
3115 1815 3231 1854 non
3260 1799 3318 1854 in
3339 1800 3534 1856 futuro
3557 1813 3674 1869 quae
3688 1800 3847 1854 meruit

2269 1889 2578 1960 reciperet.
2599 1891 2854 1960 Cumque
2877 1889 2983 1945 hoc
3009 1893 3065 1945 et
3082 1889 3210 1960 ipse
3235 1888 3629 1945 vehementius
3643 1903 3730 1959 per
3751 1893 3848 1943 tem-

2270 1991 2407 2048 pora
2435 1977 2614 2033 multa
2639 1977 2894 2034 lacrimis
2935 1978 3290 2048 postularet,
3319 1977 3561 2048 quadam
3583 1982 3730 2032 nocte
3755 1977 3850 2032 dor-

2268 2065 2471 2133 miens,
2496 2067 2644 2122 vidit
2683 2067 2739 2122 in
2769 2067 2900 2123 visu
2932 2067 3086 2138 apud
3112 2081 3337 2124 aeneam
3371 2065 3566 2138 palatii
3595 2069 3784 2137 portam
3805 2079 3847 2120 se

2267 2169 2462 2210 coram
2493 2155 2708 2226 populo
2739 2155 2923 2212 multo
2955 2155 3188 2225 imagini
3227 2155 3446 2212 domini
3479 2154 3763 2212 Salvatoris
3783 2167 3846 2208 as-

2267 2243 2502 2312 sistere,
2535 2250 2596 2300 et
2639 2259 2840 2301 vocem
2883 2243 3206 2300 terribilem
3239 2258 3316 2300 ex
3343 2244 3542 2300 eadem
3572 2242 3781 2312 imagine
3805 2255 3848 2296 se

2267 2333 2491 2402 audire,
2511 2333 2801 2389 dicentem
2821 2353 2832 2388 :
2848 2333 3004 2390 Date
3020 2333 3408 2391 Manricinm.
3428 2335 3492 2389 Et
3509 2336 3844 2389 tenenteseum

2262 2419 2613 2489 judiciorum
2649 2421 2924 2492 ministri,
2975 2427 3306 2492 posuerunt
3334 2436 3464 2478 eum
3518 2420 3658 2492 apud
3685 2434 3847 2491 purpu-

2268 2523 2431 2564 reum
2465 2510 2797 2566 umbilicum
2834 2510 2930 2580 qui
2966 2509 3086 2566 illic
3117 2513 3276 2566 erat.
3319 2510 3422 2566 Cui
3451 2509 3639 2566 eadem
3665 2523 3757 2564 vox
3781 2522 3845 2562 ca-

2269 2598 2518 2654 racteris
2551 2599 2632 2654 ait
2657 2619 2668 2653 :
2699 2599 2811 2654 Ubi
2836 2599 2931 2656 cis
2949 2599 3198 2655 reddam
3224 2598 3342 2656 tibi
3358 2599 3524 2656 mala
3542 2609 3660 2670 qua
3671 2595 3843 2666 fecisti,

2270 2683 2368 2740 hic
2393 2698 2472 2740 an
2494 2684 2788 2758 infntnro
2810 2687 3040 2743 seculo?
3080 2688 3149 2740 At
3178 2684 3282 2740 ille
3303 2685 3596 2756 respondit
3620 2703 3632 2738 :
3661 2683 3843 2740 Amator

2267 2771 2590 2843 hominum,
2631 2774 2866 2832 domine
2886 2774 3354 2846 etjndeajnste,
3386 2775 3486 2832 hic
3507 2771 3676 2830 michi
3691 2770 3840 2842 potius

2267 2861 2754 2934 qnaminfninro
2780 2861 3073 2930 remoue;
3105 2867 3162 2918 et
3189 2863 3372 2933 jussit
3401 2861 3587 2920 divina
3613 2872 3709 2918 vox
3731 2855 3840 2915 tradi

2267 2950 2602 3006 Mauricium
2664 2957 2724 3006 et
2755 2951 3193 3008 Constantinam
3243 2966 3480 3009 uxorem
3521 2951 3636 3022 ejus
3660 2953 3709 3006 et
3734 2946 3842 3002 ﬁlios

2269 3041 2327 3092 et
2375 3052 2600 3093 omnem
2629 3039 3038 3108 cognationem
3079 3039 3271 3110 ipsius
3301 3041 3464 3096 Focaa
3495 3037 3672 3094 militi.
3706 3033 3842 3102 Evigi-

2269 3123 2396 3180 lans
2422 3140 2564 3195 ergo
2615 3127 2924 3184 Mauricius
2973 3128 3204 3184 vocavit
3257 3143 3389 3185 eum
3441 3126 3532 3198 qui
3565 3129 3682 3182 ante
3709 3137 3758 3180 se
3781 3120 3842 3154 ¹⁰⁸⁹

2189 3190 2238 3250 (ἶ
2269 3190 2619 3284 dormiebat,
2669 3215 2942 3287 misitque
2966 3215 3056 3258 ¹⁰⁶ο
3075 3221 3132 3272 et
3166 3217 3404 3274 vocavit
3433 3190 3501 3273 ad
3532 3229 3591 3272 se
3617 3209 3842 3283 Phylippi-

2269 3317 2399 3357 cum
2433 3317 2712 3372 generum
2773 3320 2961 3376 suum,
2999 3321 3168 3376 quem
3203 3306 3422 3362 dudum
3478 3302 3841 3376 su53picabatur

2270 3389 2421 3446 velle
2453 3391 2562 3448 sibi
2591 3407 2831 3462 regnum
2850 3394 3178 3466 subripere.
3207 3396 3283 3450 At
3310 3394 3407 3451 ille
3426 3409 3528 3466 pro
3549 3388 3843 3463 susspicione

2273 3479 2535 3550 predicta
2570 3495 2632 3536 se
2668 3481 3028 3553 perdendum
3059 3483 3402 3555 conjiciens,
3429 3483 3698 3540 advocata;-
3723 3477 3780 3533 ad
3801 3488 3842 3530 se

2271 3567 2498 3626 Gordize
2531 3570 2698 3626 uxori
2731 3586 2870 3642 suae,
2921 3577 3199 3643 tanquam
3235 3572 3393 3628 ultra
3426 3587 3490 3629 se
3534 3585 3635 3628 non
3661 3567 3841 3630 visura,

2268 3656 2398 3712 vale
2423 3657 2588 3727 dixit,
2606 3665 3091 3731 sacramentoque
3113 3661 3535 3718 communionis
3555 3649 3842 3729 accept0,3d

2271 3745 2552 3815 palatium
2567 3747 2813 3817 venit,et
2827 3749 3161 3805 cubiculum
3179 3742 3840 3820 imperatorisingrediens.

2271 3831 2341 3888 ad
2367 3834 2544 3904 pedes
2567 3835 2693 3904 ejus
2715 3836 2998 3907 procidit.
3025 3838 3126 3894 Cui
3149 3852 3463 3909 assurgens
3490 3825 3841 3907 imperator,ad

2271 3923 2447 3994 pedes
2477 3921 2604 3992 ejus
2649 3924 3063 3982 nichilominus
3104 3927 3352 3997 corruit,
3398 3926 3589 3982 dicens
3616 3942 3628 3976 :
3655 3923 3843 3990 Ῑθπθεθε

2267 4011 2474 4080 michi,
2489 4012 2782 4083 deprecor,
2803 4015 3044 4085 propter
3061 4017 3270 4087 Deam,
3296 4015 3444 4087 quia
3467 4010 3685 4086 peccavi
3707 4009 3760 4066 in
3783 4005 3842 4069 te;

2268 4113 2426 4157 nunc
2437 4102 2594 4158 enim
2604 4102 2932 4160 certissime
2945 4105 3097 4170 neci,
3115 4105 3277 4176 quod
3295 4103 3488 4163 nichil
3489 4097 3784 4175 peccaveris
3799 4095 3843 4148 in

2267 4203 2376 4244 me.
2402 4191 2477 4246 Si
2502 4204 2676 4259 quem
2716 4206 2852 4248 iero
2872 4193 3032 4250 scias
3067 4193 3134 4250 in
3156 4193 3498 4264 agminibus
3533 4187 3740 4254 nostris,
3765 4179 3842 4254 qui

2269 4278 2988 4351 soleatFocasnominari,
3018 4281 3198 4340 dicito
3217 4281 3419 4340 michi.
3457 4283 3524 4336 Et
3551 4273 3842 4346 Philippicus

2272 4366 2370 4422 diu
2385 4380 2580 4424 secum
2597 4368 2950 4439 recogitans,
2976 4369 3153 4426 dixit:
3183 4373 3374 4429 Unam
3385 4371 3472 4429 sic
3488 4359 3838 4427 coeatnmscio,

2271 4455 2379 4527 qui
2387 4469 2577 4528 nuper
2587 4455 2660 4513 ab
2672 4458 2940 4516 exercitu
2946 4460 3302 4530 procurator
3301 4460 3551 4532 positus,
3567 4457 3653 4514 tuo
3663 4449 3840 4512 contra-

509 4550 694 4615 tente,
723 4547 930 4604 beatus
955 4545 1272 4615 Gregorius
1296 4545 1365 4601 ad
1387 4545 1632 4615 gradum
1661 4548 1900 4604 Romani
1929 4549 2158 4620 pontiﬁ-
2189 4552 2242 4610 D
2271 4543 2782 4616 dicebatimperio.
2811 4548 2950 4604 Cum
2982 4553 3177 4605 autem
3207 4550 3519 4622 imperator
3539 4541 3767 4618 quereret
3787 4533 3836 4589 de

510 4641 680 4692 catus
713 4639 1026 4706 provectus
1083 4638 1195 4702 est,
1230 4635 1398 4704 cujus
1432 4634 1612 4690 ﬁlium
1662 4635 1812 4692 idem
1844 4637 2158 4705 Gregorius

509 4730 679 4781 antea
713 4724 783 4780 de
828 4723 1182 4794 baptismate
1217 4722 1510 4794 suscepit;
1547 4727 1747 4795 postea
1779 4728 1972 4798 tamen
2007 4725 2156 4782 idem

508 4810 1111 4880 MauriciusGrcgorio
1137 4826 1298 4882 papa:
1330 4811 1745 4869 infestissimus
1769 4818 1914 4869 erat.
1943 4815 2158 4885 Magnae

511 4904 726 4974 quippe
753 4901 1024 4957 avariciae
1056 4904 1113 4955 et
1148 4899 1459 4970 rapacitati
1481 4899 1717 4957 deditus
1740 4907 1888 4972 erat,
1917 4918 2023 4974 pro
2046 4918 2158 4974 qua

512 5007 573 5046 rc
605 4990 919 5060 Gregorius
960 4994 1241 5059 quantum
1274 4988 1467 5060 potuit
1501 5004 1630 5046 eum
1663 4990 2050 5062 corripiebat.
2088 4993 2159 5048 Et

509 5079 642 5150 quia
669 5079 1080 5149 imperatorem
1105 5091 1215 5132 non
1241 5077 1577 5148 verebatur,
1601 5079 1672 5134 ad
1689 5080 2077 5148 exercendam
2101 5081 2158 5136 in

509 5158 641 5225 eum
696 5167 1060 5240 tyrannidem
1101 5168 1341 5238 prodire
1392 5168 1712 5226 nitebatur.
1777 5169 1876 5240 (Η.
1910 5177 2016 5242 m.)
2049 5170 2158 5228 Sed

511 5257 713 5313 eodem
745 5271 916 5322 anno,
953 5256 1048 5326 qui
1099 5256 1206 5313 fuit
1239 5256 1465 5329 imperii
1498 5255 1590 5314 sui
1623 5261 1768 5329 19‘“,
1803 5258 1892 5314 vir
1923 5259 2158 5330 quidam

511 5343 850 5402 monachico
881 5345 1120 5403 indutus
1143 5346 1368 5416 habitu,
1394 5350 1620 5417 spatam
1653 5345 1896 5404 dextera
1929 5351 2155 5420 tenens,

511 5447 540 5486 a
567 5433 691 5489 foro
733 5446 916 5502 usque
941 5435 1010 5489 ad
1035 5449 1253 5491 aeneam
1275 5433 1624 5504 gladiatoris
1645 5438 1901 5493 statuam
1933 5437 2162 5494 discur-

2271 4632 2395 4704 ejus
2418 4634 2724 4704 qualitate,
2749 4635 3112 4708 Philippicus
3135 4638 3216 4694 ait
3243 4659 3255 4694 :
3282 4635 3630 4710 Estgnidem
3645 4622 3836 4704 ἐποικεῖ

2270 4721 2980 4794 etiemerarins,aitamen
2994 4727 3262 4786 timidus.
3287 4729 3441 4785 Tunc
3462 4719 3736 4782 Mauricius
3753 4711 3835 4768 ait:

2266 4811 2343 4869 Si
2370 4813 2460 4870 est
2504 4813 2774 4883 timidus,
2829 4815 3094 4886 profecto
3122 4817 3183 4872 et
3203 4815 3529 4886 homicida;
3554 4816 3606 4870 et
3633 4798 3836 4865 narravit

2268 4899 2592 4972 Philippico
2650 4903 2934 4959 somnium
2993 4905 3146 4974 quod
3176 4904 3340 4962 vidit.
3397 4906 3571 4961 Porro
3598 4900 3742 4955 nocte
3767 4887 3837 4944 illa

2266 4990 2391 5046 visa
2423 4995 2514 5046 est
2541 4991 2712 5046 stella
2759 5007 2886 5062 quae
2919 4992 3136 5049 dicitur
3173 4998 3415 5051 cometa.
3474 4995 3530 5048 In
3585 4983 3837 5047 crastinum

2268 5094 2409 5136 vero
2441 5079 2597 5136 venit
2633 5081 3066 5152 Magistrianus,
3093 5098 3260 5154 quem
3293 5083 3448 5139 misit
3479 5081 3546 5138 ad
3567 5070 3834 5134 heremitaS,

2271 5169 2465 5225 ferens
2492 5169 2562 5225 ab
2585 5169 2670 5226 eis
2718 5169 3046 5241 hujusmodi
3077 5187 3414 5245 responsum
3439 5189 3452 5228 :
3474 5172 3636 5237 Dens,
3656 5155 3836 5245 recerti

2262 5257 2620 5330 poenitentia
2633 5259 2758 5330 tua,
2780 5261 3047 5318 salcaoit
3072 5242 3338 5319 animam
3350 5261 3527 5329 inani,
3549 5257 3606 5314 ei
3619 5263 3729 5312 cum
3745 5242 3835 5302 tota

2271 5345 2434 5402 domo
2447 5347 2549 5402 tua
2564 5347 2626 5404 in
2649 5362 2889 5406 numero
2905 5350 3244 5408 sanctorum
3265 5349 3320 5406 te
3337 5341 3660 5410 constituet;
3675 5335 3736 5396 αὖ

2263 5435 2427 5506 peric
2437 5449 2574 5492 vero
2586 5450 2718 5494 cam
2728 5437 3067 5510 ignominia
3082 5437 3488 5497 etdiscrimine
3497 5427 3740 5494 discedas.
3763 5421 3836 5474 His

1895 5535 2131 5592 VARIIE
2180 5531 2576 5592 LECTIONES.

583 5614 674 5651 ¹⁰⁸⁸
705 5614 864 5674 deest
887 5621 932 5673 1.
1013 5619 1264 5696 1°“post
1287 5618 1468 5678 addit
1495 5626 1551 5680 1ο

1645 5619 1735 5656 ¹⁰⁶ο
1763 5621 1921 5680 misit
1950 5635 2100 5683 corr.
2136 5624 2410 5701 misitque
2444 5629 2492 5682 1.
