3952 6308
116 307 255 372 821
1045 302 1476 369 CHRONICA.
1512 337 1587 347 —
1620 297 2099 364 CHRONICON
2148 297 2695 363 UNIVERSALE.
3443 295 3562 362 822

124 458 254 517 que
291 458 401 516 per
427 455 631 499 omnes
660 438 887 514 imperii
912 440 998 500 sui
1023 441 1167 498 fines
1195 443 1250 497 et
1286 438 1615 513 provincias
1650 436 1798 493 idem
1830 435 1885 494 A
1913 434 2127 490 cesimo
2176 448 2344 505 nono,
2399 435 2471 491 ab
2516 435 2669 491 Urbe
2718 439 2910 492 autem
2963 434 3197 492 condita
3251 432 3559 492 millesimo

128 534 270 590 ﬁeri
312 532 594 589 decrevit.
631 533 771 587 Post
805 532 928 587 ha3c
961 531 1227 601 Agareni,
1256 530 1349 601 qui
1383 534 1440 585 et
1473 526 1796 594 Sarraceni,
1914 524 2328 579 trecentesimo
2367 525 2740 594 nonagesimo
2782 525 3219 593 Constantinus,
3262 524 3414 581 filius
3450 526 3557 580 He-

123 638 293 693 gens
323 621 689 689 circumcisa,
726 620 1055 692 provincias
1087 619 1334 675 Ileraclii
1368 620 1621 675 vastant.
1659 618 1802 671 Con-
1913 610 2075 667 raclii
2118 617 2177 667 et
2220 612 2515 683 Eudoxize,
2570 612 3049 683 quinquagesimo
3102 627 3251 669 nono
3304 612 3433 669 loco
3483 613 3556 668 ab

127 716 234 767 tra
282 726 434 782 quos
467 710 601 766 dum
642 709 946 765 lleraelius
978 709 1236 778 dimicat,
1286 711 1516 778 150,000
1552 704 1799 761 militum
1912 701 2193 771 Augusto,
2246 701 2500 773 suscepit
2558 701 2882 773 imperium.
2938 701 3064 770 Qui,
3109 717 3237 757 cum
3282 704 3556 769 regnaret

127 802 277 871 ejus
315 800 617 857 Sarraceni
662 799 1042 868 interﬁciunt,
1077 804 1135 854 et
1166 797 1349 869 spolia
1383 811 1583 852 eorum
1627 796 1800 849 Ilera-
1913 789 2213 844 mensibus
2242 794 2512 859 quatuor,
2540 805 2569 845 a
2594 804 2843 845 noverca
2877 806 2977 846 sua
3010 789 3248 846 Martina
3282 794 3337 845 et
3373 791 3556 859 Pyrro

131 889 263 946 elio
301 889 626 945 remittunt.
663 888 800 954 Quae
824 888 921 943 ille
947 888 1249 959 percipere
1279 886 1513 949 nolens;
1549 883 1653 939 sed
1683 882 1800 936 vin-
1911 876 2242 947 patriarcha
2292 893 2511 933 γρηθηο
2572 877 2941 949 βοιίοηὶὶιυΐς
3002 878 3216 949 illoque
3268 878 3550 949 θΧίῘηοιον

134 978 370 1034 dictam
393 978 463 1033 ab
482 978 567 1033 eis
588 992 855 1047 querens,
883 981 1083 1048 portas
1108 978 1363 1048 CaSpias,
1391 988 1535 1045 quas
1557 970 1800 1027 Alexan-
1912 965 2035 1035 ipsa
2056 981 2183 1021 cum
2207 965 2323 1022 ﬂlio
2346 982 2451 1022 suo
2471 966 2788 1023 lleraclona
2811 967 3160 1023 dominatur.
3188 967 3348 1024 Unde
3368 966 3555 1023 omnis

134 1066 254 1122 der
299 1068 535 1136 Magnus
576 1067 805 1121 Macedo
845 1081 1023 1137 super
1067 1080 1220 1121 mare
1262 1064 1527 1134 Caspium
1572 1060 1706 1117 fecit
1741 1062 1797 1113 et
1913 1058 2152 1110 senatus
2183 1056 2865 1127 Constantinopolitanus
2895 1072 3022 1113 cum
3048 1057 3198 1112 omni
3227 1056 3441 1129 pepulo
3474 1056 3556 1112 in—

137 1163 399 1228 propter
422 1155 854 1211 multitudinem
878 1154 1313 1209 sevissimarum
1333 1151 1592 1223 gentium
1619 1146 1800 1206 serari
1913 1142 2246 1212 dignatione
2291 1145 2452 1215 justa
2500 1148 2842 1215 commotus,
2890 1145 3267 1201 Heraclonam
3315 1144 3551 1216 repulit,

130 1245 349 1315 jussit,
393 1244 644 1315 aperuit,
690 1243 937 1313 indeque
984 1246 1213 1312 150,000
1243 1257 1386 1299 auro
1418 1244 1636 1296 armata
1669 1250 1801 1294 cum
1914 1230 2224 1303 linguaque
2259 1234 2515 1290 Martinze
2545 1238 2599 1289 et
2633 1250 2774 1289 naso
2816 1234 3153 1291 Ileraclonaz
3194 1235 3443 1302 absciso,
3478 1234 3557 1290 ei-

140 1334 425 1389 omnibus
459 1333 859 1389 universarum
897 1332 1323 1402 provinciarum
1356 1329 1641 1385 militibus
1670 1340 1801 1384 con-

140 1427 243 1478 tra
271 1423 626 1477 Sarracenos
648 1421 701 1475 in
728 1420 989 1491 prrelium
1024 1420 1202 1477 misit.
1239 1422 1493 1489 Cumque
1519 1417 1573 1472 in
1597 1412 1802 1472 crasti-

146 1528 291 1567 nuni
323 1516 519 1567 essent
556 1510 898 1581 praeliaturi,
934 1509 1058 1581 ipsa
1086 1516 1257 1567 nocte
1281 1515 1348 1565 52
1366 1506 1522 1562 milia
1546 1506 1616 1562 de
1639 1520 1803 1561 exer-

145 1600 277 1655 citu
301 1599 550 1655 lleraclii
568 1599 620 1653 in
638 1599 851 1654 castris
872 1598 1164 1669 percussit
1181 1596 1424 1667 angelus
1444 1597 1542 1651 Dei
1561 1613 1575 1660 ;
1593 1595 1801 1673 reliqui

144 1704 290 1744 eum
324 1688 720 1757 regredientes
749 1687 1319 1758 appropinquassent
1343 1686 1797 1751 llierosolimam,

1913 1336 2054 1390 sque
2078 1322 2132 1376 in
2156 1322 2391 1377 exilium
2428 1323 2760 1393 destinatis,
2788 1325 3183 1393 Constantem,
3212 1322 3391 1379 filium
3417 1324 3559 1379 Con-

1912 1410 2175 1481 stantini,
2211 1417 2477 1482 nepotem
2502 1413 2782 1481 lleraelii,
2817 1413 3164 1483 provehunt.
3200 1413 3426 1483 (Βεω.)
3457 1412 3559 1483 Cy-

1916 1515 2015 1554 rus
2040 1499 2465 1557 .tlexandrinus
2487 1502 2803 1573 OplSeOpus
2824 1508 2881 1557 et
2905 1504 3121 1573 Pyrrus
3155 1502 3557 1557 Constantino-

1915 1587 2210 1658 politanus
2243 1595 2297 1643 et
2331 1589 2425 1645 alii
2461 1590 2626 1645 multi
2657 1591 2901 1647 heresim
2938 1591 3283 1647 instaurant.
3317 1590 3416 1659 (H.
3451 1590 3554 1661 m.)

1915 1674 2024 1728 Sed
2058 1680 2295 1731 senatus
2318 1680 2521 1732 ettota
2555 1676 2763 1732 civitas
2797 1678 3038 1747 Pyrrum
3073 1680 3131 1733 ut
3166 1678 3401 1749 impium
3424 1690 3555 1733 cum

145 1778 368 1832 videns
392 1776 685 1831 lleraclius
704 1792 765 1833 se
785 1790 1145 1847 nequaquam
1170 1776 1451 1832 resistere
1478 1789 1660 1845 posse,
1688 1789 1800 1829 me-

1950 1762 2229 1818 [eracloua
2273 1779 2339 1819 ac
2379 1770 2562 1820 matre
2606 1781 2706 1820 sua
2750 1766 3131 1835 expulerunt;
3176 1770 3235 1822 et
3276 1769 3555 1835 regnante

149 1880 293 1921 rore
328 1870 636 1936 correptus
667 1870 780 1935 est,
822 1867 1126 1937 factusque
1161 1865 1495 1937 ydropicus,
1534 1867 1799 1919 mortuus

148 1959 252 2009 est
275 1952 374 2023 (H.
398 1955 522 2025 m.).

227 2048 279 2099 2.
319 2041 409 2076 1°"
441 2055 503 2099 A.
542 2045 601 2097 1).
635 2044 759 2099 613.

226 2136 279 2188 2.
315 2130 405 2165 ¹⁰⁶⁷
436 2133 500 2187 Α.
538 2133 597 2186 Ι).
632 2134 753 2187 614.
786 2132 808 2155 ⁶

302 2224 323 2246 ⁶
357 2228 388 2277 5
437 2252 502 2261 -—
556 2226 636 2276 11.
688 2220 923 2277 addunt
965 2239 984 2274 .-
1037 2222 1281 2275 Sanetus
1330 2218 1722 2274 Columbanus
1770 2231 1800 2271 a

372 2293 726 2348 Theoderico
768 2306 903 2359 rege
946 2290 1231 2347 instinctu
1275 2288 1629 2347 Brunihildis
1658 2286 1800 2345 aviae

372 2364 705 2435 expellitur.
740 2376 815 2419 ex
850 2362 1053 2432 Sigei).

228 2458 279 2509 3.
318 2453 483 2524 (σήν.
534 2452 638 2524 W.)
673 2455 734 2509 A.
772 2453 835 2507 D.
870 2456 991 2508 615.
1027 2451 1369 2508 Anastasius
1400 2450 1576 2506 Persa
1611 2464 1802 2505 mona-

153 2544 305 2599 chus
339 2544 525 2598 t‘aetus
554 2546 665 2599 est.

232 2635 281 2688 4.
322 2634 386 2686 Α.
426 2632 482 2687 D.
518 2635 638 2686 616.
690 2631 1009 2689 Deusdedit
1056 2646 1196 2703 papri
1246 2636 1372 2687 '70nia
1420 2629 1573 2685 sedit
1621 2643 1802 2685 annos

154 2723 405 2791 septem.
435 2722 456 2742 θ

293 2810 317 2832 ⁶
343 2810 421 2863 D?
540 2809 773 2865 addunt
792 2831 811 2866 .-
834 2810 1024 2880 Lupus
1046 2840 1113 2848 —
1137 2806 1461 2864 descendit.
1494 2821 1568 2863 ea:
1591 2806 1795 2878 Sigeb.

222 2901 273 2953 6.
317 2901 377 2953 Α.
416 2899 474 2952 D.
508 2902 628 2953 618.
665 2899 925 2955 Eduinus
951 2914 1051 2954 rex
1076 2898 1324 2953 efficitur
1357 2896 1688 2966 Anglorum.

226 2991 313 3042 11.
348 2989 409 3043 A.
443 2989 661 3059 D3622.
699 2988 1040 3044 Anastasius
1074 3002 1278 3059 passus
1308 2989 1417 3042 est.

226 3079 311 3131 12.
349 3077 409 3130 A.
446 3077 507 3131 Ι).
541 3079 662 3131 623.
698 3077 1027 3133 Bonifacius
1050 3091 1194 3149 papa
1219 3081 1345 3132 71m3
1368 3074 1517 3131 sedit
1541 3090 1718 3131 annos
1743 3080 1791 3129 5.

227 3168 307 3219 16.
344 3166 408 3219 Α.
444 3165 505 3220 D.
541 3168 670 3220 627.
710 3167 732 3188 ¹’

291 3264 313 3286 ⁶
346 3265 380 3318 4
414 3294 483 3304 -
527 3268 608 3336 11.
651 3264 931 3321 addunt:
963 3265 1235 3336 lsydorus
1284 3263 1649 3336 Hispalensis
1698 3263 1798 3336 do-

361 3338 491 3390 ctor
520 3334 613 3368 1°“
640 3335 843 3391 claret.
883 3337 958 3390 D?
990 3334 1049 3391 E.
1092 3336 1330 3392 addunt
1353 3334 1407 3391 al
1445 3338 1548 3393 628
1583 3353 1594 3391 :
1631 3335 1677 3390 Ι.
1719 3335 1789 3390 Η.

361 3404 623 3463 doctrina
658 3407 860 3463 claret.
898 3422 972 3463 ea:
1001 3406 1208 3478 Sigeb.

220 3506 307 3557 17.
348 3501 568 3575 (Βεω.)
605 3507 666 3560 A.
702 3506 764 3560 D.
801 3507 922 3560 698.
970 3505 1257 3561 Honorius
1300 3518 1443 3577 papa
1483 3507 1610 3559 72“!
1651 3502 1800 3559 sedit

152 3605 337 3647 annos
380 3597 462 3657 10,
510 3608 740 3650 menses
779 3595 1069 3661 undecim,
1112 3595 1238 3650 dies
1281 3598 1361 3650 17.
1410 3594 1668 3650 Eduinus
1702 3608 1804 3649 rex

151 3680 472 3749 Anglorum
505 3683 841 3753 baptizatur
859 3699 887 3739 a
908 3684 1148 3739 Paulino
1171 3684 1446 3756 episcopo
1471 3698 1618 3740 anno
1642 3666 1802 3753 regni

151 3769 241 3826 sui
266 3770 647 3839 11,adventus
670 3776 863 3827 autem
886 3772 1196 3843 Anglorum
1226 3774 1280 3829 in
1301 3774 1654 3829 Britanniam
1675 3776 1799 3829 180-

226 3871 310 3922 18.
345 3866 510 3936 (σὴν.
552 3869 658 3939 W.)
691 3871 751 3924 A.
783 3871 848 3926 D.
880 3874 1003 3925 620.
1038 3871 1340 3927 Heraclius
1367 3872 1677 3927 interfecto
1703 3874 1803 3927 Co-
1868 3908 1879 3917 -

156 3970 291 4012 sroe
318 3971 451 4026 rege
474 3959 803 4028 Persarum,
839 3974 1071 4015 crucem
1098 3958 1463 4028 dominicam,
1500 3974 1669 4029 quam
1705 3960 1801 4014 ille

153 4044 420 4113 abstulit,
439 4046 998 4118 Constantinopolim
1015 4046 1260 4116 revexit,
1276 4061 1541 4116 annoque
1558 4061 1803 4116 sequen-

150 4133 196 4189 ti
228 4134 667 4191 Hierosolimam
698 4150 828 4191 cum
863 4135 1058 4191 debita
1091 4135 1468 4191 veneratione
1498 4136 1749 4191 reduxit.
1777 4139 1799 4159 '

293 4234 315 4255 ‘
350 4232 434 4287 D?
473 4233 533 4287 E.
578 4232 857 4288 addunt:
890 4232 1302 4288 Celebritatem
1345 4246 1395 4289 e.
1441 4246 1490 4288 e.
1537 4248 1585 4288 a.
1630 4247 1686 4288 c.
1727 4246 1802 4289 ea:

361 4300 566 4372 Sigeb.
601 4316 657 4357 ιι.
690 4306 813 4357 631.

222 4395 308 4447 19.
347 4392 411 4445 A.
445 4389 508 4443 Ι).
539 4389 662 4444 630.
697 4390 718 4412 ’⁵
754 4392 802 4444 1.

1916 1852 2250 1921 Constante,
2294 1852 2506 1907 Paulus
2546 1858 2926 1909 consecratur
2963 1855 3296 1925 cpiscopus,
3339 1857 3398 1910 et
3430 1854 3555 1925 ipse

1914 1938 2230 1995 hereticus.
2262 1941 2552 1996 Johannes
2576 1946 2767 1998 autem
2797 1942 3011 2014 praesul
3036 1944 3346 2011 Romanus,
3381 1942 3558 1998 colle-

1913 2031 2008 2081 cto
2040 2028 2445 2098 episcoporum
2474 2029 2742 2098 concilio,
2771 2045 2968 2086 omnes
2990 2029 3162 2099 hujus
3185 2029 3408 2085 heresis
3440 2031 3557 2087 fau-

1913 2118 2072 2169 tores
2119 2116 2649 2173 anathematizavit.
2703 2120 2825 2184 Quo
2873 2118 3169 2188 defuncto,
3216 2118 3555 2176 Theodorus

1914 2218 2017 2273 pro
2050 2219 2119 2259 eo
2152 2219 2297 2275 papa
2339 2212 2739 2262 consecratur.
2784 2208 2999 2277 Pyrrus
3038 2222 3176 2262 vero
3215 2206 3464 2263 tendens
3499 2207 3553 2263 in

1912 2293 2182 2363 Africam,
2216 2294 2439 2349 Maximi
2466 2294 2889 2365 religiosissimi
2915 2291 3012 2350 illo
3038 2300 3299 2366 tempore
3324 2295 3555 2352 abbatis

1914 2386 2366 2452 sanctorumque
2408 2383 2741 2454 pontiﬁcum
2781 2383 2900 2439 illic
2938 2383 3382 2440 consistentium
3430 2399 3557 2455 pre-

1914 2473 2183 2525 sentatur
2206 2472 2593 2541 asspectibus.
2622 2471 2727 2537 Qui
2753 2471 2905 2528 hunc
2930 2471 3307 2542 redargutum
3337 2486 3404 2528 ac
3427 2488 3558 2544 per-

1913 2572 2145 2613 suasum
2169 2558 2239 2613 ad
2262 2574 2464 2630 papam
2483 2559 2843 2616 Theodorum
2863 2561 3099 2616 Romam
3123 2560 3405 2617 miserunt
3423 2580 3436 2628 ;
3452 2562 3555 2618 sed

1913 2644 2011 2700 ille
2056 2646 2207 2715 ficta,
2245 2652 2305 2703 ut
2342 2652 2470 2717 post
2513 2648 2804 2719 apparuit,
2848 2648 3188 2718 paenitentia
3230 2650 3555 2707 ortodoxiee

1914 2732 2113 2790 libello
2157 2749 2322 2806 papae
2374 2735 2611 2806 tradito,
2648 2737 2719 2791 ab
2753 2736 2842 2769 1°“
2872 2750 2940 2792 eo
2975 2740 3251 2807 receptus
3283 2742 3391 2794 est.
3427 2739 3556 2793 Mox

1912 2828 2102 2878 autem
2131 2828 2191 2879 ut
2217 2839 2245 2878 a
2271 2825 2446 2880 Roma
2470 2824 2773 2881 descendit
2798 2826 3242 2895 Ravennamun
3265 2827 3551 2897 pervenit,

1912 2912 2076 2981 quasi
2103 2912 2264 2967 canis
2289 2912 2357 2967 ad
2382 2912 2660 2969 vomitum
2686 2928 2852 2970 suum
2878 2914 3069 2969 rediit.
3104 2914 3226 2979 Quo
3251 2919 3554 2986 comperto

1910 3014 2077 3071 papa,
2123 3002 2460 3057 convocatis
2498 3003 2731 3059 cunctis
2768 3001 3175 3059 sacerdotibus
3211 3006 3268 3059 et
3310 3002 3468 3060 clero
3498 3004 3553 3060 in

1908 3089 2171 3145 :ecclesia
2200 3090 2482 3161 principis
2505 3091 2926 3162 apostolorum,
2956 3090 3402 3163 condempnavit
3424 3106 3554 3149 eum

1830 3150 1878 3213 Ο
1908 3180 2017 3234 sul)
2038 3178 2271 3235 vinculo
2289 3179 2697 3236 anathematis.

1977 3266 2274 3323 Johannes
2328 3283 2470 3339 papa
2524 3272 2649 3324 74η3
2701 3269 2853 3326 sedit
2908 3284 3086 3326 annos
3138 3274 3190 3339 2,
3243 3283 3475 3327 menses
3508 3274 3562 3343 9,

1909 3355 2034 3412 dies
2066 3360 2148 3413 18.

1911 3443 2058 3499 Anni
2095 3445 2450 3503 Heraclonte.

1988 3538 2033 3588 1.
2077 3536 2140 3589 A.
2176 3535 2237 3590 D.
2272 3539 2393 3591 640.
2429 3534 2521 3568 ίοτο
2550 3537 2571 3558 ‘
2608 3537 2996 3594 lleracleonas
3036 3533 3145 3605 1°“,
3192 3534 3345 3592 illius
3381 3536 3559 3593 Hera-

1913 3621 2030 3689 elii,
2080 3624 2277 3678 occiso
2322 3638 2423 3694 per
2462 3640 2746 3681 venenum
2800 3628 2979 3682 fratre
3012 3639 3119 3681 suo
3150 3625 3552 3696 Constantino,

1915 3724 2154 3778 regnum
2190 3711 2416 3779 invasit,
2444 3716 2653 3768 etcum
2684 3720 2867 3771 matre
2892 3728 2995 3771 sua
3021 3713 3260 3769 Martina
3293 3713 3552 3783 regnavit

1913 3811 2092 3853 annos
2117 3802 2167 3853 2.

2057 3887 2079 3908 ‘
2112 3887 2187 3940 D?
2216 3888 2276 3940 E.
2319 3884 2555 3941 addunt
2580 3905 2598 3939 .-
2628 3889 2876 3947 Sanctus
2922 3890 3196 3949 Arnulfus
3223 3921 3292 3930 —
3322 3888 3559 3948 ancilla-

2122 3961 2240 4009 tur.
2274 3968 2349 4010 ea:
2371 3954 2573 4024 Sigeb.

1984 4045 2067 4099 Ab
2101 4042 2274 4098 inicio
2312 4044 2440 4096 ann‘
2475 4045 2628 4096 4606.

1980 4136 2031 4187 2.
2081 4134 2142 4186 A.
2186 4132 2245 4184 D.
2289 4131 2388 4183 641
2426 4127 2539 4182 1°".
2600 4129 2953 4187 Ileraclonas
3000 4136 3258 4209 turpiter
3304 4136 3557 4193 deicitur

1909 4236 2040 4277 eum
2072 4224 2276 4275 matre.

1914 4309 2058 4366 Anni
2098 4306 2454 4364 Constantis.

1987 4402 2032 4453 1.
2063 4399 2222 4451 Anno
2246 4393 2549 4449 dominiczc
2574 4391 2995 4449 incarnationis
3012 4397 3137 4464 642,
3159 4398 3230 4454 ab
3248 4400 3402 4456 Urbe
3424 4416 3561 4459 con-

294 4491 316 4512 '
348 4493 405 4563 1.
437 4490 520 4563 16.
559 4485 1103 4563 (alio-atramento),
1140 4490 1221 4543 11.
1258 4489 1527 4563 addunt:
1550 4492 1799 4549 Sanctus
1831 4504 1883 4563 Ι)
1914 4487 2031 4543 dita
2056 4483 2365 4540 millesimo
2391 4487 2509 4537 303.
2540 4484 2847 4549 Constans,
2878 4479 3029 4536 ﬁlius
3054 4484 3436 4558 Constantini,
3463 4504 3561 4547 ne-

368 4558 567 4615 Gallus
605 4557 812 4613 cellam
842 4572 1005 4612 suam
1045 4560 1402 4614 construxit.

229 4663 316 4713 20.
353 4659 414 4712 A.
448 4658 509 4712 D.
545 4660 666 4712 631.
718 4655 1045 4725 Lotharius,
1097 4656 1372 4727 Hilperiei
1425 4658 1599 4729 ﬁlius,
1652 4675 1801 4717 anno

164 4746 322 4816 regni
347 4746 435 4802 sui
455 4748 525 4801 44
543 4745 811 4814 moritur,
838 4744 1174 4815 relinquens
1199 4761 1594 4803 successorem
1624 4747 1800 4804 filium

165 4851 331 4893 suum
364 4836 748 4903 Dagobertum
782 4835 876 4905 (cf.
915 4835 981 4893 (ἶ.
1014 4834 1163 4905 F72).

230 4927 318 4981 27.
351 4923 452 4992 (H.
475 4924 578 4993 m.)
615 4924 675 4976 A.
705 4924 764 4977 D.
797 4925 917 4978 638.
953 4922 1256 4979 Heraclius
1277 4924 1594 4994 ydropieus
1620 4926 1807 4983 factus

166 5013 430 5069 moritur.
451 5043 520 5051 -
539 5010 853 5067 Severinus
877 5024 1022 5081 papa
1044 5014 1172 5066 73‘“
1195 5012 1348 5067 sedit
1372 5027 1578 5069 annum
1606 5029 1801 5085 unum,

164 5114 392 5157 menses
431 5100 594 5156 duos.

163 5188 305 5245 Anni
352 5188 737 5244 Constantini.

233 5282 279 5332 1.
305 5279 465 5333 Anno
484 5277 787 5333 dominicae
812 5276 1233 5332 incarnationis
1257 5278 1685 5334 sexcentesimo
1705 5280 1807 5334 tri-

1914 4590 2020 4647 pos
2047 4571 2318 4641 Heraclii,
2353 4576 2449 4627 10°
2483 4571 2609 4627 loco
2632 4571 2703 4625 ab
2728 4572 3008 4639 Augusto,
3045 4569 3099 4624 in
3136 4584 3372 4641 regnum
3397 4576 3562 4648 eligi-

1912 4665 2029 4731 tur,
2057 4661 2285 4731 dejeeto
2312 4657 2627 4713 Heraclona
2650 4656 2739 4689 ¹⁰⁷³
2759 4671 2887 4711 cum
2915 4661 3101 4711 matre
3124 4671 3249 4727 sua,
3276 4662 3332 4713 et
3359 4675 3562 4730 regna-

1912 4750 1995 4804 vit
2020 4749 2185 4805 annis
2207 4751 2294 4803 28.
2328 4746 2551 4818 (Βεω.)
2588 4747 2698 4799 Hoc
2725 4750 3023 4813 regnante,
3051 4749 3112 4801 ut
3139 4761 3316 4816 supra
3342 4748 3558 4809 dictum

1913 4844 2025 4907 est,
2054 4838 2107 4891 in
2134 4836 2319 4891 locum
2343 4834 2505 4901 Pyrri
2532 4833 2775 4888 heretici
2803 4838 3181 4888 consecratur
3207 4834 3421 4891 Paulus
3443 4838 3563 4908 epi-

1915 4940 2149 4997 scopus,
2185 4928 2243 4978 et
2268 4924 2391 4995 ipse
2424 4922 2738 4990 hereticus,
2776 4920 2870 4991 qui
2898 4934 3010 4976 non
3036 4925 3261 4977 tantum
3295 4921 3562 4981 doctrina

1915 5028 2146 5083 vesana,
2169 5012 2320 5089 sicut
2342 5012 2680 5067 decessores
2699 5008 2807 5078 sui,
2832 5009 2932 5065 sed
2952 5010 3123 5065 etiam
3145 5012 3347 5080 aperta
3370 5025 3566 5082 perse-

1914 5103 2151 5159 cutione
2174 5100 2497 5157 catholicos
2518 5099 2761 5168 cruciat,
2786 5097 3197 5169 apocrisiarios
3219 5102 3437 5156 sanctae
3458 5114 3567 5157 aec-

1914 5192 2111 5249 elesiae
2160 5191 2452 5258 Romanze,
2504 5189 2598 5259 qui
2638 5189 2710 5244 ad
2751 5188 2878 5258 ejus
2931 5187 3357 5244 correctionem
3408 5186 3566 5245 missi

1923 5282 2171 5348 fuerant,
2220 5278 2429 5349 partim
2463 5277 2823 5347 carceribus,
2868 5276 3078 5347 partim
3110 5274 3319 5346 exiliis,
3355 5274 3565 5346 partim

1502 5367 1739 5422 VARl/E
1800 5367 2203 5424 LECTIONES'

236 5436 321 5510 "9"
355 5438 448 5495 ita
484 5443 529 5494 1.
610 5435 938 5510 ‘°°§7d_oetor
967 5450 1167 5510 yspan.
1206 5438 1254 5491 4.
1284 5434 1376 5468 ¹⁰⁶⁹
1406 5451 1538 5508 qua
1565 5451 1795 5510 sequam

1950 5452 2063 5510 ᾖνα
2094 5441 2216 5491 642.
2256 5438 2635 5510 αιὶἱθῴεναείδ
2666 5438 2733 5510 in
2768 5443 2814 5493 1.
2847 5437 3078 5510 scripta
3113 5437 3268 5510 sunt.
3296 5508 3303 5510 _
3347 5434 3437 5510 ίοῖο
3463 5434 3566 5489 XL.

171 5509 380 5567 omisso
410 5510 516 5565 DC.
555 5514 602 5566 1.

170 5581 331 5638 clona
360 5584 406 5638 1.

686 5507 777 5541 ¹⁰⁷ί
812 5506 1166 5566 HeraclOnas
1211 5520 1361 5563 corr.
1406 5506 1711 5567 Heracleo:
1742 5524 1803 5566 as
1836 5516 1881 5565 1.

1964 5509 2052 5542 ¹⁰τ²
2084 5510 2214 5567 XLI.
2256 5513 2302 5569 1.
2383 5507 2473 5543 ⁵⁰⁷³
2505 5508 2837 5569 heracliona
2869 5506 3019 5568 corr.
3052 5509 3122 5573 ut
3141 5508 3378 5571 videtur
3407 5506 3571 5563 hera-
