3952 6320
317 353 431 416 827
1463 333 1947 403 EKKEHARDI
1989 321 2546 394 URAUGIENSIS
3617 310 3749 376 828

321 487 454 545 loco
476 485 548 544 ab
567 485 831 554 Augusto
854 496 1093 554 regnum
1116 480 1363 553 accepit,
1383 483 1441 535 et
1469 477 1666 534 decem
1691 469 1857 530 annis
1883 483 1968 526 re-
1999 469 2052 528 Α
2155 467 2204 520 8.
2244 466 2330 518 10.
2366 462 2426 516 Α.
2463 461 2532 554 D.
2559 460 2682 514 696.
2713 451 3075 554 Iustinianus
3106 450 3181 509 ob
3204 447 3434 522 culpam
3467 447 3748 522 perﬁdia;

323 577 544 648 gnavit.
582 576 806 645 (ΒεοΑ.)
855 573 957 628 Hic
1016 587 1214 644 pacem
1247 543 1467 624 firmam
1520 563 1800 622 decennio
1833 559 1968 616 fecit
2084 568 2204 611 sua)
2236 566 2416 620 regno
2447 549 2714 620 privatur
2745 549 2799 602 et
2828 543 3122 600 exiliatur.

331 681 461 723 cum
492 663 830 720 Sarracenis
877 641 1033 719 terra
1087 661 1375 731 marique;
1424 657 1522 713 sed
1557 660 1616 712 ct
1675 649 1970 724 provincia
2155 641 2384 696 Leonis.

331 753 521 811 Africa
551 754 858 822 subjugata
885 756 973 806 est
999 713 1545 818 Romanolimperio,
1575 759 1700 814 qua:
1725 757 1752 796 a
1779 743 1972 795 Sarra—
2153 735 2204 786 9.
2243 736 2290 784 1.
2342 730 2506 783 Anno
2564 725 2870 782 dominica;
2928 717 3347 776 incarnationis
3404 721 3533 785 697,
3564 713 3746 772 Urbis

2083 835 2222 876 vero
2255 817 2508 874 condita}
2537 813 2844 870 millesimo
2893 813 3012 867 448.
3050 811 3180 878 Leo,
3215 806 3310 877 qui
3343 811 3399 860 et
3439 803 3744 872 Leontius,

2084 913 2180 964 63°
2211 907 2338 962 loco
2369 907 2440 961 ab
2489 907 2767 972 Augusto,
2817 899 3064 970 depulso
3095 895 3442 963 Iustiniano,
3493 905 3747 961 regnum

2089 997 2318 1065 invasit,
2353 995 2661 1063 tribusque
2685 989 2852 1046 annis
2881 986 3162 1058 regnavit.
3198 982 3417 1054 (ΒεῡΑ.)
3445 982 3624 1052 Cujus
3646 995 3756 1036 an-

329 843 494 899 cenis
529 842 719 897 fuerat
753 844 932 896 tanta.
970 841 1068 894 llic
1103 841 1286 895 beata:
1322 835 1608 892 memoria:
1641 830 1971 903 pontificem

328 932 600 988 Romamn
625 928 892 984 ecclesia)
919 929 1200 998 Sergium,
1220 929 1348 998 quia
1379 924 1644 982 crraticm
1665 936 1780 977 sua:
1809 932 1975 988 syno-

331 1021 424 1092 do,
442 1034 612 1091 quam
635 1018 1144 1089 Constantinopoli
1170 1020 1408 1086 fecerat,
1439 1018 1627 1070 favere
1647 1016 1703 1066 et
1723 1005 1976 1065 subscri-

332 1108 470 1166 bere
494 1107 700 1177 noluit,
721 1107 895 1162 misso
917 1108 1190 1163 Zaeharia
1220 1101 1650 1178 protospatario
1674 1093 1976 1166 suo,jussit

337 1194 896 1267 Constantinopolim
923 1197 1250 1266 deportari;
1276 1195 1374 1250 sed
1405 1192 1604 1246 militia
1629 1189 1978 1244 Ravennataa

333 1285 502 1342 urbis
527 1284 970 1354 vicinarumque
987 1285 1234 1356 partium
1259 1283 1496 1338 nefanda
1521 1275 1979 1350 principisjussa

337 1374 622 1446 prevenit,
668 1378 724 1428 et
760 1373 1005 1428 eundem
1047 1369 1496 1428 Zacharium1085
1525 1362 1892 1424 contumeliis
1925 1364 1984 1415 et

339 1462 568 1531 injuriis
592 1464 664 1517 ab
692 1464 832 1518 urbe
859 1465 1035 1516 Roma
1078 1461 1320 1532 pepulit.
1355 1460 1457 1528 (Η.
1488 1460 1592 1526 m.)
1625 1456 1778 1510 Idem
1810 1447 1979 1505 Justi-

343 1551 552 1607 nianus
585 1566 613 1606 a
649 1551 924 1606 Callinico
960 1550 1284 1620 patriarcha
1325 1547 1527 1616 exigit,
1565 1551 1628 1601 ut
1663 1541 1985 1599 orationem

342 1641 563 1695 faceret
586 1640 655 1694 ad
673 1641 1081 1695 destruendam
1118 1638 1438 1692 (ecclesiam
1465 1639 1678 1689 sanctae
1702 1631 1799 1686 Dei
1831 1626 1989 1697 geni-

343 1727 508 1784 tricis
526 1727 690 1797 juxta
715 1727 986 1798 palatium
1013 1728 1202 1795 sitam,
1221 1721 1732 1796 qumltletropolite
1757 1719 1989 1774 diceba-

2089 1102 2160 1142 no
2197 1085 2380 1156 primo
2412 1082 2646 1150 Sergius
2679 1093 2826 1151 papa
2858 1079 2910 1132 in
2942 1075 3203 1133 sacrario
3228 1073 3378 1129 beati
3413 1071 3572 1126 Petri
3607 1084 3753 1140 apo-

2091 1173 2228 1231 stoli
2251 1187 2480 1243 capsum
2506 1173 2860 1240 argenteam,
2880 1181 3006 1236 quae
3031 1165 3082 1219 in
3109 1161 3319 1231 angulo
3345 1161 3604 1216 obscuro
3619 1159 3756 1214 diu-

2094 1263 2320 1318 tissime
2349 1260 2552 1331 jacuit,
2603 1257 2844 1314 Domino
2888 1253 3189 1310 revelante
3223 1250 3464 1318 invenit,
3496 1255 3556 1304 et
3589 1248 3649 1302 in
3678 1261 3754 1302 ea

2093 1365 2326 1407 crucem
2357 1349 2608 1404 diversis
2643 1364 2708 1402 ac
2755 1343 3038 1417 preciosis
3072 1339 3365 1412 lapidibus
3398 1336 3755 1392 adornatam

2097 1439 2334 1510 reperit.
2354 1441 2431 1493 De
2455 1451 2566 1508 qua
2591 1435 2799 1490 tractis
2822 1437 3073 1504 quatuor
3097 1427 3328 1500 petalis,
3356 1426 3570 1496 quibus
3591 1438 3760 1493 gem-

2099 1544 2203 1584 mze
2236 1528 2476 1584 inclusa:
2527 1530 2716 1595 erant,
2751 1525 2910 1578 mirae
2944 1517 3364 1589 magnitudinis
3418 1513 3756 1586 portionem

2101 1615 2400 1672 dominica)
2422 1613 2616 1670 crucis
2640 1611 2886 1667 interius
2920 1607 3231 1678 repositam
3263 1601 3591 1674 conSpexit,
3619 1615 3761 1671 quae

2101 1705 2370 1764 omnibus
2416 1703 2582 1759 annis
2615 1701 2672 1756 in
2705 1699 2958 1768 basilyea
2995 1693 3334 1763 Salvatoris,
3371 1706 3499 1763 quae
3533 1689 3763 1746 dicitur

342 1821 460 1880 tur,
483 1815 779 1872 volensibi
805 1816 1044 1871 aedificia
1073 1779 1281 1881 facere,
1311 1814 1406 1870 ubi
1433 1829 1460 1869 a
1489 1779 1703 1884 populo
1732 1807 1991 1877 suscipe-
2020 1826 2072 1885 Β
2105 1794 2600 1862 Constantiniana,
2650 1791 2744 1846 die
2771 1784 3148 1845 exaltationis
3205 1784 3334 1854 ejus
3365 1782 3438 1836 ab
3469 1779 3627 1836 omni
3659 1793 3762 1850 po-

345 1905 882 1960 retur.Patriarcha
917 1919 1056 1959 vero
1091 1904 1320 1959 dicebat
1351 1922 1362 1956 :
1390 1901 1729 1959 Oratione-7n
1752 1895 1994 1969 quidem

337 1993 419 2049 ad
431 1993 800 2050 statuendam
815 1994 1135 2049 (ecclesiam
1154 1994 1186 2048 lt
1198 2008 1228 2050 (ι
1240 1993 1359 2048 Imm
1368 1993 1526 2060 218,272
1541 1987 1997 2047 destructionem

345 2095 478 2138 tero
492 2082 715 2140 ecclesi
777 2083 1006 2138 oration
1017 2097 1098 2138 em
1117 2098 1229 2139 non.
1240 2079 1885 2151 suscepimusﬁogente
1901 2087 1928 2126 a
1940 2088 1998 2126 u-

349 2176 464 2227 tem
491 2172 844 2242 imperatore
892 2175 950 2229 et
978 2172 1326 2228 omnimodis
1356 2170 1647 2236 exigente,
1673 2164 1994 2220 orationem

352 2259 498 2314 dixit
527 2260 856 2330 patriarcha
883 2279 893 2314 :
923 2261 1132 2320 Gloria
1152 2262 1289 2329 Deo,
1315 2258 1422 2329 qui
1441 2257 1679 2328 jugiler
1699 2252 1998 2309 sustinens

341 2363 426 2419 pa
437 2349 646 2417 titur,n
659 2362 771 2404 imo
783 2350 840 2403 et
855 2363 1080 2419 δι’φφψθγ
1093 2349 1220 2403 etin
1231 2362 1317 2403 om
1328 2347 1428 2402 nia
1442 2341 1993 2401 seculaseczilorum.

353 2435 478 2500 Quo
514 2437 732 2505 audito,
781 2437 1198 2492 destruxcrunt
1229 2435 1574 2491 :ccclesiam.
1614 2431 1733 2486 Alia
1769 2441 1999 2500 quoque

355 2523 539 2580 multa
573 2525 892 2595 improvide
927 2526 1159 2595 faciens,
1213 2525 1406 2582 odium
1439 2521 1636 2594 populi
1669 2521 1723 2574 in
1754 2533 1816 2574 se
1847 2516 2002 2572 exci-

355 2613 523 2669 tavit.
559 2614 717 2670 Unde
745 2615 1013 2670 Leontius
1043 2614 1346 2686 patricius,
1373 2628 1540 2684 quem
1568 2611 1690 2682 ipse
1715 2606 2000 2678 quondam

362 2707 654 2772 pretorem
670 2709 727 2758 et
745 2703 1084 2772 magistrum
1102 2702 1348 2758 militum
1369 2699 1740 2756 orientalium
1759 2697 1998 2766 fecerat,

358 2790 459 2846 sed
487 2791 600 2862 jam
636 2807 740 2862 per
772 2798 892 2848 tres
931 2807 1109 2848 annos
1149 2791 1203 2846 in
1245 2789 1512 2846 custodia
1547 2790 1834 2853 tenuerat,
1865 2797 1995 2840 cum

357 2877 568 2934 exinde
593 2881 999 2950 protractusin
1017 2879 1252 2936 exilium
1269 2879 1622 2945 mitteretur,
1641 2877 1844 2931 contra
1867 2887 1995 2928 eum

359 2968 568 3037 sensit,
590 2971 926 3040 junctisquc
957 2972 1065 3026 sibi
1091 2968 1309 3036 multis,
1339 2966 1725 3023 Iustinianum
1749 2975 2012 3033 compre.

358 3056 580 3128 heudit,
601 3075 859 3130 nasoque
895 3059 1146 3130 precise,
1195 3057 1246 3112 in
1271 3053 1516 3111 insulam
1543 3052 1828 3124 quandam
1861 3050 2008 3107 rele-

358 3148 538 3217 gavit,
573 3148 816 3218 ipseque
850 3148 1135 3216 regnavit.

539 3237 683 3290 Anni
859 3235 1004 3290 Anni

506 3323 754 3394 Pippini.
789 3323 1118 3380 Iustiniani.

432 3415 483 3466 2.
519 3411 686 3480 (0hr.
737 3411 840 3482 W.)
875 3414 938 3467 A.
978 3413 1044 3467 Ι).
1092 3415 1195 3468 688
1253 3412 1498 3470 Sanctus
1553 3408 1828 3483 Kylianus
1877 3421 2007 3464 cum

365 3499 542 3556 sociis
575 3499 698 3556 suis
731 3514 942 3570 passus
973 3503 1083 3556 est.

441 3595 488 3645 1.
521 3592 572 3644 3.
609 3591 670 3644 Α.
707 3589 768 3644 Ι).
805 3592 934 3646 689.
972 3589 1272 3662 Pippinus,
1308 3588 1462 3646 filius
1521 3587 1768 3657 Ansgisi,
1827 3585 2009 3654 major

369 3678 573 3734 domus
601 3678 848 3734 edicitur
892 3679 946 3733 in
980 3678 1182 3749 Gallia,
1243 3691 1599 3748 regnumque
1659 3677 2009 3731 Francorum

372 3767 818 3824 amministravit
870 3768 1036 3824 annis
1058 3771 1147 3838 27,
1181 3767 1348 3836 cujus
1375 3767 1548 3823 etiam
1581 3765 1713 3820 anni
1747 3778 2012 3821 suorum-

367 3869 478 3926 que
510 3870 912 3912 successorum
952 3855 1229 3928 deinceps
1277 3859 1631 3912 annotantur
1660 3854 1713 3909 in
1745 3852 2011 3922 catalogo

369 3959 588 4014 regum.

441 4037 492 4088 2.
529 4035 578 4089 4.
619 4036 690 4089 Α.
731 4035 800 4088 ῐ).
839 4037 968 4090 600.
1026 4034 1260 4104 Sergius
1314 4046 1458 4104 papa
1490 4034 1618 4087 84‘“
1649 4029 1802 4088 sedit
1831 4044 2012 4086 annos

376 4123 460 4190 16,
479 4135 707 4178 menses
737 4125 788 4191 8,
807 4121 1180 4193 decessitque
1209 4121 1388 4178 sidus
1411 4120 1734 4192 Septembr.
1761 4119 1863 4175 I-Iic
1883 4133 2016 4175 con-

377 4209 591 4278 stituit,
628 4213 900 4280 utAgnus
941 4208 1880 4277 Deicanteturintersacriﬁcium.
1916 4210 1936 4231 "
1963 4213 2012 4262 1.

517 4297 583 4352 11
623 4301 826 4354 10.11.
878 4299 1160 4368 addunt;
1213 4297 1313 4354 Hic
1367 4311 1651 4368 magnam
1692 4296 2016 4368 portionem

593 4373 812 4426 sancta:
834 4369 889 4424 in
917 4383 1092 4441 capsa
1129 4367 1217 4401 ¹⁰⁸⁶
1242 4368 1434 4426 crucis
1466 4366 1704 4424 invenit;

451 4457 500 4512 4.
536 4459 588 4512 6.
626 4460 687 4514 Α.
727 4459 786 4514 D.
821 4460 944 4514 692.
977 4456 1320 4527 Clodovcus,
1363 4455 1515 4513 ﬁlius
1545 4455 1878 4513 Theoderici
1913 4455 2020 4511 fra-

382 4543 490 4600 tris
512 4545 846 4616 Dagoberti,
873 4560 1002 4602 cum
1028 4545 1208 4601 fratre
1230 4543 1556 4600 Ilildiberto
1581 4558 1825 4616 regnare
1843 4543 2021 4615 coepit
2049 4532 2104 4596 D

405 4633 476 4688 cf.
515 4634 582 4693 θ.
616 4635 766 4693 Fax).

405 4633 476 4688 cf.
515 4634 582 4693 θ.
616 4636 720 4691 Fr.
755 4677 766 4688 .

381 4632 400 4702 (
548 4729 606 4780 8.
648 4635 808 4820 A.)D..
856 4725 978 4820 694..
1014 4724 1260 4780 Sanctus
1305 4723 1612 4780 Remaclus
1637 4721 2024 4794 Trejectensis

385 4811 699 4884 episcopus
729 4811 1026 4880 migravit.
1058 4813 1136 4867 *2.

528 4902 588 4955 ‘2
617 4904 708 4971 10.
750 4904 833 4954 11.
865 4900 1132 4957 addunt:
1167 4901 1288 4957 Duo
1310 4899 1530 4956 Ewaldi
1556 4899 1883 4971 presbyteri
1919 4899 2028 4971 An-

596 4970 696 5050 gli,
729 4971 894 5050 niger
922 4975 982 5028 et
1013 4971 1210 5050 albus,
1257 4977 1390 5050 s_unt
1423 4968 1600 5050 passi,
1635 4975 1691 5025 ct
1725 4968 1755 5026 a
1785 4968 2028 5042 Pippino

601 5041 852 5098 Colonia:
873 5041 1110 5113 sepulti.
1147 5056 1222 5098 ea:
1247 5040 1562 5099 Bemoldo.

457 5143 510 5194 7.
533 5143 583 5195 9.
613 5139 780 5209 (0hr.
819 5141 928 5210 W.)
949 5142 1012 5194 A.
1039 5141 1101 5196 D.
1121 5137 1800 5208 695.Wilhbrordus,qui
1825 5141 1881 5194 et
1909 5135 2031 5193 Cle-

391 5239 575 5295 mens,
593 5241 622 5282 a
647 5226 847 5296 Sergio
872 5241 1016 5298 papa
1039 5227 1344 5284 ordinatur
1363 5225 1678 5297 episcopus
1699 5224 1790 5258 ¹⁰⁸⁷
1809 5225 1879 5281 ad
1905 5238 2033 5296 pre-

391 5311 699 5370 dicandum
731 5315 1026 5384 gentibus.

2106 1885 2241 1957 pulo
2265 1884 2574 1940 salutatur.

2178 1979 2261 2028 11.
2292 1977 2342 2028 3.
2382 1974 2445 2026 Α.
2479 1973 2538 2026 Ι).
2575 1971 2700 2024 099.
2733 1968 2979 2021 Sanctus
3029 1963 3386 2032 Chutpertus
3434 1958 3762 2028 episcopus

2106 2078 2178 2118 ex
2196 2061 2532 2117 anachorita
2567 2059 2729 2114 obiit.
2765 2055 2940 2124 Cujus
2961 2051 3052 2085 ³0⁸⁸
3073 2063 3287 2122 corpus
3321 2050 3453 2120 post
3477 2052 3541 2102 11
3572 2059 3764 2101 annos

2107 2151 2424 2222 sepulturae
2453 2147 2580 2217 ejus
2610 2147 2896 2215 integrum
2931 2143 3224 2197 inventum
3256 2142 3367 2194 est.

2181 2247 2280 2314 (H.
2314 2249 2429 2318 m.)
2461 2244 2698 2301 Leontio
2749 2242 2946 2312 itaque
2978 2237 3126 2310 apud
3188 2231 3762 2304 Constantinopolim

2109 2337 2327 2408 posito,
2351 2332 2822 2403 venitTybcrius,
2846 2329 2942 2400 qui
2967 2334 3026 2384 et
3043 2325 3402 2393 Absimarus,
3419 2337 3488 2378 ex
3505 2322 3762 2378 adverso

2109 2425 2366 2483 civitatis
2395 2440 2523 2480 cum
2557 2421 2774 2490 multis,
2809 2424 2864 2475 et
2901 2417 3129 2490 prodita
3159 2414 3268 2470 sibi
3293 2413 3556 2480 civitate,
3584 2411 3764 2466 Leon-

2112 2517 2254 2571 tium
2277 2513 2452 2584 eepit,
2471 2511 2816 2584 precisoque
2837 2522 2976 2564 naso
2999 2506 3142 2577 ejus,
3169 2504 3225 2558 in
3252 2499 3612 2558 monasterio
3635 2497 3764 2555 Dal-

2111 2605 2248 2660 mati
2286 2604 2396 2658 sub
2427 2599 2696 2657 custodia
2731 2594 3062 2665 constituit,
3101 2594 3338 2666 ipseque
3363 2588 3650 2660 regnavit.

2181 2693 2296 2763 Tyb

2191 2793 2270 2845 12.
2311 2793 2356 2844 1.
2394 2789 2555 2842 Anno
2613 2781 2918 2840 dominicaa
2949 2777 3368 2836 incarnationis
3423 2777 3552 2844 700,
3591 2773 3764 2831 Urbis

2116 2883 2308 2936 autem
2341 2875 2590 2933 condita)
2616 2871 2921 2928 millesimo
2954 2872 3072 2924 451.
3097 2866 3394 2938 Tybcrius,
3429 2865 3528 2935 qui
3559 2868 3619 2918 et
3653 2863 3765 2918 Ab-

2119 2969 2365 3026 simarus
2395 2965 2588 3022 dictus
2618 2965 2733 3030 est,
2776 2961 2872 3014 64ο
2904 2958 3032 3014 loco
3063 2959 3134 3013 ab
3165 2959 3424 3024 Augusto
3457 2952 3762 3024 imperium

2120 3057 2348 3126 invasit,
2383 3054 2612 3122 dejecto
2646 3050 2851 3118 Leone,
2883 3051 2941 3104 et
2973 3045 3235 3116 regnavit
3269 3042 3434 3098 annis
3456 3048 3508 3098 7.
3537 3041 3764 3112 (ΒΕοΑ.)

2039 3179 2088 3240 C
2121 3145 2297 3215 Cujus
2327 3147 2593 3212 tempore
2623 3137 2880 3210 synodus
2913 3137 2964 3190 in
3014 3133 3276 3204 Aquileia
3313 3132 3462 3187 facta
3496 3129 3764 3200 quintum

2120 3231 2450 3292 universale
2461 3227 2768 3285 coni-ilium
2785 3224 3085 3296 suscipere
3100 3221 3394 3278 diﬂiditob
3410 3219 3483 3274 im
3495 3217 3765 3290 peritiam

2120 3323 2272 3393 fidei,
2309 3319 2495 3376 donec
2526 3315 2886 3374 salutaribus
2918 3311 3074 3368 beati
3111 3326 3276 3382 papa:
3310 3309 3495 3378 Sergii
3526 3305 3766 3363 monitis

2118 3413 2424 3478 instructa,
2448 3411 2505 3464 et
2531 3408 2654 3474 ipsa
2678 3419 2807 3462 cum
2837 3401 3055 3460 ceteris
3088 3399 3298 3458 Christi
3323 3396 3616 3454 aecclesiis
3633 3395 3764 3451 huic

2120 3513 2372 3557 annuere
2411 3495 2728 3554 consentit.
2787 3491 2970 3561 Hujus
2998 3488 3088 3522 ¹⁰³⁹
3119 3492 3383 3558 tempore
3411 3485 3649 3542 occisus
3678 3487 3766 3540 est

2119 3593 2354 3646 sanctus
2388 3586 2738 3656 Lantpertus
2759 3581 3094 3654 episcopus,
3127 3577 3237 3634 sub
3261 3575 3606 3631 Hildeberto
3632 3585 3766 3642 rege

2120 3679 2214 3749 (cf.
2252 3679 2330 3734 H.
2361 3675 2464 3733 Fr.
2507 3675 2730 3745 snpra.)

2195 3779 2275 3832 15.
2310 3777 2358 3830 4.
2411 3773 2575 3841 (0hr.
2621 3769 2830 3841 W.)_A.
2870 3769 2937 3822 D.
2999 3767 3130 3822 703.
3171 3761 3433 3834 Synodus
3489 3758 3766 3831 Aquileiae

2121 3839 2512 3934 congregatur
2543 3858 2652 3916 sub
2684 3839 2884 3926 S’crgio
2915 3867 3088 3927 papa.

2195 3964 2278 4017 18.
2311 3966 2371 4016 7.
2413 3961 2476 4014 A.
2509 3959 2570 4013 D.
2619 3959 2743 4012 706.
2782 3954 3074 4010 Iohannes
3115 3963 3260 4022 papa
3300 3951 3429 4004 85‘1"
3461 3945 3618 4002 sedit
3675 3960 3768 4002 an-

2121 4065 2226 4108 DOS
2257 4054 2315 4104 3.

2197 4144 2454 4204 Bedamo
2478 4140 2831 4201 venerabilis
2872 4139 3180 4211 presbyter
3222 4133 3541 4204 Anglorum
3584 4131 3770 4188 croni-

2124 4252 2250 4296 cam
2281 4233 2524 4291 minoris
2555 4231 2690 4288 libri
2720 4231 2808 4286 sui
2837 4229 3140 4296 hucusque
3175 4222 3464 4296 perduxit.

2129 4324 2274 4384 Anni
2303 4321 2633 4380 Iustiniani.

2203 4426 2288 4480 19.
2328 4428 2372 4477 1.
2409 4419 2633 4490 (ΒΕῡΑ.)
2669 4419 2828 4472 Anno
2858 4411 3162 4470 dominicze
3205 4407 3630 4465 incarnationis
3651 4410 3768 4475 707,

2133 4511 2304 4568 Urbis
2316 4509 2566 4567 condita)
2593 4503 2896 4562 millesimo
2915 4505 3035 4558 458.
3060 4499 3442 4565 Iustinianus,
3463 4495 3621 4552 ﬁlius
3638 4495 3773 4551 Con-

2134 4599 2396 4667 stantini,
2432 4610 2601 4666 quem
2657 4591 2930 4664 superius
2959 4605 2988 4645 a
3019 4591 3207 4644 Leone
3236 4585 3306 4641 de
3363 4599 3546 4654 regno
3578 4581 3774 4655 expul-

2135 4703 2259 4746 sum
2282 4686 2550 4753 diximus,
2571 4697 2674 4754 per
2701 4679 3054 4750 adjutorium
3074 4675 3358 4732 'l‘crbellis
3384 4672 3539 4742 regis
3576 4671 3776 4741 Bulga-

2135 4791 2260 4834 rum
2281 4776 2610 4846 expugnata
2633 4764 3158 4837 Constantinopoli,
3189 4777 3426 4832 regnum
3453 4760 3771 4832 recepit,et

2135 4870 2338 4938 postea
2362 4845 2478 4917 sex
2505 4859 2671 4915 annis
2701 4855 2983 4926 regnavit.
3020 4855 3120 4926 (H.
3153 4857 3258 4922 m.)
3293 4845 3552 4920 Recepto
3585 4852 3768 4904 autem

2135 4936 2336 5024 regno,
2371 4948 2552 5006 multa
2583 4947 2733 5002 dona
2765 4948 2822 5000 et
2853 4942 3071 5014 regalia
3103 4955 3238 4997 vasa
3261 4937 3512 4995 Terbelli
3547 4936 3767 5005 tribuit,

2136 5056 2382 5112 eumque
2413 5039 2468 5094 in
2512 5049 2655 5108 pace
2703 5033 2940 5090 dimisit.
2977 5030 3314 5086 Absimarus
3343 5033 3562 5095 autem,
3595 5025 3689 5096 qui
3719 5027 3773 5078 ct

2137 5129 2438 5204 Tyherius,
2467 5142 2537 5182 ex
2566 5125 2710 5181 urbe
2739 5119 3018 5194 profugit,
3055 5117 3154 5175 sed
3181 5115 3549 5173 insecutione
3573 5117 3774 5185 captus

2138 5226 2194 5278 et
2228 5219 2298 5275 ad
2345 5215 2735 5274 Iustinianum
2765 5217 2854 5266 est
2889 5209 3200 5264 adductus.
3255 5205 3526 5261 Adducto
3559 5213 3774 5274 quoque

2143 5307 2400 5378 Leontio,
2425 5304 2522 5376 qui
2551 5317 2682 5360 eum
2719 5298 2952 5370 dejecit,
2990 5295 3128 5352 fecit
3163 5295 3366 5351 ambos
3399 5291 3628 5350 catenis
3655 5303 3778 5347 con-

1755 5441 1843 5496 VA
1855 5437 1989 5494 311E
2031 5431 2428 5492 LECTIONES.

467 5555 560 5628 ξοδδ
587 5556 679 5614 ita
713 5562 758 5613 1.
795 5554 1121 5628 zachariam
1155 5559 1198 5612 E
1231 5563 1276 5615 1.
1312 5557 1412 5614 cet.
1452 5627 1455 5628 ν
1502 5555 1594 5591 ί⁰⁸⁶
1613 5557 1690 5628 in
1711 5557 1834 5628 ipsa
1864 5569 2020 5612 corr.
2078 5552 2134 5608 in
2177 5560 2355 5628 capsa
2405 5549 2490 5628 10.
2523 5540 2744 5628 ιζθετεζξξ
2764 5543 2873 5628 μ..
2931 5535 3020 5571 ²⁰⁸⁷
3051 5533 3421 5628 malignis

3433 5573 3448 5588 .
3489 5528 3704 5589 desunt
3728 5528 3779 5583 4.

394 5621 488 5660 ³⁰⁸⁸
518 5601 773 5698 Cujus:-
795 5601 1210 5684 iuvent-nine.th
1236 5601 1460 5688 ἀθὲἶὴι
1484 5631 1540 5685 4.
1605 5601 1696 5662 ίδῖο
1711 5601 1984 5698 huius“;
1999 5601 2136 5698 rege
2164 5601 2522 5692 ἱῖἷῇιξάνθίηθ
2541 5619 2588 5672 1.
2651 5611 2744 5650 ²⁰⁹⁰
2764 5610 2914 5670 Beda
2931 5640 2989 5650 -—
3007 5601 3297 5682 perduxit
3314 5601 3604 5664 domum.
3621 5601 3682 5662 Ε.
3701 5601 3774 5658 9°.
