3952 6306
375 344 486 408 831

1544 329 2028 400 EKKEHARDI
2069 327 2600 398 URAUGENSIS

3651 339 3754 408 832

375 460 936 540 'lheodosius'autem
964 477 1216 546 secutus,
1245 490 1450 547 magno
1481 473 1684 549 praelio
1708 471 1852 530 vicit
1871 485 2021 541 eum,
2053 467 2110 530 A
2140 473 2190 539 7,
2218 467 2423 539 donec,
2459 468 2772 540 agentibus
2801 467 3048 529 letanias
3079 469 3321 530 crebras
3363 471 3587 533 civibus
3618 481 3756 536 octa-

379 573 634 642 datoque
665 569 774 626 sibi
795 573 1182 638 sacramento,
1211 567 1488 625 clericum
1511 581 1640 623 eum
1658 563 1780 620 ﬁeri
1806 568 1861 618 et
1899 577 2028 634 pos-

381 666 470 718 tea
508 661 898 733 presbiterum
931 660 1069 716 fecit
1091 658 1372 714 ordinari.

447 755 606 807 27.2.
662 750 834 820 (Chr.
893 751 998 820 ll'.)
1034 751 1094 805 A.
1151 751 1213 802 D.
1253 753 1374 805 715.
1413 750 1434 771 ”
1490 747 1771 818 Pippinus
1831 744 2027 800 senior

379 840 561 909 major
593 839 797 895 domus
833 839 1000 902 obiit;
1023 853 1126 910 pro
1149 854 1264 908 quo
1301 835 1591 905 tiliusejus
1615 834 1862 890 Karolus
1897 847 2027 888 suc-

379 931 650 987 cessit.-
678 931 1044 998 Dagobertus
1075 943 1176 983 rex
1211 930 1559 983 Francorum
1585 926 1748 980 obiit.

522 1021 544 1041 ‘
588 1020 658 1073 D.
700 1019 758 1072 Ε.
787 1018 1022 1072 addsz
1048 1039 1066 1072 .-
1094 1018 1340 1071 Sanctus
1393 1015 1628 1078 Egidins
1653 1045 1722 1054 —
1753 1013 1936 1068 claret
1973 1013 2024 1067 in

619 1088 818 1142 Gallia.
865 1088 1152 1158 chigeb.
1181 1093 1230 1142 ti.
1267 1092 1454 1158 (1—79
1483 1088 1504 1140 ?
1535 1085 1625 1158 “l9?
1676 1117 1740 1158 ἡ
1787 1089 1878 1158 10.
1939 1087 2021 1138 11.

621 1159 795 1231 infra
816 1160 954 1228 post
976 1159 1128 1229 patri
1153 1157 1472 1228 successit)
1497 1157 1733 1213 (ul/lunt
1758 1157 2028 1213 :Sanctus

611 1231 848 1300 Egidius
878 1231 1111 1286 claruit.

455 1337 652 1393 Karoli
683 1338 948 1393 senioris.

458 1433 502 1482 1.
529 1431 579 1481 3.
610 1429 672 1482 Α.
707 1428 767 1481 D.
803 1430 924 1482 716.
981 1425 1240 1491 Karolus,
1275 1423 1496 1493 Pippini
1557 1421 1802 1477 senioris
1861 1420 2016 1476 ﬁlius

384 1515 439 1570 in
473 1515 847 1571 amministrat
868 1515 992 1569 ione
1029 1513 1184 1578 regni
1207 1512 1352 1584 patri
1371 1511 1677 1580 successit,
1697 1510 1884 1565 adhuc
1901 1510 2020 1579 qui,

383 1606 510 1659 dem
538 1605 772 1672 regibus
805 1605 856 1658 in
896 1605 1129 1659 Francia
1183 1603 1548 1657 manentibus
1569 1599 1668 1658 sed
1720 1614 1896 1670 parva
1939 1598 2026 1652 di-

379 1694 604 1761 gnitate
623 1693 998 1763 regnantibus
1015 1695 1108 1750 (cf.
1131 1694 1318 1748 Hanc.
1337 1692 1705 1761 Fristsupra
1722 1689 1831 1745 col.
1869 1693 1989 1744 900.

388 1784 444 1837 In
476 1785 732 1838 Romano
765 1797 992 1852 quoque
1020 1782 1260 1852 imperio
1281 1781 1432 1851 apud
1465 1777 2025 1849 Constantinopolim

381 1871 570 1926 adhuc
602 1872 986 1942 imperatores
1017 1876 1204 1938 erant,
1241 1869 1340 1924 sed
1373 1873 1427 1923 et
1456 1869 1564 1940 ipsi
1596 1867 1892 1923 intestinis

385 1960 598 2014 riteret
624 1961 972 2015 extrinsecis
997 1959 1166 2014 bellis
1201 1974 1345 2030 pene
1377 1957 1682 2027 adnullati,
1709 1971 1910 2028 parum
1934 1970 2030 2010 va-

379 2048 590 2104 lebant.
605 2048 848 2104 Karolus
865 2064 1003 2103 vero
1022 2063 1257 2113 regnum
1279 2049 1626 2102 Francorum
1643 2045 2030 2101 amministra-

377 2136 458 2192 vit
485 2137 652 2192 annis
672 2138 868 2192 27.Cui
892 2152 1020 2192 cum
1049 2138 1224 2204 ltegin
1238 2136 1420 2190 iridus
1437 2135 1667 2204 quidam
1693 2135 2031 2190 adversare-

383 2229 500 2293 tur,
515 2241 870 2295 regnumque
900 2229 1095 2281 tenere
1123 2228 1454 2294 conaretur,
1481 2223 1742 2294 quamvis
1763 2239 1868 2294 per
1890 2225 2032 2279 mul-

395 2319 482 2369 tas
507 2329 730 2384 pugnas
755 2319 813 2368 et
837 2313 1325 2381 certamina,tulit
1348 2311 1734 2383 principatum
1758 2312 1828 2367 de
1862 2327 2032 2368 manu

387 2403 528 2471 ejus.
567 2403 650 2468 (Ι).
679 2403 830 2466 D.vr,
854 2405 965 2472 42.)
993 2404 1127 2456 Nam
1153 2417 1282 2456 eum
1305 2403 1610 2456 teneretur
1633 2400 1686 2454 in
1738 2400 2029 2472 custodia,

385 2491 579 2546 divina
609 2490 1009 2546 misericordia
1039 2493 1408 2560 protegente,
1428 2489 1576 2558 fugit
1608 2488 1759 2559 inde,
1813 2493 1869 2542 ιι
1919 2490 2030 2560 pri-

391 2594 543 2633 mum
565 2583 767 2633 contra
791 2577 1033 2634 eundem
1057 2577 1453 2644 Reginfridnm
1481 2592 1582 2648 per
1605 2581 1725 2633 tres
1745 2577 1898 2632 vices
1931 2593 2036 2648 pu-

391 2667 612 2736 gnavit,
649 2670 848 2738 postea
873 2683 1001 2722 cum
1055 2682 1258 2735 magno
1283 2667 1600 2722 certamine
1658 2666 1820 2722 illum
1866 2667 2028 2736 vicit,

389 2756 864 2823 Andegavensem
896 2761 1082 2810 tamen
1113 2755 1411 2810 civitatem
1445 2755 1528 2810 illi
1552 2755 1621 2810 ad
1651 2755 2032 2813 habitandum

381 2843 808 2916 permisit,ipse
833 2859 975 2900 vero
1019 2858 1198 2914 super
1225 2849 1494 2899 cunctam
1518 2846 1865 2900 Francorum
1896 2859 2034 2913 gen-

382 2939 496 2988 tem
533 2933 924 3004 principatum
979 2933 1191 3003 tenuit,
1231 2931 1528 3002 multaque
1587 2932 1784 3003 prmlia
1826 2937 2030 2988 contra

379 3023 732 3078 Sarracenos
764 3022 902 3078 etin
951 3022 1254 3078 Wasconia
1286 3025 1344 3076 et
1376 3021 1429 3075 in
1450 3021 1692 3076 Saxonia
1726 3025 1784 3077 et
1809 3021 1866 3076 in
1901 3023 2034 3078 Fre-

389 3111 472 3166 sia
512 3111 666 3167 fecit.
692 3111 1064 3166 —Ekbertus
1095 3111 1184 3165 vir
1217 3113 1457 3165 sanctus
1477 3109 1548 3164 de
1591 3111 1765 3178 gente
1821 3109 2032 3179 Anglo-

386 3214 507 3255 rum
536 3200 772 3255 Scottos
823 3200 1036 3270 pascha
1063 3198 1319 3267 lcgitime
1359 3197 1660 3255 celebrare
1709 3198 1926 3254 docuit.
1959 3227 2029 3238 —

393 3287 556 3354 (σὴν.
598 3288 704 3358 W.)
731 3288 1043 3352 Gregorius
1076 3301 1222 3358 papa
1250 3290 1376 3343 89‘“
1405 3287 1558 3343 sedit
1593 3287 1758 3343 annis
1806 3292 1891 3358 10,
1928 3285 2028 3342 mi-

381 3376 688 3446 gravitun
715 3377 846 3431 ldus
878 3378 1041 3431 Febr.
1071 3376 1170 3432 Hic
1185 3379 1452 3432 sanetum
1486 3376 1838 3432 Bonifacium
1872 3376 2026 3432 ordi-

382 3464 541 3518 navit
563 3465 921 3535 episcopum.
952 3467 972 3486 ‘

519 3572 540 3592 '
584 3571 644 3624 D.
681 3571 738 3623 E.
764 3568 1000 3624 addunt
1025 3591 1045 3626 .-
1077 3569 1180 3626 Hic
1209 3569 1607 3641 constituit—
1637 3575 1828 3641 antea,
1846 3571 2025 3628 etPe-

627 3648 834 3766 worn:
857 3654 1088 3710 quoque
1121 3640 1353 3697 civis—
1411 3641 1617 3697 fuerat.
1678 3653 1754 3697 ex
1809 3641 2016 3713 Sigeb.

627 3726 688 3766 α.
840 3754 851 3766 .

625 3726 688 3768 α.
730 3726 851 3766 714.

727 3801 1013 3857 Theodos.

445 3911 586 3962 2.1.
621 3909 780 3962 Anno
837 3907 1142 3964 dominicas
1198 3907 1616 3965 incarnationis
1660 3911 1784 3978 717,
1839 3908 2014 3966 Urbis

372 4010 512 4050 vero
543 3996 792 4052 condita;
819 3995 1123 4053 millesimo
1155 4000 1274 4052 468.
1301 3996 1656 4054 Theodosius
1680 4012 1709 4053 a
1734 3997 2022 4056 militibus

373 4083 630 4153 electus,
664 4090 760 4141 68°
793 4085 920 4141 loco
952 4086 1022 4141 ab
1059 4089 1340 4155 Augusto,
1367 4085 1674 4156 imperium
1704 4087 2019 4144 Romanum

371 4173 619 4244 accepit,
652 4179 710 4229 et
741 4187 890 4230 anno
923 4189 1035 4230 uno
1056 4173 1342 4242 regnavit.
1381 4175 1482 4246 (Η.
1508 4174 1746 4245 m.)Leo
1779 4175 2016 4248 quippe,

371 4263 468 4330 qui
501 4265 629 4315 erat
661 4265 860 4332 pretor
881 4261 1272 4332 orientalium,
1299 4261 1575 4332 quoniam
1625 4263 2020 4321 auxiliabatur

370 4349 797 4420 Anastasi,non
830 4357 916 4406 est
974 4349 1278 4418 subjectus
1329 4350 1669 4408 Theodosio.
1714 4351 1878 4408 Unde
1908 4367 2004 4410 ve-

373 4437 544 4493 niens
590 4438 1000 4508 Nicomediam,
1033 4437 1416 4510 apprehendit
1454 4439 1633 4496 tilium
1709 4441 2016 4498 Theodosii

370 4540 500 4582 cum
534 4527 687 4582 omni
709 4532 994 4598 apparatu
1029 4526 1190 4596 regio
1220 4531 1280 4582 et
1304 4527 1508 4598 primis
1535 4527 1678 4585 viris
1702 4529 1926 4601 palatii,
1957 4533 2015 4587 et

369 4615 525 4670 venit
553 4615 974 4686 Chrysopolim.
1001 4613 1164 4682 Quod
1198 4614 1440 4672 audiens
1469 4615 1848 4688 Theodosius,
1883 4632 2019 4674 eon-

371 4701 509 4758 silio
544 4717 571 4758 a
595 4703 876 4759 Germano
912 4703 1241 4775 patriarcha
1271 4709 1330 4760 et
1353 4712 1558 4762 senatu
1589 4709 1886 4778 percepto,
1915 4721 2018 4778 per

369 4790 614 4846 eundem
632 4791 1021 4862 patriarcham
1051 4791 1274 4864 accepit
1303 4807 1332 4848 a
1366 4793 1554 4849 Leone
1578 4793 2018 4865 indempnitatis

370 4879 610 4935 verbum
633 4883 689 4936 et
706 4879 987 4937 aacclesiae
1009 4881 1134 4936 sine
1159 4880 1602 4951 perturbatione
1626 4882 2018 4951 servandae,et

372 4965 456 5020 sic
486 4966 538 5021 ei
563 4967 937 5024 committunt
975 4967 1300 5040 imperium,
1333 4968 1458 5040 ipse
1479 4982 1620 5024 vero
1655 4969 2016 5027 Theodosius

370 5066 482 5109 una
515 5069 645 5111 cum
679 5054 914 5112 ﬁliosuo
929 5055 1404 5125 clericusfactus,
1425 5056 1719 5113 residuum
1745 5057 2015 5116 vitaesuae

370 5143 604 5212 tempus
629 5144 914 5213 transegit
939 5145 995 5201 in
1027 5159 1275 5216 pace.—
1320 5143 1489 5215 (σήν.
1551 5145 1660 5218 W.)
1699 5147 1817 5203 Hoc
1867 5161 2016 5204 anno

369 5228 607 5298 Tyberis
627 5229 854 5287 alveum
878 5248 1042 5290 suum
1091 5247 1388 5304 egressus,
1416 5232 1595 5290 multa
1653 5236 1848 5294 Romae
1879 5238 2016 5294 sub-

369 5317 549 5372 vertit
583 5318 848 5390 aedificia,
883 5322 958 5376 ita
990 5326 1052 5379 ut
1085 5323 1142 5378 in
1176 5321 1277 5378 Via
1311 5323 1446 5378 Lata
1473 5322 1545 5378 ad
1576 5338 1744 5380 unam
1768 5326 2015 5382 etsemis

373 5406 663 5461 staturam
695 5413 1084 5465 excresceret.
1112 5409 1334 5481 (ΒεοΑ.)
1359 5411 1565 5466 Mansit
1589 5415 1782 5469 autem
1807 5413 2014 5471 diebus

2137 573 2210 615 vo
2239 558 2468 616 demum
2502 559 2594 614 die
2627 559 2978 630 regreditur.

2460 658 2684 714 Leonis.

2209 770 2346 821 3.1.
2406 767 2567 821 Anno
2617 765 2920 824 dominicae
2980 767 3400 825 incarnationis
3449 773 3568 839 718,
3605 773 3754 832 Urbis

2140 859 2332 910 autem
2357 854 2608 912 conditze
2643 855 2947 912 millesimo
2969 859 3090 912 469.
3127 857 3258 926 Leo,
3294 863 3498 930 preter
3529 861 3752 919 orienta-

2142 942 2301 1014 lium,
2325 957 2539 1013 genere
2564 945 2760 1016 Syrns,
2795 948 2890 1000 69°
2913 945 3042 1000 loco
3065 945 3136 1000 ab
3195 949 3458 1015 Augusto
3505 949 3752 1007 Romano-

2141 1047 2266 1088 rum
2301 1032 2644 1104 provehitur
2675 1033 2731 1088 in
2776 1033 3492 1107 imperium,regnavitque
3514 1038 3745 1096 annisat.

2141 1119 2241 1190 (H.
2275 1123 2378 1192 m.)
2407 1121 2506 1176 llic
2540 1135 2570 1176 a
2601 1123 2951 1192 Justiniano,
2979 1138 3106 1178 cum
3137 1123 3298 1196 prius
3351 1132 3631 1198 regnaret,
3651 1129 3750 1184 exi.

2140 1207 2318 1266 liatus
2347 1213 2439 1265 est
2473 1209 2526 1264 in
2561 1210 2996 1266 Messembriam
3018 1210 3252 1267 Thracm
3282 1213 3551 1285 regionis,
3584 1223 3750 1286 poste-

2056 1325 2065 1333 -
2138 1297 2294 1352 riore
2317 1312 2456 1354 vero
2488 1302 2770 1369 tempore,
2804 1315 2932 1355 cum
2959 1299 3216 1356 secundo
3241 1304 3750 1374 regnaret,veniens

2137 1386 2190 1441 ei
2215 1386 2442 1442 obviam
2467 1401 2578 1444 una
2601 1403 2730 1444 cum
2791 1387 3158 1459 Bulgaribus,
3180 1389 3395 1446 obtulit
3420 1390 3471 1446 ei
3520 1407 3748 1465 munera,

2139 1490 2276 1531 oves
2307 1475 2536 1532 scilicet
2579 1475 2946 1546 quingentas,
2981 1476 3368 1548 placatusque
3418 1480 3750 1538 Justinianus

2141 1563 2275 1620 fecit
2301 1563 2461 1619 illum
2485 1565 2824 1635 spatarinm,
2859 1571 2917 1621 et
2944 1565 3148 1622 habuit
3191 1567 3347 1623 hunc
3379 1567 3529 1624 sicut
3556 1583 3750 1638 germa-

2139 1667 2272 1710 num
2317 1653 2585 1709 amicum.
2619 1655 2781 1710 Unde
2813 1654 3046 1724 quidam
3076 1655 3292 1710 invidia
3326 1654 3484 1712 ducti
3518 1657 3750 1716 detraxe-

2141 1746 2274 1797 runt
2299 1741 2349 1797 ei
2382 1747 2655 1813 tanquam
2701 1742 3004 1814 imperium
3049 1743 3373 1815 appetenti,
3433 1745 3531 1801 sed
3579 1747 3747 1804 habita

1935 1866 2110 1938 pa_B
2143 1831 2466 1900 questione,
2524 1831 2744 1886 inventi
2775 1835 2911 1888 sunt
2974 1831 3124 1888 falsi.
3169 1833 3536 1890 Justinianus
3587 1839 3748 1892 tamen

2141 1923 2342 1990 postea
2379 1919 2892 1991 illumsuspeetum
2924 1921 3164 1991 habens,
3183 1921 3291 1978 sed
3316 1923 3747 1982 manifestehunc

2142 2007 2337 2064 ledere
2369 2007 2589 2078 nolens,
2617 2009 2770 2064 misit
2808 2024 2944 2066 eum
2978 2026 3106 2066 eum
3135 2011 3401 2082 pecuniis
3421 2011 3475 2067 in
3499 2012 3744 2084 Alaniam,

2142 2097 2212 2152 ad
2243 2097 2692 2154 commovendos
2724 2097 2936 2154 Alanos
2965 2104 3172 2154 contra
3194 2099 3745 2168 Abasgiam.Ubicum

2143 2185 2321 2240 multa
2354 2185 2404 2241 ei
2425 2185 3085 2257 feliciterprovenirent,
3121 2187 3454 2244 Iustiniano
3476 2188 3750 2260 interemp-

2142 2278 2288 2344 to,et
2305 2273 2648 2346 Phylippico
2663 2275 2790 2332 visu
2807 2275 3108 2332 oculorum
3124 2277 3486 2347 orbato,cum
3509 2276 3747 2350 imperas

2145 2368 2232 2419 set
2257 2363 2618 2434 Anastasius,
2654 2365 2923 2435 provexit
2955 2379 3084 2420 eum
3119 2365 3172 2420 in
3209 2371 3503 2436 pretorem
3532 2365 3746 2422 orienta-

2143 2451 2304 2508 lium.
2339 2452 2590 2524 Depulso
2619 2456 2811 2508 autem
2837 2453 3149 2510 Anastasio
3183 2468 3211 2508 a
3248 2454 3582 2526 Theodosio,
3620 2455 3746 2526 ipso-

2145 2554 2256 2610 que
2287 2546 2586 2611 regnante,
2618 2541 2729 2597 Leo
2753 2547 2813 2597 et
2839 2541 2989 2598 hunc
3029 2542 3282 2614 expulit,
3317 2543 3549 2614 ipseque
3578 2558 3744 2613 regna-

2143 2629 2249 2698 vit,
2286 2630 2387 2686 scd
2413 2630 2468 2685 in
2493 2630 2845 2687 christianos
2873 2635 2932 2686 et
2961 2631 3266 2688 3300108138
3314 2632 3412 2688 Dei
3439 2648 3498 2688 ac
3551 2631 3744 2702 religio-

2144 2731 2271 2773 nem
2305 2723 2561 2774 sanetam
2596 2719 2808 2790 impius
2858 2719 2983 2776 fuit.
3049 2722 3322 2790 (P.D.vr,
3368 2722 3476 2790 49.)
3529 2721 3745 2776 Primum

2143 2806 2358 2877 quippe
2377 2807 2643 2878 precepit
2669 2809 2690 2831 *
2726 2807 2780 2862 in
2807 2809 3417 2880 Constantinopoli,ut
3439 2809 3744 2880 quicumque

2143 2894 2425 2950 haberent
2458 2895 2738 2966 imagines
2778 2896 2993 2953 domini
3047 2891 3371 2955 salvatoris
3419 2914 3515 2955 seu
3562 2901 3743 2954 sancte

2139 2983 2448 3053 genitricis
2479 2983 2606 3054 ejus
2638 2985 2729 3041 vel
2763 2985 3009 3042 aliorum
3035 2990 3396 3056 sanctorum,
3431 2985 3534 3042 sibi
3571 3000 3660 3066 ea‘s
3681 2984 3743 3040 al-

2143 3073 2383 3143 ferrent,
2419 3088 2562 3143 quas
2595 3073 2692 3129 ille
2723 3073 2778 3128 in
2805 3074 2994 3130 medio
3015 3075 3281 3131 civitatis
3305 3074 3598 3132 incendere
3612 3073 3742 3140 fecit;

2138 3166 2194 3217 et
2228 3161 2359 3232 quia
2395 3161 2562 3218 multi
2587 3162 2656 3218 de
2687 3162 2904 3234 populo
2933 3163 3068 3220 huic
3100 3163 3388 3234 impietati
3406 3179 3512 3220 non
3533 3177 3740 3219 consen-

2059 3233 2364 3320 Llserunt,
2388 3249 2661 3308 decollati
2694 3233 2866 3318 sunt;
2910 3233 3231 3309 Germanus
3275 3268 3498 3324 quoque
3536 3251 3742 3324 patriar-

2137 3340 2243 3396 cha
2267 3339 2338 3396 de
2352 3339 2489 3396 sede
2504 3354 2608 3396 sua
2631 3344 2724 3396 est
2745 3341 2934 3411 deject
2947 3345 3098 3410 us,et
3115 3342 3235 3398 Ana
3247 3343 3464 3399 stasius
3489 3339 3740 3412 presbiter

2137 3427 2192 3482 in
2207 3427 2334 3484 loco
2348 3427 2474 3497 ejus
2497 3429 2887 3485 constitutus.
2901 3429 3048 3485 Misit
3070 3434 3130 3485 et
3145 3429 3216 3485 ad
3247 3445 3448 3501 papam
3464 3431 3736 3484 Romanum

2136 3515 2497 3586 Gregorium,
2521 3519 2584 3573 ut
2608 3515 2882 3572 similiter
2899 3517 3156 3584 faceret;
3184 3517 3286 3574 ille
3303 3533 3437 3574 vero
3456 3517 3643 3585 noluit,
3657 3513 3736 3571 sed

2133 3605 2324 3661 omnia
2357 3605 2577 3660 tributa
2602 3605 2873 3662 Romanae
2901 3605 3066 3661 urbis
3088 3609 3144 3661 et
3171 3605 3356 3663 Italize
3378 3605 3482 3662 sibi
3506 3604 3618 3662 dari
3633 3617 3738 3675 pro-

2133 3693 2343 3750 hibuit.
2379 3693 2480 3763 (H.
2510 3693 2614 3763 φη.)
2667 3693 2768 3748 Cui
2810 3707 2960 3749 anno
2993 3693 3219 3766 imperii
3257 3695 3344 3752 sui
3381 3693 3552 3750 tercio
3593 3695 3735 3747 natus

2131 3787 2224 3838 est
2264 3781 2419 3838 ﬁlius
2447 3781 2519 3838 de
2547 3781 2720 3837 Maria
2756 3797 2936 3838 uxore
2959 3798 3084 3853 sua,
3127 3797 3298 3854 quem
3343 3785 3734 3840 Constantinum

2131 3869 2384 3939 vocavit,
2424 3869 2518 3940 qui
2551 3867 2732 3939 magis
2755 3867 2856 3925 illo
2878 3869 3162 3940 impiuset
3181 3869 3504 3926 antichristi
3537 3879 3735 3940 precar-

2131 3973 2230 4015 sor
2259 3957 2478 4026 extitit,
2504 3955 2596 4013 cui
2624 3958 2823 4028 postea
2843 3955 3018 4012 ﬁliam
3043 3957 3303 4027 Chaiani,
3336 3956 3734 4028 Scytharumre-

2131 4039 2242 4108 gis,
2276 4037 2804 4107 sociavit,eamque
2839 4035 3218 4094 christianam
3244 4037 3473 4104 faciens,
3503 4037 3730 4105 Hyrenen

2131 4117 2468 4174 nominavit.
2507 4115 2644 4182 Quas
2667 4131 2796 4172 cum
2827 4130 3025 4173 sacras
3057 4116 3288 4174 litteras
3302 4115 3605 4181 didicisset,
3636 4111 3731 4183 pie-

2129 4206 2240 4284 tati
2279 4219 2515 4278 cperam
2547 4205 2731 4276 dedit,
2792 4205 2984 4262 ethos
3025 4219 3165 4278 sepe
3222 4203 3532 4278 impietatis
3569 4199 3732 4257 redar-

2173 4293 2274 4350 uit.

2173 4307 2274 4350 uit.

2128 4307 2165 4364 ς
2270 4402 2292 4423 ‘
2335 4401 2380 4454 A
2403 4398 2650 4470 quodam
2675 4398 2890 4470 quippe
2914 4399 3092 4456 Beser
3115 4400 3314 4470 refuga
3337 4398 3463 4456 fidei
3478 4395 3726 4454 seductus

2342 4469 2626 4542 precepit.
2654 4471 2714 4524 D.
2741 4469 2802 4524 Ε.
2824 4469 2919 4543 cf.
2951 4470 3160 4542 Sigeb.
3193 4469 3406 4528 (1.725.

2045 4585 2099 4647 Ι)
2201 4582 2251 4636 5.
2286 4581 2336 4633 3.
2373 4577 2435 4632 A.
2477 4578 2538 4632 D.
2573 4579 2696 4633 720.
2729 4577 2750 4600 ο
2777 4576 2829 4632 *1

2273 4686 2294 4708 ⁶
2328 4685 2380 4756 1)
2415 4687 2498 4741 10.
2532 4686 2617 4740 11.
2651 4681 2885 4740 addunt
2913 4701 2926 4737 :
2978 4683 3228 4740 Sanctus
3259 4684 3520 4740 Otmarus
3573 4675 3724 4734 abbas

2375 4771 2651 4829 efﬁcitur.
2683 4785 2758 4828 ea:
2775 4771 3092 4828 Bemaldo.

2265 4881 2288 4904 "
2328 4879 2390 4934 D.
2424 4880 2486 4934 E.
2517 4878 2756 4935 addunt
2787 4896 2808 4933 .-
2848 4877 3353 4935 Constantinus—
3403 4871 3716 4933 scandalum.

2337 4963 2429 5008 ex.
2459 4948 2674 5022 Sigeb.

2194 5059 2246 5113 6.
2300 5059 2348 5112 4.
2387 5055 2470 5126 (Ρ.
2533 5057 2604 5116 Ι).
2662 5069 2738 5125 νι,
2773 5055 2863 5126 47)
2889 5055 2953 5111 A.
2991 5055 3050 5110 D.
3113 5035 3236 5110 791.
3289 5047 3717 5110 SarraceniCon-
3789 5053 3792 5057 ‘

2125 5143 2566 5218 stantinopolim
2596 5141 2886 5213 obsident,
2913 5147 2971 5198 et
3015 5156 3118 5214 per
3151 5143 3456 5199 triennium
3513 5137 3582 5193 ibi
3623 5145 3716 5188 mo-

2124 5244 2346 5306 rantes,
2365 5233 2696 5304 multasque
2717 5231 3052 5304 provincias
3075 5231 3460 5300 devastantes,
3497 5223 3711 5306 tandem,

2122 5304 2338 5398 populo
2361 5323 2432 5380 ad
2457 5324 2635 5378 Deum
2693 5319 3004 5390 clamante,
3040 5321 3188 5377 fame
3211 5325 3484 5392 pesteque
3521 5304 3712 5405 depulsi

2123 5417 2279 5482 sunt,
2315 5409 2598 5481 multique
2629 5409 2844 5480 frigore
2875 5412 2934 5464 et
2959 5409 3112 5466 ferro
3137 5407 3539 5479 naufragioque
3561 5409 3714 5472 perie-

1729 5555 1964 5611 VARIIE
2004 5553 2404 5613 LECTIONES.

438 5613 530 5648 ¹⁰⁹⁶
595 5615 663 5672 in
681 5621 758 5671 9°.
793 5613 960 5672 haud
1013 5619 1310 5692 leguntwr.
