3952 6316
219 298 349 366 833

1101 302 1539 373 CHRONICA.
1588 345 1654 355 —-
1688 306 2166 373 CHRONICON
2210 310 2759 376 UNIVERSALE.

3525 312 3641 379 884

221 439 396 495 runt.
454 432 847 493 Theodericus
896 439 1162 508 regnavit
1209 439 1264 495 in
1316 440 1555 498 Francia
1606 442 1771 498 annis
1820 447 1880 499 :6
1912 446 1964 503 Α
2068 446 2155 501 24.
2190 449 2275 501 22.
2331 447 2414 515 (P.
2451 448 2511 500 D.
2549 462 2621 513 v1,
2658 448 2767 517 54.)
2815 449 2878 502 Α.
2916 449 2973 503 ῐ).
3016 451 3140 503 739.
3178 448 3481 505 Sarraceni
3515 450 3643 506 Gal-

223 525 328 594 (cf.
362 526 430 585 θ.
465 525 615 598 17m.

299 617 349 670 8.
378 619 428 670 6.
468 614 549 683 (P.
578 617 640 670 D.
667 632 740 681 vr,
766 616 878 688 48.)
909 616 986 685 (ς.
1018 618 1215 689 RBDA.)
1252 622 1310 672 Α.
1343 620 1403 674 Ι).
1428 623 1551 674 723.
1582 619 1882 690 Luitpran-

220 701 340 758 dus
371 701 482 771 “’7,
520 718 622 759 rex
656 704 1187 773 Longobardornm,
1222 706 1462 763 audiens
1497 707 1648 777 quod
1685 708 1882 764 Sarra-

222 789 378 859 ccni,
406 788 760 861 depopulata
785 791 1072 862 Sardinia,
1093 793 1269 848 etiam
1292 794 1386 849 illa
1410 794 1534 851 loca
1559 796 1876 867 fcdassent,

220 879 327 934 ubi
359 878 674 949 aliquando
713 888 953 951 propter
992 881 1455 938 devastationem
1500 885 1879 941 barbarorum

218 980 362 1023 ossa
389 967 542 1023 beati
568 969 872 1037 Augustini
908 968 1191 1026 translata
1228 971 1479 1042 fuerant,
1515 972 1753 1028 misitet
1781 988 1882 1045 per

218 1054 487 1127 precium
520 1055 763 1112 adduxit
787 1072 853 1112 ea
876 1057 1152 1128 Ticinum,
1192 1058 1408 1129 ibique,
1445 1062 1749 1132 utdecuit,
1784 1063 1880 1118 bo-

218 1143 470 1200 noriilce
495 1144 842 1201 recondidit.
869 1178 937 1187 —-
961 1145 1061 1214 (Η.
1081 1147 1185 1217 m.)
1212 1148 1322 1204 Leo
1346 1148 1664 1220 imperator
1685 1151 1878 1221 coegit

214 1231 439 1287 Judeos
465 1235 521 1287 et
555 1232 854 1290 Montanos
883 1234 1201 1306 baptizari;
1237 1236 1339 1292 sed
1371 1238 1537 1294 Judei
1563 1238 1877 1295 abluebant

220 1320 560 1377 unctionem
607 1321 903 1379 crismatis
940 1328 999 1378 et
1042 1329 1176 1394 post
1216 1325 1408 1381 cibum
1448 1326 1876 1398 participabant

219 1410 615 1466 sacramentis
636 1412 1193 1469 etcontaminabant
1230 1414 1419 1484 fidem,
1456 1416 1706 1471 Montani
1740 1431 1876 1473 vero

220 1497 576 1554 deﬁnientes
600 1499 711 1554 sibi
737 1499 909 1570 diem,
939 1500 1289 1558 introierunt
1325 1503 1527 1559 domos
1558 1505 1743 1560 errori
1773 1520 1877 1561 suo

220 1585 563 1657 deputatas,
591 1592 646 1643 et
673 1587 1059 1645 incenderunt
1093 1594 1271 1646 semet
1307 1592 1483 1662 ipsos.

298 1680 351 1731 9.
383 1679 434 1729 7.
473 1678 535 1731 Α.
570 1677 633 1731 Ι).
666 1678 822 1731 724.‘

373 1766 394 1787 '
418 1765 479 1818 D.
512 1765 570 1838 Ε.
601 1738 884 1838 addunt:
914 1766 1134 1823 Judeus
1177 1766 1408 1838 quidam
1443 1800 1506 1807 —
1541 1784 1673 1824 mox
1705 1770 1871 1825 obiit.

440 1848 514 1890 ea:
534 1835 736 1905 S-iyeb.

298 1927 384 1979 10.
417 1925 468 1979 8.
517 1924 684 1993 (Chr.
734 1925 840 1997 W.)
885 1928 949 1982 A.
987 1927 1048 1980 Ι).
1091 1932 1214 1983 725.
1270 1928 1516 1983 Sanctus
1566 1928 1876 1985 Pirminius

218 2010 538 2083 episcopus
572 2013 812 2083 Augiam
858 2013 1119 2084 intravit,
1164 2030 1406 2087 eamque
1437 2032 1465 2072 a
1500 2017 1875 2089 serpentibus

217 2100 583 2157 emundavit.

295 2193 384 2246 11.
428 2193 480 2244 9.
524 2193 587 2246 A.
628 2192 690 2245 D.
735 2194 856 2248 726.
909 2193 1216 2263 [lucusque
1252 2193 1344 2227 ¹⁰⁹³
1384 2195 1536 2251 Beda
1581 2195 1875 2253 cronicam

219 2292 389 2334 suam
420 2278 475 2334 in
508 2279 710 2351 majori
742 2278 943 2336 libello
975 2282 1267 2352 perduxit.

296 2370 383 2423 12.
425 2372 507 2423 10.
543 2370 608 2422 Α.
641 2370 702 2423 Ι).
736 2372 860 2423 727.
916 2370 1233 2440 Gregorius
1264 2385 1409 2444 papa
1440 2376 1567 2428 90ms
1597 2373 1749 2429 sedit
1781 2388 1877 2428 an-

218 2470 332 2512 nos
362 2458 416 2524 8,
452 2456 827 2527 decessitque
859 2461 891 2514 4
920 2458 1042 2513 Kal.
1078 2461 1436 2517 Decembris.
1473 2462 1574 2518 Hic
1606 2477 1878 2533 augmen-

218 2544 371 2599 tavit
404 2544 458 2599 in
492 2558 711 2601 canone
749 2565 760 2599 :
792 2548 913 2604 Nec
939 2562 1057 2604 non
1085 2549 1326 2607 illam":
1360 2552 1621 2608 omnium
1647 2551 1876 2610 sancto-

214 2647 358 2690 rum
385 2647 639 2703 quorum
663 2634 794 2690 soll.
826 2634 918 2668 ¹⁰⁹⁰

294 2725 383 2777 15.
416 2725 500 2776 13.
537 2721 704 2789 (ΟΙιγ.
746 2723 852 2794 W.)
887 2726 946 2778 A.
985 2726 1046 2779 D.
1083 2728 1206 2781 730.
1240 2725 1555 2785 Pirminius
1586 2742 1657 2784 ex
1692 2727 1875 2798 Augia

218 2808 382 2865 venit
419 2810 474 2865 in
509 2810 816 2867 Alsaciam.

298 2903 379 2955 16.
424 2903 509 2956 14.
557 2900 657 2970 (Η.
692 2901 794 2971 m.)
835 2902 899 2956 A.
934 2903 995 2956 Ι).
1032 2908 1156 2959 731.
1211 2907 1531 2963 Germanus
1581 2904 1876 2963 sanctissi-

218 3001 350 3042 mus
397 2988 730 3060 patriarcha
776 2990 983 3047 videns
1026 2993 1385 3064 impietatem
1433 2995 1657 3066 Leonis,
1711 2997 1876 3051 abre-

217 3077 524 3134 nunciavit
547 3093 772 3136 summo
796 3082 1147 3149 sacerdotio,
1184 3083 1422 3140 tradens
1448 3074 1706 3157 pallium,
1735 3089 1791 3140 et
1818 3085 1873 3140 in

214 3163 390 3221 domo
423 3182 521 3224 sua
556 3167 737 3238 quieti
781 3184 1016 3241 operam
1049 3170 1231 3240 dedit,
1280 3175 1300 3225 z'

216 3267 352 3309 ann.
390 3257 478 3325 14,
512 3270 690 3313 mens.
726 3262 775 3313 5.
814 3260 873 3313 in
905 3258 1072 3329 cujus
1106 3259 1291 3315 locum
1324 3264 1714 3331 Anastasium,
1746 3263 1874 3333 ejus

215 3343 513 3414 quondam
566 3344 938 3418 discipulum,
993 3347 1095 3404 sed
1132 3353 1267 3406 tunc
1296 3350 1581 3423 impietati
1632 3368 1875 3410 consen-

218 3432 487 3502 tientem,
539 3434 649 3491 Leo
701 3436 1027 3493 constituit.
1080 3439 1226 3494 Sane
1273 3440 1585 3510 Gregorius
1633 3447 1874 3499 sanctus

218 3521 422 3593 presul
455 3523 749 3580 Romanus
788 3525 939 3581 hunc
968 3527 1502 3600 anathematizavnt,
1536 3535 1592 3584 et
1630 3531 1873 3587 Leonem

217 3615 497 3684 tanquam
531 3611 704 3684 impie
737 3618 1003 3683 agentem
1036 3630 1140 3686 per
1171 3616 1452 3687 epistolas
1491 3618 1869 3689 redarguens,

214 3700 457 3757 Romam
499 3714 630 3756 cum
670 3704 795 3757 tota
839 3700 1001 3758 Italia
1038 3704 1109 3758 ab
1141 3702 1267 3772 ejus
1309 3703 1553 3776 imperio
1599 3706 1873 3763 recedere

217 3789 378 3847 fecit.
423 3789 577 3845 Beda
618 3790 970 3847 venerabilis
1005 3792 1316 3871 Apglorum
1360 3794 1654 3864 presbiter
1692 3795 1863 3851 obiit.

292 3879 377 3934 17.
420 3882 506 3933 15.
573 3877 739 3947 (C'lir.
796 3879 874 3935 W.
918 3911 987 3919 —
1028 3881 1087 3935 P.
1132 3882 1192 3935 Ι).
1239 3896 1314 3951 νι,
1361 3883 1474 3953 53.)
1518 3885 1581 3937 Α.
1625 3884 1687 3938 D.
1733 3887 1863 3941 732.

216 3964 464 4023 Karolus
495 3964 676 4023 tilium
710 3982 876 4024 suum
908 3968 1214 4040 Pippinum
1239 3970 1311 4026 ad
1334 3970 1754 4041 Luitprandum
1784 3988 1875 4028 re-

214 4068 347 4124 gem
388 4056 899 4126 Langobardorum
941 4072 1044 4128 pro
1084 4058 1377 4114 tondenda
1417 4060 1638 4116 cesarie
1682 4060 1871 4129 misit;

216 4142 374 4213 quod
417 4142 515 4199 ille
559 4144 713 4216 fecit,
756 4160 887 4201 cum
929 4144 1247 4218 multisque
1299 4147 1638 4204 muneribus
1671 4147 1763 4182 “°°
1802 4150 1872 4206 ad

218 4236 448 4304 patrem
483 4232 727 4290 remisit.

292 4324 378 4377 18.
418 4324 500 4378 16.
537 4320 702 4392 (C’ltr.
758 4323 865 4396 W.)
900 4326 962 4380 A.
994 4326 1057 4379 Ι).
1091 4328 1215 4380 733.
1261 4324 1507 4381 Karolus
1551 4325 1735 4396 major
1774 4325 1872 4383 do-

218 4425 350 4467 mus
380 4412 629 4468 Fresiam
660 4418 874 4470 vastat.

293 4504 379 4555 19.
431 4503 513 4556 17.
568 4502 632 4556 A.
683 4502 744 4556 D.
806 4504 937 4558 734.
994 4502 1239 4560 Karolus
1299 4503 1657 4559 Wasconiam
1714 4503 1952 4584 inva-D

216 4591 317 4645 sit.
355 4591 377 4611 "
410 4594 433 4643 1

360 4680 383 4700 '
420 4679 467 4749 1)
502 4680 588 4750 10.
626 4682 710 4733 11.
742 4677 977 4750 add-unt
1003 4698 1022 4733 :
1053 4679 1159 4734 Eto
1191 4678 1477 4749 Augensis
1518 4680 1721 4750 abbas,
1768 4683 1872 4736 Ar-

431 4747 684 4817 gentinze
706 4748 1023 4819 episcopus
1050 4751 1255 4819 factus,
1287 4747 1600 4806 'eenobium
1624 4747 1872 4809 nominis

433 4819 521 4874 sui
550 4818 837 4874 Etinheim
870 4818 1218 4876 censtruxit.
1243 4818 1320 4877 ea;
1337 4822 1650 4878 Bemoldo.

284 4922 376 4974 20.
416 4920 498 4972 18.
536 4916 702 4986 (Chr.
752 4917 859 4989 W.)
896 4921 957 4973 A.
994 4919 1056 4973 D.
1093 4921 1213 4972 735.
1246 4920 1551 4975 Zacharias
1576 4934 1722 4992 papa
1746 4925 1872 4975 91m

213 5005 370 5064 sedit
395 5019 580 5062 annos
605 5008 685 5061 18.
710 5004 815 5061 Hic
840 5009 1093 5076 quatuor
1116 5006 1299 5063 libros
1321 5006 1688 5079 dialogorum
1713 5009 1869 5065 beati

213 5092 481 5166 Gregorii
516 5092 818 5151 transtulit
853 5093 911 5150 in
945 5096 1207 5151 Grecum.

283 5187 374 5240 22.
410 5185 499 5240 20.
545 5184 607 5238 Α.
644 5184 705 5239 Ι).
751 5187 874 5241 737.
924 5183 1315 5242 Theodericus
1362 5196 1468 5240 rex
1519 5186 1870 5244 Francorum

210 5272 362 5330 obiit
404 5271 500 5343 (cf.
538 5269 605 5331 θ.
639 5272 788 5343 F12).

1996 531 2103 588 lias
2139 534 2348 589 iterum
2382 534 2750 599 invadentes,
2787 541 3069 605 ceperunt
3113 537 3408 593 civitatem
3446 539 3642 594 Arela-

1994 626 2128 676 tem.
2161 625 2316 678 Tunc
2348 623 2589 679 Karolus
2620 623 2772 678 misit
2800 624 2869 678 ad
2899 623 3332 696 Luitprandum,
3361 626 3457 696 qui
3482 627 3638 681 venit

1993 711 2062 765 ad
2092 726 2220 767 eum
2250 728 2380 767 cum
2413 713 2567 767 omni
2599 712 2864 767 exercitu
2910 713 3441 781 Longobardorum.
3476 713 3641 780 Quod

1993 800 2296 855 audientes
2327 800 2650 869 Sarraccni,
2688 802 2959 869 fugerunt
2992 800 3061 856 de
3098 805 3257 856 terra
3286 801 3403 857 illa.

2064 898 2207 951 Anni
2239 897 2309 952 ab
2338 897 2504 951 initio
2539 900 2693 952 4700.

2062 999 2147 1049 25.
2182 998 2269 1048 23.
2305 993 2467 1063 (ΟΙιν.
2528 997 2636 1066 W.)
2671 998 2730 1051 Α.
2769 996 2828 1049 D.
2864 998 2986 1050 740.
3041 996 3287 1053 Karolus
3334 998 3639 1055 Saxoniam

1993 1081 2190 1138 intrat.

2060 1183 2145 1234 26.
2179 1184 2264 1235 24.
2302 1180 2402 1250 (Η.
2436 1181 2541 1251 m.)
2576 1184 2637 1236 Α.
2676 1184 2737 1236 Ι).
2774 1186 2896 1237 741.
2934 1183 3043 1238 Leo
3077 1183 3395 1255 imperator
3424 1184 3638 1257 impius

1990 1268 2155 1323 obiit.

1990 1357 2135 1411 Anni
2181 1358 2567 1413 Constantini.

2059 1457 2129 1508 27
2184 1455 2409 1524 (111.772.)
2450 1461 2492 1511 1.
2532 1457 2694 1511 Anno
2725 1456 3029 1512 dominicae
3062 1457 3481 1515 incarnationis
3510 1463 3636 1529 742,

1991 1543 2163 1597 Urbis
2203 1543 2454 1599 condita)
2492 1543 2797 1599 millesimo
2838 1547 2957 1599 493.
3002 1546 3444 1616 Constantinus,
3480 1548 3637 1604 ﬁlius

1991 1632 2217 1699 Leonis,
2250 1636 2341 1687 7οι
2378 1632 2505 1688 loco
2553 1634 2624 1688 ab
2672 1635 2953 1703 Augusto,
3004 1635 3323 1691 Romanum
3374 1638 3636 1707 suscepit

1992 1719 2321 1790 imperium,
2366 1722 2745 1791 regnavitque
2787 1723 2951 1778 annis
2982 1725 3067 1793 34,
3106 1725 3403 1781 mensibus
3434 1729 3487 1794 2,
3524 1725 3640 1781 die-

1904 1810 1961 1871 B
1994 1809 2102 1865 bus
2122 1814 2210 1865 26.
2247 1810 2346 1864 llic
2368 1815 2494 1865 erat
2520 1795 3067 1881 pcrniciosissimus,
3103 1812 3258 1868 ferus
3283 1818 3338 1867 et
3366 1814 3635 1885 agrestis,

1994 1904 2333 1968 persecutor
2362 1897 2550 1966 legum
2575 1914 2603 1953 a
2631 1900 2897 1969 patribus
2930 1901 3300 1970 traditarum,
3334 1904 3636 1973 tyrannice

1989 2000 2103 2041 non
2138 1985 2392 2055 legitime
2427 2003 2565 2043 usus
2598 1988 2861 2058 imperio,
2900 1988 3087 2059 primo
3121 1988 3351 2058 quidem
3377 2005 3405 2045 a
3430 1991 3546 2045 Deo
3578 1995 3635 2046 et

1990 2074 2334 2131 intemerata
2357 2076 2483 2145 ejus
2506 2077 2789 2146 genitrice
2811 2080 2868 2131 et
2894 2077 3165 2132 omnibus
3197 2078 3416 2133 sanctis
3438 2079 3637 2135 absce-

1988 2164 2152 2233 dens,
2185 2165 2441 2235 magicis,
2479 2164 2781 2220 maleﬁciis
2802 2169 2861 2220 et
2884 2164 3133 2221 luxuriis
3167 2180 3229 2221 ac
3260 2167 3524 2222 cruentis
3550 2181 3637 2223 sa-

1985 2253 2223 2309 criﬁciis
2272 2258 2331 2308 et
2382 2252 2852 2309 invocationibus
2904 2254 3229 2309 daemonum
3284 2254 3633 2325 delectatus,

1988 2341 2353 2398 molliciebus
2403 2357 2633 2412 quoque
2682 2357 2748 2397 ac
2793 2342 3065 2397 omnibus
3116 2342 3335 2398 animas
3381 2357 3637 2399 corrum-

1988 2431 2261 2502 pentibus
2286 2446 2315 2485 a
2342 2434 2539 2485 tenera
2563 2435 2738 2486 aztate
2759 2431 3096 2500 convivens,
3123 2432 3637 2501 persecutionibus

1986 2519 2165 2575 eciam
2213 2524 2547 2575 sanctarum
2588 2519 2988 2575 mcclcsiarum
3031 2534 3097 2575 ac
3134 2520 3638 2590 peremptionibus

1988 2609 2399 2663 monachorum
2420 2623 2485 2663 ac
2502 2607 2922 2664 violationibus
2942 2608 3433 2663 monasteriorum
3454 2608 3637 2663 malis-

1987 2711 2099 2767 que
2130 2695 2307 2752 variis
2341 2710 2813 2767 supercrescens,
2846 2711 2957 2752 non
2991 2695 3179 2751 minus
3212 2710 3380 2765 quam
3417 2696 3640 2751 Diocle-

1988 2786 2180 2841 tianus
2212 2784 2512 2855 ceterique
2555 2784 2774 2855 antiqui
2810 2785 3059 2856 tyranni.

2058 2872 2242 2942 (EINH.
2278 2874 2450 2940 Anu.)
2485 2873 2667 2943 Hujus
2692 2887 2839 2928 anno
2864 2873 3066 2943 primo,
3097 2871 3192 2941 qui
3217 2875 3304 2927 est
3329 2872 3635 2929 dominicae

1986 2962 2407 3018 incarnationis
2447 2965 2570 3031 742,
2620 2962 2884 3033 Karolus,
2939 2961 3164 3032 Pippini
3224 2960 3402 3031 illius,
3457 2961 3639 3029 major

1987 3050 2193 3107 domus
2220 3051 2273 3107 in
2299 3066 2476 3120 regno
2506 3052 2853 3106 Francorum
2912 3050 3076 3115 obiit,
3114 3049 3453 3119 relinquens
3490 3048 3640 3103 filios

1908 3168 1957 3232 Ο
1984 3144 2131 3207 tres,
2162 3139 2487 3211 Pippinum,
2523 3137 2967 3232 Karlomannum
2999 3142 3057 3193 et
3088 3138 3458 3232 Griphonem.
3490 3137 3644 3232 Quo-

1986 3244 2112 3285 rum
2134 3228 2378 3300 ,Gripho,
2424 3228 2519 3299 qui
2563 3227 2780 3284 ceteris
2822 3227 3007 3282 minor
3039 3231 3178 3283 natu
3210 3230 3360 3295 erat,
3394 3230 3638 3280 matrem

1985 3317 2213 3372 nomine
2263 3316 2672 3373 Suanahildem
2722 3316 2994 3385 habebat,
3047 3319 3281 3386 neptem
3335 3313 3639 3369 Oudilonis

1986 3405 2379 3461 Bawariorum
2406 3405 2588 3461 ducis.
2635 3406 2767 3460 Ilaec
2809 3403 2969 3460 illum
3008 3403 3259 3472 maligno
3289 3401 3532 3459 consilio
3563 3400 3635 3457 ad

1985 3509 2146 3566 spem
2181 3494 2341 3564 regni
2378 3494 2561 3550 totius
2592 3493 2877 3563 incitavit,
2913 3494 2969 3548 in
3004 3496 3229 3548 tantum
3254 3496 3317 3548 ut
3340 3492 3464 3547 sine
3494 3488 3637 3545 dila-

1987 3582 2140 3638 tione
2166 3582 2500 3638 Laudunum
2526 3581 2821 3637 civitatem
2847 3586 3167 3651 occuparet
3192 3594 3256 3635 ac
3282 3578 3495 3634 bellum
3526 3578 3636 3632 fra-

1985 3672 2174 3727 tribus
2208 3670 2513 3726 indiceret.
2569 3670 2675 3735 Qui
2724 3669 2999 3724 celeriter
3049 3668 3312 3723 exercitu
3361 3666 3632 3736 collecto,

1984 3760 2320 3816 Laudunum
2354 3758 2715 3825 obsidentes,
2750 3758 2986 3811 fratrem
3018 3756 3076 3810 in
3108 3754 3463 3810 deditionem
3487 3754 3635 3811 acci-

1985 3848 2170 3920 piunt,
2199 3854 2373 3918 atque
2397 3848 2528 3903 inde
2546 3846 2616 3902 ad
2636 3844 3019 3901 ordinandum
3045 3858 3285 3912 regnum
3309 3857 3376 3897 ac
3402 3843 3637 3912 provin-

1982 3937 2124 4008 cias,
2145 3952 2271 4007 quae
2293 3940 2425 4008 post
2447 3940 2691 3991 mortem
2710 3934 2898 4005 patris
2918 3948 2947 3988 a
2966 3935 3322 3988 Francorum
3343 3930 3633 3986 societate

1983 4027 2374 4097 desciverant,
2409 4023 2837 4095 recuperandas
2868 4022 3091 4077 animos
3126 4018 3456 4087 intendunt,
3483 4023 3538 4072 et
3572 4023 3635 4074 ut

1983 4116 2038 4171 in
2071 4120 2311 4171 externa
2356 4113 2603 4186 profecti
2645 4110 2797 4167 domi
2842 4111 3032 4167 omnia
3074 4112 3201 4165 tuta
3244 4107 3632 4177 dimitterent,

1981 4204 2401 4260 Karlomannus
2428 4202 2777 4274 Griphonem
2808 4200 2863 4255 in
2892 4214 3039 4256 novo
3062 4197 3153 4231 ¹¹⁰¹
3173 4196 3441 4267 castello,
3473 4194 3629 4266 quod

1975 4293 2144 4364 juxta
2184 4294 2504 4348 Arvernum
2550 4290 2727 4347 situm
2766 4294 2879 4360 est,
2924 4287 3204 4345 custodiri
3238 4286 3395 4356 fecit,
3430 4285 3483 4340 in
3518 4298 3629 4355 qua

1981 4381 2248 4438 custodia
2280 4395 2461 4452 usque
2494 4380 2565 4437 ad
2600 4379 2655 4435 id
2683 4383 2937 4451 tempus,
2971 4393 3084 4449 quo
3118 4377 3269 4433 idem
3302 4373 3635 4432 Karloman-

1981 4487 2091 4527 nus
2122 4473 2356 4527 Romam
2390 4470 2691 4542 profectus
2719 4473 2833 4539 est,
2866 4467 3082 4525 dicitur
3110 4464 3519 4539 permansisse.

2053 4560 2280 4632 Pippini
2310 4565 2366 4615 et
2403 4558 2789 4616 Karlomanni.
3083 4645 3094 4648 _
3494 4638 3505 4648 .
3591 4638 3602 4648 υ

2054 4656 2101 4704 1.
2138 4655 2192 4705 2.
2230 4651 2292 4704 Α.
2330 4651 2389 4703 D.
2426 4652 2548 4704 743.
2583 4648 2862 4718 Pippinus
2886 4650 2941 4700 et
2967 4645 3387 4701 Karlomannus
3419 4645 3632 4711 princi-

1983 4745 2123 4812 patu
2166 4739 2359 4811 potiti,
2401 4739 2587 4810 primo
2626 4736 2992 4807 Aquitaniam
3036 4734 3298 4804 recipere
3338 4728 3630 4796 volentes,

1983 4833 2192 4886 contra
2216 4827 2542 4885 llunoldum
2570 4825 2727 4880 illius
2752 4822 3063 4894 provinciae
3094 4822 3295 4876 ducem
3317 4831 3448 4874 cum
3470 4831 3635 4872 exer-

1981 4919 2103 4975 citu
2122 4917 2363 4974 eandem
2385 4914 2752 4986 Aquitaniam
2776 4910 3203 4981 ingrediuntur,
3225 4915 3281 4963 et
3302 4910 3475 4977 capto
3495 4920 3637 4975 quo-

1983 5006 2113 5063 dam
2144 5004 2410 5075 castcllo,
2437 5002 2590 5074 quod
2626 5000 2843 5057 dicitur
2874 4999 3075 5068 Lucas,
3112 4997 3447 5069 priusquam
3470 5008 3543 5049 ex
3564 5008 3632 5051 ea

1985 5094 2284 5167 provincia
2336 5093 2701 5161 secederent,
2744 5102 3003 5159 regnum,
3049 5086 3203 5158 quod
3244 5082 3634 5141 communiter

1983 5184 2334 5253 habuerunt,
2370 5183 2521 5239 inter
2552 5196 2613 5237 se
2648 5179 2974 5236 diviserunt
3006 5178 3063 5233 in
3096 5176 3226 5233 loco
3255 5174 3351 5246 qui
3382 5176 3632 5231 vocatur

1984 5274 2165 5330 Vetus
2203 5270 2476 5342 Pictavis,
2521 5275 2581 5327 et
2623 5267 3045 5327 Karlomannus
3076 5265 3369 5324 Austriam
3406 5266 3467 5319 et
3505 5261 3636 5320 Ala-

1568 5372 1806 5429 VARUE
1870 5370 2273 5429 LECTIONES.

268 5448 375 5542 ’133⁷
405 5467 504 5542 ita.
523 5472 576 5523 1.
597 5481 787 5539 neque
815 5464 1204 5542 liutprandus.
1285 5466 1376 5501 1°”
1408 5468 1720 5542 ﬂuensque
1740 5500 1810 5542 -—_
1834 5469 2107 5542 perduxit
2139 5465 2519 5542 desuntD._E.
2600 5462 2691 5497 1°”
2722 5476 2969 5542 quorum
2992 5466 3106 5519 etc.
3132 5462 3195 5542 ρ.
3223 5456 3632 5542 sollempnitas

204 5540 388 5611 hodie
421 5539 480 5593 in
511 5533 824 5611 conspectu
856 5533 1340 5611 magestatistuae
1371 5538 1478 5597 cel.
1515 5540 1575 5597 E.
1613 5533 1658 5598 ἐ.
1691 5540 1746 5596 h.
1781 5533 1850 5597 in'
1872 5556 1923 5599 c.
1962 5545 2003 5599 t.
2038 5555 2114 5600 m.
2146 5537 2384 5598 Domine
2432 5538 2586 5595 Deus
2634 5537 2839 5594 noster
2882 5535 3016 5593 toto
3065 5534 3207 5593 orbe
3250 5534 3546 5593 terrarum
3576 5533 3628 5589 ὅ.

200 5612 299 5650 ¹¹⁰⁰
328 5608 599 5672 donariis
622 5606 685 5668 Ι).
711 5611 774 5670 Ε.
861 5606 1143 5668 ¹¹⁰³ἠιιιιο
1174 5609 1253 5668 1ι).
