3952 6302
333 442 618 502 manniam
643 444 818 509 atque
842 433 1014 492 Thuri

335 505 747 602 Burgundiam,
791 522 1118 580 Neustriam
1151 523 1324 588 atque
1353 511 1739 575 Provinciam,
1775 505 1976 574 sicque

335 621 760 676 Karlomannus
809 627 990 684 usque
1037 611 1090 664 in
1141 622 1350 664 annum
1400 605 1650 667 sextum,
1697 593 1978 665 Pippinus

337 725 523 779 usque
575 709 630 762 in
682 680 1046 760 undeciinum
1093 693 1574 768 principaliantnr
1626 685 1790 779 (0hr.

339 769 607 854 Neustria
642 807 780 850 vero
803 805 940 862 pars
961 792 1052 842 est
1077 783 1273 839 Gallia)
1307 780 1538 836 Celtica;
1563 776 1672 846 “0’,
1700 772 1794 828 illa
1829 769 1980 827 scili-

339 893 434 944 cet
463 901 589 957 qua)
621 884 896 951 Sequanae
925 874 1230 943 Ligerique
1261 871 1585 939 interu'acct.

445 987 734 1040 ΗΠ)ΙίΕῆυὸ
765 978 922 1048 ι,2.)
975 973 1171 1028 Omnis
1219 981 1464 1038 namque
1513 963 1694 1019 Gallia
1747 961 1802 1016 in
1855 965 1980 1014 tres

339 1079 536 1148 partes
560 1047 833 1136 distincta
857 1069 968 1131 est,
997 1063 1048 1116 in
1077 1059 1383 1128 Belgicam,
1417 1055 1712 1120 Celticam,
1749 1047 1982 1119 Aquita-

337 1137 542 1220 nicam.
591 1160 842 1224 Quarum
887 1151 1115 1220 Belgica
1157 1163 1186 1204 a
1219 1147 1436 1212 Rheno,
1483 1142 1578 1213 qui
1622 1137 1980 1196 Germaniam

339 1254 410 1309 ab
431 1263 650 1306 oceano
673 1242 1043 1306 determinat,
1067 1253 1192 1309 quae
1214 1234 1523 1292 multarum
1543 1229 1800 1298 gentium
1825 1229 1983 1282 ferax

337 1359 366 1398 a
391 1335 768 1410 germinando
792 1345 1000 1387 nomen
1023 1329 1266 1397 accepit,
1299 1319 1698 1393 exporrigitur
1722 1329 1900 1386 usque
1925 1313 1983 1367 in

340 1403 575 1486 ﬂuvium
626 1425 963 1484 Matronam,
1003 1418 1074 1472 ab
1119 1420 1367 1482 utroque
1417 1423 1555 1464 vero
1604 1406 1810 1472 latere,
1851 1403 1982 1458 hinc

339 1517 571 1590 quidem
597 1511 840 1582 Alpibus
864 1503 1198 1578 Apenninis,
1223 1501 1354 1556 inde
1378 1513 1516 1554 vero
1543 1495 1684 1550 mari
1707 1493 1980 1561 vallatur,

340 1582 508 1676 cujus
527 1597 978 1660 circumfusione
1013 1591 1202 1649 insula
1235 1588 1565 1645 Britannica
1593 1583 1683 1617 “°’
1711 1582 1977 1639 eﬂlcitur.

341 1675 557 1753 Celtica
591 1695 784 1747 autem
815 1702 845 1742 a
878 1686 1130 1740 Matrona
1172 1694 1270 1752 per
1302 1678 1534 1741 longum
1570 1676 1625 1730 in
1659 1675 1983 1729 Garunnam

339 1781 718 1846 distenditur,
745 1775 912 1844 cujus
937 1772 1118 1828 latera
1143 1767 1344 1824 oceani
1363 1762 1680 1820 Britannici
1701 1767 1759 1816 et
1779 1760 1984 1816 insulae

342 1871 687 1929 Britannicae
727 1865 944 1921 limites
982 1860 1256 1916 efﬁciunt.
1307 1853 1589 1924 Quicquid
1629 1866 1769 1906 vero
1811 1866 1839 1904 a
1885 1851 1989 1903 Ga-

340 1976 522 2019 runna
557 1955 928 2030 protenditur
957 1952 1012 2005 in
1043 1952 1387 2018 Pyreneum,
1421 1940 1760 2012 Aquitanica
1793 1936 1989 2009 appel-

342 2052 515 2119 latur,
551 2028 684 2104 hinc
717 2042 995 2098 Rhodano
1019 2043 1079 2092 et
1102 2035 1268 2091 Arari
1295 2038 1468 2102 atque
1496 2031 1625 2086 inde
1651 2028 1990 2083 mediterra-

341 2155 450 2196 neo
474 2114 614 2192 mari
639 2131 1017 2191 collimitans.
1055 2127 1291 2181 Constat
1328 2123 1544 2190 itaque,
1577 2118 1760 2173 totius
1792 2114 1989 2170 Gallize

344 2228 606 2300 spaeium
640 2225 712 2279 ab
745 2221 971 2276 oriente
1013 2215 1245 2286 quidem
1284 2211 1504 2277 Rheno,
1549 2209 1619 2262 ab
1663 2205 1988 2273 occidente,

345 2295 626 2388 P-yreneo,
653 2327 681 2367 a
705 2305 1109 2380 septentrione
1133 2301 1271 2357 mari
1301 2297 1651 2363 Britannico,
1687 2295 1758 2349 ab
1788 2296 1992 2348 austro

346 2381 486 2462 vero
521 2381 663 2456 mari
699 2395 1144 2460 mediterraneo,
1179 2388 1351 2457 cingi.
1389 2387 1600 2440 Omnes
1623 2398 1762 2452 ergo
1788 2381 1995 2436 Gallia-

345 2507 474 2549 rum
498 2486 696 2561 populi
717 2485 909 2540 innata
931 2479 1171 2537 audacia
1197 2477 1510 2548 plurimum
1535 2473 1876 2538 eﬂ‘eruntur,
1903 2483 1994 2523 ca-

347 2559 696 2637 lumn'iarum
723 2572 1113 2643 impatientes.
1147 2565 1354 2635 (Ibid,
1377 2579 1427 2619 c.
1457 2565 1534 2634 3.)
1569 2561 1622 2614 Si
1651 2559 1990 2626 incitantur,

347 2667 588 2726 cedibus
609 2661 896 2729 exultant,
922 2656 1262 2724 efl‘eratique
1289 2649 1696 2708 inclementius
1727 2645 1996 2702 adoriun-

349 2763 466 2824 tur,
493 2753 670 2811 semel
692 2761 1030 2822 persuasum
1055 2759 1120 2800 ac
1143 2741 1469 2798 rationibus
1491 2737 1876 2808 approbatum
1900 2733 1996 2788 vix

349 2820 618 2900 refellere
641 2820 1018 2896 consuerunt.
1049 2832 1237 2900 Belga:
1260 2831 1438 2884 rebus
1455 2822 1835 2896 disponendis
1859 2820 1993 2878 sunt

349 2931 720 3002 insigniores,
779 2924 988 2981 robore
1037 2926 1213 2991 atque
1267 2916 1508 2974 audacia
1561 2929 1669 2970 non
1720 2912 1995 2982 impares,

351 3022 596 3080 maxima
634 3029 879 3088 quaeque
914 3011 1098 3081 magis
1119 3007 1348 3077 ingenio
1372 3019 1540 3075 quam
1573 3002 1796 3057 viribus
1828 3014 1998 3071 appe-

347 3116 514 3174 tunt;
547 3112 606 3164 et
631 3106 679 3162 si
706 3102 935 3172 ingenio
958 3101 1013 3154 in
1037 3095 1382 3170 appetendis
1413 3095 1740 3160 cassantur,
1774 3089 2000 3145 viribus

349 3199 629 3257 audacter
659 3197 924 3250 utuntur.
955 3187 1076 3244 Cibi
1099 3185 1274 3241 etiam
1299 3188 1472 3252 atque
1499 3185 1670 3251 potus
1694 3178 1837 3234 adeo
1864 3181 1998 3232 sunt

349 3287 528 3361 parci.
565 3283 744 3340 Celtae
777 3295 917 3335 vero
949 3281 1124 3346 atque
1161 3270 1430 3342 Aquitani
1465 3267 1711 3325 consilio
1742 3265 1912 3322 simul
1943 3268 1999 3320 et

350 3353 594 3434 audacia
617 3369 870 3444 plurimi,
897 3367 1076 3422 rebus
1095 3360 1402 3418 scdiciosis
1425 3355 1804 3424 accommodi,
1827 3353 2004 3410 Celtae

351 3471 543 3522 tamen
568 3460 751 3530 magis
770 3454 1020 3528 providi,
1041 3449 1310 3522 Aquitani
1334 3463 1472 3503 vero
1493 3445 1810 3518 prccipites
1830 3457 2008 3512 agun_

346 3563 469 3625 tur,
499 3549 929 3625 plurimumque
955 3543 1009 3597 in
1032 3542 1297 3598 ciborum
1321 3536 1644 3608 appetitum
1674 3533 2000 3605 rapiuntur,

351 3642 505 3719 quod
530 3641 613 3696 sic
633 3637 719 3694 eis
743 3639 832 3691 cst
859 3635 1142 3698 innatum,
1171 3632 1232 3684 ut
1257 3631 1460 3699 preter
1481 3630 1747 3680 naturam
1771 3637 1884 3677 non
1907 3636 2005 3692 ap-

349 3708 572 3808 petant.
607 3726 749 3782 Hinc
779 3719 1068 3792 Sulpicius
1091 3718 1342 3772 Severus
1367 3733 1378 3767 :
1409 3733 1437 3765 α
1461 3711 1752 3780 Edacitas,
1789 3708 1998 3780 inquit,

349 3799 404 3878 in
439 3817 638 3876 Grecis
675 3809 963 3880 est'gula,
1006 3807 1062 3862 in
1105 3803 1284 3861 Gallis
1326 3807 1554 3857 natura.
1593 3818 1621 3852 »
1655 3799 1772 3852 Hos
1800 3811 2000 3852 omnes

351 3908 663 3966 Galliarum
716 3897 965 3972 pepulos
1013 3894 1187 3951 etiam
1235 3893 1292 3946 in
1341 3885 1675 3961 paganismo
1727 3885 1846 3942 fere
1898 3900 2000 3956 per

346 3997 541 4056 omnia
563 4002 843 4065 prospere
864 3985 1073 4055 egisse,
1097 3979 1340 4038 tradunt
1361 3976 1672 4048 hysteriae;
1701 3977 1830 4047 post
1857 3989 1996 4030 vero

349 4103 378 4144 a
402 4064 606 4143 saneto
637 4076 896 4146 Remigio
929 4071 1232 4145 baptizati,
1268 4071 1472 4124 contra
1501 4080 1702 4122 omnes
1734 4064 1993 4134 gentium

349 4367 460 4410 nus
487 4349 712 4422 primus
741 4343 920 4399 fuisse
949 4337 1206 4394 traditur
1237 4332 1583 4402 Clodoveus,
1610 4331 1700 4386 vir
1720 4329 1911 4387 audax
1933 4333 1992 4388 et
2024 4319 2074 4381 D

348 4419 648 4506 strenuus,
672 4438 730 4490 et
755 4445 870 4502 quo
899 4425 1096 4484 nullus
1130 4428 1265 4496 post
1293 4436 1424 4477 eum
1457 4420 1674 4492 pietate
1703 4419 1991 4491 bellisque

346 4540 618 4599 umquam
647 4520 831 4590 magis
861 4515 1092 4574 enituit.
1129 4511 1222 4583 (θ.
1264 4510 1392 4584 Fr.)
1425 4509 1527 4567 Hic
1558 4513 1823 4580 tempore
1855 4523 1994 4579 quo-

348 4597 480 4675 dam
511 4613 838 4672 bellaturus
869 4607 1072 4662 contra
1107 4601 1396 4658 Alaricum
1441 4613 1632 4670 regem
1675 4597 1991 4654 Gothorum

346 4723 478 4766 cum
501 4703 750 4763 venisset
771 4700 1077 4764 Turonum,
1105 4691 1284 4748 multa
1304 4705 1540 4747 munera
1561 4686 1774 4744 obtulit
1794 4686 1993 4743 acele-

349 4797 448 4855 sia:
473 4792 660 4852 sancti
693 4787 919 4846 Martini
942 4800 1072 4843 cum
1095 4798 1245 4854 equo
1269 4797 1376 4838 suo
1398 4777 1787 4848 velocissimo,
1821 4791 1992 4846 quem

349 4885 594 4944 multum
616 4881 877 4943 amabat;
909 4879 970 4932 et
997 4872 1258 4946 expetito
1279 4869 1497 4928 auxilio
1520 4866 1779 4936 ejusdem
1804 4866 1990 4922 sancti

348 4979 554 5033 contra
566 4974 799 5044 gentem
813 4962 1190 5034 incredulam,
1208 4954 1786 5036 promittebatadhuc
1798 4953 1987 5028 plura,

350 5063 398 5120 si
435 5077 536 5136 per
566 5060 694 5132 ejus
723 5054 1204 5115 intercessionem
1240 5051 1431 5108 victor
1462 5047 1702 5106 rediret.
1736 5047 1992 5116 Cumque

1500 277 1982 348 EKKEHARDI
2023 268 2576 339 URAUGIENSIS

1022 433 1209 502 ngium
1234 427 1500 490 sortitur,
1535 421 1816 492 Pippinus
1835 429 1974 471 vero
2005 417 2058 476 Α
2090 409 2402 465 interfecto
2449 403 2678 461 Alarico
2725 402 3124 458 reverteretur
3163 409 3295 454 cum
3335 393 3608 460 victoria,
3650 407 3759 448 ve—

2134 499 2143 502 -
2329 497 2340 502 -
2493 495 2507 502 -
2751 491 2764 502 ι
2844 491 2853 501 ο
3200 485 3213 502 I
3269 483 3566 502 _-AI____I_
3597 479 3750 502 4-..-

3623 257 3754 318 836

2089 499 2255 554 nicns
2275 497 2343 552 ad
2363 495 2604 551 eandem
2627 491 2970 560 aacclesiam,
2999 503 3104 560 pro
3129 483 3411 543 solvendo
3430 488 3572 539 voto
3593 479 3754 536 dona

2087 587 2299 644 obtulit
2327 585 2594 657 plurima,
2620 597 2725 654 pro
2747 595 2898 651 equo
2920 593 3081 647 vero,
3105 591 3274 648 quem
3301 574 3378 629 ibi
3403 571 3744 640 dimiserat,

2089 676 2250 732 dedit
2290 671 2706 730 matriculariis
2758 667 3040 726 aeeclesize
3092 668 3324 721 centum
3379 659 3632 728 solidos,
3687 663 3758 715 ut

2088 780 2217 822 eum
2251 763 2536 832 reciperet
2595 760 2817 826 Quibus
2849 755 3022 821 datis,
3057 768 3244 824 equus
3272 751 3371 807 ille
3401 765 3461 806 se
3495 747 3754 804 nullate-

2089 869 2198 909 nus
2221 852 2421 908 movit.
2453 853 2522 905 At
2554 848 2650 904 ille
2683 847 2764 903 ait
2796 865 2808 902 :
2847 844 3076 902 Dantur
3097 840 3483 899 aliicentum.
3519 836 3756 902 Quibus

2089 941 2289 997 itidem
2319 939 2492 1006 datis,
2537 939 2735 994 statim
2765 949 2951 1004 equus
2985 931 3214 988 solutus
3247 927 3388 984 abiit
3444 927 3606 982 Tunc
3641 939 3752 980 rex

2089 1045 2219 1086 cum
2245 1029 2454 1084 laeticia
2481 1027 2595 1082 ait:
2635 1026 2773 1081 Vera
2804 1023 3008 1079 beatus
3039 1018 3343 1076 Martinus
3367 1015 3553 1072 bonus
3572 1013 3662 1070 est
3685 1015 3753 1070 in

2089 1117 2328 1175 auxilio
2357 1117 2416 1172 et
2440 1128 2618 1172 carus
2647 1113 2714 1170 in
2740 1111 2991 1182 negotio.
3028 1105 3318 1179 (Ruentem)
3353 1105 3438 1159 Ab
3469 1103 3583 1157 hoc
3607 1116 3754 1168 ergo

2093 1205 2384 1261 Clodoveo
2425 1219 2527 1276 per
2565 1199 2938 1259 suecedentia
2979 1201 3244 1267 tempora
3283 1189 3754 1263 imperatoribus

2093 1294 2346 1365 egregiis
2366 1309 2458 1350 res
2475 1291 2710 1364 publica
2732 1291 3085 1345 Francorum
3108 1284 3432 1353 gubernata
3461 1279 3647 1334 fuisse
3669 1277 3756 1332 di-

2094 1382 2374 1452 noscitur,
2401 1395 2584 1452 usque
2605 1379 2675 1436 ad
2697 1379 2818 1433 haec
2840 1375 3161 1448 propinqua
3184 1377 3448 1441 tempora
3473 1365 3758 1438 Pippino-

2097 1487 2220 1530 rum
2252 1476 2308 1528 et
2345 1470 2706 1538 Karolorum,
2744 1467 2798 1521 in
2833 1465 3046 1535 quibus
3077 1458 3442 1531 temporibus
3472 1471 3580 1528 per
3615 1453 3752 1509 levi-

2013 1579 2066 1640 B
2097 1565 2275 1618 tatem
2309 1575 2508 1630 regum
2544 1557 2903 1626 aliquantum
2937 1551 3182 1622 dilapsa,
3220 1561 3323 1620 per
3346 1547 3449 1601 hos
3471 1545 3755 1614 egregios

2095 1651 2275 1718 viros,
2312 1649 2382 1704 de
2416 1648 2626 1718 quibus
2665 1659 2814 1700 nunc
2855 1655 3046 1698 sermo
3074 1643 3184 1706 est,
3218 1635 3290 1692 ad
3324 1633 3634 1706 pristinam
3669 1631 3757 1686 di-

2096 1739 2376 1808 gnitatem
2422 1732 2886 1804 magniﬁcentius
2915 1733 3008 1786 est
3041 1727 3310 1783 reducta.

2171 1828 2362 1895 (Eme.
2404 1827 2594 1897 Ann.)
2643 1823 2898 1891 Denique
2943 1823 3006 1874 ut
3053 1815 3122 1872 de
3169 1812 3413 1885 Pippino
3451 1815 3512 1866 et
3553 1808 3760 1897 Karlo-

2099 1931 2307 1972 manno
2361 1895 2642 1969 fratribus
2693 1911 2954 1966 scribere
3013 1903 3317 1976 coepimus,
3381 1914 3515 1954 mox
3567 1903 3630 1954 ut
3685 1895 3757 1950 de

2103 2004 2410 2075 Aquitania
2441 2003 2672 2057 domum
2698 2003 2834 2055 sunt
2860 1993 3135 2065 regressi,
3167 1990 3595 2048 Karlomannus
3628 1983 3762 2042 Ala-

2104 2093 2408 2155 manniam,
2437 2105 2564 2162 quae
2596 2093 2656 2144 et
2689 2088 2808 2158 ipsa
2835 2101 2862 2140 a
2889 2086 3239 2140 Francorum
3273 2079 3562 2134 societate
3598 2075 3758 2130 defe-

2103 2186 2284 2250 cerat,
2321 2195 2448 2236 cum
2483 2177 2746 2234 exercitu
2780 2176 3101 2244 ingressus,
3145 2171 3298 2224 l‘erro
3331 2164 3666 2222 devastavit
3697 2167 3758 2218 et

2105 2269 2240 2338 igni.
2285 2267 2614 2324 Hildericus
2643 2265 2732 2298 ¹ι⁰⁶
2763 2279 2865 2318 rex
2897 2263 3244 2317 Francorum
3290 2268 3535 2324 regnare
3574 2251 3756 2322 coepit

2105 2356 2200 2426 (cf.
2235 2357 2311 2412 H.
2345 2356 2472 2427 Fr.)

2173 2450 2224 2501 2.
2271 2450 2320 2501 3.
2377 2444 2563 2512 (EINH.
2605 2442 2786 2513 Ann.)
2839 2443 2902 2496 A.
2945 2440 3008 2494 D.
3052 2439 3176 2492 744.
3231 2433 3655 2489 Karlomannus
3701 2440 3764 2484 et

2108 2534 2387 2606 Pippinus
2423 2531 2645 2603 junctis
2687 2529 2875 2600 copiis
2913 2531 3118 2584 contra
3162 2522 3508 2579 Oudiloncm
3552 2517 3762 2574 ducem

2106 2622 2502 2679 Bawariorum
2553 2618 2798 2691 prol‘ecti
2847 2621 3004 2686 sunt,
3054 2613 3376 2686 praelicque
3421 2608 3760 2676 commisso,

2107 2711 2428 2768 exercitum
2485 2709 2611 2779 ejus
2661 2706 2958 2765 fuderunt.
3011 2703 3118 2759 Sed
3170 2707 3480 2772 postquam
3535 2711 3566 2752 a
3616 2697 3763 2753 cede

2109 2800 2328 2856 reversi
2373 2803 2530 2869 sunt,
2575 2796 2997 2853 Karlomannus
3032 2808 3162 2848 cum
3204 2790 3328 2846 suis
3359 2789 3411 2842 in
3448 2786 3762 2842 Saxoniam

2109 2890 2404 2961 profectus
2436 2892 2528 2942 est
2567 2887 2768 2942 eodem
2812 2898 2981 2952 anno,
3017 2885 3076 2936 et
3108 2879 3262 2950 cepit
3299 2881 3559 2934 castrum
3602 2873 3763 2946 quod

2029 2950 2077 3011 Ο
2109 2950 2323 3034 dicitur
2346 2975 2760 3044 llochseohurg
2781 2971 2892 3042 “0“,
2915 2950 2973 3026 et
3007 2967 3421 3024 Theodericum
3447 2968 3758 3030 Saxonem,

2111 3065 2267 3122 illius
2299 3065 2408 3122 loci
2445 3063 2803 3136 primarium,
2838 3061 2893 3115 in
2927 3058 3282 3115 deditionem
3314 3054 3565 3126 accepit.
3603 3056 3681 3107 ’1.

2250 3174 2332 3244 *1)
2367 3176 2450 3227 10.
2491 3175 2589 3244 114.7
2611 3167 3150 3244 adduntzSanctus
3183 3161 3522 3244 ‘Bonil‘aeius
3551 3174 3626 3214 ex
3644 3173 3761 3244 nsua

2325 3233 2628 3314 parrochia
2671 3235 3122 3314 Mogontiacensi
3165 3233 3311 3314 duos
3353 3233 3764 3314 episcopatus,

2325 3302 2855 3380 Wirziburgens‘em
2897 3311 2953 3363 et
2995 3305 3480 3372 Eichstatensem,
3526 3302 3760 3358 statuit.

2327 3399 2402 3442 ex
2431 3381 2740 3442 Bernoldo.

2187 3497 2238 3548 3.
2272 3494 2322 3546 4.
2360 3493 2424 3546 Α.
2459 3493 2519 3544 D.
2550 3491 2673 3544 745.
2713 3489 2926 3542 lterum
2956 3482 3376 3541 Karlomannus
3397 3484 3456 3536 et
3478 3479 3768 3552 Pippinus

2109 3583 2276 3654 juxta
2336 3595 2499 3636 manu
2553 3576 2643 3611 11°“
2694 3575 2997 3632 Saxoniam
3055 3571 3303 3642 ingressi
3358 3575 3517 3640 sunt,
3573 3565 3766 3640 predi-

2112 3675 2385 3742 etumque
2429 3665 2845 3724 Theodericum
2895 3665 3178 3719 Saxonem
3227 3663 3532 3732 ceperunt.
3589 3655 3758 3726 (Chr.

2124 3761 2232 3831 W.)
2264 3758 2494 3814 Initium
2527 3753 2830 3812 Fuldensis
2857 3749 3218 3808 monasterii.

2181 3869 2230 3924 4.
2265 3870 2315 3921 :5.
2354 3865 2538 3936 (Er-su.
2571 3863 2750 3933 Ann.)
2785 3863 2849 3916 A.
2884 3861 2946 3914 D.
2981 3860 3104 3914 746.
3141 3853 3567 3912 Karlomannus
3600 3855 3764 3924 pate-

2109 3954 2247 4012 fecit
2281 3953 2447 4010 fratri
2477 3967 2603 4022 suo,
2639 3949 2791 4020 quod
2814 3948 2932 4018 jam
2965 3947 3062 4003 diu
3096 3943 3526 4018 premeditatus
3548 3946 3660 4010 est,
3694 3954 3760 3995 se

2107 4043 2333 4101 scilicet
2383 4040 2534 4098 velle
2585 4039 2843 4096 seculum
2889 4037 3188 4093 dimittere
3223 4031 3314 4066 ¹¹⁰⁷
3350 4036 3408 4088 et
3455 4031 3512 4086 in
3554 4030 3758 4086 habitu

2107 4131 2444 4189 monachico
2475 4132 2589 4185 Deo
2623 4127 2864 4184 servire.
2901 4127 3150 4196 Propter
3188 4125 3297 4180 hoc
3332 4120 3556 4178 nullam
3581 4133 3760 4190 expe-

2106 4221 2385 4278 ditionem
2430 4233 2498 4275 eo
2547 4231 2696 4275 anno
2741 4217 3090 4285 habuerunt,
3145 4211 3248 4269 sed
3298 4209 3635 4286 preparavit
3691 4223 3756 4265 se

2106 4314 2375 4380 uterque,
2415 4305 2835 4363 Karlomannus
2866 4306 2929 4360 ut
2961 4303 3072 4358 iter
3103 4305 3159 4357 et
3195 4304 3394 4358 votum
3427 4313 3595 4356 suum
3629 4311 3759 4370 per-

2106 4398 2328 4470 ficeret,
2376 4397 2656 4470 Pippinus
2697 4393 2949 4467 qualiter
2990 4391 3154 4450 illum
3195 4389 3518 4448 honoriﬁce
3565 4386 3758 4444 dimit-

2103 4493 2277 4546 teret.

2173 4601 2222 4652 ὅ.
2259 4598 2309 4652 6.
2347 4593 2516 4664 (ΟΙιν.
2561 4591 2642 4650 W.
2664 4591 2918 4647 —Emn.
2967 4588 3104 4646 Vita
3130 4585 3354 4645 Κανοιὶ
3383 4600 3434 4642 c.
3467 4587 3552 4658 2.)
3586 4587 3652 4641 A.
3685 4585 3752 4640 D.

2099 4687 2223 4744 747.
2259 4685 2282 4708 *
2315 4676 2977 4738 Karlomannus‘divino
3027 4689 3347 4733 succensus
3399 4687 3596 4730 amore
3646 4673 3760 4729 Ro-

2103 4788 2251 4832 mam
2292 4771 2556 4841 tendens,
2596 4767 2888 4826 Zachariw
2921 4780 3083 4838 papaa
3125 4779 3184 4822 se
3225 4761 3460 4836 obtulit,
3495 4766 3556 4819 et
3587 4761 3662 4817 ab
3689 4775 3758 4818 eo

2101 4863 2356 4923 clericus
2423 4863 2629 4929 lactus,
2691 4856 3012 4927 habituque
3072 4857 3294 4911 mutato
3353 4851 3758 4910 monachicum

2101 4951 2340 5024 capiens
2381 4947 2802 5018 indumentum,
2839 4945 2895 5000 in
2928 4949 3123 5000 monte
3165 4942 3403 5000 Soracte
3435 4940 3561 4999 sive
3592 4942 3756 5012 Syra-

2103 5040 2187 5114 pti
2207 5035 2298 5074 11°“
2314 5040 2655 5096 constructo
2673 5033 3053 5104 monasterio,
3074 5031 3229 5105 apud
3246 5031 3582 5090 ecclesiam
3601 5027 3754 5088 beati

1716 5193 1954 5254 VARUE
1994 5190 2394 5251 LECTIONES.

423 5353 516 5392 ¹¹⁰¹
545 5350 764 5413 eellicae
795 5357 844 5408 l.
880 5356 931 5408 δ.
963 5353 1041 5407 9ο.
1075 5351 1137 5404 D.
1172 5345 1397 5404 celticaa
1423 5341 1645 5402 cellicaa
1677 5345 1762 5398 10.
1795 5339 2192 5413 cellicaa‘cgrf.
2227 5333 2454 5413 c_eltic_a3
2483 5333 2528 5388 E
2562 5337 2640 5413 in
2694 5327 3048 5413 “fitagniqa
3076 5331 3140 5413 δι
3162 5397 3174 5412 ο
3204 5323 3296 5410 f‘“
3325 5323 3662 5413 ‘Hildeg‘jpuf
3685 5353 3755 5413 -τ

353 5426 536 5556 angit
548 5405 945 5507 ξὶἶίῖῇὁειθά
971 5405 1307 5504 aeripedem
1331 5429 1519 5474 manu
1545 5413 1762 5473 addita
1784 5410 1940 5470 sunt.
2021 5409 2113 5444 11°“
2141 5405 2548 5494 hochscoburg

357 5500 418 5556 D.
504 5539 517 5553 .
543 5499 746 5556 iuncta
777 5507 949 5550 manu
981 5490 1218 5556 legam.
1247 5491 1412 5556 Juxta
1443 5500 1672 5544 manum
1700 5485 1752 5542 4.
1779 5488 1828 5540 δ.
1855 5487 1906 5540 6.
1931 5484 2146 5556 9⁶.,1().,
2178 5477 2248 5537 ιιι
2271 5475 2431 5550 quod
2458 5488 2548 5536 αντ

2585 5401 2664 5460 1b.
2743 5399 2835 5436 ¹¹⁰⁶
2861 5401 2957 5462 ita
2985 5403 3040 5456 1.
3069 5397 3176 5458 ubi
3200 5397 3270 5456 in
3297 5398 3448 5456 Ann.
3482 5395 3672 5456 Βὶηι.
3703 5395 3762 5457 σε

543 5465 949 5566 ίῖἶιὲίαᾝέῆῑὶ
971 5465 1756 5566 Eiiﬁ'j'ﬁii'i'ﬁgﬁiﬁfl
1779 5465 2146 5566 3:93.19,
2178 5477 2248 5537 id
2271 5475 2431 5550 quod
2458 5465 2658 5536 εῆοονσ
2669 5473 2868 5548 fac-ili
2893 5473 2963 5530 τίη
2982 5475 3034 5528 ι.
3069 5469 3188 5542 logi
3211 5470 3468 5544 pom-at.
3545 5465 3640 5504 ιιοτ
3667 5481 3754 5530 re-

351 5552 624 5645 iniquis.
659 5552 710 5624 Β.
789 5561 882 5598 ¹¹⁰⁸
910 5563 968 5622 in
998 5552 1472 5638 S'erapte'monte
1501 5557 1580 5615 υ).
1615 5557 1674 5614 in
1703 5571 1775 5613 m.
1816 5552 2040 5628 syrapti
2067 5554 2119 5608 4.
