3952 6330
288 301 410 369 837

1167 302 1606 370 CHRONICA.
1640 343 1716 354 —-
1745 302 2218 372 CHRONICON
2267 314 2813 380 UNIVERSALE.

3580 331 3700 394 838

289 439 588 512 Silvestri,
629 455 758 497 cum
784 439 1066 498 fratribus
1089 456 1287 499 secum
1319 442 1389 498 ad
1412 443 1522 499 hoc
1545 442 1936 512 venientibus,
1973 444 2024 502 Α
2053 449 2386 518 contentus,
2421 450 2582 506 crine
2641 454 2906 523 profuso,
2941 453 3122 513 barba
3181 462 3513 530 summissa,
3549 465 3700 522 solio

290 545 400 600 per
423 528 649 600 aliquot
679 543 862 586 annos
883 534 1082 601 optata
1109 531 1303 601 quiete
1325 532 1650 588 fruebatur.
1673 529 1783 586 Sed
1810 546 1938 586 cum

292 633 370 674 ex
397 618 816 674 Franciamulti
855 619 1222 674 nobiliumob
1247 625 1374 675 vota
1405 620 1668 675 :olvcnda
1706 621 1940 674 Romam

291 713 693 762 commearent
715 711 774 762 et
799 721 927 762 eum
953 706 1111 762 velut
1139 708 1429 764 dominum
1465 709 1748 778 quondam
1774 723 1938 764 suum

288 794 590 866 preterire
614 793 856 864 nollent,
881 795 1083 864 otium,
1108 810 1222 866 quo
1247 796 1491 852 maxime
1512 795 1936 867 delectabatur,

289 885 503 939 crebra
540 881 895 939 salutatione
951 883 1462 956 interrumpentes,
1497 885 1683 942 locum
1717 889 1941 943 mutare

287 971 674 1043 compellunt.
726 973 862 1028 Nam
886 987 1015 1028 cum
1040 973 1368 1042 hujusmodi
1402 975 1783 1046 frequentiam
1815 991 1943 1048 pro-

286 1061 489 1132 posito
517 1075 623 1116 suo
654 1061 895 1116 vidisset
921 1061 1171 1130 ofﬁcere,
1209 1063 1417 1118 relicto
1450 1070 1662 1133 monte,
1699 1066 1753 1120 in
1789 1065 1943 1120 Sam-

285 1149 452 1206 nium
480 1149 836 1221 provinciam
860 1149 932 1205 ad
957 1151 1373 1206 monasterium
1397 1152 1582 1208 sancti
1621 1153 1938 1222 Benedicti,

281 1238 469 1294 situm
522 1236 576 1292 in
627 1241 824 1293 castro
857 1237 1116 1308 Cassino,
1160 1253 1222 1294 se
1253 1240 1522 1310 contulit,
1559 1246 1618 1296 et
1651 1241 1728 1296 ibi
1789 1243 1942 1312 quod

285 1325 586 1395 reliquum
623 1325 728 1380 fuit
762 1325 896 1381 vitae
928 1329 1158 1398 tempus
1179 1326 1510 1397 complevit.

419 1415 444 1437 ’
479 1415 542 1468 D.
579 1414 640 1468 E.
684 1414 952 1470 addunt:
1018 1415 1313 1472 Rachis—
1339 1417 1520 1473 frater
1569 1417 1696 1487 ejus
1730 1419 1943 1475 substi-

513 1501 718 1557 tuitur.
754 1515 829 1557 ea:
851 1501 1056 1574 Sigeb.
1091 1518 1145 1560 α.
1179 1507 1300 1561 749.

362 1593 420 1644 6.
455 1594 506 1645 7.
545 1591 731 1658 (Eme.
765 1591 945 1661 Ann.)
978 1593 1040 1646 A.
1076 1593 1135 1646 D.
1167 1595 1298 1648 748.
1362 1594 1577 1664 Gripho
1610 1595 1775 1651 fratri
1835 1611 1941 1652 suo

283 1675 542 1749 Pippino
599 1677 905 1746 subjectus
954 1692 1080 1735 esse
1129 1681 1352 1752 nolens,
1413 1683 1674 1752 quamvis
1731 1685 1839 1740 sub
1871 1699 1939 1740 eo

2055 533 2360 606 resideret,
2377 552 2443 592 ac
2465 541 2719 608 Speciem
2746 542 3101 600 dominantis
3126 547 3448 621 etilngerct,
3472 551 3702 622 legatos

2053 622 2456 694 undecumque
2488 629 2792 684 venientes
2824 631 3076 703 audiret,
3107 635 3308 706 eisque
3341 640 3698 699 abeuntibus

2053 722 2350 781 responsa,
2378 729 2505 783 quae
2525 714 2732 773 doctus
2763 724 2887 774 erat
2932 721 3278 794 autjussus,
3307 741 3378 780 ex
3404 743 3503 783 sua
3538 729 3700 786 velut

2055 801 2346 867 potestate
2369 801 2661 873 redderet,
2687 822 2816 861 cum
2848 815 3045 878 preter
3069 809 3276 868 inutile
3309 816 3468 883 regis
3489 831 3697 873 nomen

2052 890 2108 939 et
2141 889 2464 956 precarium
2499 891 2632 948 vitae
2683 895 3058 967 stipendium,
3122 902 3276 970 quod
3311 903 3363 958 ei
3398 904 3700 974 prefectus

2053 973 2220 1066 aula},
2241 981 2408 1047 prout
2428 979 2756 1053 videbatur,
2777 986 3110 1057 exhibebat,
3132 989 3304 1045 nichil
3326 973 3484 1048 aliud
3510 995 3700 1066 possi-

2053 1060 2248 1128 deret;
2283 1079 2569 1136 quanqam
2616 1086 2782 1126 unam
2816 1077 2871 1128 et
2906 1090 3030 1131 eam
3091 1092 3435 1149 perparvam
3469 1060 3698 1141 reditus

2054 1150 2271 1221 villam,
2298 1153 2352 1208 in
2377 1169 2486 1224 qua
2512 1157 2743 1213 domum
2776 1165 2834 1214 et
2856 1176 2926 1216 ex
2954 1179 3062 1234 qua
3100 1165 3344 1223 famulos
3365 1173 3696 1228 necessaria

2054 1240 2578 1302 sibiministrantes
2612 1253 2787 1319 atque
2820 1253 3169 1322 obsequium
3197 1257 3542 1315 exhibentes
3559 1276 3698 1332 pau-

2053 1343 2135 1384 cae
2150 1334 2590 1391 numerositatis
2605 1336 2864 1394 haberet.
2889 1341 3264 1414 Quocumque
3279 1347 3531 1402 eundum
3543 1353 3692 1419 erat,

2051 1421 2332 1486 carpento
2355 1419 2494 1487 ibat,
2515 1423 2668 1492 quod
2694 1424 2934 1497 junctis,
2963 1427 3152 1484 bubus
3175 1435 3234 1485 et
3261 1432 3513 1490 bubulco
3535 1449 3695 1492 more

2052 1503 2271 1592 rustico
2295 1512 2503 1575 agente
2532 1511 2898 1569 trahebatur.
2936 1515 3025 1570 Sic
3055 1517 3126 1571 ad
3164 1519 3466 1592 palatium,
3503 1521 3589 1578 sic
3622 1523 3693 1580 ad

2052 1591 2346 1681 publicum
2394 1605 2766 1670 conventum,
2802 1601 2896 1671 qui
2955 1604 3194 1661 Kalend.
3235 1607 3362 1662 Maii
3423 1591 3497 1664 ab
3531 1613 3695 1681 regni

2053 1679 2367 1738 utilitatem
2391 1687 3236 1764 annuatim“°°celebrabatur,
3260 1697 3345 1752 ire
3369 1679 3694 1771 solebat,et

285 1764 612 1822 honoriﬁce
671 1766 918 1836 viveret,
967 1767 1024 1823 in
1083 1769 1386 1826 Saxoniam
1423 1772 1708 1842 profugit;
1767 1771 1940 1828 collc-
1968 1799 2021 1858 B
2052 1782 2244 1824 coram
2282 1775 2403 1826 tota
2435 1779 2608 1841 gente
2644 1777 2947 1846 presidens
2975 1795 3293 1853 omnesque
3318 1784 3597 1858 salutans,
3634 1793 3692 1844 et

281 1857 513 1924 ctoque
536 1853 824 1910 Saxonum
847 1847 1135 1927 exercitu,
1168 1873 1344 1928 super
1369 1859 1602 1915 ﬂuvium
1635 1861 1854 1917 Ovacra
1880 1862 1936 1917 in

282 1938 424 1996 loco
457 1942 552 2012 qui
588 1941 802 1999 dicitur
846 1943 1078 2000 Orheim
1129 1947 1432 2014 consedit;
1493 1949 1770 2020 Pippinus
1801 1965 1938 2006 vero

282 2043 425 2084 cum
447 2030 712 2087 exercitu
764 2033 1115 2089 Francorum
1142 2033 1194 2090 in
1218 2036 1582 2105 Thuringiam
1618 2039 1934 2110 profectus,

279 2121 500 2172 contra
521 2116 684 2174 dolos
709 2118 908 2175 fratris
929 2121 1236 2178 Saxoniam
1261 2122 1562 2192 ingressus
1585 2131 1699 2198 est,
1737 2142 1940 2184 conse-

285 2204 499 2276 ditque
531 2221 709 2277 super
759 2207 994 2264 ﬂuvium
1047 2210 1293 2267 Missaha
1325 2213 1382 2266 in
1414 2212 1540 2270 loco
1573 2215 1670 2284 qui
1722 2215 1940 2272 dicitur

287 2293 676 2364 Scahaningi;
713 2295 974 2366 praelium
1008 2302 1200 2354 tamen
1225 2299 1377 2356 inter
1405 2315 1504 2357 eos
1528 2317 1640 2358 non
1664 2310 1752 2359 est
1785 2319 1940 2361 com-

282 2381 556 2451 missum,
591 2383 690 2439 sed
723 2397 795 2439 ex
823 2384 1044 2456 placito
1076 2387 1494 2446 discesserunt.

356 2474 412 2526 7.
447 2476 498 2528 8.
536 2475 598 2526 A.
635 2474 698 2528 D.
732 2476 852 2529 749.
897 2475 1114 2546 Gripho
1145 2477 1431 2534 Saxonum
1484 2479 1616 2536 fidei
1650 2480 1934 2553 diffidens,

280 2573 421 2615 cum
453 2560 638 2631 copiis
667 2577 794 2632 quin
845 2564 916 2620 ad
946 2579 1075 2620 eum
1134 2567 1204 2622 de
1237 2567 1475 2624 Francia
1534 2569 1934 2626 conﬂuxerant

283 2647 612 2704 Bawariam
641 2650 825 2720 petiit,
855 2652 1160 2724 ipsumque
1191 2655 1466 2712 ducatum
1493 2657 1549 2712 in
1580 2672 1741 2714 suam
1776 2664 1938 2730 pote-

282 2742 506 2792 statem
542 2739 786 2810 redegit,
835 2741 1190 2798 Tassilonem
1223 2759 1354 2800 cum
1389 2745 1656 2802 Hiltrude
1689 2747 1746 2802 in
1778 2747 1938 2803 dedi-

277 2825 509 2880 tionem
533 2828 780 2898 accepit,
808 2829 1151 2900 Suiggerum
1177 2833 1231 2888 in
1255 2834 1536 2892 auxilium
1561 2835 1671 2891 sibi
1703 2837 1938 2892 venien-

275 2916 405 2969 tem
429 2915 707 2988 suscepit.
744 2918 876 2974 Haac
908 2919 1152 2976 audiens
1185 2921 1488 2995 Pippinus,
1523 2939 1654 2980 cum
1685 2925 1936 2982 maxime

282 3004 559 3061 exercitu
589 3005 744 3062 venit
776 3007 832 3062 in
859 3009 1200 3080 Bawariam,
1252 3012 1608 3084 fratremque
1627 3029 1794 3072 suum
1815 3016 1937 3072 Gri-

283 3093 542 3163 phonem
590 3109 720 3150 cum
767 3097 1035 3154 omnibus
1094 3099 1216 3154 suis
1247 3101 1424 3172 cepit,
1487 3103 1844 3160 Tassilonem
1878 3104 1934 3158 in

281 3181 567 3238 ducatum
601 3183 886 3254 restituit,
945 3186 1294 3258 domumque
1325 3205 1620 3260 rgersus,
1657 3193 1932 3263 Griphoni

275 3283 448 3325 more
480 3270 692 3327 ducum
735 3271 1039 3330 duodecim
1094 3277 1415 3334 comitatus
1447 3279 1640 3348 dedit;
1673 3281 1774 3337 sed
1834 3281 1932 3337 ille

279 3355 392 3413 tali
426 3358 706 3415 beneficio
738 3375 851 3416 non
881 3366 1210 3435 contentus,
1248 3367 1450 3422 eodem
1504 3382 1652 3424 anno
1683 3369 1754 3425 ad
1784 3371 1934 3425 Wal-

281 3444 496 3501 farium
529 3447 854 3517 Aquitaniae
885 3449 1089 3505 ducem
1125 3453 1400 3524 profugit.

359 3537 410 3589 9.
448 3536 534 3589 10.
569 3533 700 3603 (Cit.
751 3536 858 3609 W.)
914 3539 977 3593 A.
1015 3539 1077 3592 Ι).
1111 3543 1234 3594 751.
1291 3543 1314 3564 ¹’
1341 3542 1588 3598 Sanctus
1651 3544 1934 3601 Burchar-

282 3621 400 3677 dus
430 3622 655 3692 accepit
688 3623 1092 3694 pontificatum
1139 3628 1694 3698 Wirciburgensem,
1730 3633 1786 3688 in
1821 3649 1933 3704 quo

282 3707 442 3764 sedit
473 3723 655 3766 annos
688 3713 772 3765 40.
809 3711 996 3781 (Eme.
1029 3715 1126 3784 Α.)
1157 3715 1260 3772 Hic
1293 3716 1490 3787 itaque
1525 3725 1764 3778 sanctus
1796 3727 1934 3781 Bur-

282 3797 543 3855 chardus
565 3804 623 3854 et
655 3798 935 3857 Folradus
960 3803 1480 3878 archicapellanus,
1506 3823 1675 3878 quem
1700 3812 1933 3881 quidam

283 3883 460 3954 (Vita
485 3887 736 3958 Bamb.)
766 3889 1056 3959 abbatem,
1095 3892 1326 3960 quidam
1361 3895 1541 3968 (Eum.
1582 3899 1675 3970 A.)
1710 3901 1932 3970 pretbi~

281 3979 478 4030 terum
502 3975 788 4047 scribunt,
807 3978 876 4034 ad
901 3979 1233 4036 Zachariam
1258 3982 1576 4041 Romanum
1598 3988 1932 4058 pontificem

287 4063 452 4120 missi
485 4069 641 4135 sunt,
683 4071 744 4121 ut
787 4066 1163 4124 consulerent
1193 4083 1324 4126 cum
1357 4087 1538 4144 super
1567 4076 1806 4145 regibus
1837 4068 1930 4148 qui

285 4154 552 4224 tempore
582 4152 686 4211 illo
743 4154 979 4212 fuerunt
1009 4156 1062 4212 in
1124 4159 1384 4230 Francia,
1446 4176 1650 4218 nomen
1705 4169 1932 4224 tantum

287 4239 446 4310 regis
475 4241 577 4297 sed
607 4241 822 4299 nullam
871 4247 1226 4316 potestatem
1282 4249 1498 4318 regiam
1529 4251 1838 4311 habentes.
1881 4257 1932 4281 “

287 4327 462 4397 (Vita
479 4330 874 4404 Burckardi.)
899 4333 1175 4390 Solebant
1199 4337 1352 4392 enim
1377 4339 1580 4396 Franci
1603 4357 1676 4397 ex
1693 4344 1932 4416 antiqua

289 4431 492 4488 regum
523 4419 711 4491 stirpe
764 4435 932 4491 reges
963 4423 1196 4495 habere,
1234 4426 1330 4496 qui
1362 4442 1390 4482 a
1425 4429 1714 4502 Meroveo,
1747 4431 1929 4490 Clodii

1965 3149 2015 3213 C

2052 1857 2124 1912 ab
2147 1857 2216 1914 iis
2237 1858 2528 1918 salutatus
2548 1863 2877 1936 debitisque
2900 1868 3198 1940 obsequiis
3227 1872 3568 1945 honoratus,
3585 1857 3589 1858 ν
3605 1876 3692 1932 sic

2052 1944 2279 2002 domum
2333 1949 2617 2020 rediebat,
2678 1954 2880 2024 sicque
2936 1971 3133 2013 secum
3192 1975 3376 2030 usque
3409 1963 3479 2018 ad
3515 1961 3689 2020 alium

2049 2033 2254 2090 Maium
2276 2035 2428 2092 domi
2467 2039 2786 2097 residebat.
2815 2045 2886 2097 At
2912 2046 3073 2114 regni
3111 2049 3692 2106 amministrationem

2049 2124 2108 2175 et
2132 2124 2342 2194 omnia,
2391 2140 2464 2196 qu
2480 2141 2526 2181 ae
2551 2129 2642 2183 vel
2694 2130 2844 2186 domi
2878 2132 2971 2188 vel
3004 2134 3144 2191 foris
3175 2137 3394 2206 agenda
3429 2144 3597 2194 erant
3627 2155 3694 2196 ac

2051 2207 2430 2284 disponenda,
2459 2217 2759 2285 prefectus
2781 2220 2927 2276 aulae
2954 2226 3324 2293 procurabat.
3358 2225 3480 2292 Quo
3508 2227 3694 2285 officio

2053 2301 2209 2387 tunc,
2235 2315 2364 2356 cum
2398 2303 2645 2373 predicti
2672 2305 2847 2377 legati
2872 2309 3110 2368 Romam
3133 2313 3538 2385 mittebantur,
3566 2317 3696 2387 Pip-

2050 2386 2240 2457 pinus,
2277 2390 2471 2446 Karoli
2526 2393 2681 2450 filius
2737 2396 2991 2468 itemque
3038 2401 3229 2456 Karoli
3289 2403 3470 2472 Magni
3504 2386 3692 2474 pater,

2043 2475 2160 2544 jam
2195 2477 2350 2533 velut
2411 2479 2770 2540 hereditario
2795 2485 2928 2554 jure
2959 2487 3328 2558 fungebatur.
3385 2491 3696 2549 Zacharias

2049 2577 2191 2620 vero
2252 2580 2395 2637 papa
2453 2583 2632 2640 super
2683 2571 3012 2642 hujusmodi
3072 2577 3309 2646 negotio
3365 2579 3690 2650 consultus,

2049 2653 2434 2725 remandavit,
2470 2657 2678 2714 melius
2707 2674 2834 2716 esse
2866 2661 3026 2718 illum
3067 2665 3259 2720 vocari
3290 2680 3504 2736 regem.
3538 2670 3691 2739 apud

2049 2753 2220 2807 quem
2253 2755 2476 2798 summa
2534 2747 2852 2814 potestatis
2885 2751 3272 2819 consisteret;
3309 2755 3566 2824 dataque
3597 2769 3696 2811 au-

2048 2827 2326 2884 ctoritate
2359 2845 2484 2901 sua,
2520 2831 2822 2904 Pippinum
2856 2851 3050 2905 regem
3079 2841 3358 2896 constitui
3383 2841 3577 2911 jussit.

2189 2935 2212 2958 '
2242 2936 2304 3018 Ι).
2341 2937 2402 2992 Ε.
2437 2938 2673 3018 addunt
2703 2965 2714 2994 :
2747 2941 2818 3018 I_nr
2860 2942 3270 3018 Mesopotamia
3335 2946 3573 3018 dirupta
3603 2955 3693 3006 est

2259 3009 2442 3075 terra,
2475 3014 2530 3063 et
2562 3011 2827 3066 ascendit
2860 3027 2929 3067 ex
2964 3009 3036 3068 ea
3065 3016 3275 3072 animal
3309 3009 3589 3074 mulinum
3623 3051 3690 3060 -

2262 3078 2502 3134 Arabes.
2538 3094 2612 3136 ea:
2629 3081 2834 3152 Sigeb.
2870 3098 2925 3140 α.
2957 3089 3081 3141 753.

2186 3183 2237 3206 “
2373 3185 2590 3268 addat;
2652 3187 2774 3268 Hic.
2810 3193 2920 3268 est
2961 3191 3413 3268 Folradus,_qu_i
3471 3211 3688 3268 corpus

2258 3256 2444 3310 sancti
2469 3257 2582 3312 Viti
2607 3259 2866 3313 martiris
2891 3260 2960 3316 de
2983 3262 3155 3318 Roma
3180 3256 3475 3321 in'Ga‘llias
3497 3256 3692 3324 trans-

2257 3324 2466 3380 tulisse
2496 3326 2742 3397 legitur;
2775 3330 2838 3386 σε
2858 3333 3064 3403 pergit
3093 3352 3106 3387 :
3140 3334 3191 3388 S.
3231 3335 3320 3392 Fr.

2118 3435 2198 3485 10.
2241 3435 2320 3486 ll.
2359 3435 2422 3488 A.
2454 3435 2514 3487 D.
2552 3438 2672 3489 752.
2708 3436 2989 3509 Pippinus
3019 3454 3121 3510 per
3144 3443 3559 3500 auctoritatem
3588 3445 3690 3502 Za-

2041 3515 2256 3574 chariae
2289 3535 2453 3591 papae
2507 3536 2663 3578 more
2697 3525 3048 3584 Francorum
3083 3527 3307 3586 electus
3339 3531 3409 3586 ad
3441 3546 3685 3602 regnum

2043 3620 2148 3676 per
2167 3621 2370 3664 manus
2393 3611 2582 3664 sancti
2609 3612 2886 3668 Bonifacii
2909 3615 3332 3688 archiepiscopi
3367 3619 3688 3690 Mogoncia-

2042 3695 2235 3750 censis
2265 3696 2531 3753 elevatus
2563 3704 2652 3754 est
2683 3700 2736 3754 in
2783 3703 2944 3770 regni
2979 3702 3189 3760 solium
3223 3705 3278 3760 in
3309 3708 3688 3765 Suessionum

2043 3782 2303 3838 civitate.
2347 3816 2416 3824 ——
2448 3785 2612 3854 (0hr.
2690 3789 2794 3860 W.)
2851 3790 3174 3847 Translatio
3207 3795 3395 3848 sancti
3461 3795 3687 3865 Kyliani

2046 3870 2194 3926 facta
2227 3877 2335 3926 est.
2370 3905 2439 3913 —
2472 3874 2685 3932 Beatus
2731 3891 2876 3948 papa
2933 3877 3248 3935 Zacharias
3278 3881 3332 3936 in
3360 3884 3684 3940 venerabili

2045 3958 2404 4028 patriarchio
2429 3963 2648 4032 reperit
2671 3968 2848 4035 caput
2881 3966 3035 4021 beati
3062 3967 3291 4038 Georgii
3323 3972 3596 4041 martyris
3625 3971 3684 4028 in

2045 4061 2217 4118 capsa
2252 4049 2638 4121 reconditum,
2671 4052 2827 4123 quod
2859 4054 2914 4110 in
2948 4056 3261 4113 Romanam
3292 4059 3495 4115 urbem
3529 4065 3686 4116 tran-

2044 4134 2239 4192 stulit.

2121 4248 2202 4300 11.
2238 4249 2330 4300 12.
2373 4247 2436 4300 Α.
2461 4247 2524 4302 D.
2558 4252 2688 4306 753.
2751 4251 3082 4324 Stephanus
3114 4271 3261 4329 papa
3293 4262 3420 4314 9205
3453 4255 3685 4316 ordina-

2047 4335 2162 4402 tur,
2200 4333 2472 4405 seditque
2505 4351 2686 4395 annos
2714 4343 2765 4411 δ,
2801 4341 2928 4399 dies
2962 4346 3048 4400 28.

2043 4420 2191 4476 Anni
2221 4422 2381 4492 regni
2411 4423 2662 4498 Pippini.

289 4505 531 4562 secundi
564 4508 723 4577 regis
772 4524 974 4567 eorum
1003 4511 1141 4583 ﬁlio,
1195 4515 1508 4604 literovingi
1539 4517 1927 4590 dicebantur;
1959 4503 2012 4563 D
2115 4533 2260 4585 1.13.
2285 4531 2580 4604 (EINH.A.)
2606 4537 2767 4593 Anno
2791 4537 3525 4601 dominicaaincarnationis
3545 4547 3674 4601 754.

287 4610 536 4666 quorum
581 4598 924 4671 genealogia
948 4615 1130 4672 usque
1154 4603 1224 4658 ad
1246 4605 1603 4665 Hildericum
1627 4614 1766 4669 tunc
1788 4618 1931 4670 tem-

287 4685 449 4757 poris
478 4700 672 4756 regem
713 4692 1114 4760 permanebat,
1146 4691 1200 4746 in
1233 4707 1346 4764 quo
1377 4697 1553 4752 etiam
1582 4699 1928 4771 deficiebat;

285 4775 392 4830 sed
420 4773 557 4831 licet
593 4775 648 4832 in
699 4776 800 4835 illo
847 4779 1006 4836 finita
1041 4787 1241 4853 posset
1301 4785 1509 4856 videri,
1539 4787 1656 4858 jam
1713 4789 1930 4848 dudum

286 4869 479 4921 tamen
498 4865 716 4924 nullius
737 4867 959 4937 vigoris
977 4879 1125 4942 erat,
1162 4889 1267 4930 nec
1289 4875 1600 4948 quicquam
1623 4877 1845 4936 clarum
1874 4881 1931 4936 in

283 4968 346 5009 se
373 4958 578 5024 preter
608 4955 778 5013 inane
821 4959 976 5029 regis
1003 4963 1351 5020 vocabulum
1403 4968 1754 5036 preferebat.
1793 4973 1932 5028 Nam

281 5046 344 5097 et
376 5055 520 5114 epes
547 5048 606 5100 et
653 5047 914 5116 potentia
946 5049 1108 5119 regni
1142 5065 1322 5122 penes
1380 5054 1584 5124 palatii
1613 5059 1929 5132 prefectos,

282 5130 381 5203 qui
406 5133 660 5203 majores
710 5135 912 5194 domus
957 5137 1304 5198 dicebantur
1335 5148 1396 5199 et
1428 5145 1499 5201 ad
1533 5161 1680 5216 quos
1710 5130 1931 5207 summa

280 5219 511 5291 imperii
535 5222 893 5298 pertinebat,
915 5229 1294 5298 tenebantur;
1322 5245 1428 5289 nec
1451 5233 1608 5290 aliud
1625 5236 1932 5309 quicquam

279 5309 403 5381 regi
439 5311 918 5389 permittebatur,
968 5333 1139 5391 quam
1165 5324 1225 5379 ut
1250 5322 1412 5392 regio
1444 5327 1669 5383 tantum
1701 5328 1932 5386 nomine

2041 4617 2324 4690 Pippinus
2351 4634 2454 4676 rex
2495 4637 2624 4678 cum
2677 4628 2942 4685 exercitu
2996 4645 3201 4699 magno
3262 4631 3680 4688 Saxoniamin-

2039 4720 2278 4777 gressus
2309 4713 2421 4780 est,
2453 4716 2513 4765 et
2553 4715 2816 4782 quamvis
2842 4716 3098 4772 Saxones
3128 4719 3178 4774 ei
3213 4720 3678 4778 obstinatissime

2042 4797 2409 4868 resisterent,
2440 4800 2590 4869 pulsi
2610 4805 2803 4857 tamen
2823 4810 3152 4875 cesserunt,
3169 4811 3229 4861 et
3247 4806 3373 4878 ipse
3399 4822 3582 4878 usque
3605 4810 3679 4866 ad

2042 4883 2230 4942 locum
2261 4887 2357 4957 qui
2416 4887 2634 4944 dicitur
2681 4889 3050 4960 Rimiejuxta
3106 4894 3342 4950 fluvium
3397 4895 3679 4954 Wisaram

2043 4971 2311 5030 accessit.
2348 4976 2407 5030 In
2442 4990 2551 5046 qua
2583 4977 2956 5048 expeditione
2992 4980 3334 5051 Hiltigarius
3362 4984 3678 5056 episcopus

2041 5063 2274 5120 occisus
2287 5067 2377 5120 est
2407 5063 2464 5118 in
2489 5070 2682 5121 monte
2713 5066 2810 5138 qui
2843 5067 3060 5125 dicitur
3088 5069 3310 5142 Viburg
3332 5070 3438 5128 “1°.
3465 5073 3682 5131 Rever-

2041 5151 2188 5206 tenti
2216 5165 2354 5208 vero
2386 5152 2508 5222 regi
2540 5153 2610 5208 de
2653 5155 2897 5212 Saxonia
2919 5158 3169 5216 nuncius
3194 5161 3356 5217 venit
3386 5161 3457 5219 de
3488 5167 3680 5221 morte

2043 5240 2245 5298 fratris
2263 5241 2352 5298 sui
2385 5241 2714 5316 Griphonis,
2739 5259 2770 5300 a
2795 5261 2909 5318 quo
2935 5247 3030 5304 vel
3057 5249 3312 5320 qualiter
3332 5253 3682 5313 interfectus

2044 5334 2218 5388 esset.
2249 5361 2321 5372 -
2341 5331 2556 5390 Eodem
2603 5347 2754 5392 anno
2785 5335 3112 5409 Stephanus
3138 5354 3288 5414 papa
3318 5340 3499 5400 multa
3531 5341 3685 5404 mala

1641 5469 1878 5528 VARIIE
1917 5473 2316 5532 LECTIONES.

344 5579 440 5616 “0°
467 5578 542 5640 in
568 5580 866 5656 margine,
897 5585 1102 5648 eadem
1127 5601 1313 5648 manu
1339 5591 1534 5667 suppl.
1573 5597 1624 5650 1.
1659 5591 1750 5629 ίιίο
1779 5597 2022 5672 Wiburg
2056 5599 2131 5658 1δ.
