3952 6324
388 329 506 392 839

1545 311 2025 376 EKKEHARDI
2069 302 2625 373 URAUGIENSIS

3681 291 3786 352 840

388 480 600 540 passus
635 465 705 521 ab
736 461 1020 519 fiaistulfo
1051 455 1560 526 Langobardorum
1593 465 1748 518 rege,
1781 448 1939 504 venit
1963 446 2032 502 ad
2063 447 2120 505 A
2146 444 2538 515 gebat-dorum
2565 454 2692 496 cum
2725 433 2898 492 nichil
2931 445 3132 489 eorum
3155 444 3282 501 quae
3303 426 3464 488 datis
3496 427 3784 485 obsidibus

1750 538 1757 540 _
1803 537 1812 540 _
2193 539 2196 540 ,
2264 535 2281 540 -
2356 538 2361 540 .
2445 532 2454 540 .
2709 532 2718 540 .
2858 539 2861 540 ,
2950 521 3060 540 4-95
3111 517 3460 540 A-_M_I-__..4
3523 517 3784 540 n:_-:‘..-

390 535 697 628 ἰ’ί1ηιὶ1111111
734 567 927 621 regem
955 551 1006 604 in
1059 547 1192 602 villa
1225 559 1352 616 qum
1385 542 1600 597 dicitur
1634 537 1888 595 Carisius
1921 535 2031 605 “‘1,

391 625 714 715 suggerens
747 643 819 705 ei,
857 646 919 697 ut
951 655 1010 694 se
1044 642 1102 692 et
1148 639 1458 690 Reinanam
1491 629 1815 685 :eeclesiam
1850 627 1920 681 ab
1956 625 2038 680 in-

392 734 706 790 festatione
724 727 1229 798 Longobardorum
1247 719 1606 777 defenderet.
1634 717 1803 772 Venit
1821 720 1876 770 et
1905 717 2040 770 har-

393 823 721 889 lomannus,
749 820 930 872 frater
955 815 1131 882 regis,
1153 812 1270 881 jam
1296 808 1611 864 monachus
1636 809 1844 872 factus,
1867 805 2037 872 jussu

395 911 626 967 abbatis
651 907 761 978 sui,
791 911 852 960 ut
875 903 1027 974 apud
1055 903 1290 956 fratrem
1313 914 1477 954 suum
1502 896 1774 967 precibus
1799 891 2037 948 Romani

393 999 688 1072 pontilicis
721 995 1058 1051 obsisteret.
1098 991 1318 1046 Invitus
1347 988 1676 1055 tamen,hoc
1703 985 1908 1040 fecisse
1939 997 2041 1052 pu-

393 1094 576 1156 tatur,
609 1084 739 1155 quia
776 1097 879 1138 nec
925 1081 1020 1136 ille
1054 1081 1285 1135 abbatis
1319 1077 1405 1132 sui
1445 1077 1604 1146 jussa
1643 1077 2037 1140 contemnere,

395 1192 498 1232 nec
533 1175 714 1230 abbas
745 1171 844 1226 ille
882 1169 1175 1242 preceptis
1207 1167 1362 1234 regis
1385 1162 1916 1232 Longobardorum,
1945 1159 2040 1228 qui

393 1266 445 1320 ci
480 1265 586 1319 hoc
622 1261 950 1332 imperavit,
988 1259 1236 1314 audebat
1275 1255 1572 1310 resistere.
1601 1249 1888 1320 (Reciso)
1923 1247 2044 1302 Ste-

399 1354 624 1426 phanus
647 1356 840 1406 autem
867 1362 1014 1419 papa
1037 1345 1189 1416 apud
1209 1337 1863 1409 Parisiumaliquamdiu
1891 1335 2046 1390 inﬁr-

397 1446 608 1508 matus,
645 1451 990 1507 rursumque
1038 1448 1140 1506 per
1173 1435 1432 1488 sanctum
1485 1426 1804 1483 Dionisium
1839 1438 2046 1480 conva-

397 1531 646 1598 lescens,
698 1532 1002 1598 postquam
1036 1539 1065 1578 a
1098 1537 1232 1590 rege
1263 1519 1504 1590 Pippino
1555 1532 1659 1587 pro
1690 1519 1908 1570 sancta)
1939 1515 2044 1568 Ro-

401 1634 583 1676 manae
598 1616 882 1674 mcclesiaa
901 1611 1234 1670 defensione
1253 1607 1582 1663 firmitatem
1600 1603 2043 1674 accepit,ipsum

401 1723 570 1764 sacra
604 1706 876 1763 unctione.
924 1703 978 1757 in
1031 1699 1203 1769 regiae
1237 1695 1539 1768 dignitatis
1596 1694 1810 1748 honore
1843 1693 2048 1746 contir-

2147 539 2208 590 et
2260 535 2410 588 facto
2437 532 2767 601 jnramcnto
2797 521 3066 596 promisit
3105 517 3488 590 complesset,
3523 517 3785 588 Pippinus

2150 638 2250 678 rex
2287 621 2494 675 iterum
2527 633 2654 674 cum
2703 613 2967 670 exercitu
3001 609 3225 665 Italiam
3283 605 3552 670 veniens,
3587 620 3709 662 eum
3739 608 3779 662 in

2149 711 2322 780 Papia
2354 707 2604 773 obsedit,
2654 711 2709 760 et
2742 703 2812 758 ad
2846 697 3138 772 implenda
3184 711 3309 767 quae
3340 694 3621 767 promisit
3652 697 3783 750 obsi-

2151 799 2322 853 dione
2347 796 2568 864 coegit;
2591 792 3000 859 redditamque
3021 785 3131 844 sibi
3157 787 3492 840 Ravennam
3517 787 3576 838 et
3600 784 3784 839 Penta-

2150 887 2328 958 polim
2369 895 2717 951 omnemque
2748 877 3124 936 exarchatum
3157 873 3228 928 ad
3260 874 3601 928 Ravennam
3630 873 3784 942 perti-

2153 978 2382 1030 nentem
2404 977 2606 1028 sancto
2629 972 2804 1025 Petro
2847 965 3029 1034 dedit,
3055 963 3263 1032 hisque
3286 961 3570 1033 peractis,
3597 960 3649 1015 in
3678 961 3784 1015 Gal-

2154 1063 2285 1118 liam
2320 1062 2510 1117 rediit.
2550 1063 2687 1114 Post
2719 1057 2888 1127 cujus
2945 1055 3282 1110 abscessum
3317 1049 3645 1105 Haistolfus
3671 1065 3783 1104 cum

2153 1165 2216 1206 ea
2253 1166 2381 1220 qua}
2414 1147 2684 1220 promisit
2715 1147 2906 1201 denuo
2929 1145 3287 1198 commutare
3316 1137 3718 1203 meditaretur,
3741 1137 3784 1191 in

2152 1239 2463 1295 venatione
2486 1238 2556 1293 de
2577 1251 2726 1306 equo
2751 1251 2854 1290 suo
2885 1232 3196 1304 prolapsus
3219 1232 3275 1284 ct
3322 1243 3398 1282 ex
3422 1227 3534 1282 hoc
3564 1227 3786 1282 infirma-

2157 1333 2269 1395 tus,
2307 1327 2454 1382 intra
2491 1340 2710 1396 paucos
2741 1323 2868 1378 dies
2908 1319 3141 1376 vivendi
3175 1318 3344 1372 ﬁnem
3381 1316 3544 1371 fecit.
3581 1315 3676 1370 Cui
3702 1317 3785 1371 De-

2156 1415 2408 1472 siderius
2428 1413 2731 1470 successit.

2228 1525 2276 1578 4.
2316 1525 2396 1575 16.
2433 1524 2495 1576 Α.
2530 1521 2591 1574 D.
2625 1523 2748 1575 757.
2795 1513 3214 1574 Constantinus
3271 1511 3598 1582 imperator
3652 1511 3785 1566 misit.

2158 1610 2402 1682 Pippino
2445 1608 2562 1676 regi
2606 1619 2865 1674 munera,
2893 1605 3044 1658 inter
3076 1617 3203 1673 quae
3235 1604 3292 1656 et
3323 1613 3646 1670 organum:
3678 1615 3784 1669 quin

2160 1700 2230 1755 ad
2278 1715 2404 1755 cum
2440 1698 2492 1752 in
2530 1694 2878 1766 Compendio
2923 1692 3060 1748 villa
3093 1691 3515 1762 pervenerunt,
3549 1688 3640 1742 ubi
3673 1693 3784 1742 tunc

407 1795 608 1861 mavit,
635 1799 692 1848 et
717 1809 843 1848 eum
869 1806 936 1847 eo
968 1791 1112 1845 duos
1161 1788 1311 1841 filios
1342 1784 1487 1854 ejus,
1525 1782 1793 1837 Karolum
1824 1784 1880 1833 et
1913 1780 2048 1833 Kar-

2169 1788 2363 1860 populi
2398 1787 2486 1842 sui
2544 1782 2874 1853 generalem
2905 1783 3258 1838 conventum
3320 1777 3548 1833 habuit.
3584 1775 3711 1831 illuc.
3738 1782 3782 1831 et

403 1886 756 1952 lomannum,
786 1895 913 1936 cum
946 1884 1128 1932 matre
1160 1889 1358 1930 corum
1401 1871 1717 1926 lterhtrada
1747 1882 2048 1923 conSecrn-

401 1973 1010 2039 vit;Francorumquc
1033 1978 1311 2036 proceres
1345 1977 1451 2016 una
1482 1974 1610 2015 cum
1641 1957 1854 2028 populo
1881 1957 2049 2010 bene-

404 2062 657 2119 dictione
701 2055 1022 2129 apostolica
1057 2052 1448 2117 sanetificans,
1505 2045 1858 2103 auctoritate
1895 2043 2047 2099 beati

403 2150 560 2206 Petri
595 2146 848 2218 apostoli
880 2143 1182 2213 obligavit,
1223 2146 1281 2196 et
1315 2141 1679 2210 protestatus
1711 2141 1802 2191 est
1833 2150 1952 2203 eos,
1993 2139 2052 2187 ut

407 2252 699 2308 nunquam
734 2235 862 2306 ipsi,
909 2232 999 2288 vel
1034 2231 1248 2301 quique
1281 2244 1352 2284 ex
1383 2243 1580 2282 eorum
1617 2223 1912 2296 progenie,
1953 2237 2052 2292 per

406 2324 844 2384 succedentium
893 2319 1186 2376 curricula
1246 2322 1568 2386 temporum
1630 2311 1944 2383 progeniti,
1981 2311 2052 2364 de

407 2416 518 2472 alia
551 2414 735 2484 stirpe
784 2424 975 2479 regem
1012 2408 1143 2484 sibi
1169 2407 1576 2477 proponerent,
1613 2401 1718 2455 nisi
1753 2416 1824 2456 ex
1851 2414 2049 2454 eorum

410 2482 748 2576 propagine,
785 2515 929 2570 quos
974 2482 1164 2552 divina
1198 2491 1564 2566 providentia
1602 2495 1738 2546 tunc
1770 2489 1824 2544 in
1859 2489 2053 2543 defen-

409 2593 624 2650 sionem
657 2587 938 2646 aecclesiae
969 2587 1202 2654 dignata
1237 2586 1328 2638 ets
1350 2580 1682 2636 sublimare.
1724 2581 1910 2647 (Eum.
1939 2579 2046 2634 Vit.

407 2679 712 2739 Kar.—V.
739 2674 1192 2734 Burch.—Clzo°.
1239 2671 1344 2740 W.)
1377 2671 1466 2724 Sic
1499 2683 1637 2736 ergo
1674 2667 1950 2738 Pippinus
1981 2683 2053 2721 ex

409 2770 671 2842 prefecto
696 2766 920 2839 palatii,
948 2762 1298 2818 auctoritate
1324 2758 1666 2830 apostolica,
1702 2756 2052 2812 sublimatus

409 2863 696 2915 etunetus
727 2855 781 2910 in
826 2855 1020 2910 sedem
1047 2850 1228 2919 regni,
1250 2854 1450 2920 postea
1494 2845 1935 2914 regnavitannis
1967 2849 2050 2914 15,

413 2945 718 3003 absolutus
767 2958 870 3014 per
899 2940 1145 2996 eundem
1193 2953 1399 3008 papam
1456 2937 1807 3006 Stephanum
1841 2949 1869 2990 a
1899 2935 2055 3004 jura-

412 3039 624 3106 mento,
652 3033 804 3104 quod
851 3031 970 3098 regi
1021 3027 1309 3084 llildcrieo
1333 3041 1462 3082 cum
1495 3025 1713 3080 ceteris
1757 3023 1915 3092 regni
1947 3022 2058 3092 pri-

415 3125 675 3180 moribus
709 3123 947 3176 fecerat.
1005 3118 1330 3172 [lildericus
1379 3129 1538 3183 vero,
1592 3112 1686 3183 qui
1723 3111 1868 3168 falso
1898 3111 2055 3179 regis

413 3213 644 3269 nomine
695 3208 1065 3278 fungebatur,
1103 3211 1270 3261 tonso
1303 3203 1516 3274 capite,
1551 3203 1606 3257 in
1639 3201 2054 3258 monasterium

413 3302 624 3358 missus
654 3303 744 3354 est
774 3296 890 3350 ω’.

481 3395 533 3446 2.
571 3392 654 3442 14.
693 3388 877 3455 (Eme.
909 3385 1003 3456 A.)
1056 3385 1118 3438 A.
1152 3385 1214 3437 D.
1251 3387 1372 3438 755.
1400 3385 1420 3405 ’
1448 3381 1726 3453 Pippinus
1758 3395 1882 3443 rex,
1915 3377 2059 3433 iuvi-

417 3482 580 3535 tante
609 3491 676 3532 ac
707 3477 945 3543 rogante
985 3471 1256 3543 predicto
1288 3485 1434 3542 papa
1468 3471 1777 3541 Stephano,
1816 3472 2056 3538 propter

407 3565 707 3638 justiciam
729 3563 882 3618 beati
907 3561 1065 3616 Petri
1087 3559 1334 3632 apostoli
1354 3559 1693 3627 exigendam
1715 3573 1746 3612 a
1770 3572 1901 3625 rege
1919 3557 2058 3611 Lon-

411 3653 806 3726 gobardorum
837 3648 1144 3718 Haistulfo,
1173 3648 1395 3704 Italiam
1417 3663 1546 3703 cum
1571 3661 1740 3702 manu
1763 3644 1951 3700 valida
1977 3645 2058 3698 111-

414 3743 611 3813 travit,
675 3739 1202 3808 resistentibusque
1261 3736 1655 3806 Longobardis
1683 3740 1740 3790 et
1797 3732 2057 3789 claustra

414 3831 597 3888 Italiae
621 3831 942 3898 tuentibus,
963 3829 1031 3883 ad
1063 3828 1222 3898 ipsas
1247 3825 1524 3882 montium
1547 3825 1745 3880 clusas
1777 3822 2057 3878 acerrime

413 3925 732 3994 pugnatum
765 3923 876 3987 est,
911 3917 1379 3985 cedentibusque
1403 3912 1822 3983 Longobardis,
1859 3927 2058 3968 omnes

413 4011 594 4082 cepia:
612 4011 964 4064 Francorum
979 4006 1366 4061 intraverunt.
1389 4001 1708 4058 Haistolfus
1730 4015 1868 4057 vero
1885 4015 1987 4056 rex
2001 3999 2056 4054 in

412 4099 585 4170 Papia
623 4097 861 4152 civitate
909 4110 970 4150 se
1003 4093 1261 4160 inclusit,
1299 4106 1467 4162 quem
1499 4091 1780 4162 Pippinus
1813 4105 1911 4145 rex
1943 4094 2056 4144 tam
2135 4114 2146 4127 -

415 4187 513 4244 diu
547 4184 799 4253 obsedit,
859 4183 1039 4240 donec
1099 4179 1395 4236 firmitatis
1451 4194 1626 4235 causa
1658 4194 1764 4250 pro
1797 4177 2057 4234 facienda

414 4279 632 4333 sancta)
661 4275 930 4330 Romana:
955 4271 1240 4329 tecelesize
1267 4269 1504 4338 justicia
1538 4268 1776 4324 obsides
1806 4271 1873 4323 40
1899 4282 2058 4323 rece-

413 4365 517 4436 pit.
552 4363 774 4430 Quibus
805 4362 977 4432 datis,
1011 4358 1434 4432 promissisque
1459 4357 1840 4428 jurejurando
1872 4357 2058 4412 firma-

413 4454 512 4525 tis,
531 4452 734 4524 Pippin
745 4467 809 4507 us
824 4451 1054 4521 quidem
1071 4449 1304 4504 domum
1329 4446 1526 4516 rediit,
1542 4447 1894 4517 Stephanum
1917 4461 2056 4504 vero

2161 1876 2420 1932 'l‘hassilo
2453 1875 2566 1929 dux
2617 1872 3013 1927 Bawariorum
3045 1884 3176 1924 cum
3229 1865 3590 1938 primoribus
3622 1865 3787 1931 gentis

2165 1981 2284 2020 sum
2301 1964 2479 2029 venit,
2499 1961 2957 2029 fidelitatcmque
2985 1964 3098 2012 tam
3114 1955 3222 2027 ipsi
3247 1954 3370 2024 regi
3387 1953 3784 2024 Pippinoquam

2167 2053 2300 2108 ﬁliis
2325 2053 2450 2121 ejus
2486 2049 2692 2104 Karolo
2717 2052 2772 2104 et
2809 2045 3194 2102 Karlomanno
3221 2041 3607 2111 jurejurando
3630 2054 3786 2110 supra

2164 2158 2376 2212 corpus
2403 2139 2587 2196 sancti
2623 2136 2865 2193 Dionisii
2897 2133 3188 2206 promisit,
3222 2145 3328 2187 nec
3365 2130 3549 2186 solum
3581 2129 3670 2196 ibi,
3701 2129 3779 2184 scd

2163 2231 2336 2286 etiam
2371 2243 2545 2300 supra
2579 2242 2794 2296 corpus
2839 2223 3024 2279 sancti
3057 2220 3282 2276 Martini
3335 2219 3592 2288 itemque
3623 2217 3778 2272 sancti

2163 2318 2428 2374 Germani
2463 2317 2515 2370 id
2554 2316 2740 2386 ipsum
2775 2315 3203 2368 sacramentum
3235 2323 3368 2365 cum
3403 2307 3663 2363 omnibus
3689 2304 3780 2376 pri-

2166 2409 2420 2463 matibus
2450 2405 2569 2462 suis
2603 2401 2872 2457 ﬁrmavit.

2235 2517 2284 2568 ὃ.
2328 2518 2405 2568 17.
2443 2514 2504 2566 Α.
2541 2512 2600 2566 D.
2643 2513 2764 2566 758.
2800 2505 3081 2578 Pippinus
3127 2519 3226 2560 rex
3255 2519 3390 2558 eum
3425 2501 3674 2558 exercitu
3703 2500 3779 2554 Sa-

2165 2602 2388 2658 xoniam
2424 2614 2736 2668 aggressus
2785 2600 2896 2665 est,
2929 2599 2986 2650 et
3021 2593 3284 2664 quamvis
3311 2591 3638 2647 Saxonibus
3665 2589 3778 2644 vali-

2165 2691 2400 2747 dissime
2431 2686 2844 2744 resistentibus
2872 2692 2928 2740 ct
2949 2698 3010 2739 se
3041 2681 3468 2738 munitionibus
3491 2679 3774 2736 tuentibus.

2167 2779 2352 2851 pulsis
2383 2774 2919 2849 propugnatoribus
2949 2771 3172 2843 praelio,
3197 2785 3303 2841 per
3340 2769 3548 2840 ipsum,
3575 2782 3676 2836 quo
3704 2779 3777 2835 pa-

2167 2869 2336 2924 triam
2371 2866 2678 2922 defendere
2711 2865 3092 2931 conabantur,
3127 2858 3346 2914 vallum
3373 2855 3631 2920 intravit;
3654 2867 3778 2909 com-

2167 2957 2462 3026 missaque
2495 2954 2707 3026 passim
2741 2951 2966 3023 praelia,
3003 2948 3308 3020 plurimam
3343 2962 3416 3002 ex
3451 2945 3590 3016 ipsis
3619 2941 3776 2998 multi-

2167 3046 2424 3102 tudinem
2447 3043 2687 3111 occidit,
2713 3046 2773 3096 et
2795 3055 2894 3097 eos
2927 3038 2997 3094 ad
3029 3037 3135 3092 hoc
3165 3034 3382 3104 coegit,
3424 3037 3480 3090 ut
3518 3031 3776 3103 promitte-

2169 3141 2317 3203 rent,
2352 3149 2410 3189 se
2439 3147 2606 3187 omne
2631 3129 2785 3200 quod
2805 3129 3039 3200 jubcrct
3063 3127 3320 3181 facturos
3347 3127 3408 3178 et
3437 3122 3594 3177 annis
3616 3119 3775 3186 singu-

2168 3223 2358 3279 lis300
2389 3237 2570 3292 equos
2587 3235 2760 3276 causa
2801 3217 3039 3273 honoris
3080 3212 3466 3270 daturos.llis
3490 3211 3560 3265 ita
3584 3222 3774 3278 compo-

2168 3313 2300 3368 sitis
2321 3315 2377 3366 et
2405 3327 2562 3366 more
2587 3308 2868 3364 Saxonico
2892 3310 2952 3362 ut
2980 3307 3107 3360 rata
3137 3306 3334 3359 essent
3361 3297 3714 3365 confirmatis,
3729 3296 3770 3348 in

2168 3399 2407 3456 Galliam
2452 3397 2771 3469 repedavit.
2808 3427 2875 3434 —
2905 3393 3121 3448 Paulus
3171 3405 3318 3462 papa
3352 3389 3480 3445 93us
3535 3385 3669 3444 sedit
3697 3396 3773 3436 an-

2167 3505 2274 3546 nos
2310 3495 2398 3545 10.

2237 3600 2287 3652 6.
2323 3601 2406 3652 18.
2442 3597 2502 3650 Α.
2536 3595 2598 3647 D.
2633 3595 2782 3648 7339'.
2834 3592 3015 3646 Natus
3061 3593 3152 3644 est
3179 3587 3428 3658 Pippino
3485 3581 3598 3652 regi
3629 3579 3769 3644 filius,

2169 3700 2336 3757 quem
2360 3699 2464 3739 suo
2491 3681 2716 3737 nomine
2751 3680 3054 3750 Pippinum
3077 3676 3273 3734 vocari
3299 3675 3510 3742 voluit,
3535 3671 3626 3728 sed
3655 3680 3772 3740 puer

2169 3776 2473 3830 immatura
2508 3774 2693 3825 morte
2723 3771 3058 3840 proventus,
3081 3766 3266 3822 tercio
3298 3768 3434 3836 post
3452 3759 3770 3818 nativitatem

2166 3878 2325 3920 suam
2359 3876 2508 3917 anno
2541 3857 2817 3914 decessit.

2309 3989 2330 4010 "
2360 3987 2422 4040 Ι).
2457 3987 2516 4040 Ε.
2549 3982 2786 4040 addunt
2813 4000 2825 4036 :
2861 3983 3110 4037 Sanctus
3139 3977 3444 4048 Gingulfus
3466 3976 3518 4030 in
3549 3975 3766 4046 Burgun-

2381 4057 2471 4112 dia
2506 4071 2535 4110 a
2569 4055 2819 4125 quodam
2851 4052 3093 4125 occisus
3115 4055 3212 4125 est
3232 4051 3450 4106 clerico
3473 4061 3572 4119 pro
3600 4050 3766 4099 uxoris

2379 4143 2499 4186 suae
2527 4122 2637 4182 sibi
2672 4126 2937 4182 adamato
2964 4122 3274 4180 adulterio.

2237 4261 2288 4312 7.
2325 4258 2416 4310 19.
2459 4255 2522 4308 A.
2554 4253 2616 4306 D.
2651 4255 2772 4307 760.
2809 4249 3119 4306 Waifarius
3178 4247 3297 4305 dux
3326 4241 3633 4317 Aquitania
3658 4249 3762 4293 cum

2169 4359 2264 4402 res
2293 4341 2708 4410 accclesiarum,
2745 4354 2872 4411 quae
2912 4338 2968 4394 in
2999 4353 3104 4395 sua
3136 4340 3428 4410 potestate
3454 4333 3606 4389 erant
3634 4331 3683 4383 et
3707 4320 3762 4378 ad

2171 4433 2474 4492 :ccclesias
2504 4431 2612 4487 sub
2643 4444 2812 4486 manu
2845 4427 3074 4499 Pippini
3107 4427 3263 4496 regis
3299 4422 3635 4482 constitutas
3661 4427 3762 4486 per-

413 4505 627 4614 papani
644 4505 776 4598 cum
799 4505 1049 4595 Folrado
1081 4533 1386 4607 capellano
1411 4540 1468 4590 et
1493 4505 1608 4590 non
1632 4505 1862 4592 minima
1889 4537 2060 4593 Fran-
2088 4505 2141 4568 D
2172 4525 2456 4591 tinebant,
2511 4519 2758 4576 reddere
2807 4517 3112 4587 noluisset,
3147 4515 3448 4587 ipsumque
3478 4521 3652 4579 regem
3681 4515 3761 4574 pro

411 4646 613 4688 corum
637 4644 809 4686 manu
837 4630 1072 4684 Romam
1105 4623 1352 4680 remisit.
1397 4623 1818 4681 Karlomannus
1839 4630 2054 4696 autem,

415 4721 598 4777 frater
627 4719 804 4790 regis,
841 4717 940 4788 qui
987 4730 1117 4772 cum
1151 4715 1469 4770 Berhtrada
1521 4715 1717 4783 regina
1753 4714 1807 4770 in
1840 4715 2058 4772 Vienna

412 4809 654 4868 civitate
673 4806 974 4870 remansit,
990 4809 1300 4877 correptus
1315 4805 1496 4875 febre,
1515 4804 1853 4874 priusquam
1869 4819 2062 4860 rever-

413 4903 650 4958 turetur
679 4897 860 4965 obiit;
911 4895 1101 4968 cujus,
1137 4909 1354 4966 corpus
1380 4894 1548 4964 jussu
1578 4891 1735 4961 regis
1763 4893 1834 4948 ad
1869 4909 2060 4953 mona-

416 4987 878 5048 sterium'sancti
903 4984 1221 5056 Benedicti,
1256 4984 1351 5042 ubi
1385 4983 1704 5040 monachus
1739 4988 1884 5053 erat,
1914 4985 2060 5040 rela-

415 5083 537 5136 tum
560 5074 1032 5136 est.Sanctus““
1045 5076 1377 5133 Bonifacius
1401 5077 1714 5146 passusest
1732 5073 1896 5143 (σήν.
1929 5075 2054 5145 W.).

552 5169 576 5192 "
609 5167 1034 5310 Ιέἰὶῐέῡαίίάπηι
1059 5186 1071 5220 :
1109 5164 1519 5222 Constantinus
1547 5198 1594 5204 ρ-
1615 5163 1960 5234 tyrannizat.
1986 5177 2062 5220 ex

490 5329 541 5381 3.
575 5330 660 5383 15.
696 5326 883 5395 (Eum.
932 5329 1029 5398 A.)
1081 5327 1145 5380 A.
1180 5325 1242 5380 Ι).
1278 5327 1401 5381 7:56.
1435 5322 1756 5380 Haistolfus
1786 5337 1891 5380 rex
1920 5323 2062 5380 Lon-

2171 4613 2260 4669 his
2289 4626 2393 4682 per
2423 4611 2649 4680 legatos
2681 4621 2822 4664 suos
2862 4621 2926 4662 se
2957 4609 3414 4662 commonentem
3444 4598 3628 4658 audire
3655 4603 3762 4682 con:

2174 4700 2534 4772 tempsisset,
2593 4695 2954 4754 contumacia
3025 4709 3128 4751 sua
3187 4693 3431 4750 eundem
3487 4696 3659 4755 regem
3702 4675 3760 4734 ad

2171 4787 2605 4862 suscipiendum
2637 4790 2842 4844 contra
2872 4799 2934 4840 se
2967 4783 3181 4840 bellum
3205 4778 3531 4839 concitavit.
3561 4773 3759 4862 Contra-

2167 4881 2281 4938 ctis
2309 4853 2448 4948 ergo
2480 4891 2584 4933 rex
2627 4875 2884 4945 undique
2909 4872 3113 4944 cupiis.
3151 4869 3509 4942 Aquitaniam
3535 4853 3753 4921 intravit,

2172 4982 2348 5040 seque
2383 4982 2470 5022 res
2498 4981 2565 5022 ac
2591 4964 2864 5035 justicias
2891 4961 3284 5018 aacclesiarum
3309 4959 3626 5014 exacturum
3653 4955 3756 5040 pro:

2170 5028 2494 5114 nunciavit.
2563 5028 2819 5124 Cumque
2867 5051 2926 5106 in
2982 5051 3109 5108 loco
3165 5048 3258 5120 qui
3318 5045 3520 5104 dicitur
3563 5028 3750 5094 Tedoad

2171 5145 2382 5218 positis
2431 5143 2644 5201 castris
2699 5137 3091 5208 consedisset,
3124 5135 3431 5195 Waifarius
3457 5127 3598 5188 bello
3645 5133 3753 5178 con-

2171 5240 2402 5292 certare
2461 5249 2575 5290 non
2631 5246 2828 5301 ausus,
2891 5229 3065 5286 missa
3123 5226 3408 5299 legatione
3459 5219 3527 5277 ad
3571 5220 3745 5301 regem,

2172 5323 2508 5396 spopondit,
2540 5337 2603 5380 se
2634 5298 2917 5394 imperata
2949 5298 3256 5389 facturum,
3280 5298 3751 5374 aacclesiarumius‘

1760 5420 1998 5478 VARUE
2059 5420 2466 5478 LECTIONES.

494 5517 584 5593 “f1
609 5518 860 5593 cari_s_iu_s
895 5521 1052 5593 post.
1087 5532 1236 5579 corr.
1293 5519 1546 5593 parisius
1578 5520 1656 5576 1b.

416 5589 620 5664 postea
659 5589 874 5650 addita
896 5589 1047 5650 imit
1063 5596 1110 5646 1.

1763 5519 1854 5554 ιω
1879 5519 1948 5578 in
1981 5525 2028 5577 1.
2061 5533 2186 5579 una
2213 5519 2273 5577 et
2303 5518 2563 5578 dimidia
2585 5518 2748 5576 lima
2777 5529 2963 5576 erasa
2977 5514 3134 5576 sunt.

3236 5511 3325 5548 “1’
3351 5509 3576 5567 Sanctus
3599 5526 3656 5540 —
3678 5491 3747 5550 εει
