3952 6310
44 304 155 364 sli

944 297 1384 359 lilllil’)‘.\'ll‘.A.
1419 333 1496 342 —-
1526 295 2000 360 CHRONICON
2048 300 2595 363 UNIVEHSAIE.

3344 308 3463 367 842

50 434 681 497 sticiasrcdditurum;
706 432 1051 487 eeditetiam
1066 431 1305 487 obsides
1335 430 1483 488 duos
1518 429 1588 486 de
1605 430 1717 502 pri-
1745 432 1800 492 Α
1830 431 2135 503 positoque
2168 432 2247 487 ibi
2270 437 2331 489 et
2353 432 2407 489 in
2426 433 2681 490 Biturica
2697 433 2937 490 civitate
2984 436 3241 506 presidio
3273 453 3467 508 regre-

54 522 537 593 moribusgentis
577 519 947 590 Adalgarium
968 525 1027 575 et
1077 519 1561 591 Itherium.(0hr.
1607 517 1715 589 W.)

56 613 285 679 Quibus
312 608 595 682 acceptis,
632 623 781 664 rexa
825 607 976 663 bello
1019 608 1323 677 abstinuit,
1369 608 1716 677 domumque

56 700 231 757 rediit
256 702 595 753 —Sanctus
626 696 940 752 Othmarus
972 696 1024 751 in
1052 694 1299 753 insulam
1342 710 1469 766 quze
1501 693 1718 749 dicitur

59 789 216 848 Steia
256 787 579 857 relegatus,
603 784 874 854 migravit
904 782 994 816 ιω
1026 783 1097 838 ad
1127 785 1323 839 Deum.

126 881 177 933 8.
216 880 290 933 20
323 874 513 945 (Emn.
541 875 636 943 A.)
672 875 733 928 A.
774 873 831 927 D.
886 876 1007 927 761.
1044 871 1353 927 Waifarius
1400 870 1535 927 licet
1565 870 1719 926 obsi-

61 969 162 1022 des
223 962 499 1019 dedisset
550 966 609 1018 et
629 960 1292 1030 saeramentajurasset,
1316 960 1499 1016 satius
1529 964 1716 1015 tamen

64 1062 249 1124 ratus,
278 1053 327 1110 si
362 1051 433 1108 de
458 1049 622 1107 illato
652 1049 759 1106 sibi
787 1049 940 1106 bello
972 1048 1718 1122 super-ioriannoultionem

64 1144 359 1213 exigeret,
397 1138 741 1205 exercitum,
778 1138 873 1208 qui
912 1140 1261 1194 Francorum
1314 1136 1719 1208 possessiones

71 1231 485 1305 pepularetur,
503 1226 771 1298 usquead
796 1226 1150 1283 Cabillonem
1168 1225 1464 1281 civitatem
1482 1225 1723 1281 fecitac-

66 1322 297 1375 rodere.
338 1317 506 1384 Quod
538 1331 668 1373 eum
699 1316 944 1388 Pippino
970 1314 1449 1385 regi,generalem
1475 1328 1725 1371 conven-

74 1416 187 1465 tum
222 1406 496 1477 agentiin
520 1404 657 1461 Villa
682 1404 875 1473 Duria,
905 1403 1238 1459 nunciatum
1256 1402 1483 1471 fuisset,
1502 1403 1725 1460 coactis

76 1496 327 1568 undique
380 1493 662 1561 consiliis,
709 1508 841 1549 cum
884 1506 1089 1562 magno
1143 1490 1279 1546 belli
1339 1492 1723 1563 apparatuin

80 1585 449 1657 Aquitaniam
472 1583 790 1653 ingressus,
825 1581 1014 1637 omnia
1047 1581 1199 1637 ferro
1222 1585 1281 1636 et
1310 1581 1441 1650 igne
1478 1581 1725 1637 vastavit

82 1680 135 1730 et
171 1673 440 1746 quiedam
462 1671 674 1743 oppida
696 1675 751 1726 et
777 1670 1017 1727 castella
1050 1685 1217 1726 manu
1258 1670 1433 1742 cepit,
1466 1669 1727 1741 quaedam

1828 517 2015 574 ditur.

1902 609 1985 663 14.
2022 609 2108 662 26.
2175 610 2237 663 A.
2273 610 2333 663 ῐ).
2395 610 2559 666 767.‘
2613 609 2748 666 Orta
2799 611 3106 681 questione
3136 611 3207 668 de
3265 619 3465 670 sancta

1827 695 2108 751 Trinitate
2139 696 2289 753 etde
2311 703 2647 754 sanctorum
2673 698 3023 768 imaginibus
3046 700 3196 756 inter
3218 700 3470 757 orienta-

1831 782 1940 838 lem
1972 786 2028 838 et
2066 783 2487 840 occidentalem
2520 784 2859 856 zeeclesiam,
2895 785 2950 841 id
2983 788 3474 846 estinterGrecos

1829 879 1889 927 et
1920 873 2229 945 Romanos,
2264 872 2543 945 Pippinus
2570 889 2673 930 rex
2710 874 2763 930 in
2814 874 2948 931 villa
3010 876 3331 934 Gentiliaeo
3364 879 3466 951 [αἱ.

1830 960 2227 1018 Salmonciaco
2279 960 2388 1033 “‘7]
2453 962 2731 1033 synodum
2779 964 3003 1035 habuit,
3072 966 3471 1039 ventilataque

1832 1050 2158 1121 questione,
2191 1050 2261 1107 ad
2297 1049 2511 1107 bellum
2544 1051 2870 1123 predictum
2893 1054 3311 1111 conficiendum
3336 1060 3469 1126 post

1831 1139 2024 1195 natale
2058 1139 2546 1211 Dominiseptimo
2581 1140 2635 1196 in
2663 1142 3028 1212 Aquitaniam
3057 1143 3470 1215 proficiscitur;

1833 1226 2149 1298 multisque
2180 1226 2445 1284 castellis
2474 1233 2528 1284 et
2558 1230 2720 1300 pagis
2738 1230 2949 1301 captis,
2994 1230 3266 1287 Viennam
3285 1247 3480 1288 rever-

1834 1317 2001 1388 titur,
2038 1317 2235 1389 ibique
2265 1317 2478 1390 pascha
2493 1318 2795 1376 celebrato
2818 1326 2874 1375 et
2905 1321 3165 1377 exercitu
3188 1326 3474 1378 recreato.

1835 1420 2034 1462 mense
2067 1408 2337 1476 Augusto
2370 1406 2440 1463 ad
2476 1406 2759 1479 reliquias
2780 1407 2916 1464 belli
2954 1409 3249 1480 profectus
3273 1414 3385 1479 est,
3420 1416 3481 1467 et

1836 1494 2150 1551 Bituricam
2182 1495 2442 1565 veniens,
2476 1501 2826 1553 conventum
2862 1496 2916 1552 in
2975 1513 3179 1569 campo
3231 1498 3432 1555 habuit
3466 1516 3480 1565 ;

1837 1582 2084 1655 indeque
2110 1583 2180 1639 ad
2214 1584 2539 1640 Garonnam
2569 1584 2802 1641 ﬂuvium
2830 1585 3134 1656 accedens,
3190 1586 3368 1644 multa
3392 1603 3485 1644 ca-

1840 1672 2011 1729 stella
2027 1677 2081 1727 et
2101 1679 2296 1744 petras
2315 1677 2491 1744 atque
2515 1673 2911 1745 speluncas.in
2929 1675 3140 1746 quibus
3155 1689 3215 1733 se
3229 1675 3482 1733 hostium

84 1761 295 1818 victori
330 1776 391 1817 se
424 1759 581 1816 ultro
601 1758 914 1815 dederunt.
957 1762 1212 1829 Cumque
1242 1758 1430 1848 omnia
1448 1757 1729 1848 vastando
1759 1788 1812 1848 Β
1842 1748 2159 1818 multitudo
2194 1760 2439 1834 plurima
2465 1761 2837 1833 defendebat,
2870 1764 3045 1834 cepit,
3097 1779 3484 1836 reversusque

88 1851 422 1906 Lemovicas
451 1848 724 1909 venisset.
769 1862 1079 1918 regressus
1134 1852 1243 1914 est,
1304 1847 1631 1917 iterumque
1674 1845 1729 1901 in

86 1937 377 1995 Carisiaco
409 1937 674 1994 hibernis
697 1936 931 2005 habitis,
954 1935 1147 1991 natale
1172 1934 1391 1990 Domini
1424 1939 1485 1990 et
1518 1935 1730 2006 pascha

89 2027 158 2082 ibi
184 2026 436 2097 peregit.
468 2026 525 2080 in
558 2026 663 2082 hac
688 2025 1066 2097 expeditione
1084 2024 1417 2081 fuitcumeo
1436 2022 1588 2079 filius
1606 2023 1734 2093 ejus

91 2114 516 2186 primogenitus
539 2114 805 2183 Karolus,
827 2114 896 2169 ad
919 2128 1088 2183 quem
1121 2116 1248 2184 post
1303 2111 1491 2184 patris
1510 2112 1733 2169 obitum

94 2204 268 2259 omnis
300 2202 537 2275 imperii
572 2217 794 2259 summa
827 2201 1111 2273 pervenit.

158 2294 205 2347 9.
232 2297 317 2348 2l.
364 2294 434 2347 A.
464 2291 976 2362 D.762.Pippinus
1008 2294 1401 2361 rexsuseepto
1442 2303 1472 2345 a
1505 2289 1737 2346 sebello

102 2380 257 2436 finem
292 2381 600 2452 imponere
630 2379 896 2451 cupiens,
936 2378 1120 2434 tercio
1163 2378 1529 2449 Aquitaniam
1562 2378 1739 2435 intra-

99 2469 190 2537 vit,
223 2469 538 2540 captisque
564 2467 815 2524 Biturica
848 2466 1088 2524 civitate
1116 2471 1173 2524 et
1192 2466 1440 2523 castello
1482 2466 1737 2538 Toareis,

104 2558 436 2628 revertitur,
463 2556 855 2627 hiemavitque
887 2557 942 2612 in
968 2556 1101 2613 villa
1123 2557 1460 2613 Gentiliaeo.
1495 2610 1500 2614 .

165 2652 245 2704 10.
273 2651 358 2704 22.
400 2647 552 2703 ΑΛ).
610 2650 733 2702 763.
768 2646 1066 2718 Pippinus,
1109 2646 1308 2701 habito
1348 2650 1637 2701 conventu
1688 2645 1742 2701 in

102 2737 377 2806 Nivernis,
414 2739 637 2806 quarto
667 2735 1034 2806 Aquitaniam
1092 2734 1349 2803 intravit,
1402 2734 1745 2804 cunctisque

105 2830 256 2881 extra
291 2823 656 2882 munitiones
683 2824 930 2880 vastatis
956 2839 1136 2893 usque
1151 2824 1219 2879 ad
1234 2823 1507 2895 oppidum
1532 2822 1746 2878 Cadur-

107 2914 241 2970 ciam
262 2912 419 2983 “°‘,c
443 2928 532 2969 um
577 2913 806 2982 integro
829 2914 1092 2969 exercitu
1124 2913 1178 2968 in
1205 2912 1499 2968 Franciam
1539 2927 1602 2967 se
1662 2927 1749 2967 re-

107 3008 384 3075 capturus,
396 3016 515 3077 per
536 3002 898 3058 Lemovicum
920 3002 1271 3071 regreditur.
1291 3002 1461 3073 (Ama.
1480 3003 1657 3058 Law/2°.
1680 3033 1748 3041 —

1844 1850 2179 1920 Bituricam,
2209 1850 2534 1908 exercitum
2566 1850 2622 1906 in
2654 1851 2892 1907 hiberna
2929 1850 3169 1908 dimisit.

1983 1975 2005 1997 "
2037 1975 2096 2028 D.
2134 1975 2195 2029 Ε.
2230 1973 2495 2032 addunt:
2519 1975 2994 2032 Constantiuusi.
3046 1982 3105 2032 et
3154 1978 3225 2031 II.
3284 1992 3335 2032 a.
3384 1991 3488 2034 rex

2044 2045 2502 2173 gagiaacenorum
2534 2046 2661 2117 pari
2688 2078 2730 2087 —
2762 2047 3131 2118 profundum.
3156 2060 3247 2104 ex.
3281 2047 3487 2121 Sigeb.

1917 2208 2002 2259 15.
2034 2208 2121 2260 27.
2162 2208 2223 2261 Α.
2261 2206 2321 2261 D.
2358 2208 2480 2262 768.
2542 2206 2826 2278 Pippinus
2882 2206 2937 2262 in
2991 2207 3245 2263 Biturica
3297 2206 3490 2264 natale

1845 2292 2069 2349 Domini
2099 2291 2442 2363 celebravit,
2477 2299 2537 2349 et
2594 2309 2725 2350 cum
2773 2295 3020 2366 primum
3045 2294 3115 2351 ad
3172 2295 3491 2365 gerendum

1849 2378 2062 2436 bellum
2080 2384 2313 2452 tempus
2330 2376 2529 2452 aptum
2549 2381 3052 2452 videret,evocato
3067 2382 3324 2453 undique
3338 2396 3497 2439 exer-

1850 2470 1992 2540 citu,
2030 2469 2097 2525 ad
2116 2469 2483 2526 Santonicam
2531 2470 2833 2527 civitatem
2858 2470 3183 2539 contendit;
3207 2476 3495 2543 captoque

1852 2559 1909 2614 in
1942 2558 2532 2628 itinereRimisteino,
2566 2574 2696 2616 cum
2722 2559 2795 2615 ad
2827 2561 3028 2616 urbem
3060 2560 3381 2632 predictam
3404 2573 3498 2616 ve-

1852 2648 2057 2714 nisset,
2095 2652 2279 2703 mater
2301 2652 2362 2703 et
2383 2662 2552 2704 soror
2572 2651 2629 2703 et
2678 2653 2884 2719 neptes
2940 2649 3200 2705 Waifarii
3227 2648 3396 2706 ducis
3425 2648 3493 2704 ad

1853 2752 1980 2793 eum
2017 2735 2285 2792 adductze
2304 2734 2634 2802 sunt.Quas
2667 2750 2795 2793 cum
2821 2736 2912 2808 pie
2931 2742 3238 2808 susceptas
3273 2751 3495 2794 servari

1849 2825 2152 2896 jussisset,
2184 2825 2256 2880 ad
2285 2824 2607 2880 Garonnam
2659 2823 2895 2881 ﬂuvium
2946 2825 3363 2897 proficiscitur.
3389 2824 3497 2881 Ubi

1856 2914 1906 2971 ei
1941 2912 2267 2983 Heriwigus
2298 2910 2390 2945 ⁸³³⁸
2410 2926 2540 2969 cum
2566 2912 2674 2968 alia
2704 2913 2914 2985 prefati
2962 2913 3130 2971 ducis
3158 2929 3360 2971 sorore
3406 2928 3500 2971 oc-

1856 3002 2061 3072 currit,
2097 3016 2273 3073 seque
2304 3006 2365 3057 et
2393 3001 2547 3057 illam
2566 3002 2686 3071 regi
2703 3000 3171 3059 tradidit.Rebus
3200 3002 3382 3073 igitur
3400 3002 3500 3059 ali-

109 3092 259 3150 Enm.
290 3095 385 3166 Α.)
408 3090 649 3148 'Iassilo
695 3091 815 3148 dux
855 3091 1133 3147 Bawariae
1179 3095 1538 3162 postponens
1560 3105 1751 3147 sacra-
1782 3140 1827 3166 η
1859 3095 2003 3163 quot
2026 3090 2518 3164 prosperegestis,
2545 3105 2645 3145 rex
2678 3090 3017 3162 revertitur,
3043 3095 3102 3147 et
3145 3090 3202 3146 in
3253 3089 3501 3147 castello

114 3186 292 3239 menta
315 3140 797 3254 quejuraverat,
846 3184 902 3236 et
936 3180 1157 3236 oblitus
1179 3140 1396 3235 romnia
1442 3180 1589 3234 bona
1622 3194 1749 3251 qua:
1780 3140 1830 3205 Ο
1861 3140 2271 3252 quodrdiciltur
2295 3140 2421 3235 Suels
2454 3140 3033 3251 paschacelebravit:
3079 3184 3501 3250 assumptaque

118 3269 215 3325 sibi
244 3269 572 3327 avunculus
604 3284 748 3326 suus
780 3268 1062 3339 Pippinus
1085 3282 1189 3323 rex
1214 3269 1452 3336 fecerat,
1479 3267 1750 3323 simulata

123 3356 463 3428 infirmitate,
500 3359 573 3414 ab
615 3359 719 3415 hac
751 3356 1126 3429 expeditione
1166 3371 1272 3427 per
1304 3355 1499 3412 dolum
1526 3370 1589 3412 se
1619 3357 1756 3412 sub-

125 3444 291 3516 duxit,
326 3453 379 3502 et
414 3449 473 3502 in
508 3447 833 3503 Bawariam
860 3445 1067 3512 rediit;
1099 3444 1445 3515 firmatoque
1478 3444 1547 3499 ad
1603 3444 1755 3501 defe-

127 3534 354 3592 ctionem
387 3537 603 3601 animo,
622 3535 691 3591 ad
708 3539 1090 3606 conspectum
1109 3534 1263 3603 regis
1280 3548 1341 3589 se
1356 3533 1604 3590 ulterius
1620 3548 1755 3590 ven-

129 3625 302 3678 turum
325 3624 639 3696 abjuravit.
696 3625 815 3681 Rex
839 3629 1031 3680 autem
1064 3622 1309 3678 dimisso
1355 3622 1641 3693 exercitu,
1696 3622 1752 3677 in

131 3708 250 3765 villa
282 3713 565 3783 Longlare
596 3712 888 3768 hiemavit.

198 3804 379 3856 11.23.
415 3804 482 3858 Α.
516 3803 573 3855 Ι).
610 3804 733 3856 764.
766 3801 887 3855 Rex
914 3800 1216 3872 Pippinus,
1279 3800 1567 3856 distracto
1590 3800 1645 3854 in
1676 3798 1757 3853 di-

136 3899 279 3943 versa
307 3892 499 3946 animo
534 3895 772 3962 propter
795 3889 910 3946 duo
960 3889 1129 3953 bella.
1166 3890 1572 3960 Aquitanicum
1602 3888 1761 3945 scili-

135 3978 213 4028 cet
240 3976 349 4045 jam
377 3979 519 4037 olim
544 3982 881 4051 susceptum
907 3984 966 4034 et
989 3979 1347 4035 Bawaricum
1373 3983 1613 4050 propter
1627 3978 1759 4033 Tas-

137 4062 320 4123 silonis
338 4068 507 4126 ducis
520 4068 907 4125 defectionem
931 4067 1389 4140 suscipiendum,
1408 4073 1758 4123 conventum

135 4154 316 4223 Populi
344 4158 428 4214 sui
461 4158 671 4214 habuit
698 4159 753 4213 in
786 4158 1132 4227 Wormacia,
1157 4156 1458 4226 dilataque
1500 4156 1555 4210 in
1610 4155 1763 4212 futu-

137 4252 246 4298 rum
268 4247 660 4317 expeditione,
696 4246 797 4304 illo
830 4262 980 4303 anno
1013 4262 1075 4303 se
1100 4246 1253 4303 domi
1287 4244 1597 4301 continuit.

198 4334 274 4385 12.
313 4338 399 4392 24.
429 4339 492 4392 Α.
526 4336 590 4392 D.
623 4339 746 4392 7.35.
792 4336 1072 4408 Pippinus
1127 4333 1461 4406 generalem
1517 4347 1764 4389 conven-

136 4418 243 4474 tum
265 4420 317 4477 in
338 4424 604 4482 Atiniaco
630 4425 765 4482 villa
790 4425 1011 4496 habuit,
1040 4424 1143 4481 sed
1177 4428 1234 4479 et
1284 4424 1394 4479 hoc
1425 4436 1573 4478 anno
1630 4436 1765 4479 nus-

1862 3284 2059 3326 seeum
2092 3283 2273 3325 uxore
2311 3282 2415 3325 sua
2433 3273 2609 3339 atque
2652 3268 2889 3339 familia,
2946 3268 3155 3324 iterum
3188 3268 3256 3323 ad
3300 3265 3503 3325 urbem

1862 3359 2229 3415 Santonicam
2244 3357 2401 3414 venit
2433 3375 2447 3423 ;
2481 3356 2930 3429 dimissaqueibi
2966 3371 3146 3413 uxore
3178 3370 3241 3413 ae
3267 3355 3501 3427 familia,

1862 3464 1991 3504 cum
2026 3448 2297 3504 omnibus
2317 3446 2505 3520 copiis
2539 3447 2606 3502 ad
2659 3447 3123 3518 persequendum
3171 3445 3506 3501 Waifarium

1864 3537 2069 3594 ducem
2099 3536 2351 3593 animum
2386 3534 2655 3605 intendit,
2693 3549 2797 3590 nec
2829 3535 2992 3606 prius
3029 3535 3319 3590 desistere
3346 3533 3510 3589 insti-

1864 3627 1997 3696 tuit,
2025 3641 2194 3697 quam
2215 3630 2317 3681 aut
2338 3625 2529 3681 vivum
2548 3629 2786 3695 caperet
2815 3630 2912 3681 aut
2940 3622 3315 3680 rebellantem
3334 3622 3510 3677 inter-

1866 3714 2087 3770 ﬁceret.
2107 3710 2231 3778 Quo
2245 3712 2555 3768 interfecto
2582 3712 2634 3767 in
2662 3712 2965 3767 territorio
2982 3711 3358 3780 Petragorieo
3375 3727 3509 3767 con-

1868 3805 2139 3872 fectoque
2169 3800 2323 3857 bello
2347 3800 2715 3870 Aquitanico,
2752 3799 3039 3855 Santonas
3072 3813 3345 3855 reversus
3395 3806 3506 3869 est,

1869 3891 2065 3962 ibique
2100 3887 2799 3958 demoransaliquamdiu,
2824 3887 3173 3956 aegritudine
3208 3887 3508 3957 decubuit,

1869 3978 2102 4036 delatus
2135 3980 2325 4032 tamen
2352 3979 2613 4032 Turonos
2643 3976 2794 4048 apud
2825 3975 3009 4032 sancti
3042 3976 3267 4032 Martini
3304 3992 3512 4032 momo-

1869 4068 2014 4124 riam
2047 4066 2257 4134 oravit,
2286 4064 2533 4135 indeque
2566 4065 2852 4121 Parisium
2884 4065 3143 4135 veniens,
3190 4068 3240 4120 8.
3262 4064 3504 4121 Kalend.

1870 4156 2110 4212 Octobr.
2135 4153 2301 4224 obiit,
2327 4167 2660 4225 corpusque
2720 4154 2847 4224 ejus
2896 4154 2951 4209 in
3013 4154 3251 4210 basilica
3320 4153 3507 4209 sancti

1871 4242 2110 4300 Dionisii
2136 4241 2430 4298 humatum
2462 4244 2571 4297 est.
2592 4241 2808 4296 —Filii
2837 4255 2978 4298 vero
3011 4241 3140 4313 ejus
3190 4239 3435 4297 Karolus
3457 4246 3515 4297 et

1874 4331 2296 4389 Karlomannus
2342 4330 2597 4387 omnium
2634 4330 2982 4388 Francorum
3019 4345 3306 4387 consensu
3349 4329 3518 4386 ambo

1876 4436 2044 4492 reges
2077 4419 2260 4478 creati
2286 4422 2417 4477 sunt
2449 4420 2636 4491 (Eme.
2668 4436 2719 4476 c.
2757 4421 2857 4491 3.),
2882 4434 2947 4476 ea
3005 4419 3338 4476 conditione
3394 4434 3520 4491 pre-

138 4518 289 4573 fiuam
320 4527 559 4571 movens
608 4514 1065 4586 expeditionem,
1128 4511 1309 4584 Aquis
1367 4510 1661 4567 hiemavit.
1699 4542 1761 4551 -—
1792 4499 1846 4560 D
1877 4510 2157 4581 missa,ut
2182 4515 2369 4566 totum
2404 4509 2566 4579 regni
2597 4524 2813 4581 corpus
2828 4524 2899 4564 ex
2928 4524 3096 4580 aequo
3120 4508 3516 4580 partirentur:

142 4592 377 4668 Corpora
407 4600 503 4636 ωδ
534 4606 870 4660 sanctorum
896 4601 1191 4673 Gorgonii,
1219 4599 1563 4657 Narboriset
1590 4600 1767 4656 Naza-

144 4679 205 4735 rii
234 4684 298 4741 de
332 4689 510 4747 Roma
546 4691 836 4748 translata
869 4696 1003 4747 sunt
1025 4690 1079 4746 in
1114 4690 1432 4747 Franciam.

208 4775 386 4833 13.25.
423 4782 494 4836 A.
532 4781 595 4836 Ι).
631 4784 753 4837 766.
776 4780 943 4837 Turci
963 4779 1240 4850 egressia
1279 4778 1505 4852 Caspiis
1555 4778 1767 4851 portis,

147 4870 262 4916 cum
284 4865 570 4926 Avaribus
603 4869 818 4926 bellum
842 4868 1117 4941 inierunt,
1151 4868 1435 4941 multique
1484 4883 1558 4925 ex
1595 4869 1772 4925 utris-

151 4959 250 5018 (ιιιθ
261 4956 577 5024 perierunt.
600 4959 882 5032 Pippinus
896 4964 1138 5031 propter
1156 4958 1581 5017 conﬁciendum
1599 4957 1772 5029 Aqui-

150 5038 386 5101 tanicum
417 5048 653 5122 bellum,
689 5054 979 5108 conventu
1003 5048 1059 5105 in
1110 5048 1437 5107 Aurelianis
1465 5048 1689 5120 habito,
1715 5046 1773 5103 in

154 5130 500 5212 Aquitaniam
531 5141 733 5212 quinto
758 5140 1060 5212 profectus
1090 5143 1203 5210 est,
1238 5145 1295 5195 et
1343 5140 1711 5196 destructum
1741 5150 1772 5193 a

153 5211 409 5280 Waifario
433 5211 917 5301 Argentomagum
942 5234 1201 5285 castrum
1228 5228 1626 5300 reaedificavit,
1662 5226 1776 5284 dis-

1875 4605 1935 4656 et
1958 4599 2205 4655 Karolus
2236 4612 2361 4654 eam
2394 4601 2620 4668 partem
2656 4612 2823 4668 quam
2858 4602 3026 4667 pater
3069 4595 3195 4665 ejus
3245 4594 3522 4665 Pippinus

1878 4692 2170 4758 tenuerat,
2187 4686 2610 4743 Karlomannus
2629 4700 2769 4741 vero
2785 4699 2908 4741 eam
2939 4698 3109 4753 quam
3155 4688 3401 4753 patruus
3429 4696 3523 4737 eo-

1880 4793 2005 4836 rum
2047 4776 2467 4833 Karlomannus
2536 4773 2817 4845 possedit,
2885 4775 3223 4843 susceperat
3278 4774 3368 4837 ;et
3427 4772 3528 4824 Ka-

1880 4867 2042 4925 rolus
2070 4872 2102 4923 7
2126 4865 2259 4922 Idus
2289 4862 2560 4919 Octobrés
2594 4860 2649 4915 in
2708 4859 2986 4916 Noviomo
3021 4858 3263 4915 civitate
3330 4856 3528 4914 Karlo-

1881 4970 2126 5013 mannus
2152 4967 2292 5010 vero
2324 4952 2381 5005 in
2403 4947 2736 5018 Suessiona,
2773 4946 2934 5017 regni
2983 4945 3528 5017 susceperuntinsi-

1880 5045 2032 5119 gnia.
2068 5042 2253 5113 (Eme.
2287 5040 2439 5096 Ann.
2464 5036 2739 5109 θιιαων.)
2788 5034 3173 5106 Karolusque,
3216 5035 3313 5106 qui
3347 5034 3529 5105 major

1884 5139 2013 5192 erat
2044 5136 2205 5203 natu,
2240 5130 2945 5203 Aquasgraniprofectus,
2980 5124 3176 5184 natale
3208 5123 3528 5182 Dominiibi

1882 5221 2227 5307 celebravit,
2252 5222 2468 5294 pascha
2482 5233 2624 5279 vero
2642 5219 2699 5276 in
2720 5217 3040 5290 Rotomago
3079 5215 3339 5275 civitate.
3367 5214 3532 5285 (Eum

1496 5362 1733 5419 νΑΗΙιΕ
1771 5358 2170 5419 LECTIONES.

224 5458 307 5548 f‘“
336 5468 486 5548 _XV[.
552 5476 628 5548 Κ.
645 5475 982 5548 Decembris
1030 5490 1103 5531 m.
1137 5480 1187 5532 5.
1220 5474 1310 5508 “‘5
1366 5477 1695 5548 carduciam
1732 5478 1790 5532 1b
1827 5475 1918 5510 ¹¹¹⁶
1966 5478 2223 5548 corpora
2250 5504 2320 5548 -τ
2352 5471 2649 5548 Franpiam
2666 5473 2872 5548 pestea
2891 5469 3183 5548 ᾳᾴάἱιιῌ-
3220 5468 3309 5548 ξω
3348 5471 3438 5548 it?
3474 5467 3539 5548 5;”

163 5539 420 5664 θέἑιονέἰφξθ
442 5548 490 5600 1.
515 5545 719 5627 eadem
756 5547 830 5605 ut
845 5547 1083 5603 videtur
1101 5561 1287 5605 manu
1312 5565 1338 5618 ,-
1359 5547 1505 5603 Gent
1524 5548 1924 5630 superemith
1954 5539 2201 5604 Sal.'E1.
2228 5542 2624 5601 salmonciaco
2653 5539 2746 5601 vel
2763 5543 3080 5615 gentiliaco
3104 5544 3165 5598 D.
3197 5543 3361 5601 deest
3384 5542 3456 5598 ιι).
3483 5543 3531 5596 ι.

236 5620 259 5660 ῑ
323 5612 487 5664 antur
515 5633 528 5664 ε
563 5617 727 5664 aliam
753 5617 1057 5664 svnndnm-
1093 5649 1161 5659 -
1192 5623 1241 5664 Β-
1273 5621 1348 5664 Ωο-
1385 5622 1470 5664 10-
1498 5622 1583 5664 11-
1617 5616 1708 5652 111⁸
1736 5618 2126 5664 harwrmmib-

236 5612 487 5683 uenitur
515 5633 528 5670 :
563 5617 730 5675 aliam
753 5617 1057 5692 synodum.
1093 5649 1161 5659 —
1192 5623 1242 5676 δ.
1273 5612 1349 5675 9δ.
1385 5622 1471 5675 10.
1498 5612 1708 5676 11Ῐ¹¹¹⁸
1736 5612 2032 5678 hefwicus
2050 5618 2127 5675 1b.

463 5712 719 5783 PATROL.
752 5715 966 5780 CLIV.

3306 5708 3381 5773 2'1
