3952 6334
126 331 237 391 845

999 324 1438 390 CHRONICA.
1472 361 1548 372 —
1580 321 2062 390 CHRONTCON
2107 329 2652 400 UNIVERSALE.

3413 347 3530 409 846

132 463 362 528 castris,
401 460 608 517 bellum
643 459 1081 529 Beneventanis,
1119 459 1172 514 ni
1205 459 1584 529 dederentur,
1613 475 1764 516 com-
1793 459 1852 521 A
1878 461 2190 519 comitibus
2229 465 2403 521 etiam
2448 483 2514 523 ac
2558 468 2766 538 legatis
2813 472 3168 542 perficienda
3213 478 3524 534 commisit,

133 552 382 606 minatus
411 553 517 604 est.
553 548 820 604 Prevenit
846 548 948 603 hoc
973 547 1089 604 dux
1115 547 1310 618 gentis
1343 547 1620 619 Aragisus
1654 546 1760 618 “’°,

130 640 389 711 ﬁliosque
417 652 553 694 suos
577 637 923 694 Rumolduin
947 643 1005 693 et
1029 637 1381 694 Grimoldum
1406 653 1534 695 cum
1562 652 1765 708 magna

128 728 371 801 pecunia
409 727 526 798 regi
560 728 787 784 obviam
830 728 1089 797 mittens,
1133 731 1318 798 rogat,
1353 735 1412 783 ut
1447 727 1596 784 filios
1626 742 1767 784 suos

128 817 358 874 obsides
389 815 690 887 suscipiat,
725 830 904 886 seque
929 821 1255 885 cumgente
1282 815 1564 888 imperata
1592 816 1771 872 factu-

127 921 266 976 rum,
293 909 494 977 preter
515 906 625 961 hoc
649 905 835 960 solum
855 904 902 960 si
926 905 1049 976 ipse
1072 906 1140 960 ad
1165 912 1547 976 conspectum
1573 905 1771 962 venire

124 997 448 1064 cogeretur.
505 994 626 1048 Rex
677 993 932 1049 utilitate
982 993 1174 1062 gentis
1223 995 1410 1064 magis
1441 1010 1610 1065 quam
1646 993 1771 1064 ejus

124 1081 512 1140 obstinatione
531 1082 922 1152 considerata,
939 1080 1168 1136 oblatos
1187 1079 1298 1136 sibi
1319 1082 1558 1139 obsides
1576 1097 1771 1146 susce,

124 1173 222 1244 pit,
253 1169 448 1240 eique,
485 1173 546 1224 ut
570 1168 642 1224 ad
663 1173 1040 1241 conspectum
1073 1169 1270 1226 venire
1297 1185 1407 1227 non
1431 1175 1764 1247 cogeretur,

126 1274 222 1332 pro
244 1273 452 1327 magno
485 1272 723 1313 munere
754 1257 1065 1326 concessit,
1089 1263 1146 1312 et
1173 1258 1395 1316 minore
1428 1259 1546 1316 lilio
1578 1261 1766 1330 gratia

125 1346 420 1404 obsidatus
439 1350 692 1416 retento,
710 1349 985 1418 majorem
1007 1347 1157 1418 patri
1175 1349 1420 1418 remisit,
1442 1348 1766 1420 legatisque

124 1439 190 1493 ob
221 1441 586 1492 sacramenta
631 1435 934 1492 fidelitatis
965 1452 992 1492 a
1028 1436 1450 1494 Beneventanis
1480 1439 1764 1508 exigenda

123 1541 242 1582 cum
257 1525 504 1595 Aragiso
525 1525 801 1595 dimissis,
820 1526 1052 1580 Romam
1074 1524 1270 1596 rediit,
1289 1525 1766 1598 consumptisque

124 1615 196 1670 ibi
212 1615 264 1670 in
281 1619 618 1671 sanctorum
639 1614 1017 1670 veneratione
1035 1613 1257 1684 aliquot
1279 1615 1506 1685 diebus,
1523 1614 1764 1672 Galliam

122 1703 458 1760 revertitur.
483 1735 554 1743 —
576 1703 935 1773 Bajoaricum
961 1703 1171 1760 deinde
1201 1702 1414 1760 bellum
1440 1710 1496 1760 et
1523 1710 1762 1776 repente

1881 549 2017 615 Quae
2048 567 2176 607 cum
2211 554 2282 608 ab
2315 555 2404 610 his
2437 557 2842 614 strenuissime
2874 560 3122 617 fuissent
3157 563 3412 635 impleta,
3439 581 3532 622 oc-

1881 641 2016 693 tavo
2045 641 2278 697 tandem
2312 657 2460 700 anno
2493 644 2642 700 idem
2679 646 2892 703 bellum
2925 657 3390 708 consummatum
3415 659 3526 708 est.

1882 726 2032 792 Quot
2065 729 2262 800 praelia
2284 729 2336 785 in
2357 746 2427 787 eo
2444 738 2608 802 gesta
2634 734 2772 806 sint,
2797 741 3195 809 quantumque
3225 741 3530 810 sanguinis

1880 815 2147 886 effusum,
2195 823 2449 877 testatur
2490 823 2783 879 Pannonia
2824 826 2978 880 omni
3022 842 3166 898 pene
3198 829 3532 886 habitatore

1881 919 2061 960 vacua
2087 911 2145 960 et
2167 905 2353 978 locus,
2390 909 2444 964 in
2470 925 2584 980 quo
2608 913 2764 981 regia
2799 914 3008 983 Cagani
3043 922 3190 980 erat,
3225 917 3303 972 ita
3339 918 3533 974 deser-

1883 993 1996 1061 tus,
2033 998 2194 1048 utne
2227 995 2536 1065 vestigium
2579 999 2810 1068 quidem
2853 1002 3114 1058 humana:
3152 1004 3532 1063 habitationis

1884 1078 1938 1133 in
1962 1094 2030 1135 eo
2055 1087 2353 1154 appareat.
2378 1085 2514 1141 Tota
2541 1085 2596 1141 in
2624 1087 2729 1142 hoc
2755 1088 2906 1144 bello
2930 1091 3222 1148 Hunorum
3254 1095 3531 1152 nobilitas

1881 1169 2076 1260 periit,
2106 1174 2225 1226 tota
2248 1170 2431 1241 gloria
2459 1173 2698 1240 decidit,
2721 1177 2908 1233 omnis
2930 1180 3170 1249 pecunia
3189 1185 3245 1236 et
3265 1189 3534 1260 congesti

1879 1273 1950 1314 ex
1969 1257 2142 1329 longo
2163 1263 2425 1330 tempore
2444 1261 2704 1320 thesauri
2727 1265 2940 1338 direpti
2961 1274 3118 1339 sunt,
3144 1285 3328 1340 neque
3349 1257 3530 1332 ullum

1881 1345 2093 1402 bellum
2116 1352 2318 1404 contra
2344 1350 2594 1407 Francos
2616 1358 2884 1409 exortum
2917 1355 3160 1413 humana
3192 1364 3390 1430 potest
3418 1380 3532 1420 me-

1878 1435 2059 1490 moria
2082 1436 2400 1509 recordari,
2424 1454 2536 1510 quo
2557 1440 2639 1496 illi
2661 1443 2842 1512 magis
2867 1443 3036 1500 ditati
3056 1450 3112 1502 et
3137 1449 3348 1519 opibus
3373 1454 3528 1508 aucti

1876 1523 2012 1594 sint,
2051 1525 2263 1596 quippe
2293 1542 2420 1583 cum
2453 1543 2634 1598 usque
2659 1529 2714 1585 in
2741 1530 2796 1585 id
2823 1535 3104 1604 temporis
3140 1552 3282 1608 pene
3317 1555 3530 1613 paupe-

1878 1627 1973 1668 res
2005 1613 2364 1670 viderentur.
2397 1617 2638 1674 Tantum
2669 1620 2796 1676 auri
2826 1624 2885 1676 et
2917 1625 3142 1692 argenti
3171 1625 3223 1680 in
3251 1629 3408 1698 regia
3443 1646 3530 1686 rc-

1877 1706 2128 1773 pertum,
2173 1706 2257 1759 tot
2299 1703 2485 1775 Spolia
2530 1707 2793 1778 prccicsa
2828 1709 2882 1765 in
2921 1711 3137 1781 praeliis
3179 1717 3431 1785 sublata,
3466 1725 3527 1775 ut

123 1797 310 1850 ortum
341 1797 398 1849 et
429 1793 608 1850 celeri
641 1795 750 1850 fine
778 1793 1132 1866 completum
1164 1799 1276 1864 est,
1309 1794 1464 1864 quod
1488 1794 1762 1865 superbia
1792 1812 1846 1872 Β
1878 1790 2086 1846 merito
2117 1792 2280 1848 credi
2312 1793 2519 1864 possit,
2548 1793 2655 1851 hoc
2681 1797 2934 1854 Francos
2964 1801 3145 1858 llunis
3170 1803 3302 1872 jure
3333 1806 3529 1863 abstu-

124 1880 360 1938 simulet
376 1881 650 1938 socordia
671 1881 990 1938 Tassilonis
1011 1879 1174 1937 ducis
1193 1881 1492 1953 excitavit,
1516 1882 1612 1952 qui
1633 1883 1764 1939 hor-

123 1975 239 2028 tatu
274 1969 493 2040 uxoris,
531 1985 658 2040 quae
691 1971 804 2025 tilia
836 1969 1123 2026 Desiderii
1156 1969 1310 2039 regis
1339 1975 1467 2026 erat
1489 1985 1551 2027 ac
1579 1971 1763 2042 patris

125 2059 348 2118 exilium
384 2075 493 2131 per
521 2059 792 2116 maritum
827 2059 1032 2116 ulcisci
1066 2075 1236 2132 posse
1268 2059 1532 2132 putabat,
1559 2061 1763 2130 juncto

125 2148 329 2204 {uadere
369 2164 508 2206 cum
553 2148 752 2218 Hunis,
795 2149 892 2219 qui
934 2147 1212 2218 Bajoariis
1249 2151 1388 2204 sunt
1427 2147 1497 2202 ab
1539 2147 1762 2204 oriente

123 2237 481 2306 contermini,
516 2251 630 2293 non
665 2236 847 2293 solum
881 2237 1162 2308 imperata
1195 2250 1306 2291 non
1340 2235 1528 2292 facere
1551 2235 1652 2292 sed
1679 2250 1765 2292 re-

123 2337 239 2394 gem
253 2323 404 2382 bello
417 2330 874 2398 provocaretem
885 2330 977 2396 pta
988 2325 1104 2380 bat.
1125 2324 1300 2395 Cujus
1317 2323 1758 2396 contumaciam,

127 2415 243 2486 quia
268 2415 445 2471 nimia
473 2414 804 2484 videbatur,
835 2413 1178 2470 animositas
1210 2413 1366 2483 regis
1392 2414 1542 2469 ferre
1563 2413 1765 2484 nequi-

125 2507 292 2574 verat,
319 2519 383 2561 ac
411 2502 665 2576 proinde
689 2503 1014 2560 contractis
1044 2503 1298 2574 undique
1326 2502 1533 2574 copiis,
1568 2502 1765 2574 Bajoa-

127 2593 254 2648 riam
280 2593 607 2664 petiturus,
644 2593 712 2648 ad
749 2593 939 2649 Licum
974 2607 1196 2648 amnem
1226 2593 1406 2662 venit,
1441 2593 1536 2662 qui
1573 2592 1766 2663 Bajoa-

126 2682 232 2738 rios
252 2683 322 2738 ab
345 2681 711 2738 Alemanniis
732 2682 960 2738 dividit.
988 2682 1164 2753 Cujus
1187 2681 1241 2736 in
1265 2681 1390 2752 ripa
1415 2681 1627 2738 castris
1651 2683 1767 2738 col-

127 2770 339 2840 locatis,
359 2771 706 2843 priusquam
728 2771 1084 2843 provinciam
1107 2773 1376 2840 intraret,
1394 2769 1644 2827 animum
1665 2771 1767 2828 du-

125 2860 198 2916 cis
216 2875 314 2931 per
331 2860 571 2930 legatos
591 2859 802 2915 statuit
823 2859 1096 2930 experiri.
1125 2858 1235 2915 Sed
1261 2858 1358 2915 ille
1381 2859 1766 2931 pertinaciter

125 2941 281 3018 agere
304 2963 408 3005 nec
432 2948 558 3004 sibi
586 2947 676 3003 vel
697 2949 856 3017 genti
890 2947 1032 3004 utile
1063 2952 1248 3019 ratus,
1285 2949 1406 3018 regi
1433 2962 1494 3003 se
1517 2947 1767 3020 supplex

127 3038 394 3108 permisit,
413 3035 666 3094 obsides
685 3037 780 3107 qui
801 3036 1242 3107 imperabantur
1255 3035 1435 3104 dedit,
1457 3037 1610 3091 inter
1625 3050 1768 3106 quos

125 3129 178 3180 et
206 3123 378 3182 filium
407 3141 434 3182 s
457 3139 589 3180 uum
619 3123 1004 3194 Thcodonem,
1050 3122 1182 3178 data
1221 3122 1462 3194 insuper
1495 3121 1605 3178 lide
1635 3138 1764 3178 cum

127 3212 466 3285 iuramento,
507 3211 664 3283 quod
686 3211 756 3266 ab
781 3210 933 3268 illius
961 3213 1254 3282 potestate
1283 3211 1353 3266 ad
1383 3209 1766 3266 defectionem

131 3303 328 3358 nemini
378 3301 656 3359 suadenti
707 3301 1100 3364 consentiret;
1150 3300 1348 3371 sicque
1391 3299 1566 3372 bello,
1613 3300 1764 3370 quod

133 3393 282 3458 quasi
307 3392 623 3447 maximum
655 3389 962 3446 videbatur
993 3389 1271 3460 futurum,
1305 3389 1650 3445 celerrimus
1676 3394 1768 3446 est

135 3476 254 3535 linis
287 3479 619 3552 impositus.
653 3478 876 3535 Tassilo
917 3482 1107 3534 tamen
1149 3482 1350 3549 postea
1383 3482 1664 3534 evocatus
1696 3477 1768 3533 ad

135 3581 332 3640 regem,
350 3583 544 3640 neque
571 3568 760 3624 redire
786 3568 1103 3640 permissus
1123 3572 1236 3639 est,
1261 3581 1447 3638 neque
1471 3567 1766 3640 provincia

133 3669 287 3726 quam
314 3659 558 3714 tenebat
589 3655 840 3713 ulterius
865 3655 1018 3728 duci,
1044 3657 1147 3713 sed
1171 3657 1484 3714 comitibus
1505 3660 1598 3712 est
1619 3670 1771 3712 com-

134 3745 312 3802 missa.
349 3746 434 3816 (V.
474 3747 628 3802 Ann.
665 3760 714 3801 a.
747 3747 899 3817 788.)
933 3747 1070 3801 Nam
1095 3761 1226 3803 cum
1250 3744 1472 3801 Tassilo
1497 3743 1614 3801 dux
1637 3759 1773 3801 reus

135 3833 470 3906 majestatisj
485 3834 779 3904 udicatus,
796 3833 989 3905 capite
1004 3834 1441 3906 dampnaretur,
1459 3833 1770 3890 clementia

132 3923 273 3994 regis
305 3925 418 3982 vita
445 3924 563 3982 sibi
587 3937 888 3992 concessa,
921 3927 1146 3980 mutato
1175 3923 1376 3980 habitu
1399 3922 1456 3978 in
1483 3929 1774 3980 monaste-

133 4011 265 4068 rium
295 4014 512 4071 missns
533 4019 648 4084 est,
675 4012 828 4069 ﬁlius
847 4027 1076 4083 quoque
1092 4011 1219 4082 ejus
1235 4013 1466 4070 Theodo
1490 4013 1774 4069 detonsus

133 4103 455 4160 monasticae
491 4101 928 4158 conversationi
965 4101 1282 4174 deputatus
1311 4107 1422 4158 est.
1461 4133 1520 4143 —
1557 4101 1772 4184 (ν’ἰία.)

131 4191 222 4248 llis
243 4193 499 4249 motibus
527 4191 605 4246 ita
630 4190 991 4263 compositis,
1028 4189 1268 4261 Sclavis,
1298 4190 1392 4261 qui
1419 4196 1614 4247 nostra
1641 4208 1775 4249 con-

130 4282 424 4339 suetudine
467 4281 662 4350 Wilci,
706 4281 939 4354 propria
973 4293 1114 4335 vero
1143 4277 1338 4350 lingua
1371 4278 1654 4335 Weletahi
1688 4281 1774 4338 di-

129 4374 346 4440 cuntur,
391 4367 615 4426 bellum
658 4369 882 4426 illatum
915 4372 1028 4438 est,
1065 4367 1117 4423 in
1152 4383 1265 4439 quo
1297 4367 1571 4439 Saxones,
1607 4368 1766 4426 velut

129 4459 431 4517 auxiliares
456 4459 614 4515 inter
633 4463 862 4515 ceteras
891 4459 1174 4529 nationes,
1203 4471 1528 4529 quanquam
1554 4455 1684 4515 ficta
1707 4463 1766 4514 et

1799 3167 1850 3232 C

1877 1878 2038 1950 lisse,
2065 1880 2218 1950 quod
2243 1881 2389 1938 Huni
2417 1883 2578 1954 prius
2603 1883 2733 1940 aliis
2754 1887 3030 1955 gentibus
3053 1889 3270 1959 injuste
3302 1894 3530 1965 eripue-

1877 1972 2030 2023 runt.
2083 2000 2152 2008 —
2200 1971 2536 2041 Descriptio
2585 1971 2675 2004 ¹¹²¹
2722 1973 2896 2031 terra
2943 1975 3258 2035 Hunorum
3297 1999 3316 2034 :
3354 1983 3524 2038 Terra

1875 2055 2091 2128 quippe
2120 2057 2438 2129 Hunorum,
2467 2065 2531 2114 ut
2553 2060 2929 2132 antiquorum
2963 2068 3285 2138 temporum
3317 2068 3529 2124 relato-

1877 2157 1972 2200 res
2020 2149 2315 2202 testantur
2356 2145 2536 2218 (Man.
2571 2151 2762 2220 Sang.
2800 2166 2860 2221 ιι,
2896 2153 2970 2223 1),
3013 2169 3218 2210 novem
3263 2156 3524 2228 circulis,

1875 2246 2023 2301 quos
2063 2233 2362 2290 Teutonici
2409 2234 2553 2306 haga
2602 2237 2825 2308 dicunt,
2869 2239 3236 2314 cingebatur,
3283 2259 3528 2314 quorum

1875 2319 2088 2390 singuli
2122 2322 2198 2376 ita
2233 2322 2537 2394 stipitibus
2577 2327 2814 2397 quernis
2856 2328 2981 2385 sive
3015 2330 3224 2400 faginis
3253 2333 3342 2387 vel
3377 2335 3532 2390 abie-

1874 2409 2004 2478 gnis
2046 2414 2214 2465 erant
2259 2414 2568 2485 exstructi,
2621 2420 2678 2470 ut
2715 2415 2786 2472 de
2819 2417 3078 2487 margine
3109 2420 3178 2475 ad
3215 2423 3528 2491 marginem

1874 2498 2082 2568 viginti
2118 2499 2330 2572 pedum
2361 2503 2621 2575 Spacium
2647 2506 2993 2564 tenderetur
3016 2509 3070 2564 in
3094 2509 3274 2566 latum
3308 2517 3364 2567 et
3398 2513 3534 2568 toti-

1877 2587 2005 2644 dem
2039 2587 2491 2658 subrigerentur
2513 2591 2568 2648 in
2595 2592 2796 2666 altum,
2830 2596 3054 2652 cavitas
3076 2595 3165 2630 ¹¹²²
3186 2605 3378 2655 autem
3411 2601 3532 2656 uni-

1875 2689 2044 2732 versa
2063 2681 2164 2732 aut
2184 2677 2520 2734 durissimis
2540 2679 2836 2752 lapidibus
2856 2687 2951 2740 aut
2971 2679 3132 2741 c'reta
3157 2687 3529 2746 tenacissima

1877 2763 2230 2835 repleretur,
2252 2781 2428 2837 porro
2448 2769 2789 2840 superficies
2807 2771 3092 2830 valloruni
3117 2776 3433 2830 eorundem
3449 2775 3530 2831 in-

1878 2853 2208 2922 tegerrimis
2225 2855 2553 2926 cespitibus
2571 2861 2892 2927 tegeretur.
2915 2861 3072 2916 Inter
3090 2877 3334 2932 quorum
3357 2863 3536 2919 conli-

1879 2941 1970 2996 nia
2007 2941 2424 3014 plantabantur
2453 2945 2800 3016 arhusculze,
2837 2963 2986 3018 quas,
3021 2953 3082 3004 ut
3111 2965 3350 3007 cernere
3379 2949 3530 3008 sole-

1878 3045 2024 3102 mus,
2057 3032 2302 3090 abscisze
2335 3041 2509 3104 atque
2541 3034 2820 3105 projects:
2847 3053 3044 3094 comas
3071 3039 3338 3095 caudium
3365 3039 3528 3096 folio-

1881 3135 2125 3192 rumque
2145 3121 2468 3193 proferunt.
2495 3123 2574 3178 De
2600 3124 2785 3195 primo
2802 3131 2996 3181 autem
3013 3125 3234 3183 circulo
3256 3144 3437 3199 usque
3455 3130 3526 3186 ad

1881 3209 2200 3266 secundum
2223 3213 2293 3266 20
2317 3210 2560 3266 miliaria
2585 3212 2895 3268 Teutoniea
2921 3214 3442 3286 protendehantur,
3469 3221 3524 3272 et

1881 3299 2016 3355 inde
2055 3298 2326 3355 similiter
2359 3299 2427 3356 ad
2459 3300 2728 3372 tercium,
2761 3305 2819 3356 et
2852 3301 2928 3356 ita
2974 3317 3158 3372 usque
3189 3302 3258 3358 ad
3291 3319 3525 3374 nonum,

1879 3387 2145 3458 quamvis
2177 3387 2287 3459 ipsi
2319 3387 2525 3444 circuli
2557 3387 2711 3444 alius
2743 3387 2858 3444 alio
2891 3390 3070 3446 multo
3101 3391 3530 3448 contractiores

1879 3475 2149 3532 fuissent.
2185 3475 2342 3531 Inter
2374 3477 2480 3532 hos
2511 3475 2690 3545 igitur
2724 3491 2971 3548 aggeres
3004 3477 3082 3534 ita
3115 3479 3227 3536 vici
3259 3479 3530 3550 villwque

1879 3571 2049 3621 erant
2071 3563 2297 3635 locatae,
2333 3569 2393 3621 nt
2419 3565 2490 3621 de
2511 3565 2641 3622 aliis
2664 3565 2735 3622 ad
2760 3565 2904 3622 alias
2925 3581 3039 3622 vox
3059 3567 3305 3624 humana
3331 3575 3530 3639 posset

1883 3653 2092 3711 audiri.
2119 3654 2331 3710 Contra
2357 3652 2556 3710 eadem
2581 3668 2720 3712 vero
2743 3654 2984 3710 aedilicia
3007 3655 3158 3710 inter
3177 3656 3530 3728 inexpugna-

1881 3743 2032 3800 biles
2064 3757 2260 3798 muros
2289 3747 2474 3814 porta)
2499 3757 2608 3798 non
2635 3743 2782 3798 satis
2804 3743 2938 3798 latae
2968 3749 3135 3798 erant
3167 3745 3524 3816 constitutae,

1883 3847 1989 3904 per
2012 3845 2158 3902 quas
2181 3830 2567 3886 latrocinandi
2596 3831 2785 3898 gratia
2820 3844 2930 3886 non
2965 3829 3151 3886 solum
3177 3831 3526 3904 exteriores,

1884 3921 1983 3979 sed
2007 3920 2182 3978 etiam
2207 3919 2518 3975 interiores
2543 3919 2808 3975 solebant
2831 3918 3012 3974 exire.
3045 3920 3122 3974 De
3145 3917 3366 3975 circulo
3389 3935 3529 3989 quo-

1887 4025 1998 4085 que
2021 4010 2093 4067 ad
2116 4008 2400 4067 circulum
2422 4008 2501 4065 sic
2521 4013 2684 4066 erant
2709 4006 3283 4080 possessionesilﬂet
3308 4008 3530 4064 habita-

1883 4100 2014 4158 cula
2040 4098 2294 4170 undique
2325 4113 2556 4154 versum
2589 4096 2875 4168 ordinata,
2904 4100 2966 4153 ut
2987 4096 3226 4166 clangor
3259 4097 3528 4152 tubarum

1885 4193 2041 4248 inter
2071 4187 2300 4258 singula
2328 4185 2610 4257 cujusque
2639 4186 2722 4242 rei
2756 4189 2958 4257 posset
2990 4184 3412 4254 significativus
3443 4184 3531 4222 “2‘

1885 4278 2133 4338 adverti.
2171 4276 2255 4332 Ad
2277 4277 2382 4332 has
2403 4290 2545 4346 ergo
2577 4275 2927 4331 munitiones
2947 4289 3052 4347 per
3073 4274 3360 4332 ducentos
3380 4280 3439 4330 et
3461 4290 3530 4332 eo

1885 4367 2132 4441 amplius
2165 4379 2368 4436 annos,
2415 4363 2864 4436 qualescumque
2903 4363 3157 4420 omnium
3199 4364 3531 4420 occidenta-

1882 4457 2024 4516 lium
2064 4454 2300 4512 divitias
2339 4457 2788 4524 congregantes,
2823 4467 2952 4508 cum
2985 4458 3043 4508 et
3073 4452 3241 4508 Gothi
3273 4456 3330 4507 et
3363 4453 3531 4507 Wan-

129 4550 304 4604 miaus
342 4549 559 4606 devota
602 4549 980 4620 oboedientia,
1015 4549 1366 4620 militabant,
1402 4563 1629 4622 unaque
1658 4551 1767 4607 hac
1797 4529 1850 4590 D
1881 4545 1998 4605 dali
2041 4545 2294 4617 quietem
2333 4543 2627 4600 hominum
2671 4541 3102 4615 perturbarent,
3147 4542 3346 4596 orbem
3379 4539 3530 4595 occi-

128 4638 494 4711 expeditione
517 4638 669 4695 idem
694 4638 879 4697 Sclavi
906 4640 984 4696 ita
1008 4644 1142 4697 sunt
1167 4639 1392 4710 domiti,
1429 4643 1489 4696 ut
1514 4638 1767 4697 ulterius

123 4727 288 4796 jussis
316 4744 430 4786 non
465 4728 847 4785 contrairent.
875 4761 939 4769 —
966 4729 1271 4785 Maximum
1300 4727 1554 4785 omnium
1585 4744 1712 4802 qua:
1735 4745 1766 4787 a

126 4817 322 4876 Karolo
351 4824 521 4890 gesta
557 4824 689 4875 sunt
715 4817 996 4874 bellorum
1031 4823 1230 4889 preter
1258 4817 1599 4877 Saxonicum
1631 4820 1768 4876 huic

125 4905 267 4964 bello
301 4907 620 4977 successit,
653 4905 796 4962 illud
818 4905 1096 4963 videlicet
1120 4905 1275 4977 quod
1305 4911 1510 4964 contra
1546 4911 1767 4966 Avares

125 4995 237 5053 sive
273 4999 472 5054 Hunos
511 5000 845 5068 susceptum
881 4999 989 5065 est,
1042 4994 1194 5066 quod
1231 4994 1327 5053 ille
1356 5002 1415 5054 et
1445 4997 1768 5057 animosius

125 5098 284 5155 quam
315 5092 516 5144 cetera
539 5090 596 5144 et
624 5085 792 5160 longe
827 5086 1026 5160 majori
1061 5089 1346 5160 apparatu
1379 5089 1768 5147 amministra-

123 5175 217 5232 vit.
251 5178 430 5234 Unam
467 5181 656 5233 tamen
687 5191 788 5249 per
811 5192 874 5234 se
906 5177 961 5232 in
986 5177 1339 5232 Pannoniam
1365 5211 1430 5220 -
1452 5195 1582 5236 nam
1618 5179 1767 5238 hanc

129 5266 480 5334 provinciam
498 5280 566 5322 ea
579 5281 721 5336 gens
744 5265 1033 5324 incolebat
1055 5298 1125 5307 —
1141 5267 1578 5338 expeditionem
1603 5269 1762 5342 fecit,

127 5358 316 5415 cetera
350 5355 474 5414 lilio
503 5369 609 5414 suo
640 5356 886 5430 Pippino
916 5370 983 5416 ac
1006 5356 1284 5430 prefectis
1305 5358 1763 5432 porvinciarum,

1883 4635 2058 4694 duum
2081 4649 2224 4708 pene
2244 4647 2492 4692 vacuum
2514 4631 2876 4689 dimiserunt.
2904 4630 3061 4696 Quos
3081 4633 3202 4685 tum
3223 4626 3530 4684 invictissi-

1881 4741 2010 4783 mus
2037 4722 2292 4781 Karolus'
2315 4723 2370 4778 in
2400 4721 2566 4778 annis
2595 4725 2730 4776 octo
2761 4720 2842 4774 ita
2873 4717 3228 4790 perdomuit,
3265 4719 3324 4772 ut
3348 4714 3418 4770 de
3441 4715 3528 4770 eis

1878 4830 1951 4872 ne
1983 4814 2246 4871 minimas
2269 4810 2501 4883 quidem
2526 4808 2806 4880 reliquias
2835 4819 3139 4862 remanere
3168 4804 3522 4876 permiserit.

1879 4905 1926 4960 Α
1957 4903 2309 4974 Vulgaribus
2342 4914 2478 4957 vero
2501 4898 2631 4954 ideo
2657 4910 2884 4952 manum
2917 4893 3186 4964 retraxit,
3215 4892 3347 4962 quia
3371 4891 3529 4949 vide-

1879 4993 2041 5066 licet,
2065 4991 2247 5050 Hunis
2269 4987 2569 5058 extinctis,
2594 4999 2772 5056 regno
2795 4985 3149 5040 Francorum
3172 4980 3348 5038 nichil
3371 4980 3529 5039 noci-

1880 5084 1999 5142 turi
2030 5083 2390 5140 viderentur.
2425 5079 2610 5132 Porro
2641 5071 2892 5146 praedam
2925 5072 2982 5128 in
3013 5069 3305 5127 Pannonia
3334 5084 3528 5142 reper-

1879 5177 2000 5230 tam
2032 5186 2136 5244 per
2165 5165 2480 5242 epyscopia
2505 5163 2595 5223 vel
2620 5161 2976 5221 monasteria
2999 5159 3412 5218 liberalissima
3445 5155 3530 5218 di-

1881 5263 2101 5322 visione
2124 5257 2448 5318 distribuit.
2475 5255 2662 5328 (EINH.
2698 5253 2836 5318 Vita
2853 5253 3036 5332 Καν.)
3059 5252 3182 5314 Duo
3206 5256 3434 5310 tantum
3455 5263 3530 5308 ex

1881 5353 2230 5434 proceribus
2256 5349 2608 5413 Francorum
2639 5363 2710 5409 eo
2745 5347 2900 5408 bello
2928 5347 3252 5422 perierunt.
3285 5341 3528 5400 IIericus

1481 5485 1717 5544 VARLE
1757 5481 2160 5547 LECTIONES.

188 5578 279 5657 “"3
296 5579 722 5657 arasgilfusjb,
782 5581 1037 5657 9’}ch
1061 5581 1632 5657 inritamina-«bro
1662 5584 1858 5644 colore
1885 5583 2114 5657 sm’pta
2133 5580 2292 5641 sunt.
2335 5584 2384 5638 1.
2448 5576 2542 5612 ω’
2583 5574 2794 5633 civitas
2841 5572 2892 5633 4.
2919 5571 2973 5631 ei
3003 5569 3216 5631 civitas
3269 5569 3347 5623 9°.

132 5653 432 5726 passiones
450 5651 516 5712 1.
567 5651 1102 5727 “signiﬁcantius
1127 5655 1178 5711 4.
1213 5657 1264 5712 5.
1289 5651 1480 5714 9°.10.
1537 5659 1624 5714 11.

3431 5559 3498 5600 112
3511 5557 3532 5592 3
