3952 6308
401 285 516 348 847

1559 267 2039 336 EKKEHARDI
2085 259 2640 330 URAUGIENSIS

3659 270 3760 336 848

406 433 524 481 oux
555 420 954 492 Forojulianus
983 416 1035 472 in
1069 413 1339 471 Liburnia
1367 413 1533 484 juxta
1561 409 1852 466 Tarsicam
1875 405 2046 462 mari-
2073 402 2131 464 A
2159 404 2312 458 niam
2328 408 2401 492 et
2431 401 2756 474 appositam
2791 401 2848 492 in
2880 401 3078 492 altera
3108 403 3349 460 Danubii
3388 406 3510 477 ripa
3542 410 3762 485 Daciam,

404 513 603 568 timam
636 508 934 565 civitatem
958 503 1190 560 insidiis
1213 501 1634 574 oppidanorum
1661 499 2042 567 interceptus,

407 605 467 656 et
497 595 782 654 Geroldus
817 591 1092 662 Bajoarize
1135 589 1448 662 praefectus
1481 587 1535 641 in
1570 584 1882 654 Pannonia,
1916 597 2046 640 cum

2159 491 2434 547 Histriam
2475 503 2706 560 quoque
2737 493 2795 545 et
2831 489 3174 560 Lyburniam
3217 497 3390 562 atque
3432 495 3761 570 Dalmatiam,

2159 579 2419 650 exceptis
2440 577 2743 633 maritimis
2763 579 3124 648 civitatibus,
3147 595 3292 650 quas
3309 584 3379 637 ob
3396 585 3699 644 amiciciam
3719 598 3766 647 et

408 693 614 743 contra
639 685 834 739 Hunos
859 678 1232 752 praeliaturus
1258 677 1435 732 aciem
1460 679 1736 742 strueret,
1761 670 2048 728 incertum
2153 665 2418 736 junctum
2441 679 2572 720 cum
2595 679 2663 720 eo
2686 665 2870 721 fcedus
2893 667 3594 739 Constantinopolitanum
3621 675 3766 746 impe-

411 789 440 831 a
475 788 610 845 quo,
643 787 774 828 cum
807 767 1038 826 duobus
1069 771 1290 824 tantum
1323 763 1418 835 qui
1450 777 1579 819 eum
1613 760 2048 832 obequitantem

412 877 478 920 ac
501 859 763 931 singulos
785 857 1188 914 cohortantem
1219 853 1668 920 comitabantur,
1703 850 2051 906 interfectus

411 954 519 1007 est.
555 950 822 1004 Ceterum
857 944 1222 1000 incruentum
1263 955 1405 1013 pene
1437 937 1672 994 Francis
1706 936 1919 992 bellum
1941 936 2053 991 hoc

415 1037 517 1096 fuit
533 1041 590 1093 et
608 1032 1060 1108 prosperrimum
1083 1030 1302 1087 exitum
1328 1027 1551 1097 habuit,
1577 1025 1811 1081 tametsi
1831 1023 2053 1080 diutius

409 1125 499 1186 sui
535 1121 930 1193 magnitudine
970 1119 1324 1176 traheretur.
1369 1119 1510 1173 Post
1549 1113 1700 1186 quod
1731 1118 1788 1169 et
1822 1111 2056 1169 Saxoni-

410 1229 540 1272 cnm
565 1227 666 1269 sua
694 1209 1034 1284 prolixitate
1063 1210 1479 1277 congruentem
1511 1203 1680 1259 finem
1714 1202 1961 1272 accepit.
1990 1231 2057 1240 —

412 1301 740 1360 Boemicum
767 1311 996 1369 quoque
1020 1302 1080 1351 et
1103 1294 1438 1360 Lilonicnm,
1475 1307 1602 1362 quin
1628 1295 1829 1362 postea
1853 1294 2056 1346 exorta

410 1395 568 1458 sunt,
600 1389 812 1445 durare
833 1400 941 1441 non
967 1387 1306 1456 potuerunt,
1343 1395 1586 1452 quorum
1613 1383 1924 1450 utrumque
1957 1378 2058 1435 du-

412 1485 511 1536 ctu
544 1475 734 1534 Karoli
755 1474 1006 1544 junioris
1029 1471 1206 1528 celeri
1231 1471 1342 1526 fine
1363 1469 1717 1540 completum
1741 1471 1849 1523 est.
1875 1497 1942 1506 —-
1967 1465 2059 1521 Ul-

416 1567 617 1624 timum
642 1569 846 1621 contra
869 1563 1229 1617 Normannos
1255 1557 1350 1628 qui
1376 1557 1512 1612 Dani
1539 1560 1844 1624 vocantur,
1873 1554 2057 1626 primo

416 1653 736 1727 pyraticam
768 1653 1136 1717 exercentes,
1177 1647 1386 1702 deinde
1427 1645 1629 1716 majori
1661 1643 1852 1700 classe
1885 1643 2057 1698 litora

2161 759 2414 810 ratorem
2440 755 2652 810 habere
2675 754 2959 825 permisit,
2987 754 3196 812 deinde
3218 772 3416 813 omnes
3443 760 3701 820 barbaras
3721 773 3764 822 et

2165 843 2316 900 feras
2349 844 2636 913 nationes,
2680 858 2808 914 quae
2848 844 3001 899 inter
3029 845 3291 901 Rhenum
3324 861 3387 903 ac
3419 848 3656 906 Visulam
3686 853 3765 910 llu-

2163 932 2288 988 vios
2319 945 2717 1001 oceanumque
2746 946 2812 987 ac
2843 933 3165 988 Danubium
3196 932 3420 1004 positae,
3457 935 3640 1007 lingua
3669 942 3765 1010 qui-

2165 1022 2292 1076 dem
2321 1034 2462 1090 pene
2487 1019 2729 1089 similes,
2760 1021 3020 1076 moribus
3042 1035 3181 1078 vero
3205 1025 3378 1092 atque
3407 1023 3601 1080 habitu
3629 1027 3768 1085 valde

2166 1107 2499 1172 dissimiles.
2534 1108 2893 1164 Germaniam
2929 1109 3211 1180 incolunt,
3248 1111 3327 1166 ita
3361 1113 3690 1185 perdomuit,
3723 1127 3772 1174 ut

2166 1212 2266 1252 eas
2293 1197 2638 1252 tributarias
2667 1197 2944 1252 ediceret.
2979 1198 3155 1254 Auxit
3179 1199 3352 1254 etiam
3373 1198 3612 1264 gloriam
3639 1207 3770 1274 regni

2168 1287 2278 1356 su',
2311 1284 2653 1356 quibusdam
2687 1285 2924 1354 regibus
2957 1300 3020 1342 ac
3049 1287 3324 1356 gentibus
3356 1303 3459 1358 per
3486 1291 3770 1348 amiciciam

2169 1375 2276 1430 sibi
2310 1373 2656 1444 conjunctis.
2700 1372 2859 1429 Adeo
2890 1387 3137 1444 namque
3170 1375 3542 1447 Adefonsum,
3575 1379 3772 1438 Galiciat

2169 1467 2344 1533 atque
2367 1460 2756 1518 Asturiezeu"
2771 1476 2983 1532 regem,
3007 1461 3117 1518 sibi
3142 1463 3429 1520 societate
3453 1466 3707 1538 devinxnt,
3725 1478 3772 1525 ut

2173 1549 2220 1604 is
2244 1565 2371 1606 cum
2397 1551 2464 1606 ad
2490 1563 2621 1606 eum
2647 1549 2736 1606 vel
2759 1549 2992 1605 litteras
3014 1549 3106 1604 vel
3131 1550 3355 1620 legatos
3383 1553 3652 1624 mitteret,
3683 1571 3770 1612 non

2173 1636 2344 1692 aliter
2366 1652 2429 1693 se
2452 1636 2602 1708 apud
2627 1637 2788 1693 illum
2815 1651 2980 1707 quam
3009 1637 3307 1708 preprium
3333 1654 3502 1696 suum
3531 1641 3774 1714 appellari

417 1725 614 1800 Galliae
656 1745 830 1811 atque
874 1735 1190 1794 Germaniae
1236 1739 1555 1803 vastantes,
1601 1732 1814 1788 bellum
1863 1744 2060 1788 susce—
2089 1753 2144 1813 Β
2169 1725 2420 1813 juberet.
2444 1726 2773 1782 Scottorum
2795 1740 3027 1813 quoque
3047 1741 3216 1796 reges
3236 1727 3322 1784 sic
3342 1727 3542 1784 habuit
3563 1730 3626 1787 ad
3643 1746 3774 1788 suam

415 1836 578 1903 ptum
601 1833 712 1898 est,
749 1841 991 1898 quorum
1023 1839 1128 1880 rex
1159 1823 1496 1880 Gotefridus
1517 1821 1662 1878 adeo
1686 1835 1828 1878 vana
1853 1835 1956 1891 spe
1979 1819 2062 1875 in-

419 1920 590 1974 ﬂatus
611 1921 760 1984 erat,
789 1920 850 1970 ut
873 1913 980 1970 sibi
1006 1912 1190 1968 totius
1219 1911 1538 1966 Germania:
1569 1909 1942 1981 promitteret
1968 1923 2062 1979 ρο-

419 2010 730 2074 testatem;
749 2001 998 2059 Fresiam
1022 2013 1251 2071 quoque
1277 2005 1450 2070 atque
1473 1997 1776 2054 Saxoniam
1799 1997 1937 2052 haut
1962 1995 2062 2052 ali-

419 2102 508 2150 ter
530 2097 706 2164 atque
729 2106 864 2148 suas
891 2088 1222 2162 provincias
1245 2087 1573 2142 estimabat.
1597 2088 1719 2141 Jam
1745 2083 2062 2141 Abodritos

419 2182 642 2238 vicinos
679 2193 818 2236 suos
852 2178 906 2232 in
939 2191 1098 2234 suam
1139 2175 1419 2230 ditionem
1461 2174 1790 2242 redegerat,
1817 2174 1933 2244 jam
1961 2185 2063 2227 eos

417 2269 530 2326 sibi
581 2265 898 2335 vectigales
957 2265 1194 2332 fecerat,
1243 2261 1505 2331 jactabat
1563 2261 1737 2316 etiam
1788 2274 1852 2316 se
1902 2260 2061 2316 brevi

421 2354 796 2427 Aquisgrani,
830 2353 926 2409 ubi
955 2352 1108 2421 regis
1131 2351 1442 2406 comitatus
1463 2353 1610 2420 erat,
1644 2363 1772 2405 cum
1799 2348 2062 2404 maximis

418 2443 608 2517 copiis
629 2443 1035 2499 adventuram.
1062 2440 1174 2495 Nec
1197 2439 1372 2495 dictis
1392 2439 1518 2509 ejus
1537 2437 1797 2508 quamvis
1821 2437 2065 2494 vanissi-

422 2533 530 2588 mis
556 2531 791 2588 omnino
833 2528 977 2585 ﬁdes
1022 2529 1410 2596 abnuebatur,
1445 2528 1582 2596 quin
1616 2525 1812 2598 potius
1843 2523 2063 2597 aliquid

423 2619 540 2676 tale
582 2619 977 2686 inchoaturus,
1031 2616 1137 2672 nisi
1181 2615 1448 2672 festinata
1484 2615 1683 2671 fuisset
1719 2618 1906 2670 morte
1939 2628 2067 2686 pre-

422 2711 650 2778 ventus,
683 2707 1021 2778 putabatur.
1057 2705 1194 2760 Nam
1218 2719 1246 2760 a
1275 2704 1508 2776 proprio
1539 2701 1814 2773 satellite,
1849 2702 1975 2758 sive
2002 2705 2064 2758 ut

422 2796 654 2869 quidam
685 2795 882 2852 verius
907 2794 1182 2850 estimant
1217 2793 1392 2865 (Μοπ.
1425 2795 1618 2864 Sang.
1645 2807 1702 2863 ιι,
1731 2793 1842 2864 13),
1875 2807 1904 2847 a
1941 2806 2068 2863 pro-

422 2883 548 2956 prio
573 2883 713 2953 tilio,
737 2884 907 2954 cujus
931 2887 1173 2938 matrem
1197 2883 1493 2952 abjecerat
1514 2885 1570 2936 et
1595 2881 1765 2937 aliam
1794 2880 2063 2951 duxerat,

421 2972 790 3044 interfectus,
822 2977 882 3028 et
911 2986 1032 3028 suae
1062 2971 1196 3027 vitae
1217 2976 1275 3026 et
1303 2969 1437 3027 belli
1462 2986 1491 3025 a
1516 2985 1578 3026 se
1611 2969 1864 3026 inchoati
1899 2967 2066 3025 tinem

422 3060 578 3118 fecit.

493 3149 680 3219 (Enen.
723 3148 855 3206 Vita
871 3149 1052 3219 Κατ’.)
1075 3149 1208 3204 Haec
1231 3150 1366 3204 sunt
1393 3145 1564 3217 bella,
1592 3163 1718 3219 quae
1743 3161 1842 3203 rex
1867 3153 2070 3220 poten-

424 3237 689 3294 tissimus
708 3250 810 3308 per
828 3250 1011 3292 annos
1033 3239 1279 3292 46—tot
1299 3235 1451 3291 enim
1469 3237 1635 3293 annis
1653 3235 2066 3307 regnavit—in

423 3324 674 3382 diversis
697 3328 986 3380 terrarum
1013 3323 1280 3395 partibus
1300 3339 1522 3380 summa
1555 3325 1862 3396 prudentia
1893 3329 2068 3398 atque

423 3413 704 3470 felicitate
737 3412 940 3482 gessit,
977 3411 1188 3484 quibus
1229 3414 1582 3470 Francorum
1619 3429 1878 3485 regnum,
1913 3414 2068 3486 quod

424 3507 561 3574 post
584 3505 807 3575 patrem
829 3500 1135 3573 Pippinum
1159 3515 1427 3572 magnum
1452 3502 1681 3573 quidem
1697 3508 1756 3558 et
1771 3503 1922 3558 forte
1945 3517 2071 3560 sus-

425 3593 683 3662 ceperat,
721 3589 800 3644 ita
843 3589 1121 3645 nobiliter
1171 3589 1488 3660 ampliavit,
1535 3593 1598 3646 ut
1636 3606 1783 3662 pene
1830 3589 2068 3662 duplum

425 3678 762 3735 reddiderit.
820 3678 958 3734 Nam
997 3693 1125 3734 cum
1170 3677 1332 3748 prius
1373 3693 1485 3734 non
1518 3677 1768 3750 amplius
1799 3693 1970 3750 quam
1999 3693 2068 3736 ea

425 3783 560 3840 pars
588 3765 806 3836 Galliae,
843 3766 1148 3837 quaeinter
1171 3767 1432 3822 Rhenum
1457 3772 1515 3822 et
1538 3765 1798 3836 Ligerem
1831 3767 2067 3826 llnvium

424 3870 820 3926 oceanumque
842 3869 906 3910 ac
929 3869 1086 3910 mare
1111 3853 1465 3911 Balearicum
1489 3854 1666 3924 jacet,
1691 3859 1750 3911 et
1776 3870 1912 3927 pars
1935 3857 2070 3913 Ger-

423 3945 648 4014 mania,
683 3959 794 4015 que
825 3945 979 3999 inter
1009 3943 1314 4000 Saxoniam
1347 3949 1404 3999 et
1428 3945 1751 4000 Danubium
1781 3959 1848 4000 ac
1880 3944 2068 4002 Salam

425 4033 682 4103 ﬂuvium,
727 4032 823 4103 qui
861 4031 1182 4102 Thuringos
1212 4036 1270 4088 et
1303 4032 1556 4088 Sorabos
1587 4031 1816 4104 dividit,
1863 4038 2069 4104 postea

424 4121 700 4179 incolitur
749 4135 779 4176 a
829 4120 1069 4176 Francis
1119 4119 1216 4190 qui
1277 4119 1598 4178 orientales
1651 4121 1950 4194 dicuntur,
2010 4125 2068 4179 et

424 4213 644 4283 preter
660 4209 782 4264 haec
803 4206 1100 4262 Alemanni
1123 4211 1301 4279 atque
1328 4208 1592 4279 Bajoarii,
1620 4209 1690 4264 ad
1710 4211 1871 4280 regni
1900 4212 2072 4268 Fran-

424 4313 626 4358 corum
659 4299 1014 4370 potestatem
1048 4296 1451 4368 pertinerent:
1479 4297 1602 4370 ipse
1632 4312 1738 4368 per
1770 4298 1922 4354 bella
1956 4314 2071 4356 me-

426 4392 650 4444 morata
698 4384 886 4458 primo
932 4385 1302 4458 Aquitaniam
1342 4391 1401 4443 et
1438 4387 1801 4444 Wasconiam
1857 4392 2070 4445 totum-

425 4489 540 4548 que
584 4455 828 4547 Pyrenei
877 4455 1091 4530 mon'tis
1133 4474 1334 4546 jugum
1365 4478 1423 4530 et
1457 4489 1642 4546 usque
1671 4475 1742 4531 ad
1774 4477 2066 4548 Hyberum
2096 4455 2150 4519 D

425 4579 674 4636 amnem,
724 4563 822 4634 qui
871 4562 1024 4635 apud
1056 4564 1344 4620 Novarros
1372 4561 1462 4596 “'5
1491 4569 1658 4620 ortus
1683 4568 1741 4620 et
1776 4564 2069 4622 fertilissi-

425 4667 552 4710 mos
580 4651 870 4724 Hispania
910 4666 1082 4722 agros
1122 4665 1349 4724 secans,
1385 4651 1492 4708 sub
1520 4651 1780 4710 Tertosae
1809 4652 2072 4713 civitatis

425 4742 612 4800 menia
676 4739 972 4798 Balearica
1021 4739 1166 4796 mari
1213 4739 1517 4810 miscetur,
1579 4740 1788 4798 deinde
1843 4741 2068 4801 Italiam

423 4835 609 4888 totam
643 4831 714 4887 ab
744 4831 1002 4900 Augusta
1032 4827 1312 4885 Praetoris
1337 4843 1517 4900 usque
1542 4829 1598 4885 in
1621 4829 1946 4888 Calabriam
1969 4831 2069 4888 mi-

425 4934 646 4992 norem,
679 4919 735 4976 in
768 4933 879 4990 qua
903 4919 1220 4975 Grecorum
1255 4931 1319 4974 ac
1349 4920 1812 4978 Beneventorum
1837 4926 2067 4979 constat

425 5023 555 5066 esse
584 5006 854 5079 conﬁnia,
899 5010 1020 5064 tum
1061 5007 1388 5078 Saxoniam,
1428 5022 1557 5079 quas
1595 5009 1914 5067 Germaniae
1947 5012 2070 5084 qui-

427 5097 555 5154 dem
585 5111 790 5168 magna
822 5112 958 5170 pars
987 5102 1100 5169 est,
1133 5101 1195 5154 et
1223 5097 1368 5168 ejus,
1397 5113 1524 5170 quae
1548 5113 1578 5155 a
1601 5099 1838 5157 Francis
1867 5100 2070 5158 incoli-

426 5191 543 5257 tur,
571 5186 810 5260 duplum
835 5187 888 5243 in
914 5186 1032 5245 lato
1054 5189 1270 5246 habere
1299 5192 1560 5264 putatur,
1591 5205 1721 5246 cum
1745 5189 1795 5246 ei
1821 5189 2072 5262 longitu-

425 5273 558 5334 dine
579 5275 766 5350 possit
785 5289 917 5334 esse
939 5276 1500 5346 consimilis;deinde
1525 5282 1830 5354 utramque
1850 5281 2073 5340 Panno-

2097 3101 2148 3166 C

2173 1812 2533 1870 voluntatem
2575 1828 2680 1884 per
2720 1812 3172 1877 muniﬁcentiam
3211 1815 3542 1887 inclinatos,
3583 1824 3638 1874 ut
3672 1835 3776 1876 eum

2174 1916 2464 1971 nunquam
2505 1900 2612 1957 nisi
2654 1901 2966 1971 dominum,
3012 1917 3191 1974 seque
3223 1903 3496 1961 subditos
3523 1910 3579 1962 et
3608 1921 3778 1964 servos

2173 1991 2298 2060 ejus
2319 1990 2796 2062 pronunciarent.
2825 1991 2961 2047 Cum
2989 1993 3172 2047 Aaron
3201 2006 3336 2062 rege
3363 1994 3672 2066 Persarum,
3701 1999 3777 2067 qui

2173 2084 2421 2150 excepta
2453 2079 2611 2135 india
2641 2083 2832 2135 totum
2855 2094 3002 2150 pene
3025 2081 3264 2137 tenebat
3293 2081 3605 2154 Orientem,
3639 2083 3776 2140 talem

2174 2165 2423 2222 habetat
2451 2165 2504 2221 in
2529 2166 2792 2238 amicirja
2824 2166 3218 2238 concordiam,
3251 2172 3311 2222 ut
3342 2169 3392 2225 is
3415 2170 3648 2238 gratiam
3675 2169 3776 2240 ejus

2173 2255 2426 2310 omnium
2459 2255 2553 2325 qui
2579 2255 2632 2310 in
2660 2259 2785 2310 toto
2807 2258 2975 2310 erant
3003 2256 3144 2311 orbe
3175 2271 3377 2326 regum
3404 2271 3468 2313 ac
3492 2258 3775 2329 principum

2175 2342 2452 2399 amicicie;
2484 2349 2874 2414 prmponeret,
2917 2341 3218 2414 solumque
3250 2344 3475 2401 honore
3505 2360 3566 2402 ac
3592 2345 3776 2400 muniﬁ-

2175 2431 2365 2487 centia
2379 2430 2492 2486 sibi
2509 2429 3139 2500 colendumjudicaret.
3155 2463 3220 2472 -—
3237 2433 3622 2504 Imperatores
3634 2433 3774 2490 etiam

2176 2517 2830 2590 Gonstantinopolitani,
2866 2519 3247 2592 Nicephorus,
3281 2520 3560 2577 Michahel
3589 2525 3638 2578 et
3673 2521 3772 2589 Leo,

2177 2607 2332 2664 ultro
2357 2606 2677 2662 amiciciam
2696 2614 2752 2662 et
2773 2607 3114 2664 societatem
3131 2607 3258 2678 ejus
3277 2614 3632 2681 expetentes,
3655 2624 3776 2665 com-

2179 2695 2374 2767 plures
2405 2694 2475 2752 ad
2506 2710 2608 2752 eos
2647 2695 2856 2751 misere
2895 2695 3134 2766 legatos.
3181 2696 3320 2753 Cum
3363 2698 3571 2768 quibus
3597 2703 3771 2766 tamen,

2177 2791 2418 2857 prepter
2457 2790 2792 2856 susceptum
2825 2799 2855 2841 a
2887 2799 2948 2840 se
2979 2785 3356 2856 imperatoris
3399 2801 3614 2855 nomen,
3644 2790 3691 2842 et
3719 2788 3776 2842 ob

2177 2873 2306 2944 hoc,
2342 2873 2505 2944 quasi
2530 2873 2624 2944 qui
2650 2872 2950 2944 imperium
2975 2873 3062 2930 eis
3086 2875 3391 2946 preripere
3421 2875 3608 2946 vellet,
3641 2874 3776 2930 valde

2179 2966 2573 3034 susspectum,
2615 2961 2804 3018 foedus
2845 2961 3234 3019 firmissimum
3281 2965 3517 3035 statuit,
3559 2969 3614 3020 ut
3651 2962 3775 3019 nulla

2179 3049 2331 3106 inter
2363 3055 2562 3121 partes
2586 3049 2900 3118 cujuslibet
2925 3049 3181 3106 scandaii
3209 3056 3538 3108 remaneret
3562 3050 3772 3108 occasio.

2179 3140 2313 3194 Erat
2333 3137 2482 3194 enim
2504 3151 2733 3209 semper
2750 3137 3022 3194 Romanis
3034 3138 3307 3195 etGrecis
3329 3141 3662 3197 Francorum
3681 3154 3777 3196 sns-

2181 3230 2381 3298 specta
2416 3227 2696 3298 potentia.
2735 3225 2894 3282 Unde
2925 3231 2983 3281 et
3017 3225 3160 3282 illud
3191 3225 3438 3284 Grecum
3469 3231 3649 3284 exstat
3675 3241 3779 3298 pro-

2180 3323 2443 3380 verbium
2465 3341 2554 3374 τον
2589 3341 2814 3395 φρανκον
2855 3321 3010 3394 (pulos
3037 3341 3224 3393 κιχες,
3243 3341 3446 3396 γντονα
3473 3344 3530 3378 ου
3556 3343 3695 3396 uxr:
3721 3351 3777 3360 -—

2181 3412 2288 3478 Qui
2327 3428 2456 3470 cum
2502 3418 2699 3470 tantus
2727 3412 2782 3468 in
2813 3411 3142 3484 ampliando
3175 3429 3360 3485 regno
3390 3420 3452 3472 et
3481 3413 3778 3486 subigendis

2179 3502 2401 3558 exteris
2413 3502 2743 3559 nationibus
2755 3501 3036 3560 existeret
3049 3514 3107 3559 et
3121 3503 3176 3558 in
3189 3503 3478 3574 ejusmodi
3493 3504 3778 3576 occupatio-

2179 3589 2354 3646 nibus
2380 3589 2613 3646 assidue
2644 3595 3002 3660 versaretur,
3037 3606 3212 3663 Opera
3243 3595 3441 3650 tamen
3472 3593 3697 3665 plurima
3724 3589 3776 3646 ad

2179 3679 2343 3748 regni
2358 3678 2628 3736 decorem
2642 3683 2700 3735 et
2713 3679 3060 3736 commodita
3073 3684 3183 3736 tem
3202 3682 3559 3752 pertinentia
3574 3680 3779 3739 diversis

2181 3767 2238 3822 in
2263 3765 2408 3824 locis
2431 3767 2744 3839 inchoavit,
2773 3768 3032 3840 quaedam
3058 3768 3232 3826 etiam
3255 3771 3691 3837 consummavit;
3715 3769 3780 3825 in-

2181 3860 2271 3912 ter
2290 3871 2418 3927 quae
2436 3857 2716 3928 prccipua
2736 3873 2844 3914 non
2865 3857 3154 3914 immerito
3177 3858 3364 3915 videri
3386 3864 3624 3932 possunt
3646 3860 3777 3927 basy-

2181 3945 2290 4001 lica
2313 3951 2530 4002 sanctae
2555 3945 2651 4001 Dei
2673 3945 2981 4016 genitricis
3002 3947 3347 4018 Aquisgraui
3372 3963 3546 4020 opere
3567 3943 3774 4004 mirabili

2180 4038 2540 4104 constructa,
2566 4040 2625 4090 et
2649 4049 2792 4106 pons
2815 4035 2966 4106 apud
2989 4035 3338 4104 Mogontiam
3363 4036 3416 4092 in
3442 4037 3627 4092 ltheno
3647 4033 3777 4106 quin-

2178 4124 2488 4192 gentorum
2522 4137 2796 4194 passuum
2831 4121 3244 4192 longitudinis;
3278 4139 3408 4182 nam
3441 4131 3596 4182 tanta
3615 4127 3695 4180 est
3711 4121 3772 4177 ibi

2182 4210 2432 4266 [luminis
2451 4209 2719 4267 latitudo.
2747 4209 2854 4278 Qui
2881 4216 3069 4267 tamen
3092 4227 3202 4268 uno
3219 4227 3370 4269 anno
3394 4217 3681 4284 antequam
3700 4208 3776 4266 de-

2181 4300 2416 4355 cederet
2442 4298 2711 4355 incendie
2733 4299 3132 4372 conﬂagravit,
3160 4315 3264 4358 nec
3288 4301 3448 4359 refici
3472 4301 3649 4374 potuit
3669 4313 3774 4372 pro-

2181 4391 2312 4458 pter
2331 4385 2669 4442 fcstinatum
2689 4385 2848 4443 illius
2867 4387 3192 4454 decessum,
3209 4404 3532 4460 quanquam
3553 4388 3602 4444 in
3614 4402 3670 4444 ea
3685 4399 3776 4441 me-

2183 4474 2466 4534 ditatione
2495 4480 2674 4545 esset,
2704 4480 2765 4531 ut
2788 4491 2894 4548 pro
2918 4476 3108 4546 ligneo
3133 4476 3424 4548 lapideum
3455 4477 3770 4536 restitueret.

2180 4563 2480 4621 Inchoavit
2494 4567 2552 4619 et
2571 4562 2788 4634 palatia
2809 4562 3005 4635 operis
3021 4565 3262 4636 egregii,
3287 4580 3460 4623 unum
3479 4565 3622 4622 haud
3637 4561 3778 4631 longe

2181 4669 2210 4710 a
2239 4652 2602 4724 Mogontiaca
2635 4651 2896 4725 civitate,
2925 4654 3092 4726 juxta
3123 4653 3318 4711 villam
3349 4655 3443 4712 cui
3475 4649 3773 4714 vocabulum

2178 4749 2273 4802 est
2295 4742 2704 4814 Ingelenheim,
2726 4741 2974 4800 alterum
2995 4744 3328 4814 Noviomagi
3352 4759 3526 4817 super
3545 4739 3772 4800 Vahalem

2180 4833 2436 4890 ﬂuvium.
2468 4833 2752 4904 Precipue
2781 4839 2970 4889 tamen
2994 4833 3152 4890 aedes
3173 4847 3372 4891 sacras
3395 4834 3712 4902 ubicumque
3729 4827 3772 4882 in

2180 4928 2308 4980 toto
2334 4937 2510 4993 regno
2532 4937 2638 4980 suo
2659 4925 2958 4980 vetustate
2977 4922 3272 4995 collapsas
3293 4922 3592 4996 comperit,
3621 4915 3769 4992 ponti-

2183 5013 2390 5070 ﬂcibus
2407 5017 2465 5069 et
2483 5011 2817 5082 abbatibus,
2839 5012 2909 5068 ad
2935 5026 3181 5083 quorum
3203 5027 3400 5070 curam
3425 5005 3768 5084 pertinebant,

2183 5107 2243 5160 ut
2277 5105 2774 5171 restaurarentur,
2817 5100 3144 5173 imperavit,
3179 5100 3461 5158 adhibens
3485 5110 3664 5156 curam
3690 5103 3771 5164 per

2183 5191 2427 5263 legatos,
2453 5197 2516 5248 ut
2539 5191 2822 5263 imperata
2854 5189 3224 5262 perlicerent.
3257 5190 3446 5248 Talem
3473 5202 3593 5246 eum
3615 5184 3662 5240 in
3681 5194 3768 5238 am-

2186 5280 2419 5354 pliando
2443 5285 2501 5336 et
2523 5278 2740 5337 tuendo
2767 5277 3056 5352 simulque
3082 5277 3404 5338 ordinando
3429 5289 3600 5352 regno
3623 5271 3766 5332 fuisse

1793 5432 2029 5490 VABlrE
2073 5431 2470 5494 LECTIONES.

497 5568 587 5618 ““
615 5577 708 5640 ιω
729 5575 893 5636 codd.
957 5577 1048 5616 ¹³²⁶
1086 5578 1442 5640 Adefonsum
1485 5586 1661 5658 atque
1695 5585 1964 5642 Astrucie
2020 5585 2095 5643 ιδ.
