3952 6302
222 382 347 447 849

1130 386 1573 458 CHRONICA.
1609 427 1685 439 ——
1717 390 2193 456 CHRONICON
2235 391 2761 455 UNIVERSALE

3519 392 3640 456 850

222 520 499 587 constat;
523 522 806 593 ceterum,
843 520 1032 593 qualis
1056 522 1109 581 in
1134 523 1455 584 domestica
1481 543 1617 585 cura
1652 527 1877 595 fuisset,
1911 526 1966 588 A
1996 531 2325 584 extremum
2357 541 2429 583 ex
2476 525 2797 583 satellitum
2841 540 3082 585 numero
3115 525 3183 584 ad
3214 525 3325 585 hoc
3382 527 3637 587 ordinati

219 609 723 668 dicatur.—Post
768 619 1011 670 mortem
1037 617 1224 688 patris
1260 633 1388 674 cum
1413 619 1591 674 fratre
1642 633 1879 686 regnum

218 700 487 772 partitus
519 705 681 757 tanta
710 704 995 773 patientia
1017 705 1421 763 simultatcsct
1457 707 1726 762 invidiam
1758 709 1882 778 ejus

222 786 389 857 tulit,
413 793 477 846 ut
498 790 770 847 omnibus
793 792 1000 850 mirum
1038 794 1360 866 videretur,
1403 796 1557 867 quod
1582 811 1649 852 ne
1673 796 1743 851 ad
1774 797 1882 852 ira-

224 876 503 933 cundiam
543 878 774 948 quidem
800 881 871 936 ab
895 894 965 935 eo
998 884 1301 953 provocari
1336 884 1640 955 potuisset.
1667 883 1882 939 Deinde

228 980 364 1022 cum
414 967 618 1023 matris
646 967 885 1025 hortatu
937 969 1110 1027 ﬁliam
1147 972 1425 1029 Desiderii
1478 975 1633 1043 regis
1668 976 1913 1044 Longo-.

228 1055 549 1112 bardorum
575 1056 839 1121 duxisset
864 1074 1123 1129 uxorem,
1158 1066 1291 1132 post
1318 1077 1526 1119 annum
1552 1063 1881 1135 repudiavit

227 1156 382 1215 eam,
417 1148 474 1199 et
508 1144 900 1214 Hildigardam
937 1146 1008 1204 de
1030 1154 1204 1217 gente
1227 1150 1563 1220 Suavoruin,
1589 1150 1883 1223 precipuze

229 1231 565 1287 nobilitatis
628 1233 916 1304 feminam,
953 1236 1006 1290 in
1056 1239 1483 1294 matrimonium
1531 1239 1778 1311 accepit,
1815 1238 1885 1294 de

230 1332 345 1390 qua
381 1320 531 1377 ﬁlios
566 1324 711 1393 tres,
766 1323 1033 1381 Karolum
1065 1325 1339 1382 videlicet
1387 1342 1453 1383 ac
1481 1328 1788 1399 Pippinum
1823 1331 1880 1382 et

231 1408 630 1479 Ludowicum,
695 1411 1055 1483 totidemque
1130 1414 1297 1484 ﬁlias,
1371 1415 1769 1472 Riiothrudem
1825 1419 1885 1471 et

233 1496 508 1553 Berhtam
544 1502 600 1554 et
653 1499 883 1569 Gislam,
916 1501 1138 1569 genuit.
1172 1503 1381 1559 Habuit
1415 1509 1472 1559 et
1505 1503 1649 1559 alias
1680 1508 1798 1558 tres
1825 1502 1886 1556 ﬁ-

233 1583 365 1655 lias,
382 1587 868 1644 Theoderatamet
892 1589 1216 1647 Hiltrudam
1237 1596 1293 1647 et
1318 1592 1723 1662 Ruotbeidem,
1740 1592 1885 1648 duas

234 1673 308 1727 de
336 1675 609 1731 Fastrada
644 1692 843 1746 uxore,
872 1693 982 1749 que
1006 1678 1076 1734 de
1108 1680 1476 1737 orientalium
1512 1684 1882 1737 Francorum.

230 1762 464 1818 scilicet
497 1765 930 1837 Germanorum,
981 1772 1157 1837 gente
1186 1774 1332 1839 erat,
1366 1771 1607 1826 terciam
1649 1769 1719 1824 de
1751 1784 1885 1823 con-

222 1852 436 1907 cubina
490 1852 756 1923 quadam.
820 1855 1099 1912 Defuncta
1164 1858 1464 1930 Fastrada,
1514 1858 1878 1927 Luitgardam

221 1937 603 1994 Alamannam
632 1939 820 2009 duxit,
856 1941 927 1996 de
959 1957 1069 2012 qua
1103 1943 1324 1999 liberos
1356 1960 1466 1999 non
1492 1944 1714 1999 habuit.
1743 1933 1879 1997 l’ost

222 2025 396 2095 cujus
425 2034 668 2084 mortem
704 2034 826 2086 tres
858 2031 1059 2087 habuit
1095 2033 1470 2101 concubinas,
1499 2032 1878 2088 Gersuindain

223 2116 497 2172 Saxonici
548 2118 800 2189 generis,
837 2118 906 2175 de
939 2134 1049 2191 qua
1082 2122 1134 2178 ei
1169 2121 1283 2178 illia
1316 2122 1545 2178 nomine
1598 2121 1907 2177 Adeltrud‘

219 2210 360 2260 nata
396 2210 505 2274 est,
534 2206 843 2277 Regenain,
888 2222 1015 2277 quae
1030 2209 1080 2264 ei
1102 2212 1465 2280 Druogonem
1498 2214 1557 2265 et
1581 2211 1877 2279 Hugonem

218 2292 449 2361 genuit,
478 2294 818 2350 Adelindam
872 2310 1124 2368 quoque,
1150 2313 1279 2368 quze
1300 2298 1717 2355 Theodericum
1751 2314 1881 2369 pro-

220 2380 468 2435 creavit.
509 2412 574 2421 —-
607 2382 787 2439 Mater
838 2398 1068 2455 quoque
1095 2386 1222 2455 ejus
1272 2386 1548 2443 Bertrada
1581 2387 1636 2441 in
1673 2400 1880 2456 magno

221 2466 382 2540 apud
416 2483 545 2525 eum
599 2470 815 2527 honore
861 2475 1207 2541 consenuit;
1262 2475 1487 2532 colebat
1549 2476 1700 2531 enim
1755 2488 1879 2530 eam

222 2570 361 2611 cum
390 2571 591 2628 magna
612 2561 1059 2632 reverentia,ita
1087 2567 1148 2618 ut
1173 2562 1329 2619 nulla
1363 2577 1614 2634 unquam
1636 2562 1882 2617 invicem

226 2644 307 2700 sit
334 2651 540 2703 exorta
567 2647 878 2717 discordia,
905 2650 1013 2706 nisi
1041 2650 1095 2705 in
1126 2650 1381 2709 divortio
1403 2651 1535 2709 ﬁliae
1555 2651 1710 2721 regis
1726 2649 1885 2705 Desi-

225 2731 401 2804 dtl‘ii,
438 2748 608 2805 quam
641 2735 736 2792 illa
772 2738 1056 2794 suadente
1089 2746 1414 2810 acceperat.
1440 2772 1444 2776 ι
1468 2739 1727 2796 Decessit
1760 2742 1884 2793 tan-

224 2819 358 2877 dem
384 2828 516 2894 post
543 2827 788 2881 mortem
816 2825 1174 2896 Hiltigardae,
1206 2843 1333 2884 cum
1352 2828 1467 2897 jam
1492 2832 1615 2885 tres
1640 2831 1885 2899 nepotes

228 2924 377 2968 suos
397 2911 761 2982 totidemque
780 2918 989 2987 neptes
1014 2915 1068 2970 in
1095 2914 1193 2971 ﬁlii
1219 2915 1388 2972 domo
1406 2916 1673 2973 vidisset.
1702 2915 1879 2983 Quam

232 2996 335 3054 ille
366 2998 419 3053 in
465 2999 667 3055 eadem
729 3003 985 3072 basylica
1017 3017 1126 3074 qua
1157 3009 1325 3076 pater
1374 3005 1525 3061 situs
1556 3009 1667 3076 est,
1727 3005 1880 3076 apud

223 3086 504 3143 Sanctum
536 3088 853 3146 Dionisium
914 3106 1120 3162 magno
1176 3108 1305 3149 cum
1337 3093 1554 3149 honore
1611 3094 1749 3150 fecit
1778 3094 1880 3151 hu-

226 3174 375 3230 mari
399 3174 510 3232 “’7.
560 3178 786 3234 —Erat
845 3180 897 3235 ei
952 3180 1118 3237 unica
1177 3196 1347 3237 soror
1378 3182 1607 3238 nomine
1637 3182 1811 3253 Gisla,
1847 3198 1875 3239 a

238 3263 603 3335 puellaribus
651 3267 817 3323 annis
849 3266 1135 3337 religiosas
1184 3270 1611 3327 conversationi
1669 3271 1872 3327 manci-

224 3354 562 3421 pata,quam
578 3351 849 3409 similiter
867 3356 928 3410 ut
951 3358 1176 3426 patrem
1209 3369 1411 3425 magna
1432 3356 1613 3413 coluit
1633 3357 1874 3432 pietate,

223 3452 355 3508 quae
389 3438 563 3494 etiam
618 3441 821 3512 paucis
850 3446 984 3498 ante
1038 3442 1261 3500 obitum
1294 3443 1453 3501 illius
1502 3446 1686 3514 annis,
1719 3446 1775 3500 in
1805 3460 1874 3502 eo

223 3541 340 3596 quo
372 3532 717 3585 conversata
742 3533 832 3586 est
857 3532 1210 3588 monasterio
1243 3531 1518 3589 decessit.
1544 3564 1613 3573 -
1637 3534 1872 3591 Liberos

226 3630 370 3671 suos
392 3614 472 3672 ita
495 3617 721 3673 censuit
748 3618 1160 3689 instituendos,
1188 3625 1250 3676 ut
1274 3624 1389 3677 tam
1416 3621 1518 3677 ﬁlii
1543 3636 1710 3692 quam
1738 3621 1870 3680 ﬁliae

229 3701 417 3774 primo
462 3702 810 3762 liberalibus
854 3706 1083 3776 studiis,
1118 3709 1331 3779 quibus
1371 3713 1429 3765 et
1460 3709 1586 3781 ipse
1635 3724 1870 3782 operam

223 3790 425 3862 dabat,
457 3792 856 3865 erudirentur,
916 3798 1035 3850 tum
1070 3795 1237 3867 ﬁlios,
1271 3812 1398 3854 cum
1449 3798 1693 3869 primum
1725 3802 1870 3855 setas

223 3878 584 3950 patiebatur,
609 3896 769 3938 more
793 3883 1142 3940 Francorum
1165 3885 1448 3954 equitare,
1478 3886 1655 3942 armis
1682 3900 1747 3942 ac
1778 3901 1872 3942 ve-

217 3965 459 4023 natibus
471 3968 736 4024 exerceri
751 3968 1067 4040 fecit,ﬁlias
1078 3984 1218 4027 vero
1233 3970 1494 4029 laneﬁcio
1507 3987 1868 4043 assuescere,

214 4052 466 4124 coloque
481 4068 545 4111 ac
571 4056 717 4125 fuso,
735 4070 805 4112 ne
826 4071 932 4129 per
957 4057 1139 4114 otium
1167 4063 1490 4131 torperent,
1520 4075 1755 4132 operam
1773 4061 1873 4116 im-

215 4140 495 4212 pendere,
522 4148 699 4214 atque
722 4144 792 4201 ad
816 4160 1043 4203 omnem
1069 4146 1427 4203 honestatem
1442 4149 1662 4204 erudiri
1673 4148 1867 4218 jussit.

215 4229 300 4284 Ex
335 4228 427 4285 his
458 4230 729 4288 omnibus
758 4231 906 4290 duos
940 4237 1168 4291 tantum
1203 4234 1355 4291 ﬁlios
1380 4240 1435 4291 et
1472 4249 1641 4292 unam
1673 4236 1870 4304 ﬁliam,

218 4316 561 4389 priusquam
595 4325 944 4392 moreretur,
985 4322 1202 4391 amisit,
1234 4323 1524 4393 Karolum,
1560 4325 1656 4395 qui
1690 4325 1872 4396 major

215 4409 360 4461 natu
381 4411 530 4473 erat,
558 4412 619 4463 et
639 4408 967 4481 Pippinum,
987 4425 1154 4482 quem
1180 4426 1374 4481 regem
1397 4412 1580 4470 Italiae
1610 4414 1870 4485 prefeee-

214 4498 331 4563 rat,
368 4498 428 4550 et
460 4496 883 4568 Ruothrudem,
910 4513 1039 4570 quae
1062 4498 1307 4556 ﬁliarum
1332 4500 1459 4570 ejus
1482 4501 1866 4572 primogenita

1909 3233 1958 3294 Ο

1996 617 2330 673 tuebantur.
2370 615 2508 683 Qum
2536 632 2665 674 cum
2698 615 3106 689 pulcherrimae
3138 622 3337 673 essent
3386 622 3441 673 et
3476 619 3547 673 ab
3570 632 3639 675 eo

1995 703 2305 776 plurimum
2337 704 2745 775 diligerentur,
2782 706 2987 763 mirum
3022 706 3206 777 dictu,
3235 706 3386 777 quod
3421 707 3638 765 nullam

1994 808 2192 850 earum
2222 794 2492 865 cuiquam
2516 798 2610 851 aut
2636 808 2875 851 suorum
2900 800 2996 851 aut
3022 801 3360 852 exterorum
3393 803 3637 868 nuptum

1996 880 2134 939 dare
2180 881 2384 952 voluit,
2436 882 2536 939 sed
2567 898 2766 939 omnes
2816 898 3013 940 secum
3068 899 3249 955 usque
3283 884 3353 940 ad
3415 884 3638 941 obitum

1995 985 2164 1027 suum
2198 971 2253 1026 in
2287 970 2456 1027 domo
2486 985 2588 1028 sua
2620 971 2882 1042 retinuit,
2928 972 3146 1043 dicens,
3182 987 3246 1028 se
3276 987 3475 1029 earum
3505 988 3640 1029 con-

1998 1058 2268 1115 tubernio
2301 1073 2505 1116 carere
2554 1074 2668 1115 non
2703 1075 2894 1131 posse,
2928 1075 2995 1117 ac
3048 1065 3286 1132 propter
3315 1060 3445 1131 hoc,
3498 1059 3638 1117 licet

1995 1145 2140 1204 alias
2168 1147 2326 1217 felix,
2363 1146 2626 1204 adversae
2660 1148 2906 1204 fortuna:
2931 1148 3332 1217 indignitatem
3357 1153 3639 1219 expertus

1994 1238 2116 1303 est;
2142 1236 2294 1306 quod
2330 1241 2519 1293 tamen
2545 1237 2623 1292 ita
2666 1236 3075 1307 dissimulavit,
3111 1236 3228 1293 acsi
3261 1235 3332 1292 de
3361 1236 3447 1292 eis
3479 1235 3637 1293 nulla

1996 1338 2247 1394 unquam
2279 1324 2528 1396 alicujus
2575 1326 2776 1397 probri
2810 1324 3100 1396 susspicio
3131 1330 3333 1380 exorta
3366 1325 3458 1380 vel
3492 1325 3637 1381 fama

1997 1410 2264 1483 dispersa
2301 1413 2525 1469 fuisset.
2557 1444 2628 1453 —
2651 1415 2788 1469 Erat
2819 1414 2872 1469 ei
2911 1413 3063 1469 ﬁlius
3095 1413 3325 1469 nomine
3359 1413 3641 1484 Pippinus

1996 1514 2066 1555 ex
2086 1501 2405 1557 concubina
2430 1501 2646 1569 editus,
2674 1503 2840 1571 cujus
2860 1502 3012 1557 inter
3035 1506 3270 1558 ceteros
3287 1502 3636 1557 mentionem

1999 1587 2191 1643 facere
2214 1588 2440 1659 distuli,
2482 1589 2628 1645 facie
2651 1589 2882 1660 quidem
2900 1588 3165 1661 pulcher,
3196 1589 3298 1644 sed
3331 1589 3510 1659 gihbo
3544 1589 3641 1644 de-

1999 1676 2217 1732 formis.
2254 1679 2310 1734 Is
2342 1693 2468 1733 cum
2500 1683 2668 1750 pater
2701 1677 2853 1734 bello
2887 1692 3017 1734 cum
3050 1678 3231 1734 llunis
3270 1681 3548 1749 suscepto
3580 1677 3635 1732 in

1999 1764 2259 1835 Bajoaria
2310 1766 2614 1837 hiemaret,
2664 1781 2737 1823 cu
2762 1783 2794 1820 ii
2842 1766 3186 1837 quibusdam
3218 1781 3249 1822 e
3281 1766 3637 1838 primoribus

1999 1852 2367 1925 Francorum,
2405 1856 2500 1927 qui
2551 1870 2680 1911 eum
2715 1869 2861 1912 vana
2914 1854 3076 1925 regni
3138 1855 3520 1926 promissione
3570 1853 3636 1909 il-

1996 1939 2279 2012 lexerant,
2315 1945 2597 2001 adversus
2640 1948 2863 2016 patrem
2907 1943 3257 2014 eonjuravit.
3293 1942 3471 2009 Quem
3503 1947 3634 2014 post

1994 2028 2249 2086 fraudem
2283 2032 2571 2088 detectam
2600 2036 2659 2088 et
2681 2031 3116 2101 conjuratorum
3140 2030 3630 2102 dampnationem,

1991 2117 2320 2189 detonsum,
2366 2120 2419 2175 in
2452 2121 2719 2176 coenobio
2768 2120 2999 2176 Prumia
3034 2118 3324 2189 religiosae
3356 2118 3491 2175 vitae
3517 2119 3633 2188 jani

1991 2205 2280 2264 volentem
2297 2223 2503 2264 vacare
2518 2208 2804 2280 permisit.
2822 2210 2992 2264 Facta
3007 2213 3097 2264 est
3119 2211 3174 2265 et
3191 2206 3300 2264 alia
3324 2207 3489 2278 prius
3502 2222 3636 2264 con-

1995 2298 2080 2350 tra
2105 2309 2234 2353 eum
2259 2296 2313 2351 in
2337 2297 2635 2352 Germania
2663 2297 2850 2353 valida
2875 2295 3220 2365 conjuratio,
3246 2295 3415 2366 cujus
3438 2298 3636 2352 aucto-

1992 2398 2090 2439 res
2107 2384 2315 2454 partim
2338 2383 2656 2441 luminibus
2685 2385 2899 2454 orbati,
2920 2384 3127 2455 partim
3153 2382 3488 2453 incolomes,
3520 2396 3637 2437 om-

1993 2486 2097 2527 nes
2127 2476 2321 2527 tamen
2363 2473 2538 2530 exilio
2561 2473 2857 2545 deportati
2883 2476 3037 2539 sunt,
3060 2486 3246 2543 neque
3270 2470 3425 2528 ullus
3448 2484 3519 2526 ex
3550 2470 3635 2527 eis

1995 2560 2340 2617 interfectus
2369 2567 2482 2630 est,
2524 2562 2635 2617 nisi
2667 2568 2789 2618 tres
2833 2566 3083 2629 tantum,
3137 2560 3233 2631 qui
3265 2574 3394 2616 cum
3448 2575 3529 2628 se,
3565 2572 3635 2615 ne

1993 2648 2648 2720 comprehenderentur,
2706 2650 2933 2706 strictis
2970 2648 3181 2718 gladiis
3231 2647 3633 2716 defenderent,

1996 2735 2223 2807 aliquos
2239 2737 2412 2792 etiam
2453 2738 2831 2806 occidissent,
2870 2736 3001 2806 quia
3024 2735 3197 2792 aliter
3226 2734 3487 2791 coerceri
3521 2749 3631 2790 non

1997 2830 2287 2897 poterant,
2313 2825 2645 2896 interempti
2667 2829 2822 2881 sunt.
2840 2826 3050 2879 Harum
3073 2828 3261 2879 tamen
3283 2822 3637 2891 conjuratio-

1994 2927 2125 2967 num
2160 2913 2454 2969 Fastradaa
2488 2913 2702 2983 reginae
2734 2912 3052 2970 crudelitas
3075 2926 3246 2968 causa
3277 2916 3336 2966 et
3367 2910 3531 2980 origo
3554 2909 3636 2965 di-

1991 3001 2146 3058 citur
2176 3001 2468 3072 extitisse,
2502 3007 2561 3058 et
2579 3002 2800 3058 idcirco
2832 3000 2886 3056 in
2910 3001 3192 3056 ambabus
3215 3003 3416 3055 contra
3439 3013 3632 3067 regem

1990 3090 2388 3161 conspiratum
2423 3094 2535 3159 est,
2590 3090 2722 3161 quia
2777 3089 2975 3146 uxoris
3020 3087 3357 3144 crudelitati
3391 3101 3633 3142 consen-

1989 3178 2161 3249 tiens,
2194 3192 2224 3234 a
2258 3192 2379 3235 suae
2425 3184 2649 3234 naturae
2699 3177 3057 3248 benignitate
3090 3190 3154 3232 ac
3189 3174 3633 3231 mansuetudine

1988 3266 2299 3323 videbatur
2319 3266 2707 3323 exorbitasse.
2735 3266 3003 3321 Ceterum
3034 3278 3136 3335 per
3161 3277 3328 3319 omne
3353 3277 3472 3320 sua)
3498 3263 3632 3318 vitze

1989 3360 2219 3428 tempus
2242 3355 2321 3412 ita
2344 3370 2473 3412 eum
2499 3370 2724 3412 suiiiiiio
2743 3355 2993 3410 omnium
3016 3367 3211 3408 amore
3235 3356 3409 3422 atque
3438 3352 3632 3407 favore

1987 3443 2141 3501 domi
2172 3448 2232 3500 et
2261 3443 2404 3501 foris
2441 3447 2828 3501 conversatus
2858 3446 2970 3511 est,
3019 3445 3082 3497 ut
3134 3451 3426 3510 nunquam
3456 3439 3508 3493 ei
3541 3437 3633 3493 vel

1986 3531 2216 3589 minima
2239 3532 2471 3603 injustas
2494 3530 2869 3588 credulitatis
2898 3533 3033 3583 nota
3057 3542 3085 3582 a
3112 3542 3399 3599 quoquam
3426 3526 3632 3583 fuisset

1984 3618 2236 3690 objecta.
2274 3620 2517 3675 Amabat
2564 3616 2906 3690 peregrinos
2937 3620 2995 3670 et
3028 3616 3081 3669 in
3111 3614 3196 3668 eis
3242 3612 3634 3683 suscipiendis

1985 3720 2250 3777 magnam
2281 3706 2529 3762 habebat
2564 3718 2784 3773 curam,
2818 3702 2965 3759 adeo
3000 3706 3060 3756 ut
3095 3715 3290 3756 eorum
3318 3699 3633 3756 multitudo

1986 3810 2097 3852 non
2131 3794 2313 3852 solum
2366 3793 2604 3865 palatio,
2643 3805 2844 3849 verum
2875 3791 3049 3847 etiam
3085 3804 3263 3858 ri-gno
3294 3804 3403 3844 non
3438 3788 3634 3844 imme-

1987 3883 2101 3938 rito
2122 3882 2426 3939 videretur
2446 3892 2711 3937 enerosa.
2728 3881 2855 3951 Ipse
2880 3882 3069 3933 tamen
3091 3890 3211 3947 pra;
3236 3875 3630 3945 magnitudine

1986 3971 2157 4029 animi
2181 3968 2580 4042 hujuscemodi
2612 3967 2867 4040 pondere
2885 3963 2975 3999 ¹¹²⁹
2997 3965 3228 4020 minimc
3249 3963 3627 4034 gravabatur,

1986 4075 2116 4118 cum
2132 4058 2306 4116 etiam
2323 4057 2578 4129 ingentia
2595 4054 2958 4112 incommoda
2976 4053 3145 4120 laude
3166 4051 3543 4108 liberalitatis
3563 4067 3629 4108 ac

1988 4148 2154 4205 bonae
2185 4147 2349 4203 famae
2392 4143 2659 4201 mercede
2686 4144 3115 4215 eompensaret.
3138 4172 3204 4183 —
3239 4142 3491 4212 Corpore
3526 4140 3632 4197 fuit

1985 4234 2178 4308 amplo
2202 4240 2379 4306 atque
2401 4233 2666 4301 robusto,
2701 4234 2929 4289 statura
2950 4229 3249 4300 eminenti,
3286 4243 3414 4300 quae
3440 4233 3629 4283 tamen

1985 4337 2097 4383 non
2117 4321 2513 4380 exeederet—
2531 4335 2659 4377 nam
2685 4325 2906 4392 septem
2930 4334 3168 4377 suorum
3195 4316 3404 4390 pedum
3431 4333 3631 4389 νυοί-ι·-

1986 4412 2217 4468 ritatem
2249 4410 2378 4482 ejus
2417 4413 2653 4466 constat
2700 4409 2978 4466 habuisse
3007 4421 3335 4465 mensuram
3367 4437 3426 4447 -—
3465 4404 3575 4477 apii
3599 4422 3629 4462 e

1984 4499 2198 4571 capitis
2244 4498 2518 4570 rotundo,
2569 4497 2754 4555 oculis
2802 4496 3228 4570 pregrandibus
3275 4508 3343 4550 ac
3383 4493 3624 4563 vegetis,

209 4589 273 4639 et
307 4599 338 4640 a
360 4585 744 4641 Constantino
778 4586 1089 4643 Grecorum
1123 4588 1491 4660 imperatore,
1521 4589 1640 4645 ﬁlio
1662 4590 1868 4647 Leonis
1901 4586 1951 4645 D
1984 4603 2125 4646 naso
2152 4587 2449 4661 paululum
2483 4587 2537 4643 in
2563 4587 3028 4644 mediocritatem
3050 4581 3379 4652 excedenti,
3403 4581 3628 4638 caiiieie

211 4676 270 4728 et
318 4672 548 4744 Hyrene
594 4672 781 4730 fuerat
837 4674 1213 4746 desponsata.
1281 4676 1533 4742 Quorum
1589 4677 1868 4751 Pippiniis

211 4776 393 4817 unum
428 4759 606 4817 ﬁlium
631 4762 1052 4834 Bernhardum,
1090 4764 1235 4820 ﬁlias
1265 4770 1456 4821 autem
1495 4767 1751 4838 quinque
1774 4783 1869 4824 su-

212 4848 501 4921 perstites
542 4847 805 4919 reliquit,
836 4849 893 4905 in
920 4851 1136 4920 quibus
1154 4866 1253 4907 rex
1276 4853 1513 4924 pietatis
1541 4870 1661 4911 suae
1686 4857 1868 4926 preci~

210 4951 392 5008 puum
445 4936 859 4995 documentum
910 4940 1191 5009 ostendit,
1225 4957 1355 4997 cum
1406 4948 1678 5013 nepotem
1713 4949 1865 5015 patri

210 5023 537 5081 succedere
570 5028 632 5080 et
662 5029 870 5098 neptes
896 5028 1051 5082 inter
1082 5028 1232 5085 ﬁlias
1262 5044 1398 5086 suas
1421 5030 1658 5087 educari
1695 5032 1856 5088 fecit.

215 5112 498 5169 Filiorum
524 5127 593 5168 ac
621 5112 867 5170 ﬁliarum
893 5120 1114 5171 tantam
1136 5115 1227 5149 ³³³⁸
1256 5118 1311 5173 in
1347 5118 1649 5176 educando
1668 5135 1865 5177 curam

207 5199 281 5255 ha
292 5199 440 5260 buit.
467 5203 533 5255 ut
547 5212 838 5269 nunquam
853 5201 1002 5258 domi
1025 5202 1250 5274 positus
1274 5205 1401 5260 sine
1427 5205 1573 5276 ipsis
1585 5215 1863 5274 coenaret,

208 5302 512 5358 nunquam
547 5286 660 5343 iter
709 5288 833 5345 sine
867 5289 983 5347 illis
1038 5290 1278 5347 faceret.
1345 5293 1778 5365 Adequitabant
1812 5298 1864 5353 ei

209 5375 341 5446 ﬁlii,
377 5375 516 5433 ﬁliae
549 5389 688 5433 vero
721 5392 870 5450 pone
915 5379 1333 5453 sequebantur,
1369 5396 1612 5454 quarum
1661 5399 1866 5456 agmen

1984 4678 2248 4752 pulchra,
2281 4677 2426 4734 facie
2461 4676 2595 4733 laeta
2623 4681 2683 4733 et
2711 4674 2918 4747 hylari,
2963 4673 3115 4730 unde
3144 4672 3341 4728 forma;
3373 4669 3628 4724 auctori-

1980 4772 2074 4824 tas
2100 4783 2168 4825 ac
2191 4766 2445 4837 dignitas
2465 4769 2584 4821 tam
2609 4762 2788 4820 stanti
2813 4776 2983 4833 quam
3008 4758 3231 4817 sedenti
3258 4756 3503 4829 plurima
3535 4772 3627 4813 ae-

1980 4857 2344 4929 quirebatur.
2389 4854 2725 4922 Quanquam
2771 4850 2922 4906 enim
2952 4848 3154 4905 cervix
3183 4847 3362 4902 obesa
3408 4850 3468 4901 et
3498 4847 3625 4902 bre-

1981 4946 2106 5003 vior
2125 4948 2446 5013 venterque
2465 4940 2767 4998 videretur
2788 4936 3127 5009 projectior,
3163 4939 3355 4990 tamen
3380 4934 3502 4991 baic
3531 4949 3625 4991 ce-

1984 5039 2239 5089 terorum
2293 5030 2681 5086 membrorum
2732 5025 2961 5083 celabat
3006 5022 3332 5095 aqualitas.
3385 5023 3621 5080 Ineessu

1978 5125 2104 5178 erat
2135 5120 2320 5188 ﬁrmo,
2359 5123 2601 5186 totaque
2618 5114 2884 5186 corporis
2915 5110 3259 5169 habitudine
3277 5110 3453 5181 virili,
3480 5120 3620 5167 voce

1977 5208 2134 5266 clara
2159 5206 2411 5277 quidem,
2455 5204 2558 5261 sed
2591 5218 2719 5274 quae
2755 5202 2945 5259 minus
2967 5200 3234 5274 corporis
3262 5200 3458 5257 formae
3486 5213 3621 5256 con-

1977 5296 2227 5364 veniret,
2246 5292 2568 5350 valitudine
2590 5305 2892 5364 prospera,
2914 5293 3114 5362 preter
3135 5288 3288 5362 quod
3306 5291 3615 5359 antequam

1979 5383 2294 5443 decederet
2319 5395 2421 5455 per
2443 5384 2696 5454 quatuor
2720 5394 2902 5438 annos
2923 5380 3134 5438 crebro
3157 5378 3419 5436 febribus
3438 5375 3619 5434 corri-

1571 5545 1806 5604 VARIE
1846 5543 2244 5604 LECTIONES.

277 5674 376 5709 ⁸⁸³⁷
411 5673 662 5731 humare
692 5687 840 5734 corr.
874 5675 1099 5733 humari
1132 5679 1189 5735 1.
1252 5675 1342 5712 η’·
1371 5681 1593 5733 tantum
1627 5679 1798 5747 (corr.
1828 5679 2110 5752 tantam?)
2142 5682 2196 5739 l.
2237 5679 2462 5735 tantum
2495 5681 2577 5736 9°.
2618 5675 2709 5735 10.
2745 5674 2850 5735 Et.
2911 5673 3003 5710 ¹¹²⁹
3028 5687 3204 5732 onere
3234 5675 3290 5727 5.
