3952 6304
429 353 542 420 851

1588 353 2069 422 EKKEHARDI
2111 349 2670 418 UHAUGIENSIS

3696 346 3785 410 859.

433 490 724 566 piebatur,
749 488 819 549 ad
842 492 1164 554 extremum
1191 495 1365 556 etiam
1390 511 1506 555 uno
1527 495 2074 570 pedeclaudicabat.
2111 487 2165 549 A
2195 491 2495 562 ctoritate,
2528 495 2588 547 et
2609 486 2860 547 ecclesia
2895 482 3084 544 sancti
3109 478 3270 541 Petri
3297 475 3584 554 peritiam
3605 494 3703 540 non
3721 495 3788 537 so-

433 582 569 638 Erat
601 581 932 652 eloquentia
966 587 1239 656 copiosus
1263 595 1322 644 et
1353 590 1702 658 exuberans,
1730 594 2080 660 poteratque

439 669 710 740 quicquid
745 672 920 727 vellet
959 676 1328 746 apertissime
1360 679 1722 749 exprimere;
1752 695 1859 736 nec
1891 680 2082 750 patrio

439 771 708 814 sermone
740 765 1075 832 contentus,
1127 765 1301 822 etiam
1350 767 1674 838 peregrinis
1719 767 1936 838 linguis
1965 769 2084 825 edi-

443 847 676 940 scendis
709 865 946 916 operam
974 852 1182 940 dabat,
1221 855 1274 910 in
1306 855 1516 926 quibus
1542 857 1798 914 Latinam
1829 856 1908 914 ita
1941 857 2086 916 didi-

443 936 544 1000 cit,
574 936 632 988 ut
653 949 718 989 ea
741 950 806 989 ac
834 939 1018 1007 patria
1062 939 1257 1010 lingua
1287 958 1455 1000 orare
1479 943 1550 999 sit
1583 943 1813 1014 solitus,
1847 947 2084 1002 Grecam

442 1033 582 1075 vero
617 1025 824 1082 melius
845 1026 1190 1098 intellegere
1223 1045 1390 1102 quam
1423 1035 1810 1105 pronunciare
1832 1037 2082 1106 poterat.

445 1109 618 1166 Artes
653 1111 926 1171 liberales
947 1118 1380 1176 studiosissime
1409 1121 1611 1191 coluit,
1643 1137 1960 1193 earumque
1990 1124 2088 1180 do-

407 1225 420 1242 ί
445 1202 642 1255 ctores
665 1201 974 1272 plurimum
1007 1211 1340 1280 veneratus,
1372 1211 1594 1280 magnis
1615 1211 1830 1267 extulit
1859 1213 2090 1268 honori-

448 1286 574 1342 bus.
605 1289 661 1343 In
689 1290 960 1348 discenda
995 1298 1370 1363 grammatica
1407 1301 1642 1356 Petrum
1675 1299 1946 1356 Pisanum
1971 1301 2090 1356 dia-

447 1386 649 1429 conem
676 1392 869 1433 senem
893 1381 1134 1452 audivit,
1153 1383 1209 1439 in
1223 1385 1439 1442 ceteris
1457 1386 1788 1458 disciplinis
1819 1387 2088 1447 Albinum

448 1469 832 1560 cognomento
856 1467 1199 1542 Alewinum,
1216 1473 1352 1528 item
1373 1475 1676 1532 diaconum
1699 1475 1771 1532 de
1785 1477 2087 1548 Brittania,

449 1554 637 1649 virum
683 1554 1083 1649 undecumque
1113 1560 1532 1634 doctissimum,
1562 1571 1966 1636 preceptorem
1997 1566 2094 1624 ha-

453 1639 596 1706 buit,
633 1643 782 1712 apud
815 1659 982 1713 quem
1016 1651 1076 1701 et
1108 1649 1418 1708 rethoricae
1441 1656 1498 1708 et
1531 1652 1876 1725 dialecticae,
1911 1656 2096 1728 preci-

449 1743 565 1798 pue
613 1733 803 1786 tamen
857 1737 1268 1794 astronomicae
1317 1739 1647 1798 ediscenda:
1692 1743 2003 1814 plurimum
2037 1748 2094 1800 et

2197 580 2312 638 lum
2344 583 2471 638 tuta
2502 596 2569 636 ac
2614 578 2874 644 defensa,
2919 574 3018 632 sed
3052 573 3226 630 etiam
3279 569 3401 626 suis
3427 568 3686 641 operibus
3711 585 3788 642 pre

2195 671 2466 728 omnibus
2499 665 2779 725 :eeclesiis
2810 669 2968 722 esset
2999 668 3201 719 ornata
3229 664 3407 730 atque
3431 658 3625 714 ditata.
3645 657 3786 724 Quam

2195 776 2325 818 cum
2347 758 2492 814 tanti
2521 756 2819 828 penderet,
2850 759 3038 808 tamen
3062 751 3208 806 intra
3235 751 3302 803 46
3323 761 3593 802 annorum
3616 747 3787 817 quibus

2198 849 2541 919 regnaverat
2599 845 2858 916 spacium
2890 844 3098 913 quater
3135 842 3357 894 tantum
3411 834 3508 890 illo
3561 839 3786 891 votorum

2199 935 2610 994 solvendorum
2628 947 2690 989 ae
2717 928 3082 1002 supplicandi
3106 940 3280 984 causa
3296 925 3594 996 profectus
3613 923 3788 980 est.L'l-

2201 1025 2321 1083 timi
2346 1024 2634 1080 adventus
2650 1021 2738 1076 sui
2756 1034 2861 1075 non
2885 1017 3071 1074 solum
3095 1017 3216 1072 hinc
3243 1015 3476 1070 fuerunt
3499 1026 3691 1080 causae,
3718 1026 3790 1066 ve-

2202 1131 2325 1172 rum
2342 1113 2514 1169 etiam
2541 1110 2691 1182 quod
2734 1107 2971 1164 Romani
3008 1107 3251 1161 Leonem
3278 1101 3602 1174 pontificem
3630 1100 3790 1157 multis

2200 1205 2469 1259 affectum
2491 1199 2739 1270 injuriis,
2765 1196 2952 1254 erutis
2979 1193 3224 1261 scilicet,
3259 1196 3326 1248 ut
3355 1189 3580 1261 quidam
3609 1189 3787 1258 dicunt,

2201 1291 2404 1360 oculis,
2440 1290 2753 1358 linguaque
2787 1286 3109 1356 amputata,
3140 1280 3312 1336 ﬁdem
3345 1278 3501 1348 regis
3530 1277 3790 1349 implorare

2200 1375 2629 1450 compulerunt.
2658 1371 2883 1428 Idcirco
2902 1372 3137 1425 Romam
3161 1367 3405 1422 veniens
3426 1369 3651 1438 propter
3672 1380 3794 1436 repa-

2205 1466 2468 1536 randum,
2501 1463 2596 1534 qui
2629 1461 2800 1518 nimis
2823 1459 3212 1516 conturbatus
3247 1461 3397 1524 erat,
3418 1454 3684 1511 aaeclesim
3709 1458 3796 1510 sta-

2207 1560 2350 1625 tum,
2385 1553 2461 1608 ibi
2513 1555 2700 1608 totum
2744 1547 2950 1605 hiemis
2985 1551 3214 1616 tempus
3246 1541 3522 1600 extraxit.
3557 1541 3666 1608 Quo
3689 1546 3796 1598 tem-

2209 1659 2346 1717 pore
2379 1639 2752 1712 imperatoris
2797 1643 2850 1693 et
2887 1633 3124 1705 augusti
3158 1647 3367 1689 nomen
3401 1630 3637 1702 accepit,
3679 1629 3796 1701 quod

2210 1733 2396 1805 primo
2422 1731 2475 1785 in
2499 1733 2727 1786 tantum
2753 1729 3060 1783 aversatus
3085 1727 3198 1792 est,
3238 1725 3302 1776 ut
3329 1721 3644 1790 affirmaret,
3674 1733 3726 1776 se
3747 1733 3797 1775 eo

452 1817 736 1887 temporis
769 1825 827 1874 et
859 1820 1078 1877 laboris
1125 1824 1466 1896 impertivit.
1517 1807 1793 1887 Discebat
1823 1836 1880 1889 et
1913 1837 2096 1890 artem
2127 1846 2180 1906 Β
2212 1822 2324 1891 die,
2359 1818 2622 1891 quamvis
2669 1813 2943 1887 precipua
2995 1811 3289 1867 festivitas
3320 1812 3501 1878 esset,
3533 1807 3798 1865 :ecclesiam

453 1908 845 2002 computandi,
879 1915 938 1964 et
980 1911 1302 1972 intentione
1332 1918 1524 1986 sagaci
1557 1919 1812 1977 siderum
1860 1937 2097 1980 cursum

453 1994 850 2080 curiosissime
874 1998 1213 2058 rimabatur.
1249 2006 1589 2077 Temptabat
1617 2013 1672 2063 et
1708 2010 1984 2080 scribere,
2023 2017 2102 2068 ta-

455 2079 624 2180 bulas
649 2087 708 2180 et
746 2086 1066 2180 codicellos
1089 2091 1160 2146 ad
1186 2092 1296 2149 hoc
1319 2093 1372 2148 in
1401 2094 1555 2152 lecto
1579 2099 1686 2153 sub
1715 2079 2102 2156 cervicalibus

454 2173 834 2229 circumferre
858 2175 1106 2249 solebat,
1135 2186 1198 2236 ut
1237 2198 1366 2238 cum
1401 2199 1644 2241 vacuum
1673 2190 1903 2258 tempus
1925 2194 2102 2257 esset,

459 2273 686 2314 manum
716 2261 933 2320 litteris
955 2267 1278 2336 etiigiandis
1328 2280 1733 2344 assuesceret;
1775 2277 1878 2333 sed
1905 2293 2104 2349 parum

461 2349 751 2403 successit
773 2353 946 2408 tabor
967 2362 1346 2428 preposterus
1364 2375 1428 2417 ac
1461 2377 1592 2419 sero
1608 2363 1932 2422 inchoatus.
1950 2367 2110 2423 Assi-

464 2432 1002 2534 due-esercebatur
1061 2445 1376 2516 equitando
1407 2465 1473 2507 ac
1521 2453 1805 2523 venando,
1836 2454 1989 2524 quod
2023 2455 2107 2512 illi

461 2524 826 2620 gentilicium
851 2534 999 2620 erat,
1035 2535 1166 2602 quia
1192 2536 1287 2591 vix
1320 2537 1434 2594 ulla
1460 2539 1514 2594 in
1557 2541 1736 2598 terris
1764 2543 1923 2599 natio
1956 2543 2112 2600 inve-

465 2613 646 2678 nitur,
665 2628 792 2683 qua:
815 2615 867 2670 in
885 2617 986 2674 hac
1001 2625 1126 2676 arte
1145 2624 1379 2681 Francis
1404 2627 1762 2700 possitcoaaq
1773 2631 1915 2686 uari.
1951 2631 2114 2688 Dele-

467 2700 742 2796 ctabatur
767 2704 942 2796 etiam
973 2712 1288 2781 vaporibus
1318 2729 1598 2785 aquarum
1641 2719 1991 2776 naturaliter
2022 2737 2115 2778 ca-

471 2784 734 2879 lentium,
773 2792 1060 2864 frequenti
1110 2803 1312 2857 natatu
1339 2784 1554 2876 corpus
1597 2819 1897 2879 exercens,
1948 2809 2114 2878 cujus

468 2873 611 2930 adeo
635 2879 865 2947 peritus
892 2884 1016 2954 fuit,
1043 2889 1318 2946 utnullus
1341 2891 1393 2948 ei
1413 2873 1574 2962 juste
1598 2893 1788 2952 valeat
1814 2873 2113 2954 anteferri.

468 2963 554 3018 οι)
584 2964 689 3022 hoc
742 2969 913 3026 etiam
967 2976 1314 3048 Aquisgrani
1347 2981 1567 3050 regiam
1601 2985 1884 3056 extruxit,
1921 2987 2118 3058 ibique

470 3057 769 3146 extremos
803 3058 938 3117 vita
997 3078 1180 3122 annos
1231 3083 1415 3138 usque
1447 3070 1517 3126 ad
1558 3071 1778 3128 obitum
1832 3076 2114 3146 perpetim

892 3149 1024 3262 cibo
1058 3156 1116 3208 et
1157 3159 1304 3262 potu
1336 3163 1461 3213 erat
1523 3139 1875 3232 temperans,
1929 3139 2032 3220 sed
2065 3165 2117 3220 in
2154 3200 2202 3262 Ο

469 3231 614 3298 potu
660 3235 1099 3324 temperantior,
1155 3241 1232 3298 ita
1269 3248 1330 3299 ut
1357 3259 1537 3316 super
1567 3231 1789 3306 coenam
1822 3231 1957 3308 raro
1989 3252 2121 3324 plus

473 3327 642 3412 quam
676 3323 767 3373 ter
786 3320 1040 3390 biberet;
1091 3328 1220 3386 cibo
1243 3345 1354 3387 non
1377 3333 1522 3390 adeo
1545 3337 1838 3396 abstinere
1871 3320 2120 3412 poterat,

474 3407 539 3502 ut
563 3419 698 3502 sepe
735 3418 1105 3502 quereretur,
1131 3418 1302 3475 noxia
1326 3435 1433 3478 suo
1465 3425 1696 3496 corpori
1723 3441 1856 3483 esse
1873 3407 2122 3498 'jejunia.

477 3490 910 3590 genvivabatur
962 3503 1276 3578 rarissime,
1319 3510 1521 3567 ethoc
1572 3490 2124 3586 precipuisvtantum

477 3577 920 3655 festivitatibus,
987 3595 1124 3647 tunc
1153 3577 1346 3651 tamen
1403 3614 1534 3655 eum
1569 3577 1774 3671 magno
1832 3603 2126 3662 hominum

485 3679 748 3728 numero.
779 3675 948 3733 Coena
971 3682 1290 3740 cottidiana
1316 3689 1864 3756 quaternistantum
1890 3693 2130 3751 ferculis

479 3757 858 3855 prebebatur,
894 3773 1090 3836 preter
1120 3787 1354 3829 carnem
1379 3789 1590 3848 assam,
1615 3793 1786 3848 quam
1820 3781 2133 3838 venatores

479 3847 720 3910 Veribus
770 3850 984 3911 inferre
1019 3859 1310 3934 solebant,
1357 3879 1464 3935 qua
1503 3847 1600 3922 ille
1634 3847 1928 3926 libentius
1959 3885 2130 3941 quam

483 3945 602 4004 ullo
635 3951 746 4007 alio
765 3954 897 4010 cibo
943 3953 1308 4010 vescebatur.
1337 3956 1495 4013 Inter
1523 3958 1868 4014 coenandum
1900 3963 2002 4014 aut
2033 3961 2135 4017 ali-

484 4038 638 4106 quod
665 4054 891 4096 acroma
917 4047 1014 4097 aut
1043 4043 1320 4100 lectorem
1353 4045 1649 4102 audiebat.
1687 4047 2052 4118 Legebantur
2079 4048 2132 4106 ei

483 4123 761 4194 Iiystoriie
808 4134 867 4184 et
917 4131 1289 4201 antiquorum
1340 4147 1437 4190 res
1466 4139 1668 4205 gesta,
1726 4133 2135 4193 delectabatur

484 4212 657 4268 etiam
683 4213 850 4273 libris
881 4219 1065 4275 sancti
1109 4221 1438 4292 Augustini,
1489 4223 1886 4294 preeipueque
1915 4223 2005 4281 his
2037 4225 2133 4296 qui

487 4301 560 4356 de
590 4301 828 4362 civitate
869 4307 968 4363 Dei
1019 4308 1348 4380 pretitulati
1381 4314 1535 4367 sunt.
1563 4341 1630 4352 -—
1653 4311 1816 4368 Circa
1847 4325 2136 4384 pauperes

489 4393 905 4452 sustentandos
917 4401 977 4452 et
987 4397 1306 4468 gratuitam
1327 4398 1764 4471 liberalitatem,
1781 4415 1950 4472 quam
1969 4401 2134 4458 Greci

487 4479 858 4539 elemosinam
900 4491 1130 4556 vocant,
1172 4487 1592 4545 devotissimus
1622 4493 1768 4559 erat,
1801 4493 1864 4546 ut
1898 4489 1994 4560 qui
2023 4505 2132 4547 non

489 4569 545 4625 in
568 4572 758 4643 patria
783 4574 969 4632 solum
991 4580 1052 4632 et
1082 4575 1137 4632 in
1165 4591 1274 4634 suo
1297 4591 1479 4646 regno
1502 4577 1558 4635 id
1602 4579 1794 4636 facere
1815 4559 2130 4650 curaverit,
2163 4559 2218 4620 D

488 4673 692 4716 verum
725 4665 890 4720 trans
947 4663 1127 4722 maria
1161 4665 1218 4720 in
1265 4665 1488 4736 Syriam
1519 4670 1580 4722 et
1625 4668 1931 4739 Egyptum
1960 4670 2137 4738 atque

490 4747 764 4821 Africam,
792 4751 1214 4826 Hierosolimis,
1253 4753 1640 4826 Alexandriae,
1685 4755 2004 4827 Kartagini,
2042 4755 2136 4814 ubi

492 4837 920 4898 christianosin
955 4846 1303 4916 paupertate
1325 4844 1524 4902 vivere
1539 4849 1927 4916 compererat,
1961 4859 2140 4917 penu-

493 4928 594 4985 rize
626 4928 862 4988 illorum
885 4933 1269 5006 eompatiens,
1303 4935 1604 5006 pecuniam
1629 4935 1866 4992 mittere
1888 4934 2136 5004 solebat,

493 5018 570 5074 ob
592 5017 700 5076 hoc
729 5020 976 5080 maxime
1024 5023 1548 5081 transmarinorum
1589 5038 1794 5095 regum
1849 5022 2144 5081 amicicias

493 5112 800 5180 expetens,
818 5115 881 5168 ut
908 5111 1582 5170 cbristianissubeorum
1610 5111 1908 5170 dominatu
1933 5113 2144 5183 degen-

497 5197 658 5254 tibus
688 5199 1056 5270 refrigerium
1093 5200 1330 5274 aliquod
1358 5215 1428 5259 ac
1458 5199 1740 5259 relevatio
1770 5200 2134 5272 proveniret.

498 5285 737 5342 Colebat
769 5301 874 5360 pre
905 5289 1123 5347 ceteris
1152 5290 1339 5348 sacris
1367 5289 1513 5348 locis
1542 5289 1696 5362 apud
1725 5289 1965 5345 Romam
1987 5288 2142 5346 beati

495 5376 656 5433 Petri
680 5377 934 5448 apostoli
956 5377 1301 5450 ecclesiam,
1345 5379 1402 5435 in
1426 5377 1592 5448 cujus
1611 5376 1852 5436 donaria
1881 5391 2142 5447 magnam

497 5467 614 5522 vim
649 5465 910 5538 pecuniae
956 5467 1272 5536 congessit.
1322 5468 1518 5538 Neque
1549 5465 1648 5523 ille
1697 5470 1827 5523 toto
1855 5465 2018 5536 regni
2053 5465 2142 5521 sui

501 5561 766 5628 tempore
815 5554 1122 5626 quicquam
1146 5555 1314 5612 duxit.
1351 5554 1669 5626 antiquius,
1704 5569 1873 5626 quam
1909 5558 1971 5610 ut
2003 5554 2145 5612 urbs

500 5643 678 5699 Roma
713 5657 818 5700 sua
851 5656 1028 5712 opera
1057 5656 1278 5713 suoque
1301 5641 1502 5700 labore
1529 5647 1734 5702 vetere
1767 5641 2018 5715 polleret
2049 5656 2146 5701 au-

2215 1925 2324 1967 non
2351 1909 2726 1974 intraturum,
2749 1903 2792 1960 si
2817 1900 3072 1973 preseire
3097 1899 3390 1971 potuisset
3419 1895 3681 1968 pontiﬁcis
3698 1909 3798 1952 con-

2215 1998 2428 2054 silium.
2473 1993 2749 2050 Invidiam
2771 1997 2961 2047 tamen
2993 1992 3254 2058 suscepti
3287 1985 3550 2056 nominis,
3580 1984 3798 2040 Romanis

2218 2085 2670 2158 imperatoribus
2695 2094 2868 2152 super
2886 2079 2995 2136 hoc
3017 2075 3480 2146 indignantibus,
3496 2088 3673 2143 magna
3695 2071 3794 2127 tulit

2221 2173 2518 2248 patientia,
2559 2170 2815 2239 vicitque
2863 2181 3064 2223 eorum
3098 2162 3521 2220 contumaciam
3567 2160 3798 2230 magnani-

2220 2265 2440 2333 mitate,
2465 2276 2574 2332 qua
2599 2259 2685 2316 eis
2708 2254 3110 2330 proculdubio
3133 2253 3310 2322 longe
3334 2250 3666 2323 prestantior
3685 2253 3796 2317 erat,

2222 2351 2507 2409 mittendo
2541 2349 2612 2405 ad
2642 2362 2744 2404 eos
2773 2347 3015 2402 crebras
3067 2342 3398 2412 legationes
3425 2343 3480 2396 et
3511 2341 3562 2394 in
3590 2335 3798 2410 epistolis

2223 2444 2434 2499 fratres
2460 2453 2562 2495 eos
2617 2433 2986 2508 appellando.
3018 2431 3158 2489 Post
3199 2433 3535 2501 susceptum
3561 2423 3799 2498 imperiale

2224 2544 2430 2588 nomen
2463 2542 2592 2584 cum
2643 2524 2973 2580 adverteret
3018 2519 3199 2576 multa
3257 2517 3479 2588 legibus
3528 2514 3697 2588 populi
3734 2513 3797 2570 sui

2225 2620 2428 2676 deesse
2459 2645 2512 2655 -
2544 2629 2669 2670 nam
2715 2610 2914 2667 Franci
2943 2609 3086 2665 duas
3142 2607 3364 2664 habent
3398 2605 3569 2675 leges,
3595 2603 3644 2658 in
3667 2599 3798 2673 pluri-

2227 2708 2334 2764 mis
2357 2706 2499 2762 locis
2535 2702 2700 2759 valde
2731 2700 2998 2756 diversas
3018 2729 3107 2760 —,
3135 2694 3441 2765 cogitavit,
3467 2707 3584 2766 quae
3611 2690 3794 2748 deerant

2228 2799 2463 2865 addere,
2489 2799 2549 2852 et
2570 2789 2962 2862 discrepantia
2988 2788 3172 2858 unire,
3195 2801 3378 2858 prava
3399 2799 3612 2856 quoque
3635 2797 3689 2838 ac
3709 2795 3798 2851 per-

2231 2901 2427 2961 peram
2454 2883 2675 2956 prolata
2707 2879 3038 2949 corrigere;
3072 2877 3173 2934 sed
3197 2877 3274 2932 de
3305 2871 3581 2932 bisnicbil
3599 2869 3727 2928 aliud
3747 2868 3796 2924 ab

2229 2958 2300 3032 eo
2343 2976 2557 3030 factum
2593 2974 2706 3038 est,
2743 2967 2854 3024 nisi
2886 2967 3039 3038 quod
3083 2979 3272 3037 pauca
3303 2961 3547 3035 capitula
3575 2964 3625 3018 et
3651 2973 3704 3014 ea
3730 2958 3797 3012 im-

2233 3065 2492 3140 perfecta
2516 3059 2746 3128 legibus
2769 3054 3012 3113 addidit.
3047 3053 3321 3110 Omnium
3340 3057 3524 3108 tamen
3547 3048 3794 3111 nationum,

2236 3134 2362 3226 quae
2391 3151 2501 3208 sub
2549 3148 2676 3218 eius
2719 3145 3018 3202 dominatu
3047 3147 3238 3212 erant,
3295 3142 3443 3213 jura,
3493 3151 3608 3210 quae
3633 3134 3796 3204 scripta

2237 3223 2346 3300 non
2380 3241 2570 3309 erant,
2626 3234 2803 3292 scribi
2849 3247 2917 3290 ac
2946 3231 3164 3288 litteris
3221 3227 3480 3286 mandari
3533 3223 3796 3290 fecit;itcm

2239 3331 2485 3389 barbara
2519 3331 2580 3382 et
2621 3321 3029 3393 antiquissima
3059 3317 3344 3389 carmina,
3375 3315 3572 3388 quibus
3598 3315 3796 3370 veterum

2239 3434 2436 3489 regum
2472 3421 2640 3472 actus
2659 3417 2716 3468 et
2743 3410 2892 3468 bella
2915 3409 3302 3477 canebantur,
3327 3403 3552 3476 scripsit
3572 3405 3622 3458 et
3643 3411 3796 3455 meme

2240 3486 2340 3564 riae
2364 3501 2676 3562 mandavit.
2699 3497 2999 3556 lneboavit
3027 3500 3087 3554 et
3109 3493 3534 3566 grammaticam
3555 3486 3698 3562 patrii
3715 3498 3798 3540 ser-

2241 3595 2457 3659 monis,
2491 3589 2788 3648 mensibus
2845 3587 3018 3642 etiam
3047 3584 3218 3654 juxta
3278 3581 3557 3656 prepriam
3605 3577 3795 3644 linguam

2240 3681 2525 3740 vocabula
2548 3677 2848 3750 imposuit,
2873 3673 2968 3746 qui
2989 3677 3123 3730 ante
3147 3672 3206 3727 id
3229 3669 3503 3742 temporis
3524 3664 3655 3738 apud
3675 3663 3797 3718 Fran-
3870 3701 3871 3706 η

2242 3789 2343 3831 eos
2367 3770 2576 3844 partim
2601 3767 2840 3835 Latinis,
2867 3763 3076 3836 partim
3101 3762 3368 3818 barbaris
3399 3756 3690 3815 nominibus
3707 3763 3798 3822 pro-

2244 3843 2689 3927 nunciabantur,
2723 3860 2784 3910 et
2821 3851 3156 3910 Ianuarium
3210 3845 3512 3922 appellavit
3541 3843 3798 3927 winterma-

2247 3950 2407 4019 noth,
2425 3923 2801 4003 Februarium
2823 3941 3109 4010 hornung,
3141 3938 3404 3995 Martium
3429 3923 3794 4019 lencinmanoth,

2247 4013 2502 4111 Aprilem
2527 4027 3170 4101 ostermanotb,Maium
3191 4013 3796 4084 vunnemanothJunium

2246 4123 2653 4192 brabmanotb,
2699 4119 2913 4177 Julium
2934 4116 3354 4185 bowimanotb,
3397 4111 3683 4182 Augustum
3715 4112 3800 4192 arn-

2246 4213 2502 4282 manotb,
2525 4187 2922 4282 Septembrem
2950 4204 3351 4272 witemanoth,
3390 4187 3800 4282 Octobrem‘win-

2245 4279 2578 4370 demano-th,
2597 4279 2981 4355 Novembrem
2998 4290 3479 4358 berbistmauotb,
3503 4279 3797 4370 Decembrem

2246 4365 2827 4450 heilicmanbthtem
2840 4388 3075 4443 ventosi
3087 4381 3378 4454 2propriis
3392 4365 3798 4450 appellationibus

2249 4481 2572 4554 insignivit,
2595 4493 2726 4535 cum
2758 4475 2920 4548 prius
2933 4487 3046 4530 non
3069 4470 3320 4544 amplius
3335 4461 3594 4554 quamvis
3612 4458 3799 4554 quatuor

2249 4542 2865 4630 ventorum'vocab-ula
2887 4563 3121 4635 possent
3145 4542 3407 4616 inveniri.
3424 4555 3490 4611 Et
3504 4542 3796 4606 subsolanum

2247 4667 2482 4727 vocavit
2495 4662 2906 4732 osterwint,eu
2915 4673 3041 4715 rum
3062 4641 3794 4732 ostsundroni,euroaustrum

2250 4752 2650 4823 sundostroui,
2668 4716 2930 4808 austrum
2944 4716 3797 4823 sundroni,austroafricumsunt}:

2247 4843 2551 4914 westroni,
2569 4817 2814 4898 africum
2827 4833 3240 4894 westsundron
3251 4826 3572 4902 i,zephirum
3585 4817 3795 4914 tresue-ni

2247 4936 2490 4992 chorum
2503 4899 2956 4996 vvestnordroni,
2975 4925 3026 4982 ei
3036 4923 3217 4980 rcium
3231 4899 3794 4996 nordwestmutatamn

2251 5023 2500 5081 trionem
2539 5015 2839 5086 nordroni,
2876 4985 3206 5085 aquilonem
3245 4995 3607 5066 nordostroni,
3633 4985 3796 5086 vultur:

2251 5126 2384 5169 num
2399 5107 2638 5167 ostnord
2649 5105 2794 5162 roni.
2813 5065 2877 5144 -λ
2899 5065 3254 5172 ῐῖθὶὶεἱοιιθω
3267 5090 3632 5154 cbristianam,
3652 5065 3793 5172 qua

2253 5198 2490 5257 infantia
2526 5197 2715 5253 fuerat
2742 5164 3406 5260 imbutus,'sanctissime
3427 5182 3479 5235 et
3500 5164 3788 5260 eumeum???

2251 5246 2774 5362 iiiélaié'eéigmit,
2892 5246 3135 5350 propter
3158 5275 3264 5332 hoc
3283 5267 3530 5362 plurimae

2253 5338 2405 5435 diuis
2429 5371 2744 5446 basylieam
2769 5338 3116 5440 Aquisgrani
3141 5357 3423 5421 exstruxit
3447 5338 3790 5446 auroquﬁ

2252 5467 2430 5537 gento
2461 5467 2522 5518 et
2540 5415 2933 5517 luminaribus
2949 5415 3134 5525 atque
3156 5467 3229 5510 ex
3257 5461 3366 5508 aere
3399 5436 3567 5498 solido
3585 5415 3788 5537 camelli

2251 5515 2524 5624 thanuis
2565 5545 2888 5606 adornavit.
2943 5515 3218 5612 Ad-cujus
3263 5515 3788 5624 structuram}??th

2253 5593 2481 5700 lum-nas
2500 5640 2562 5695 et
2582 5646 2870 5692 marmora
2898 5593 3142 5690 aliunde
3156 5593 3362 5686 habere
3395 5628 3496 5676 non
3517 5603 3688 5686 posset.
3711 5593 3787 5649 Βο·
