3952 6310
180 278 319 345 853

1072 296 1513 365 CHRONICA.
1546 333 1626 348 —
1651 299 2127 365 CHRONICON
2177 307 2723 374 UNlVERSALE.

3486 314 3601 378 854

181 436 285 479 ma
321 432 501 502 atque
523 429 793 488 Ravenna
837 431 1173 496 devehenda
1216 440 1464 497 curavit.
1499 439 1841 499 Ecclesiam
1873 433 1933 497 A
1963 450 2293 520 correptus,
2354 446 2655 521 decubuit,
2717 448 3053 523 statimque,
3118 457 3177 509 ut
3238 450 3292 509 in
3344 452 3574 513 febribu

160 520 366 576 ’mane
397 525 456 576 et
486 537 751 596 vespere,
787 524 924 582 item
959 530 1266 587 nocturnis
1295 531 1457 587 horis
1492 537 1548 587 et
1566 532 1841 588 sacrificii

188 611 486 679 tempore,
524 613 716 683 quoad
749 613 1012 674 valitudo
1034 632 1163 675 eum
1197 620 1563 691 permiserat,
1597 620 1845 693 impigre

189 699 635 771 frequentabat,
653 705 1015 776 eurabatque
1032 722 1403 780 magnopere,
1423 714 1483 766 ut
1498 710 1687 766 omnia
1717 724 1844 781 quae

192 788 255 845 in
282 803 350 846 ea
385 791 745 859 gerebantur
772 808 901 850 cum
965 796 1208 854 maxima
1257 797 1459 853 fierent
1515 799 1842 868 honestate,

191 878 439 935 edituos
475 881 835 938 creberrime
861 898 1252 956 commonens,
1286 902 1357 944 ne
1389 887 1840 958 quidindecens,

194 971 299 1023 aut
328 969 632 1027 sordidum
678 971 770 1027 vel
790 972 989 1028 inferri
1012 975 1255 1032 velinea
1291 990 1588 1033 remanere
1610 977 1848 1048 permit-

198 1063 419 1115 terent.
453 1060 761 1116 Sacrorum
776 1075 1044 1119 vasorum
1064 1080 1133 1119 ex
1152 1080 1296 1120 auro
1318 1070 1376 1120 et
1407 1072 1650 1135 argento
1673 1066 1847 1123 vesti-

197 1152 652 1219 mentorumque
687 1150 1141 1209 saeerdotalium
1169 1157 1391 1209 tantam
1425 1154 1479 1209 in
1511 1168 1577 1210 ea
1621 1154 1845 1226 copiam

196 1237 545 1307 procuravit
581 1242 644 1294 ut
678 1238 731 1292 in
763 1239 1067 1296 sacrificiis
1098 1242 1465 1298 celebrandis
1490 1258 1558 1299 ne
1581 1242 1848 1313 janitori-

196 1323 311 1379 bus
344 1324 720 1395 quidem,qui
754 1326 942 1383 ultimi
977 1328 1202 1385 ordinis
1226 1330 1623 1402 sunt,privato
1642 1331 1843 1387 habitu

201 1412 543 1469 ministrare
572 1428 812 1471 necesse
847 1416 1072 1473 fuisset.
1114 1449 1183 1458 —
1222 1419 1469 1488 Legendi
1496 1423 1672 1489 atque
1697 1420 1848 1490 psal-

200 1500 363 1556 lendi
397 1501 765 1572 disciplinam
816 1504 1264 1574 diligentissime
1310 1508 1679 1573 emendavit;
1721 1513 1845 1563 erat

196 1590 356 1645 enim
383 1590 689 1661 utriusque
717 1591 1023 1650 admodum
1047 1596 1337 1663 eruditus,
1372 1612 1700 1668 quanquam
1724 1597 1847 1669 ipse

199 1692 317 1734 nec
347 1678 576 1750 publice
607 1678 848 1751 legeret,
881 1697 986 1739 nec
1016 1684 1122 1740 nisi
1172 1685 1479 1742 summisse
1501 1691 1561 1742 et
1610 1686 1665 1741 in
1695 1702 1849 1741 com-

1960 536 2209 607 solebat,
2234 537 2347 595 cibi
2381 537 2793 595 abstinentiam
2826 540 2936 596 sibi
2990 541 3221 613 indixit,
3285 543 3609 602 arbitratus

1961 626 2068 683 hac
2099 627 2462 684 continentia
2500 628 2763 686 morbum
2824 645 2995 701 posse
3028 630 3242 703 depelli
3311 633 3404 688 vel
3448 640 3610 691 certe

1960 715 2364 786 mitigari.Sed
2392 717 2709 774 accedente
2742 718 2812 774 ad
2847 719 3064 776 febrem
3123 720 3329 777 lateris
3383 720 3607 795 dolore,

1960 819 2131 876 quem
2156 806 2622 876 Grecipleurisin
2638 807 2864 879 dicunt,
2902 808 3119 880 illoque
3152 810 3605 869 adhucinediam

1962 895 2254 953 retinente
2280 910 2466 968 neque
2500 912 2717 969 corpus
2742 897 2914 954 aliter
2947 914 3116 970 quam
3150 901 3607 973 rarissimopotu

1962 989 2356 1055 sustentante,
2394 986 2644 1058 septimo
2661 992 2967 1059 postquam
2991 989 3404 1061 decubuitdie,
3440 1006 3607 1048 sacra

1958 1074 2364 1132 communione
2379 1080 2680 1148 percepta,
2703 1076 2976 1145 decessit,
2994 1092 3144 1134 anno
3158 1079 3351 1136 {etatis
3380 1079 3609 1137 suae‘720

1959 1166 2018 1217 et
2049 1177 2121 1219 ex
2152 1178 2266 1234 quo
2300 1178 2545 1233 regnare
2568 1168 2827 1236 cmperat
2862 1166 2946 1234 46,
2984 1165 3184 1222 indiet.
3219 1172 3251 1223 7
3284 1166 3442 1238 “3°,5
3475 1168 3597 1224 Kal.

1962 1251 2149 1321 Fcbr.,
2174 1252 2315 1307 hora
2346 1251 2458 1307 diei
2490 1253 2696 1309 tercia.
2716 1254 2893 1325 Cujus
2923 1269 3142 1326 corpus
3168 1270 3327 1311 more
3360 1256 3605 1313 solemni

1961 1340 2141 1396 lotum
2165 1344 2527 1411 eteuratum,
2547 1341 2795 1398 maximo
2811 1342 2999 1399 totius
3018 1343 3212 1414 populi
3233 1343 3393 1401 luctu
3411 1346 3609 1403 {cccle-

1961 1428 2064 1486 siae
2089 1427 2315 1484 illatum
2334 1434 2509 1500 atque
2530 1430 2828 1486 humatum
2860 1436 2974 1486 est.
3011 1431 3346 1489 Dubitatum
3388 1435 3608 1506 estpri-

1962 1532 2072 1587 mo,
2112 1517 2206 1573 ubi
2238 1517 2437 1589 reponi
2458 1517 2719 1587 deberet,
2742 1533 2811 1573 eo
2845 1520 2998 1589 quod
3035 1520 3159 1591 ipse
3210 1522 3375 1578 vivus
3398 1522 3467 1578 de
3499 1522 3606 1579 hoc

1962 1605 2138 1662 nichil
2153 1606 2792 1677 precepisset.Tandem
2808 1607 3059 1664 omnium
3076 1609 3608 1682 animissedit,nus-

1964 1708 2133 1763 quam
2154 1694 2460 1751 honestius
2479 1709 2607 1751 eum
2635 1694 3120 1766 tumulariposse,
3140 1712 3308 1766 quam
3344 1698 3479 1753 inea
3516 1700 3608 1756 ha-

204 1782 385 1823 mune
411 1774 690 1824 cantaret.
710 1769 1001 1838 (Monach.
1034 1774 1317 1845 Sanga”.
1345 1789 1382 1845 ι,
1418 1780 1468 1843 5,
1503 1777 1581 1845 7.)
1610 1774 1849 1831 Fuitau-
1879 1794 1935 1855 Β
1965 1782 2165 1854 sylica,
2209 1783 2517 1855 quamipse
2535 1788 2777 1855 propter
2792 1797 3044 1839 amorem
3064 1784 3159 1840 Dei
3186 1790 3241 1841 et
3268 1786 3483 1842 domini
3510 1803 3605 1843 no-

201 1858 327 1910 tem
362 1857 749 1927 consuetudo,
784 1862 844 1914 ut
872 1860 924 1914 in
954 1860 1205 1931 basylica
1230 1863 1357 1931 ejus
1381 1863 1660 1931 magister
1675 1864 1850 1920 scola)

202 1944 549 2014 designaret
585 1945 773 2016 pridie
807 1947 1071 2017 singulis,
1103 1951 1253 2020 quod
1273 1952 1706 2023 responsorium
1732 1952 1854 2008 suis

199 2038 448 2090 cantare
471 2033 716 2090 deberet
750 2035 804 2090 in
841 2039 1333 2101 nocte;lectiones
1363 2054 1503 2095 vero
1527 2039 1853 2097 nulluscui-

202 2136 380 2192 quam
415 2122 750 2180 recitandas
779 2124 1050 2193 injunxit,
1084 2126 1278 2183 nullus
1311 2127 1383 2183 ad
1418 2128 1729 2184 terminum
1762 2129 1851 2184 vel

199 2225 400 2266 ceram
437 2210 734 2281 imposuit,
770 2212 859 2269 vel
892 2214 1184 2283 unguibus
1233 2215 1436 2271 saltem
1486 2216 1854 2287 quantulum-

201 2314 457 2371 cumque
490 2301 717 2370 signum
748 2301 1052 2373 impressit
1084 2320 1097 2369 ;
1128 2305 1230 2360 sed
1280 2306 1475 2361 cuncti
1517 2306 1704 2361 omnia
1724 2321 1851 2376 quze

200 2387 455 2459 legenda
487 2393 653 2445 erant
714 2389 793 2446 ita
824 2391 937 2446 sibi
987 2396 1124 2448 nota
1184 2393 1374 2449 facere
1431 2401 1733 2457 curarunt,
1788 2399 1852 2450 ut

201 2476 441 2547 quando
482 2477 780 2548 inopinate
812 2479 1396 2551 legerejuberentur,
1430 2483 1852 2552 irreprehcnsi-

202 2564 360 2621 biles
391 2565 543 2636 apud
558 2581 688 2623 eum
715 2567 1137 2624 invenirentur.
1156 2569 1345 2638 Digito
1359 2575 1551 2626 autem
1576 2569 1665 2624 vel
1684 2571 1854 2626 hacn-

202 2652 263 2707 lo
289 2655 672 2724 porrectovel
694 2654 967 2712 exlatere
989 2671 1097 2713 suo
1116 2657 1185 2713 ad
1210 2657 1416 2727 procul
1452 2657 1727 2714 sedentes
1753 2658 1853 2712 ali-

203 2755 323 2811 quo
352 2741 1219 2814 directo,demonstravitquem
1237 2745 1431 2814 legere
1445 2746 1747 2801 voluisset.
1767 2746 1852 2800 Fi-

203 2843 336 2884 nem
353 2844 493 2885 vero
509 2829 781 2888 lectionis
795 2847 938 2888 sono
950 2833 1213 2902 gutturis
1228 2833 1576 2903 designavit;
1594 2834 1663 2889 ad
1682 2848 1849 2904 quem

205 2917 469 2974 universi
494 2918 571 2974 ita
598 2918 821 2976 intente
850 2921 1115 2992 suspensi
1151 2925 1380 2991 sunt,ut
1403 2921 1525 2977 sive
1552 2921 1708 2977 ﬁnita
1725 2937 1852 2977 sen-

204 3006 414 3076 tentia,
454 3006 575 3063 sive
598 3007 653 3062 in
685 3008 873 3064 media
911 3008 1308 3079 distinctione,
1355 3010 1476 3066 sive
1528 3009 1851 3066 subdistin-

200 3095 401 3149 ctione
434 3094 811 3166 significaret,
846 3096 1043 3153 nullus
1072 3112 1325 3168 sequens
1348 3098 1623 3167 superius
1654 3098 1851 3154 autin-

205 3182 312 3237 feri
325 3197 392 3238 us
422 3181 678 3253 incipere
702 3187 1629 3256 presumeret,quantumcumque
1652 3184 1850 3242 incon-

200 3283 350 3339 grua
384 3266 513 3324 finis
552 3272 653 3324 aut
715 3268 949 3326 iniclum
997 3270 1460 3337 viderentur;et
1517 3272 1625 3327 hoc
1676 3273 1848 3329 modo

205 3359 428 3413 factum
459 3361 571 3425 est,
607 3361 669 3413 ut
701 3357 876 3413 etiam
908 3359 954 3415 si
989 3374 1101 3415 non
1129 3360 1544 3430 intelligerent,
1576 3362 1846 3418 omnesin

203 3446 337 3515 ejus
371 3444 587 3517 palatio
602 3445 857 3503 lectores
872 3447 1074 3517 Optimi
1094 3446 1360 3503 fuissent.
1378 3447 1584 3504 Nullus
1600 3448 1843 3519 alienus,

205 3534 408 3589 nullus
436 3533 609 3589 etiam
669 3548 873 3603 novus,
929 3535 1035 3592 nisi
1061 3534 1253 3605 legere
1285 3536 1477 3593 sciens
1506 3542 1560 3591 et
1614 3552 1844 3607 canere,

204 3622 453 3678 chorum
484 3623 612 3692 ejus
642 3636 821 3678 ausus
837 3628 927 3677 est
953 3623 1194 3679 intrare.

282 3711 763 3766 Extremo‘vero
814 3716 1075 3781 tempore
1129 3727 1259 3768 cum
1303 3712 1417 3781 jam
1451 3717 1506 3768 et
1558 3714 1761 3771 morbo
1792 3720 1851 3771 et

204 3802 515 3855 senectute
549 3802 931 3870 premeretur,
957 3804 1260 3856 evocatum
1284 3801 1353 3856 ad
1386 3816 1449 3857 se
1482 3802 1598 3859 Lud
1638 3802 1850 3859 wicum

206 3887 394 3943 filium
429 3902 594 3943 suum
628 3887 953 3958 Aquitaniae
1011 3902 1228 3959 regem,
1283 3890 1377 3960 qui
1411 3888 1569 3947 solus
1603 3889 1850 3945 filiorum

202 3974 565 4043 Hildigardaa
582 3974 798 4045 reginae
816 3980 1143 4047 supererat,
1170 3978 1539 4048 congregatis
1560 3978 1855 4035 sollemni-

201 4068 300 4119 ter
335 4062 406 4118 de
429 4066 553 4119 toto
566 4064 915 4119 Francorum
937 4079 1117 4134 regno
1137 4064 1690 4135 primoribus(EINn.
1723 4067 1855 4124 Vita

200 4152 363 4209 Καθ’.
376 4154 414 4221 ),
445 4156 791 4207 cunctorum
806 4151 1052 4208 consilio
1067 4157 1402 4208 consortem
1438 4153 1546 4209 sibi
1566 4153 1751 4210 totius
1766 4170 1854 4209 re-

198 4240 305 4312 gni
332 4244 393 4295 et
421 4239 738 4312 imperialis
765 4240 1011 4296 nominis
1025 4239 1296 4296 heredem
1310 4241 1619 4297 constituit
1644 4260 1657 4308 ;
1677 4242 1746 4296 im
1758 4260 1855 4315 po-

206 4330 448 4399 sitoque
471 4328 651 4400 capiti
692 4328 817 4399 ejus
837 4328 1184 4394 diademate,
1225 4330 1632 4400 imperatorem
1666 4337 1720 4385 et
1763 4346 1854 4386 au-

204 4421 449 4488 gustum
475 4417 1326 4489 jussitappellari.Susceptum
1341 4423 1429 4473 est
1445 4418 1549 4473 hoc
1584 4418 1710 4488 ejus
1725 4437 1830 4474 con

1878 3143 1930 3207 C

1965 1870 2075 1926 stri
2096 1870 2274 1927 Jhesu
2298 1870 2533 1941 Christi,
2561 1878 2618 1927 et
2651 1871 2724 1926 ob
2757 1885 3007 1927 amorem
3033 1879 3246 1930 sancta:
3285 1879 3343 1929 et
3368 1881 3603 1933 aeterna)

1964 1959 2208 2029 virginis
2266 1960 2571 2029 genitricis
2602 1960 2747 2030 ejus,
2784 1960 3271 2033 propriosumptu
3299 1963 3352 2018 in
3404 1963 3604 2019 eodem

1965 2045 2092 2102 vico
2116 2048 2467 2104 construxit.
2504 2050 2563 2103 ln
2600 2048 2703 2104 hac
2735 2047 3003 2119 sepultus
3030 2053 3122 2105 est
3153 2050 3353 2106 eadem
3386 2051 3478 2107 die
3494 2067 3604 2123 qua

1963 2135 2276 2191 defunctus
2298 2142 2706 2207 est,arcusque
2729 2151 2903 2207 supra
2967 2136 3251 2193 tumulum
3285 2138 3605 2196 deauratus

1963 2228 2093 2270 cum
2128 2214 2373 2284 imagine
2405 2221 2465 2270 et
2494 2214 2671 2271 titulo
2718 2218 3058 2271 exstructus
3114 2220 3225 2272 est.
3263 2217 3368 2284 Qui
3402 2218 3607 2275 titulus

1963 2301 2071 2358 hoc
2102 2303 2270 2359 modo
2285 2303 2745 2374 descriptusest:
2774 2303 3026 2361 Subitoc
3062 2305 3388 2363 conditorio
3424 2308 3607 2363 situm

1962 2390 2271 2462 estcorpus
2286 2391 2346 2446 Κ
2345 2390 2503 2447 aroli
2509 2390 2717 2461 magni
2731 2390 2913 2461 atque
2950 2392 3266 2449 orthodoxi
3295 2395 3608 2464 imperato-

1957 2479 2071 2545 ris,
2104 2479 2210 2550 qui
2235 2494 2486 2551 regnum
2512 2480 2879 2537 Francorum
2899 2480 3177 2538 nobiliter
3209 2481 3535 2553 ampl-iacit
3552 2484 3611 2540 et

1949 2580 2065 2638 per
2096 2580 2285 2624 annos
2315 2570 2382 2623 46
2397 2567 2676 2638 feliciter
2701 2568 2885 2624 rexit.

2104 2656 2126 2678 ⁶
2166 2655 2492 2731 Κραγθίιξ
2551 2655 2706 2711 Idem
2792 2670 2932 2712 vero
2981 2656 3301 2728 imperator
3330 2673 3459 2715 cum
3488 2659 3603 2731 jam

2192 2725 2413 2796 morbo,
2434 2726 2538 2783 etc.

1960 2887 1991 2937 5
2123 2813 2452 2942 διεέιὲὴεηυε
2481 2812 2572 2847 ίίδί
2604 2827 2747 2885 papa
2779 2814 2907 2870 94ιι⁸
2926 2814 3077 2869 sedit
3114 2828 3294 2871 annos
3314 2820 3605 2885 3,menses

1997 2925 2011 2942 .
2086 2898 2173 2940 res
2280 2926 2291 2938 .

1997 2925 2011 2952 ,
2046 2898 2173 2940 dies
2204 2898 2291 2942 2:5.

2139 2972 2160 2995 ‘
2202 2973 2264 3027 D.
2300 2973 2361 3027 E.
2396 2972 2661 3030 addunt:
2694 2972 2875 3027 Rome
2895 2970 3077 3027 Paulo
3098 3003 3155 3012 —
3178 2973 3602 3032 seandalo.lioc

2232 3057 2333 3124 per
2355 3043 2540 3129 zelum
2571 3074 2639 3083 —
2662 3042 2913 3129 privato,
2931 3042 3231 3129 etpost28:
3254 3043 3351 3129 Hic
3378 3050 3495 3129 tam
3526 3078 3594 3129 —:

2227 3114 2910 3184 crisma,Venerationem
2930 3127 2975 3167 s.
2998 3114 3032 3167 i.
3049 3129 3099 3170 c.
3117 3126 3167 3170 e.
3186 3129 3241 3185 p.
3260 3128 3310 3170 a.
3328 3127 3404 3172 ea:
3418 3116 3603 3189 Sigeo

2234 3196 2297 3240 α.
2336 3187 2439 3241 767
2471 3184 2530 3241 et
2555 3187 2676 3240 768.

2102 3271 2246 3326 Anni
2395 3273 2561 3329 Anni.

1960 3358 2345 3415 Constantini.
2380 3358 2589 3415 Karoli.

2098 3450 2168 3503 98
2424 3452 2472 3503 1.
2660 3450 2821 3503 Anno
2854 3446 3159 3504 dominicae
3184 3446 3605 3507 incarnationis

1959 3538 2083 3605 769,
2103 3534 2618 3606 KarolusMagnus,
2637 3534 2867 3607 Pippini
2914 3534 3091 3604 filius,
3129 3535 3318 3591 diviso
3338 3540 3471 3607 post
3514 3552 3610 3609 pa-

1962 3631 2109 3679 trem
2127 3624 2673 3693 regno,eumfratre
2700 3622 2795 3687 (cf.
2818 3622 2960 3679 0hr.
2990 3623 3097 3695 W.)
3128 3622 3609 3681 Karlomannore-

1961 3726 2141 3783 gnare
2161 3712 2359 3782 coepit,
2388 3716 2444 3767 et
2478 3714 2545 3767 46
2568 3710 2831 3779 regnavit
2863 3710 3051 3779 annis,
3113 3710 3305 3767 tribus
3333 3728 3462 3767 cum
3499 3714 3608 3768 fra-

1963 3805 2075 3869 tre,
2099 3798 2342 3856 Lasolus
2366 3804 2567 3870 postea
2593 3799 2951 3868 (EmuAnn.)
2994 3796 3171 3866 Cujus
3212 3812 3361 3853 anno
3419 3799 3606 3871 primo

1966 3888 2267 3945 Hunoldus
2284 3887 2515 3957 quidam
2537 3884 2923 3956 Aquitaniam,
2949 3899 3078 3955 quae
3095 3884 3149 3939 in
3167 3890 3384 3941 sortem
3410 3888 3603 3943 Karoli

1964 3974 2490 4044 cesserat,invasit,
2511 3982 2566 4029 et
2587 3971 3029 4044 provincialium
3062 3972 3282 4029 animos
3321 3974 3391 4029 ad
3414 3975 3610 4031 conci-

1966 4063 2139 4121 tanda
2158 4077 2306 4119 nova
2324 4062 2606 4131 excitans,
2630 4059 2866 4131 bellum,
2883 4060 3037 4132 quod
3062 4063 3229 4132 pater
3272 4061 3400 4131 ejus
3420 4063 3609 4135 Pippi-

1966 4168 2074 4209 nus
2093 4152 2287 4209 occiso
2304 4150 2578 4207 Waifario
2595 4164 3036 4206 consummasse
3058 4150 3221 4206 visus
3245 4155 3353 4221 est,
3367 4166 3610 4208 renova-

1964 4241 2289 4297 vit.Contra
2313 4253 2480 4311 quem
2496 4237 2744 4295 Karolus
2756 4238 3078 4310 profectus,
3119 4239 3607 4297 fratrisauxilium

1968 4328 2288 4401 postulavit
2324 4326 2927 4399 ;sedimpedientibus
2948 4325 3115 4382 malis
3148 4327 3615 4399 hominibus,ha-

1969 4418 2107 4473 bere
2139 4430 2248 4472 non
2272 4415 2483 4488 potuit;
2508 4413 2801 4486 colloquio
2819 4417 3011 4469 tamen
3033 4429 3163 4470 cum
3188 4429 3257 4472 eo
3292 4417 3513 4488 habito,
3540 4414 3610 4473 ad

205 4506 409 4562 silium
434 4506 506 4562 ab
537 4506 807 4562 omnibus
834 4505 1191 4577 quiaderant
1219 4522 1348 4563 cum
1382 4520 1587 4576 magno
1624 4507 1849 4574 favore;
1880 4497 1935 4557 D
1968 4504 2433 4579 persequendum
2459 4503 2785 4562 Hunoldum
2822 4504 3118 4574 profectus
3142 4509 3508 4575 est,eumque
3542 4506 3614 4561 ad

206 4610 343 4651 nam
376 4594 723 4652 divinitusei
750 4598 993 4665 propter
1021 4595 1179 4663 regni
1200 4594 1514 4651 utilitatem
1540 4595 1850 4651 videbatur

211 4684 562 4755 inspiratum
591 4699 606 4745 ;
632 4682 911 4753 auxitque
943 4683 1305 4753 maiestatem
1329 4684 1457 4754 ejus
1487 4684 1592 4739 hoc
1611 4685 1844 4745 factum.

202 4779 262 4831 et
287 4772 507 4829 exteris
523 4770 859 4827 nationibus
874 4786 984 4827 non
1001 4772 1294 4827 minimum
1320 4772 1566 4827 terroris
1582 4773 1844 4829 incussit.

214 4894 263 4903 —
302 4861 550 4917 Dimisso
573 4857 784 4916 deinde
822 4859 877 4914 in
927 4860 1292 4930 Aquitaniam
1355 4860 1490 4929 filio,
1534 4861 1659 4931 ipse
1690 4877 1849 4918 more

208 4949 411 5019 solito,
448 4946 714 5020 quamvis
742 4952 1044 5003 senectute
1073 4949 1396 5017 confectus,
1449 4963 1556 5005 non
1618 4948 1786 5019 longe
1819 4968 1846 5006 ει

208 5038 367 5108 regia
400 5040 579 5106 Aquae
603 5034 715 5089 nisi
747 5038 1016 5091 venatum
1069 5035 1479 5107 proficiscitur,
1520 5041 1849 5108 exactoque

204 5133 262 5184 in
281 5123 685 5198 hujuscemodi
701 5124 933 5190 negotio
946 5124 1099 5195 quod
1115 5125 1400 5195 reliquum
1416 5130 1545 5182 erat
1560 5127 1842 5197 autumni,

199 5218 355 5275 circa
401 5211 697 5271 Kalendas
751 5213 1027 5269 Novemb.
1086 5213 1449 5283 Aquasgrani
1507 5215 1845 5271 revertitur.

201 5309 468 5377 Cumque
503 5300 587 5358 ibi
621 5298 923 5372 hiemaret,
959 5302 1443 5359 menselanuario
1476 5302 1635 5359 febre
1659 5302 1850 5359 valida

1963 4596 2187 4666 Lupum
2199 4593 2523 4651 Wasconize
2544 4592 2748 4649 ducem
2766 4590 3069 4660 fugitivum
3096 4591 3269 4647 missa
3295 4591 3609 4662 legatione,

1971 4682 2194 4754 recepit
2218 4697 2348 4739 eum
2373 4694 2556 4738 uxore
2579 4694 2703 4747 sua,
2730 4679 2973 4750 ipsoque
2994 4677 3149 4748 Lupo
3164 4693 3295 4734 cum
3334 4682 3459 4734 tota
3486 4681 3614 4736 Wa-

1972 4771 2168 4829 sconia
2191 4769 2648 4836 sibiobediente,
2685 4780 2989 4835 regressus
3021 4769 3142 4820 est.

2040 4865 2125 4916 29.
2160 4864 2211 4915 2.
2249 4862 2314 4914 A.
2346 4859 2407 4913 D.
2429 4861 2551 4913 770.
2589 4853 2837 4909 Karolus
2896 4868 2996 4907 rex
3036 4852 3239 4909 habuit
3282 4853 3615 4923 generalem

1969 4951 2320 5005 conventum
2370 4945 2427 4999 in
2450 4942 2777 4999 Wormacia
2809 4939 3072 4996 civitate.
3108 4940 3437 4997 Berthrada
3453 4956 3613 5013 vero,

1971 5040 2160 5093 mater
2203 5047 2423 5103 regum,
2473 5045 2603 5087 cum
2650 5028 3038 5084 Karlomanno
3071 5027 3163 5062 11³⁸
3214 5029 3437 5087 minore
3496 5031 3614 5089 filio

1971 5124 2124 5196 apud
2157 5122 2447 5178 Salussam
2479 5119 2693 5186 locata,
2723 5116 2883 5189 pacis
2910 5129 3082 5172 causa
3142 5116 3199 5173 in
3229 5117 3452 5175 Italiam
3486 5135 3619 5192 pro-

1970 5211 2278 5278 ficiscitur,
2306 5212 2662 5279 peractoque
2684 5203 2920 5275 negotio
2942 5219 3046 5275 pro
3072 5218 3185 5277 quo
3208 5206 3622 5278 ibat,adoratis

1967 5301 2141 5357 etiam
2162 5300 2357 5355 Romae
2380 5299 2716 5353 sanctorum
2738 5293 3143 5367 apostolorum
3186 5295 3509 5369 liminibus,
3544 5302 3617 5358 ad

1571 5428 1807 5483 VARUE
1849 5422 2247 5482 LECTIONES.

270 5528 367 5565 “3°
400 5522 618 5583 lndict.
652 5526 703 5577 7.
738 5522 938 5579 eadem
963 5539 1151 5582 manu
1170 5524 1577 5595 superscripta
1606 5524 1761 5583 sunt.
1802 5529 1848 5579 1.
1912 5521 2001 5556 ¹¹³¹
2030 5521 2363 5593 Stephanus
2412 5548 2481 5558 —
2507 5520 2595 5573 28.
2642 5517 2786 5589 post
2826 5516 2965 5574 add.
3038 5522 3089 5574 1.
3149 5517 3238 5552 1m
3296 5518 3624 5576 Kalrloman

191 5607 374 5662 no.1.
