3952 6312
92 382 223 451 85⁵7

130 518 297 578 Anni
436 518 584 579 Anni

89 609 347 669 Leonis.
405 610 604 668 Karoli

202 704 259 755 1.
475 703 533 754 8.
690 697 875 772 (Emn.
931 699 1103 772 Ann.)
1153 698 1346 755 Primo
1394 702 1587 757 autem
1639 713 1788 755 anno

94 787 349 858 Leonis,
383 788 489 858 qui
514 792 602 843 est
626 793 868 845 octavus
897 788 1112 857 Karoli,
1145 788 1455 844 nunciatur
1475 788 1660 844 eidem
1685 789 1789 843 Ka-

98 877 254 945 rolo,
320 877 751 947 Ruotgaudum
794 875 883 909 “3‘
929 877 1389 946 Longobardum,
1442 892 1609 947 quem
1660 877 1787 948 ipse

98 964 641 1035 Forojuliensibus
672 965 876 1021 ducem
909 964 1171 1031 dederat,
1203 979 1382 1021 novas
1411 979 1505 1020 res
1536 965 1590 1020 in
1622 965 1784 1020 Italia

101 1055 424 1123 meditari,
463 1060 521 1111 et
552 1055 884 1125 complures
909 1055 1184 1110 civitates
1216 1056 1285 1111 ad
1317 1070 1447 1110 eum
1478 1055 1781 1111 defecisse.

100 1143 228 1210 Quo
262 1144 491 1200 statim
516 1143 789 1213 tendens,
814 1144 1217 1213 Ruotgaudum
1244 1143 1558 1212 interfecit,
1586 1142 1788 1198 civita-

101 1238 192 1288 tes
217 1248 361 1302 quae
388 1248 421 1287 a
454 1247 520 1288 se
543 1232 880 1288 defecerant
906 1233 1148 1304 recepit,
1183 1232 1586 1302 impositisque
1618 1233 1788 1286 Fran-

102 1335 313 1377 corum
353 1320 670 1393 presidiis,
708 1320 903 1390 rediit,
939 1320 998 1376 et
1031 1321 1226 1376 statim
1257 1321 1497 1376 audiens
1527 1320 1786 1376 Saxones

106 1409 473 1480 rebellasse,
509 1409 650 1465 illuc
686 1409 965 1475 tetendit;
999 1410 1101 1465 sed
1138 1409 1436 1463 inveniens
1463 1424 1563 1464 eos
1596 1408 1785 1464 denuo

106 1496 447 1568 supplices,
472 1498 699 1553 veniam
719 1496 902 1567 dedit,
922 1496 1349 1569 baptizatisque
1369 1497 1463 1567 qui
1487 1496 1782 1565 volebant,

107 1591 163 1641 et
188 1586 520 1642 obsidibus
543 1585 824 1657 acceptis,
850 1585 1060 1642 iterum
1083 1584 1135 1639 in
1160 1585 1456 1640 Franciam
1483 1600 1787 1654 regressus

110 1678 199 1729 est
219 1715 232 1727 .

180 1767 242 1817 2.
280 1767 334 1818 9.
374 1765 440 1818 A.
482 1763 548 1817 Ι).
584 1767 708 1818 777.
757 1760 1001 1817 Karolus
1043 1776 1165 1832 rex,
1210 1761 1408 1817 habito
1449 1760 1697 1818 concilio
1732 1760 1786 1815 in

108 1849 243 1906 loco
269 1851 370 1920 qui
400 1850 830 1907 Paderhrunno
858 1854 1122 1920 vocatur,
1144 1851 1354 1906 iterum
1377 1849 1682 1905 Saxoniam
1708 1848 1791 1904 in-
1820 1882 1872 1941 Β

111 1939 314 2009 travit,
351 1954 686 2010 omnesque
718 1938 1009 1995 fallaciter
1037 1939 1282 1996 devotos
1306 1939 1543 1995 invenit.
1581 1940 1789 2001 Cuncti

113 2027 328 2099 quippe
354 2028 433 2083 ad
459 2043 596 2084 eum
629 2032 909 2084 venerunt
943 2032 1145 2098 preter
1179 2027 1575 2097 Witikindum,
1616 2042 1791 2083 unum

115 2129 184 2170 ex
203 2115 583 2186 primoribus
601 2115 1035 2184 Westfalorum,
1060 2116 1157 2186 qui
1177 2116 1494 2172 multorum
1520 2116 1633 2173 sibi
1658 2129 1796 2171 con-

121 2203 274 2260 scius
302 2204 665 2273 facinorum,
693 2219 887 2274 regem
910 2204 1105 2260 timuit
1128 2208 1184 2259 et
1211 2204 1281 2260 ad
1307 2204 1661 2274 Sigefridum
1692 2207 1798 2262 Da-

116 2306 316 2347 norum
344 2307 559 2361 regem
585 2308 713 2347 cum
740 2292 943 2363 paucis
975 2292 1251 2364 profugit.
1287 2292 1478 2348 Ceteri
1502 2293 1600 2362 qui
1623 2308 1794 2349 vene-

122 2383 246 2433 rant
268 2380 325 2435 in
356 2384 596 2435 tantum
622 2394 684 2435 se
711 2380 864 2450 regis
887 2381 1170 2451 potestati
1198 2381 1603 2452 permiseram,
1631 2386 1693 2438 ut
1717 2396 1783 2437 ea

116 2466 455 2523 conditione
481 2468 713 2525 veniam
735 2473 876 2525 tunc
901 2473 1288 2537 mererentur,
1310 2469 1605 2540 quatinus,
1634 2470 1678 2526 si
1706 2470 1793 2527 ul-

137 2556 317 2612 terius
340 2571 448 2613 sua
477 2559 715 2613 statuta
746 2557 1053 2628 violarent,
1090 2558 1274 2630 patria
1297 2562 1353 2614 et
1376 2558 1648 2615 libertate
1682 2558 1791 2639 pri,

118 2650 411 2701 vareatur.
518 2646 816 2717 Baptizala
842 2652 928 2701 est
956 2651 1145 2703 autem
1172 2653 1230 2703 et
1253 2647 1568 2704 multitudo
1596 2662 1799 2718 magna

129 2748 250 2803 quae
274 2749 355 2803 se,
383 2734 531 2790 licet
556 2733 721 2804 falsa,
749 2734 1126 2791 christiauam
1161 2736 1280 2791 fore
1312 2736 1680 2807 promiserat.

191 2825 237 2875 3.
270 2826 353 2877 10.
384 2826 451 2877 Α.
482 2824 553 2877 D.
579 2825 700 2878 778.
739 2822 988 2880 Karolus
1014 2838 1116 2880 rex
1147 2829 1347 2895 partes
1392 2823 1682 2896 Hispania:
1715 2841 1782 2897 pe

133 2914 275 2980 tens,
310 2911 604 2980 quasdam
637 2912 811 2967 urbes
841 2911 1096 2982 subegit,
1123 2912 1359 2969 obsides
1386 2928 1415 2969 a
1449 2914 1789 2970 Sarraeenis

132 2999 384 3070 accepit;
410 3000 520 3055 sed
550 3000 601 3055 in
628 3014 900 3070 regressu
928 3000 1129 3057 fraude
1145 3002 1495 3058 Waseonum
1521 3002 1786 3073 plerique

131 3085 441 3143 aulicorum
464 3103 575 3160 per
594 3088 833 3145 insidias
855 3088 1152 3145 interfecti
1194 3094 1348 3146 sunt.
1376 3091 1602 3148 Interea
1623 3091 1795 3149 Saxo-

135 3187 224 3229 nes
251 3180 568 3247 comperto
599 3177 752 3247 quod
788 3182 902 3233 tam
933 3176 1103 3247 longe
1132 3179 1507 3251 recessisset,
1542 3181 1793 3252 sumptis

136 3262 319 3333 armis,
339 3264 612 3320 Rhenum
633 3278 819 3334 usque
839 3264 1086 3335 profecti
1108 3268 1243 3321 sunt
1265 3267 1395 3332 ;sed
1415 3234 1547 3324 cuin
1568 3234 1792 3324 amnem
1824 3234 1873 3297 Ο

140 3350 377 3407 transire
410 3366 533 3408 non
571 3357 832 3423 possent,
866 3352 1143 3423 quiequid
1166 3368 1195 3410 a
1219 3354 1414 3412 Tuicio
1436 3356 1677 3413 civitate
1702 3371 1795 3414 us-

148 3449 248 3505 que
273 3439 340 3495 ad
368 3439 617 3497 ﬂuvium
646 3439 936 3497 Mosellam
965 3442 1225 3499 vicorum
1254 3442 1641 3516 villarumque
1665 3446 1790 3504 fuit,

143 3525 291 3582 ferro
313 3533 368 3583 et
395 3528 523 3599 igni
546 3529 811 3600 populati
836 3534 1002 3595 sunt;
1036 3530 1256 3588 nullum
1280 3531 1591 3590 discrimen
1622 3548 1794 3591 sexus

149 3619 239 3669 aut
267 3618 460 3674 astatis
497 3618 586 3673 ira
619 3618 806 3675 hostis
835 3620 1074 3690 fecerat,
1112 3623 1171 3676 ut
1205 3620 1429 3692 liquido
1456 3627 1791 3694 appareret,

150 3714 241 3758 eos
259 3718 366 3761 non
390 3705 701 3779 predandi,
730 3707 831 3763 sed
857 3707 1178 3765 ulciscendi
1202 3724 1263 3765 se
1284 3710 1473 3780 gratia
1508 3711 1792 3769 terminos

147 3788 480 3851 Francorum
510 3795 805 3850 introisse.
835 3795 1002 3862 Quod
1027 3811 1158 3853 cum
1177 3811 1282 3853 rex
1301 3798 1678 3855 Autisiodoro
1697 3814 1796 3871 po-

148 3875 282 3935 situs
311 3883 596 3952 audisset,
629 3883 949 3940 orientales
976 3885 1231 3943 Francos
1256 3889 1315 3942 et
1339 3885 1686 3945 Alamannos
1723 3887 1793 3943 ad

156 3968 577 4038 propulsandos
608 3986 711 4028 eos
740 3972 1018 4030 continuo
1057 3974 1230 4030 misit.
1284 3974 1538 4041 Quorum
1584 3976 1796 4033 adven-

152 4058 264 4110 tum
297 4059 556 4116 Saxones
590 4061 915 4131 audientes,
948 4066 1351 4130 recesserunt;
1384 4065 1484 4121 sed
1517 4064 1602 4120 illi
1632 4079 1734 4122 eos
1763 4080 1795 4122 e

152 4144 383 4214 vestigio
416 4149 632 4219 secuti,
679 4148 1024 4206 invenerunt
1058 4165 1160 4207 eos
1194 4150 1249 4206 in
1286 4151 1555 4223 partibus
1585 4154 1795 4209 Hasso-

150 4244 259 4287 rum
280 4250 452 4308 super
477 4238 717 4295 fluvium
748 4238 1070 4314 Adernam;
1104 4241 1426 4311 statimque
1455 4241 1511 4297 in
1536 4241 1661 4314 ipso
1696 4243 1796 4300 ilu-

151 4320 304 4379 minis
332 4327 481 4383 vado
515 4321 654 4384 illos
692 4326 908 4395 adorti,
956 4332 1115 4385 tanta
1149 4330 1293 4386 cede
1325 4336 1686 4401 straverunt,
1731 4335 1793 4389 ut

150 4420 209 4463 ex
236 4409 453 4481 ingenti
485 4413 863 4473 multitudine
895 4417 988 4474 vix
1018 4417 1187 4489 pauci
1229 4417 1535 4474 redierint.
1770 4462 1776 4469 .

232 4501 277 4554 4.
313 4505 396 4556 11.
431 4504 496 4558 Α.
538 4505 599 4559 D.
633 4508 755 4561 779.
791 4505 960 4561 Venit
991 4506 1062 4563 ad
1096 4505 1363 4562 Karolum
1395 4505 1798 4565 Hiltibrandus

1028 382 1466 451 CHRONICA.
1501 421 1575 435 -
1606 382 2085 453 CHRONICON
2126 382 2677 454 UNIVERSALE.

1818 522 1875 585 A
1976 528 2025 580 5.
2063 528 2145 582 12.
2181 526 2243 581 A.
2278 526 2342 582 D.
2373 528 2498 582 780.
2542 519 2752 579 Karolo
2791 516 3092 577 Saxoniam
3132 515 3387 574 venienti
3427 529 3546 573 om-

3427 374 3547 443 858

1903 627 2007 669 nes
2030 613 2397 671 orientalium
2424 612 2674 685 partium
2695 612 2953 666 Saxones
2971 608 3378 675 occurrerunt,
3403 603 3546 661 mul-

1902 702 2061 773 tique
2081 706 2151 759 de
2172 702 2387 775 pepulo
2407 702 2688 774 baptizati
2714 704 2846 756 sunt
2865 719 2879 763 ,-
2903 697 3255 765 veniensque
3278 695 3332 748 in
3358 692 3544 749 locum

1900 792 1997 847 ubi
2032 793 2180 848 liora
2211 797 2268 848 et
2302 792 2465 848 Albia
2497 784 2819 858 cenlluunt,
2855 780 3144 843 ordinavit
3180 798 3275 841 res
3308 788 3421 838 tam
3454 780 3548 836 Sa-

1898 896 2107 937 xonum
2133 896 2302 951 quam
2329 880 2695 946 Sclavorum;
2733 889 3119 945 reversusque
3147 873 3197 928 in
3227 870 3541 928 Franciam.

1898 968 2099 1025 habito
2127 969 2396 1039 consilio,
2430 971 2666 1023 Romam
2697 980 2872 1022 causa
2904 962 3186 1019 orationis
3209 975 3338 1015 cum
3364 972 3548 1015 uxore

1897 1072 2000 1113 sua
2036 1057 2355 1127 Hiltigarda
2388 1061 2444 1112 et
2478 1056 2683 1111 liberis
2718 1054 2995 1126 perrexit,
3023 1057 3078 1107 et
3108 1048 3299 1105 natale
3328 1046 3545 1103 domini

1896 1146 2087 1216 Papiae
2118 1146 2467 1201 celebravit.
2507 1178 2574 1185 —
2610 1146 2717 1198 Leo
2757 1143 3073 1213 imperator
3104 1139 3280 1194 obiit.

1968 1236 2069 1306 (H.
2096 1249 2171 1290 φη.
2201 1234 2332 1290 coll.
2361 1235 2523 1289 Emu.
2562 1233 2695 1290 Vita
2716 1248 2767 1286 c.
2802 1232 2907 1299 19.)
2942 1232 3101 1283 Anno
3130 1224 3433 1281 dominica:
3465 1222 3547 1276 in-

1894 1323 2252 1379 carnationis
2270 1327 2396 1392 78!,
2413 1323 2586 1379 Urbis
2601 1326 2793 1377 autem
2817 1318 3066 1375 condita)
3092 1313 3396 1370 millesimo
3416 1316 3541 1378 53‘),

1899 1412 2333 1479 Constantinus,
2381 1410 2536 1467 filius
2576 1410 2800 1475 Leonis,
2836 1411 2932 1462 72°
2974 1406 3101 1459 loco
3148 1404 3218 1459 ab
3262 1403 3542 1470 Augusto,

1898 1515 2026 1555 cum
2062 1505 2246 1555 matre
2280 1515 2381 1556 sua
2418 1503 2643 1571 llyrcne
2678 1511 2916 1566 regnum
2952 1492 3232 1563 suscepit,
3269 1494 3323 1545 et
3363 1502 3545 1543 annos

1904 1593 1964 1644 l7
1997 1590 2280 1657 regnavit.
2316 1589 2455 1644 lluic
2492 1587 2605 1642 filia
2640 1584 2829 1641 Karoli
2866 1589 2923 1639 et
2958 1579 3302 1648 lliltigardis
3331 1577 3545 1646 regime

1898 1676 2288 1733 Ruothtrudis
2347 1677 2700 1747 desponsata
2763 1673 2971 1739 fuerat,
3026 1668 3127 1725 sed
3180 1670 3364 1720 mater
3423 1663 3546 1732 ejus

1901 1765 2069 1820 aliam
2102 1766 2152 1820 ei
2182 1765 2362 1820 invito
2386 1763 2793 1836 conjungehat.

2036 1853 2179 1908 Anni
2248 1854 2253 1877 ’
2339 1853 2504 1909 Anni.

1906 1942 2285 1998 Constantini.
2316 1941 2527 1998 Karoli.

2084 2034 2107 2083 1
2385 2034 2449 2084 13
2597 2027 2975 2100 (Emu.Amz.)
3002 2023 3175 2093 Cujus
3195 2036 3342 2078 anno
3363 2018 3546 2091 primo

1906 2117 2147 2174 Karolus
2164 2120 2397 2174 Romam
2418 2116 2676 2185 veniens,
2699 2117 2769 2171 ab
2792 2114 3041 2170 Adriano
3065 2126 3206 2182 papa
3228 2108 3545 2165 honorifice

1905 2207 2252 2278 suscipitur:
2286 2212 2343 2263 et
2376 2222 2503 2263 cum
2537 2206 2615 2261 ibi
2648 2210 2911 2261 sanctum
2950 2200 3159 2272 pascha
3194 2198 3544 2263 celebraret,

1906 2295 2226 2366 baptizavit
2248 2296 2398 2351 idem
2424 2294 2685 2367 pontifex
2711 2292 2888 2348 filium
2908 2293 3033 2361 ejus
3051 2288 3547 2358 Pippinum,eum-

1907 2399 2017 2454 que
2036 2384 2108 2440 de
2126 2399 2296 2441 sacro
2321 2386 2478 2439 fonte
2502 2382 2783 2453 suscepit,
2799 2385 2855 2436 et
2877 2392 3097 2447 ungens
3118 2390 3245 2431 eum
3270 2374 3325 2428 in
3350 2386 3543 2440 regem

1905 2472 2106 2543 Italize,
2141 2474 2416 2545 imposuit
2446 2474 2497 2529 ei
2528 2485 2821 2539 coronam,
2856 2469 3092 2523 fratrem
3121 2479 3257 2520 vero
3288 2461 3413 2531 ejus
3448 2460 3551 2513 Lu-

1906 2561 2193 2619 dewieum
2227 2562 2281 2617 in
2315 2577 2509 2631 regem
2545 2559 2869 2631 Aquitaniae
2903 2556 3087 2624 unxit,
3126 2553 3349 2624 ipsique
3382 2563 3550 2605 coro-

1905 2663 2033 2705 nam
2058 2650 2351 2721 imposuit.
2380 2652 2500 2705 Rex
2522 2664 2662 2705 vero
2685 2649 2863 2702 Roma
2893 2643 3247 2714 digrediens,
3281 2636 3485 2693 Mediol
3514 2665 3549 2687 .-

1906 2753 2039 2794 num
2070 2738 2250 2807 venit,
2285 2738 2480 2808 ibique
2512 2736 2804 2807 baptizata
2833 2738 2918 2789 est
2947 2733 3062 2787 ﬁlia
3093 2730 3219 2797 ejus
3253 2723 3444 2781 Gisela
3478 2724 3549 2777 ab

1905 2825 2346 2897 archiepiscopo
2364 2826 2597 2893 Thoma,
2613 2827 2673 2879 et
2690 2824 2762 2878 ab
2782 2821 2983 2877 eodem
3003 2824 3092 2875 est
3115 2818 3184 2873 de
3204 2828 3369 2871 sacro
3392 2813 3549 2866 fonte

1906 2914 2115 2971 levata.
2142 2914 2289 2971 Misit
2315 2918 2506 2970 autem
2535 2912 2821 2969 Adrianus
2847 2923 2991 2981 papa
3015 2909 3348 2963 Formosum
3367 2906 3427 2957 et
3447 2901 3551 2955 Da-

1906 3017 2125 3059 masum
2166 3004 2479 3074 episcopos
2512 3017 2643 3058 cum
2684 2998 2894 3068 legatis
2926 2996 3102 3066 regis,
3138 2990 3400 3048 Richalfo
3430 2988 3550 3044 dia-

1904 3104 2052 3147 cono
2082 3096 2142 3147 et
2174 3090 2510 3147 Eberhardo
2543 3089 2947 3162 pincernarum
2979 3082 3278 3152 magistro,
3315 3077 3384 3133 ad
3416 3077 3549 3130 Tas-

1905 3179 2145 3237 silonem
2172 3181 2400 3251 ducem,
2418 3184 2478 3237 ut
2498 3180 2933 3236 commonerent
2953 3189 3081 3230 eum
3107 3172 3177 3228 de
3194 3170 3545 3239 juramento,

1905 3270 2058 3339 quod
2099 3270 2345 3342 Pippino
2377 3273 2436 3325 et
2469 3268 2606 3323 filiis
2637 3267 2761 3336 ejus
2791 3264 2925 3321 olim
2962 3263 3281 3334 juraverat.
3318 3255 3424 3322 Qui
3457 3268 3550 3309 ve-

1904 3360 2148 3429 nientes,
2193 3375 2296 3417 eor
2333 3359 2461 3428 ejus
2500 3356 2895 3423 emollierunt,
2930 3356 2994 3409 ut
3020 3364 3151 3407 cum
3183 3347 3267 3403 eis
3299 3346 3550 3429 Worma-

1904 3447 2049 3503 ciam
2083 3427 2153 3502 ad
2186 3427 2380 3518 regem
2413 3445 2662 3514 veniret,
2704 3442 2972 3512 datisque
3008 3442 3070 3495 12
3100 3434 3406 3493 obsidibus
3434 3427 3546 3497 ‘1”,

1904 3534 2027 3605 regi
2053 3534 2392 3592 fidelitatem
2421 3535 2678 3605 juraret;
2713 3532 2811 3589 sed
2837 3530 2932 3588 ubi
2957 3528 3186 3585 domum
3214 3520 3411 3590 rediit,
3440 3532 3547 3575 non

1903 3623 2003 3680 diu
2036 3623 2089 3679 in
2126 3623 2237 3679 fide
2286 3623 2621 3695 permansit.

1973 3716 2026 3767 2.
2063 3716 2146 3769 14.
2182 3715 2247 3768 A.
2279 3714 2341 3768 D.
2376 3715 2499 3768 782.
2532 3708 2777 3768 Karolus
2802 3708 2857 3763 in
2882 3704 3186 3762 Saxoniam
3216 3699 3467 3757 eundum
3492 3700 3547 3753 et

1905 3800 1985 3857 ibi
2018 3805 2083 3857 ut
2113 3801 2166 3857 in
2201 3802 2436 3857 Francia
2480 3798 2791 3871 quotannis
2829 3793 3162 3865 generalem
3203 3789 3548 3845 conventum

1904 3889 2131 3945 censuit
2152 3888 2513 3953 habendum;
2536 3880 3077 3958 trajectoqueapud
3096 3877 3387 3935 Coloniam
3408 3873 3551 3928 Rhe-

1905 3992 1998 4048 no,
2037 3977 2107 4033 ad
2133 3978 2346 4033 fontem
2384 3976 2600 4047 Lippiaa
2632 3974 2814 4044 venit,
2850 3973 3046 4042 ibique
3077 3966 3288 4040 positis
3316 3961 3548 4029 castris,

1905 4064 2058 4121 inter
2076 4068 2272 4120 cetera
2293 4065 2524 4133 negotia
2546 4063 2771 4133 legatos
2789 4057 3046 4131 Sigifridi
3068 4056 3223 4125 regis
3240 4054 3548 4117 Danorum,

1904 4158 1959 4208 et
1995 4167 2141 4223 quos
2191 4155 2455 4223 Caganus
2482 4156 2541 4207 et
2571 4154 2860 4221 Jugurrus
2907 4146 3203 4220 principes
3256 4143 3550 4223 Hunorum

1906 4221 2071 4310 quasi
2103 4240 2262 4312 pacis
2280 4221 2470 4298 causa
2502 4241 2786 4296 miserunt
2809 4237 2880 4293 ad
2906 4250 2989 4305 se,
3015 4231 3236 4291 audivit
3268 4233 3329 4284 et
3360 4221 3552 4281 absol-

1905 4329 2006 4385 vit.
2045 4330 2300 4400 Cumque
2330 4330 2526 4386 soluto
2555 4331 2850 4385 conventu
2877 4327 2929 4382 in
2955 4323 3249 4380 Franciam
3273 4314 3546 4382 redisset,

1908 4417 2259 4474 Witikindus
2289 4417 2342 4473 in
2379 4419 2624 4490 patriam
2658 4431 2949 4484 reversus,
2976 4413 3233 4468 Saxones
3262 4401 3549 4498 rebellare

1911 4505 2220 4576 persuasit.
2256 4488 2599 4563 Nun‘ciatum
2632 4509 2723 4562 est
2757 4509 2948 4561 autem
2984 4499 3124 4569 regi,
3160 4493 3313 4567 quod
3346 4488 3549 4545 Sorabi

154 4579 254 4641 dux
276 4588 609 4659 Spolitanus
631 4607 762 4649 cum
787 4593 1011 4664 magnis
1046 4594 1383 4652 muneribus
1407 4595 1463 4650 in
1489 4594 1626 4652 villa
1644 4595 1797 4654 Wir.
1825 4590 1880 4650 D
1912 4594 2120 4666 Sclavi,
2155 4594 2251 4666 qui
2281 4610 2519 4664 campos
2549 4596 2702 4651 inter
2731 4594 2954 4650 Albiam
2983 4594 3042 4645 et
3074 4585 3260 4642 Salam
3284 4581 3549 4666 jacentes

155 4670 578 4749 ciniaco;quem
604 4681 700 4737 ille
727 4682 974 4751 benigne
998 4683 1282 4754 suscepit,
1310 4682 1712 4755 donatumque
1735 4685 1795 4741 in

154 4771 305 4818 suum
326 4765 601 4824 ducatum
624 4769 843 4825 remisit
865 4787 879 4837 ;
899 4770 1025 4842 ipse
1046 4787 1185 4827 vero
1203 4772 1393 4828 animo
1412 4772 1466 4828 in
1487 4773 1794 4830 Saxoniam

157 4848 399 4924 tendens,
432 4855 689 4914 Rhenum
715 4858 771 4913 in
793 4872 862 4914 eo
887 4857 1016 4915 loco
1040 4859 1137 4930 qui
1166 4859 1364 4931 Lippia
1390 4864 1637 4918 vocatur
1660 4876 1793 4919 cum

154 4939 401 5022 exercitu
443 4944 704 5015 trajecit.
756 4946 858 5003 Cui
889 4960 1021 5003 cum
1065 4947 1321 5005 Saxones
1349 4948 1404 5004 in
1435 4963 1505 5005 eo
1534 4948 1663 5007 loco
1696 4938 1793 5022 qui

158 5018 472 5117 liuohcholz
503 5032 718 5091 dicitur
748 5035 1025 5091 resistere
1058 5040 1433 5107 temptarent,
1471 5037 1607 5094 victi
1632 5018 1794 5109 fuga-

161 5110 304 5179 lique
336 5121 500 5185 sunt;
532 5127 587 5177 et
622 5137 723 5178 rex
751 5122 1133 5180 Wesfalorum
1165 5140 1459 5193 regionem
1494 5126 1793 5196 ingressus

160 5207 252 5253 eos
272 5215 468 5262 omnes
489 5208 543 5265 in
567 5211 921 5267 deditionem
950 5212 1207 5284 accepit;
1239 5213 1487 5283 indeque
1513 5214 1582 5270 ad
1607 5215 1789 5272 Wisa-

163 5296 270 5371 ram
298 5293 550 5368 veniens,
584 5304 775 5356 castra
808 5301 1036 5371 posuit;
1070 5301 1145 5356 ibi
1174 5302 1436 5371 Angrarii
1462 5307 1521 5357 et
1546 5303 1788 5361 Ostralai

164 5369 380 5435 obsides
403 5381 687 5444 dederunt
707 5392 763 5444 et
788 5369 1149 5445 sacramenta
1169 5369 1535 5459 juraverunt.
1565 5391 1788 5457 Quibus

166 5466 421 5539 Oeractis,
456 5486 555 5532 rex
584 5476 963 5534 Wormaeiam
995 5477 1049 5532 in
1080 5477 1318 5533 hiberna
1345 5492 1404 5535 se
1429 5480 1675 5551 recepit.

1911 4662 2201 4757 incolunt,
2237 4685 2292 4740 in
2325 4662 2469 4741 flues
2518 4684 2939 4754 Thuringorum
2989 4692 3054 4733 ac
3103 4676 3387 4729 Saxonum
3441 4662 3549 4720 sibi

1907 4773 2167 4830 confines
2211 4772 2567 4845 depredandi
2614 4785 2786 4827 causa
2838 4767 2927 4801 ¹¹³⁶
2975 4765 3219 4822 fuissent
3271 4756 3543 4828 ingressi.

1909 4864 2121 4918 Contra
2152 4876 2298 4933 quos
2328 4876 2456 4918 cum
2490 4864 2611 4915 tres
2639 4860 2938 4915 ministros
2966 4868 3106 4911 suos
3134 4865 3262 4908 cum
3295 4847 3549 4903 orienta~

1908 4950 2061 5007 libus
2107 4950 2343 5007 Francis
2389 4948 2722 5017 direxisset,
2773 4946 2856 5002 illi
2907 4947 3191 5000 Saxonum
3240 4936 3546 5001 audientes

1907 5044 2148 5111 motum,
2173 5039 2245 5096 ad
2268 5038 2399 5095 illos
2423 5038 2821 5103 diverterunt;
2846 5034 2947 5092 sed
2972 5033 3205 5087 incaute
3229 5028 3489 5098 agentes,
3518 5038 3545 5080 a

1904 5118 2232 5183 Saxonibus
2276 5125 2657 5183 circumventi
2698 5129 2759 5181 et
2796 5137 2945 5196 pene
2992 5134 3196 5178 omnes
3244 5114 3422 5174 occisi
3457 5113 3546 5148 “‘7

1903 5218 2061 5271 sunt.
2088 5214 2172 5269 Ad
2197 5228 2365 5284 quam
2390 5227 2508 5269 rem
2530 5211 2968 5269 examinandum
2990 5224 3120 5266 cum
3142 5222 3248 5265 rex
3269 5205 3543 5269 venisset,

1901 5316 2104 5360 omnes
2133 5301 2508 5357 Witikindum
2534 5300 2705 5372 hujus
2727 5300 2974 5359 sceleris
2997 5303 3296 5357 auctorem
3320 5292 3548 5368 procia~

1902 5393 2233 5454 maverunt;
2260 5393 2359 5445 sed
2382 5389 2562 5458 illum,
2587 5390 2684 5460 qui
2703 5390 2947 5461 aufugit,
2969 5388 3205 5445 tradere
3225 5402 3335 5443 nou
3354 5383 3543 5442 valen~

1901 5484 2007 5549 tes,
2038 5494 2108 5534 ex
2134 5479 2260 5534 aliis
2283 5478 2413 5549 quia
2440 5479 2489 5534 ei
2514 5485 2941 5537 consenserunt
2973 5493 3155 5550 usque
3190 5476 3259 5534 ad
3294 5482 3544 5547 quatuor

1494 5595 1731 5651 VARIE
1773 5594 2173 5652 LECTIONES.

233 5666 312 5705 ¹¹³⁶
341 5685 713 5754 ruotgaudum
743 5703 892 5748 corr.
927 5690 1315 5761 ruotgaudum
1353 5696 1395 5746 1.
1476 5689 1566 5725 ³³³⁸
1593 5692 1994 5750 obsidionibus
2039 5696 2089 5749 1.

2171 5690 2260 5724 ¹¹³⁶
2288 5691 2446 5750 causi
2481 5697 2531 5749 1.
2613 5690 2703 5725 “’7
2736 5693 3027 5750 interfecti
3063 5694 3122 5747 D.
3161 5693 3220 5747 Ε.
