3952 6302
127 337 232 407 861

986 337 1424 406 CHRONICA.
1469 372 1537 386 -
1569 332 2047 402 CHRONICON
2088 335 2639 402 UNIVERSALE.

3403 326 3522 397 862

124 475 419 549 multaque
453 472 560 534 alia
586 471 884 533 hostiliter
913 479 970 533 et
1024 476 1241 535 dixisse
1264 481 1319 533 et
1372 473 1602 543 fecisse,
1633 486 1761 530 cum
1794 470 1849 532 A
1881 470 2213 529 Fardulfum
2259 473 2699 544 Longobardum
2747 470 2979 529 detecta
3029 465 3252 541 fuisset,
3289 464 3413 541 ipse
3446 465 3520 523 ob

120 568 233 625 hzee
256 582 476 639 negare
496 568 787 637 nequiret,
814 567 1138 637 majestatis
1175 566 1624 636 reusjudicatus
1648 566 1757 618 est.

118 659 179 714 Et
198 658 328 714 dum
351 658 606 713 omnium
629 672 729 713 ore
770 657 1007 729 capitali
1043 658 1420 713 damnaretur
1444 651 1760 721 sententia,

120 761 212 802 rex
242 747 317 803 ob
377 761 630 803 amorem
668 746 786 817 Dci,
848 752 906 801 ct
941 747 1071 817 quia
1134 745 1607 815 consanguineus
1638 740 1765 810 ejus

118 841 251 905 erat,
295 834 553 891 liberare
592 852 722 892 eum
749 836 1010 907 cupiens,
1041 834 1449 905 interrogavit,
1484 831 1620 903 quid
1650 828 1766 899 jam

119 914 280 994 agere
321 923 522 980 vellet.
560 924 661 980 Ille
692 930 884 981 autem
916 940 1129 993 rogans
1162 924 1455 980 licentiam
1493 920 1603 977 sibi
1643 918 1764 987 dari

120 1027 214 1084 pro
234 1014 499 1085 peccatis
534 1014 872 1085 paenitendi,
897 1018 1265 1084 tonsuratur,
1298 1017 1357 1067 et
1391 1012 1444 1067 in
1478 1012 1767 1065 monaste-

117 1101 257 1158 rium
292 1102 514 1157 missus
556 1106 663 1157 est.
720 1103 998 1159 Similiter
1032 1108 1086 1158 et
1130 1102 1282 1158 filius
1337 1102 1464 1171 ejus
1495 1097 1761 1175 Theodo;

120 1192 291 1257 ceteri
327 1206 472 1247 vero
522 1191 693 1261 hujus
738 1192 997 1263 perﬁdire
1051 1196 1361 1249 consortes
1396 1204 1498 1262 per
1532 1189 1761 1244 diversa

123 1278 283 1336 exilia
321 1278 625 1352 dampnati
658 1285 814 1337 sunt.
853 1282 875 1303 "

249 1369 272 1391 '
304 1369 365 1424 D.
404 1371 475 1423 E.
516 1370 754 1425 addunt
784 1387 795 1421 :
834 1370 1118 1426 lnstantia
1146 1367 1404 1425 Tharasii
1435 1400 1504 1409 —
1535 1365 1766 1422 abdica-

328 1444 519 1496 catur.
556 1456 631 1496 ex
654 1440 867 1512 Sigeb.

183 1532 238 1584 9.
265 1531 353 1584 21.
393 1532 458 1584 Α.
501 1531 563 1584 D.
596 1533 719 1586 789.
769 1528 1016 1584 Karolus
1048 1532 1247 1584 contra
1278 1533 1507 1597 gentem
1542 1526 1768 1581 Sclavc-

119 1629 314 1673 norum
348 1618 445 1689 qui
492 1618 665 1673 Wilzi
712 1618 989 1673 dicuntur
1031 1618 1353 1672 exercitum
1379 1616 1616 1683 ducens,
1654 1627 1769 1669 am-

118 1718 241 1761 nem
282 1706 460 1763 Albia:
516 1707 747 1763 duobus
806 1707 1083 1777 pontibus
1139 1706 1461 1775 conjunxit,
1523 1717 1766 1775 quorum

118 1808 286 1851 unum
316 1810 386 1851 ex
432 1800 685 1866 utroque
741 1796 932 1867 capite
972 1795 1125 1850 vallo
1180 1794 1444 1861 munivit,
1496 1792 1768 1863 imposita

118 1885 257 1942 turri
289 1899 357 1941 ex
388 1884 568 1955 lignis
601 1888 661 1940 ct
716 1890 893 1954 terra,
930 1886 1349 1954 ingressusque
1386 1889 1600 1939 terram
1635 1882 1769 1936 Wil'

124 1989 331 2043 zorum,
355 1974 478 2031 fero
504 1980 561 2031 et
599 1975 711 2043 igni
752 1978 962 2029 cuncta
988 1973 1257 2041 vastavit,
1286 1974 1471 2028 donec
1500 1986 1602 2027 eos
1635 1972 1768 2026 sub-

118 2063 425 2133 jugavit.—
457 2064 564 2131 (Η.
594 2066 697 2133 m.)
724 2064 843 2118 Hoc
866 2077 1015 2118 anno
1041 2066 1265 2131 Hyrene
1300 2060 1641 2132 imperatrix
1677 2075 1770 2115 so-

125 2151 231 2207 luta
264 2167 399 2223 pace
435 2151 721 2223 nuptialis
775 2151 1008 2207 foederis
1041 2167 1169 2207 cum
1206 2150 1463 2215 Francis,
1496 2149 1652 2203 misit
1708 2151 1764 2203 et

133 2239 350 2295 adduxit
377 2240 638 2311 puellam
680 2240 750 2295 de
776 2240 1132 2295 Armeniacis
1156 2239 1383 2294 nomine
1418 2238 1672 2306 Mariam,
1708 2241 1765 2291 et

129 2327 300 2396 junxit
324 2342 447 2383 eam
476 2328 600 2384 lilio
621 2343 725 2384 suo
741 2328 1117 2385 Constantino
1143 2327 1502 2398 imperatori,
1523 2325 1765 2381 multum

129 2416 466 2473 contristato
508 2422 747 2489 propter
775 2416 1067 2485 affectum,
1094 2431 1207 2486 quo
1223 2430 1357 2484 erga
1377 2414 1548 2469 filiam
1576 2413 1765 2469 Karoli

138 2502 422 2575 ﬂagrabat,
458 2520 635 2576 quam
669 2510 837 2561 antea
861 2505 1337 2575 desponsaverat.

191 2597 266 2648 10.
300 2596 392 2650 22.
434 2595 637 2666 (ΕΙΝΗ.
676 2596 855 2666 Ama.)
890 2597 959 2649 Α.
1000 2595 1069 2649 D.
1109 2598 1239 2649 790.
1278 2593 1523 2648 Karolus
1554 2591 1766 2651 nullam

132 2682 549 2752 expeditionem
604 2683 840 2751 fecerat,
873 2683 974 2737 sed
1024 2682 1287 2738 residens
1322 2682 1374 2736 in
1426 2680 1766 2748 Wormacia,

114 2762 339 2839 'legatos
381 2772 687 2828 llunorum
722 2770 942 2827 audivit
992 2784 1248 2839 suosque
1281 2770 1348 2825 ad
1383 2784 1582 2825 eorum
1618 2770 1772 2839 prin"

134 2858 280 2929 cipes
312 2859 495 2916 misit.
532 2860 827 2930 Agebatur
856 2862 1048 2915 autem
1080 2858 1232 2914 inter
1264 2873 1367 2914 eos
1398 2858 1468 2913 de
1500 2856 1767 2914 conﬁniis

136 2960 416 3017 regnorum
448 2961 735 3015 suorum;
771 2961 898 3017 qua)
932 2946 1239 3016 resﬁfuturi
1271 2945 1407 3002 belli
1444 2945 1551 3002 fuit
1602 2946 1770 3001 semi-

137 3048 359 3092 narium.

196 3129 249 3180 11
309 3128 395 3181 23.
422 3122 605 3194 (C’kr.
655 3124 741 3181 W.
774 3124 862 3180 Cf.
892 3125 977 3179 Η.
1006 3125 1122 3196 m.)
1147 3125 1215 3178 A.
1252 3116 1321 3178 D‘.
1352 3126 1482 3180 791.
1520 3123 1767 3180 Sanctus

1881 560 2151 617 meritum
2186 561 2316 617 fidei
2380 566 2626 618 servatae
2661 557 3012 615 monasterio
3062 555 3248 613 sancti
3280 553 3519 611 Dionisii

1879 649 2131 706 donatus
2148 655 2257 721 est,
2276 654 2549 707 auctores
2573 664 2711 706 vero
2735 646 3155 719 conjurationis
3178 643 3386 715 partim
3408 642 3522 712 gla-

1880 736 1973 794 dio
1989 738 2125 808 cesi,
2164 740 2373 810 partim
2405 738 2666 810 patibulo
2691 736 2960 807 suspensi
2984 737 3139 791 sunt.
3174 735 3294 788 Rex
3325 735 3518 787 autem

1885 832 2121 898 propter
2145 827 2357 884 bellum
2382 844 2509 884 cum
2539 827 2715 883 llunis
2747 830 3081 896 susceptum
3108 821 3521 891 Regenesburg

1880 916 2119 972 sedente
2144 916 2253 987 ω’,
2289 931 2626 989 persuasum
2658 920 2749 970 est
2790 915 2839 968 ei
2879 929 2909 969 a
2943 910 3311 983 quibusdam,
3349 921 3521 979 posse

1881 1006 2281 1075 percommode
2305 1020 2334 1061 a
2376 1006 2633 1061 Danubio
2660 1006 2712 1059 in
2764 1004 3019 1057 Rhenum
3052 997 3331 1067 navigari,
3360 996 3405 1052 si
3440 995 3521 1050 in-

1883 1098 1969 1149 ter
2016 1095 2361 1152 Radanciam
2385 1100 2443 1150 et
2472 1094 2796 1149 Altmonam
2821 1090 3030 1147 ﬂuvios
3050 1086 3330 1159 ejusmodi
3366 1086 3517 1140 fossa

1878 1186 2215 1255 duceretur,
2266 1201 2392 1257 qua)
2423 1190 2576 1240 esset
2631 1182 2859 1239 navium
2910 1194 3111 1250 capax,
3148 1177 3279 1247 quia
3312 1175 3517 1231 horum

1879 1274 2184 1330 ﬂuviorum
2237 1274 2386 1329 alter
2420 1273 2677 1329 Danubio
2728 1270 2877 1326 alter
2906 1269 3103 1323 Rheno
3138 1266 3509 1321 misceretur.

1880 1363 2193 1417 Confestim
2229 1378 2331 1418 rex
2376 1378 2504 1418 cum
2540 1361 2691 1417 ο.ηηὶ
2738 1358 3018 1415 comitatu
3052 1371 3158 1411 suo
3207 1354 3278 1409 ad
3327 1352 3518 1407 locum

1879 1450 2009 1506 huic
2031 1451 2190 1522 operi
2230 1456 2427 1522 aptum
2469 1450 2648 1518 venit,
2683 1464 2748 1503 ac
2778 1462 2980 1517 magna
3004 1444 3295 1501 hominum
3329 1438 3521 1496 multi-

1880 1541 2083 1598 tudine
2112 1544 2485 1609 congrcgata,
2539 1544 2725 1594 totum
2759 1535 3020 1592 autumni
3063 1537 3293 1603 tempus
3322 1530 3377 1585 in
3412 1529 3520 1583 hoc

1879 1630 2267 1701 consumpsit.
2307 1631 2487 1684 Ducta
2522 1632 2609 1682 est
2636 1627 2832 1696 itaque
2864 1626 3016 1680 fossa
3042 1623 3192 1677 inter
3223 1618 3519 1691 predictos

1886 1719 2089 1775 fluvios
2121 1718 2295 1774 duum
2332 1717 2549 1772 milium
2576 1729 2849 1787 passuum
2882 1708 3266 1781 longitudine,
3293 1712 3521 1761 trecen-

1803 1830 1851 1888 Β
1882 1811 2070 1864 terum
2106 1806 2311 1879 pedum
2340 1805 2667 1873 latitudine,
2704 1802 2804 1859 sed
2839 1802 3086 1863 frustra;
3116 1812 3242 1853 nam
3277 1798 3520 1867 propter

1876 1898 2047 1965 juges
2069 1896 2295 1968 pluvias
2344 1898 2399 1951 et
2425 1901 2661 1963 terram,
2690 1906 2816 1962 qua:
2847 1888 3130 1962 palustris
3161 1890 3251 1940 est
3288 1887 3520 1939 natura-

1884 1985 2036 2053 liter,
2073 2001 2219 2055 opus
2243 1983 2395 2054 quod
2447 1983 2619 2037 fiebat
2645 1987 2804 2036 stare
2836 1993 2945 2033 non
2976 1975 3183 2047 potuit,
3211 1973 3309 2028 sed
3345 1984 3521 2041 quan-

1881 2080 2001 2130 tum
2035 2079 2209 2129 teme
2257 2089 2286 2128 a
2323 2072 2646 2128 fossoribus
2704 2067 2957 2123 interdiu
3013 2067 3273 2133 egestum
3308 2060 3518 2129 fuerat,

1879 2167 2103 2219 tantum
2131 2162 2399 2217 noctibus
2416 2161 2586 2216 humo
2611 2159 2818 2213 iterum
2837 2155 3134 2210 relabente
3158 2148 3517 2206 subsidebat.

1883 2254 1940 2307 ln
1974 2252 2079 2307 hoc
2114 2266 2289 2321 Opere
2339 2252 2622 2319 occupato
2663 2244 2935 2301 nunciata
2965 2246 3055 2298 est
3088 2242 3373 2295 Saxonum
3406 2250 3523 2291 01n-

1881 2340 2108 2396 nimoda
2133 2339 2383 2395 defectio
2406 2341 2462 2392 et
2491 2339 2837 2392 Francorum
2865 2330 3110 2403 plurima
3131 2343 3161 2382 a
3186 2323 3522 2381 Sarracenis

1882 2430 2234 2486 interfectio.
2280 2429 2503 2495 Quibus
2536 2427 2711 2483 rebus
2757 2424 3103 2489 commotus,
3139 2418 3191 2472 in
3225 2413 3522 2471 Franciam

1883 2522 2205 2585 revertens,
2242 2516 2434 2573 natale
2462 2514 2684 2572 Domini
2715 2509 3035 2567 celebravit
3064 2505 3215 2577 apud
3250 2503 3523 2559 Sanctum

1884 2606 2202 2679 Kylianum,
2220 2606 2551 2673 Wirciburg
2565 2600 2988 2671 scilicet,juxta
3006 2598 3247 2651 Moenum
3266 2591 3521 2658 ﬂuvium,

1882 2698 2095 2766 pascha
2131 2710 2266 2750 vero
2299 2709 2475 2766 super
2519 2692 2765 2749 eundem
2800 2689 2854 2743 in
2895 2686 3030 2743 villa
3064 2684 3519 2748 Franconovurt,

1883 2785 1979 2841 ubi
2013 2791 2070 2839 et
2099 2785 2479 2840 hiemaverat.

1958 2877 2045 2928 13.
2071 2878 2164 2929 25.
2198 2875 2259 2928 Α.
2290 2874 2355 2927 D.
2378 2874 2505 2926 793.
2530 2864 2811 2923 Karoloin
2844 2860 3284 2919 Franconovurt
3310 2853 3525 2928 pascha

1879 2963 2237 3029 celebrante,
2270 2957 2525 3030 synodus
2573 2956 2985 3027 episcoporum
3037 2961 3241 3018 magna
3272 2944 3523 3002 collecta

1880 3058 1969 3110 est
2004 3067 2074 3108 ex
2118 3050 2387 3107 omnibus
2436 3045 2595 3117 regni
2657 3040 2990 3116 provinciis,
3053 3035 3230 3107 legati
3292 3046 3524 3105 quoque

1881 3141 2116 3198 Adriani
2140 3154 2305 3211 papze
2329 3138 2385 3193 in
2426 3137 2552 3207 ejus
2582 3133 2706 3190 vice
2730 3130 3039 3188 affuerunt.
3074 3129 3137 3182 In
3165 3126 3275 3181 hac
3307 3121 3525 3193 synodo

138 3185 499 3271 Burcbardus
519 3212 1007 3283 Wirciburgensis
1030 3185 1340 3284 episcopus
1361 3212 1506 3267 obiit
1524 3214 1555 3266 4
1576 3213 1768 3267 Nonas

1892 3185 2116 3198 .-.........
2182 3185 2210 3196 ..
2258 3185 2385 3195 η-.-
2430 3185 2550 3207 -,_-
2734 3185 2757 3188 __
2816 3185 2865 3187 μ
3340 3185 3356 3193 _

1892 3230 2105 3286 heresis
2125 3185 2428 3298 crujlusdam
2451 3221 2711 3295 episcopi
2735 3217 2939 3275 Felicis
2960 3214 3190 3272 nomine
3214 3212 3525 3282 dampnata

138 3300 281 3358 Febr.
306 3303 620 3359 ---Eodem
644 3316 791 3357 anno
839 3301 1126 3358 dissensio
1149 3302 1300 3357 facta
1322 3305 1413 3357 est
1444 3300 1596 3355 inter
1630 3301 1770 3355 Con-

144 3391 433 3448 stantinum
457 3396 523 3449 et
550 3394 791 3446 matrem
823 3390 947 3459 ejus
979 3391 1240 3460 llyrenen
1275 3389 1557 3446 malorum
1590 3389 1770 3444 homi-

146 3492 262 3535 num
289 3478 687 3550 instigatione,
711 3479 765 3533 in
785 3483 1006 3534 tantum
1023 3484 1083 3534 ut
1108 3478 1231 3551 ipsa
1252 3477 1431 3534 vellet
1446 3492 1576 3534 eum
1593 3492 1769 3547 regno

150 3569 372 3637 privare.
397 3602 464 3609 —
490 3568 680 3638 (EINH.
720 3569 897 3639 Ama.)
922 3566 1167 3624 Karolus
1196 3572 1386 3623 autem
1415 3566 1485 3622 de
1518 3569 1771 3622 Worma-

148 3655 221 3712 cia
254 3672 500 3728 movens,
566 3656 884 3726 Bajoariam
921 3655 1194 3726 tetendit,
1250 3671 1316 3711 ea
1350 3656 1675 3711 intentione
1708 3660 1771 3713 ut

148 3744 306 3802 Hunis
336 3747 549 3805 bellum
575 3745 838 3814 inferret,
874 3744 1176 3815 divisoque
1208 3745 1493 3815 exercitu,
1519 3745 1773 3801 Theode-

148 3832 310 3889 ricum
336 3835 607 3891 comitem
656 3838 711 3888 et
751 3831 1153 3901 Meginfridum
1188 3832 1572 3890 camerarium
1604 3848 1770 3889 suum

148 3934 258 3977 cum
280 3937 383 3977 una
408 3925 579 3995 parte
613 3936 715 3992 per
747 3920 1075 3991 aquilonale
1098 3921 1340 3977 Danubii
1376 3920 1531 3977 latus
1552 3921 1774 3991 irejus-

148 4009 232 4079 sit,
271 4010 384 4083 ipse
407 4026 539 4068 cum
566 4009 745 4066 altera
781 4025 884 4081 per
906 4009 1159 4065 australe
1193 4009 1517 4080 descendit,
1544 4010 1775 4067 venien-

147 4100 329 4169 tesque
353 4100 419 4156 ad
443 4103 698 4157 Anesum
725 4098 980 4167 ﬂuvium,
1017 4099 1113 4169 qui
1144 4102 1235 4154 est
1259 4097 1429 4155 limes
1461 4098 1774 4154 Pannonize

149 4189 303 4256 atque
335 4187 627 4259 Bawarize,
656 4191 849 4244 castra
900 4191 1243 4259 posuerunt,
1292 4189 1352 4242 et
1384 4202 1487 4258 per
1515 4186 1773 4243 triduum

148 4270 373 4333 letanias
395 4277 471 4333 ibi
492 4278 777 4333 fecerunt.
797 4277 886 4345 (A.
904 4276 1111 4348 Laur.)
1133 4275 1278 4331 llnni
1296 4275 1779 4347 autemvidentes

148 4364 447 4422 exercitum
483 4364 594 4437 “‘°,
650 4369 928 4436 utrasque
962 4364 1121 4436 ripas
1153 4368 1440 4433 tenentes,
1494 4363 1779 4421 divinitus

148 4449 386 4512 immisso
414 4459 671 4526 terrore,
700 4454 1054 4513 munitiones
1078 4467 1211 4511 suas
1233 4453 1598 4510 dimittentes
1624 4455 1781 4525 fuge-

1880 3324 1989 3389 est,
2026 3317 2123 3388 qui
2175 3314 2465 3372 Christum
2517 3310 2831 3368 secundum
2883 3306 2994 3361 hoc
3027 3302 3180 3376 quod
3230 3301 3402 3357 homo
3432 3302 3527 3354 est

1881 3406 2221 3479 adoptivum
2254 3403 2351 3458 Dei
2396 3401 2573 3456 filium
2607 3397 2857 3464 dicebat,
2891 3398 2948 3451 et
2984 3393 3131 3448 liber
3161 3393 3367 3446 contra
3399 3400 3525 3443 eam

1881 3494 2168 3555 communi
2192 3493 2602 3565 episcoporum
2636 3485 2991 3543 auctoritate
3024 3479 3386 3552 compositus
3414 3479 3529 3545 est,

1883 3587 1937 3643 in
1970 3601 2084 3657 quo
2105 3598 2304 3640 omnes
2335 3578 2837 3650 subscripserunt,
2873 3571 3137 3643 Synodus
3167 3570 3363 3637 etiam,
3400 3578 3529 3636 quae

1882 3679 2015 3731 ante
2048 3687 2265 3746 paucos
2312 3683 2496 3726 annos
2529 3668 2583 3722 in
2618 3659 3120 3731 Constantinopoli
3174 3658 3526 3726 congregata

1883 3766 1992 3822 sub
2025 3745 2247 3833 llyrenc
2294 3763 2349 3816 et
2403 3754 2802 3821 Constantino,
2840 3750 2956 3805 filio
3006 3749 3154 3819 ejus,
3191 3745 3432 3833 septima
3467 3746 3525 3799 et

1886 3829 2234 3909 universalis
2269 3848 2340 3903 ab
2391 3843 2534 3915 ipsis
2564 3838 2853 3912 appellata
2887 3840 2996 3905 est,
3047 3837 3111 3891 ut
3144 3847 3249 3889 nec
3280 3829 3527 3901 septima

1885 3954 1991 3997 nec
2014 3936 2234 4008 aliquid
2285 3934 2603 3999 diceretur,
2632 3926 2794 3998 quasi
2827 3936 3209 3995 supervacua,
3246 3921 3317 3976 ab
3348 3917 3530 3974 omni-

1887 4031 1996 4085 bus
2028 4025 2297 4081 abdicata
2329 4024 2438 4077 est.
2476 4019 2694 4074 Mortua
2719 4017 2804 4072 est
2839 4017 3031 4069 autem
3058 4009 3132 4064 ibi
3157 4012 3213 4065 et
3248 4007 3527 4063 Fastrada

1887 4115 2107 4187 regina,
2140 4116 2195 4169 et
2255 4106 2560 4178 Mogontiae
2588 4103 2741 4177 apud
2801 4103 3072 4157 Sanctum
3129 4096 3410 4155 Albanum
3444 4108 3533 4151 se-

1890 4205 2049 4278 pulta
2082 4206 2194 4258 est.

1962 4296 2052 4349 14.
2089 4294 2183 4347 26.
2225 4290 2290 4344 Α.
2321 4288 2381 4342 D.
2415 4286 2547 4342 794.
2594 4284 2739 4352 Rex,
2770 4279 2956 4338 diviso
2988 4277 3140 4334 inter
3170 4289 3231 4334 se
3261 4277 3322 4331 et
3354 4271 3535 4329 ﬁlium

1890 4384 2016 4454 ejus
2044 4377 2317 4437 Karolum
2367 4373 2655 4442 exercitu,
2708 4368 3015 4427 Saxoniam
3047 4381 3176 4423 cum
3217 4377 3422 4433 magno
3455 4361 3539 4418 in-

1894 4448 2068 4529 travit
2092 4469 2405 4542 apparatu;
2430 4462 2533 4521 sed
2558 4461 2669 4534 ipsi
2695 4460 2899 4517 faciem
2922 4472 3049 4527 ejus
3072 4455 3246 4513 solito
3270 4448 3532 4542 reveriti,

152 4546 290 4613 runt,
309 4548 363 4599 et
383 4550 632 4615 uterque
656 4543 953 4601 exercitus
978 4543 1161 4599 libere
1180 4541 1496 4612 ingressus,
1516 4557 1772 4613 magnam

1892 4561 2043 4618 datis
2074 4541 2403 4625 obsidibus,
2439 4568 2501 4611 se
2533 4567 2635 4625 per
2666 4549 2855 4607 omnia
2893 4548 3286 4603 obsecuturos
3308 4541 3540 4610 jurave-

150 4633 355 4697 partem
388 4633 697 4689 Pannoniae
714 4646 901 4703 usque
921 4631 987 4686 ad
1016 4630 1252 4687 ﬂuvium
1268 4631 1362 4702 qui
1388 4631 1777 4688 diciturRaba

151 4715 491 4789 devastavit;
528 4722 719 4793 (Eme.
756 4721 947 4791 Ann.)
978 4719 1181 4790 sicque
1213 4735 1313 4776 rex
1344 4736 1449 4793 per
1482 4721 1776 4777 Sabariam

151 4809 352 4863 reverti
386 4810 626 4876 statuit;
654 4809 841 4865 altera
864 4811 1032 4880 parte
1050 4808 1346 4866 exercitus
1372 4824 1474 4881 per
1494 4808 1642 4865 viam
1668 4825 1779 4881 qua

153 4901 374 4953 venerat
404 4897 607 4954 rediit.

217 4985 301 5037 12.
338 4987 432 5041 24.
473 4989 540 5042 Α.
582 4988 649 5040 D.
690 4988 818 5041 792.
861 4984 1073 5041 Karolo
1103 5000 1133 5041 a
1185 4985 1361 5042 natali
1422 4986 1642 5041 Domini
1676 5001 1779 5058 per

152 5075 397 5128 aestatem
454 5073 788 5144 Ratisponze
831 5071 920 5105 “‘1
966 5080 1380 5143 commorante,
1430 5074 1778 5144 quibusdam

153 5154 372 5215 Francis
388 5163 714 5230 agentibus,
731 5161 1093 5232 conspiravit
1115 5166 1318 5218 contra
1335 5176 1464 5218 cum
1486 5162 1638 5218 illius
1653 5162 1781 5232 ejus

151 5241 414 5316 Pippinus
443 5264 515 5306 ex
569 5251 889 5306 concubina
935 5251 1188 5321 itemque
1231 5250 1349 5319 alii,
1407 5257 1651 5321 propter
1686 5254 1783 5306 Fa-

160 5334 397 5391 stradam
429 5338 702 5409 reginam,
751 5339 920 5409 cujus
952 5340 1360 5394 crudelitatem
1396 5352 1456 5393 se
1491 5339 1641 5394 ferre
1674 5354 1781 5395 non

159 5431 315 5489 posse
343 5425 536 5483 Franci
584 5426 879 5484 dicebant.
917 5427 1054 5493 Quae
1104 5426 1467 5499 conspiratio
1517 5442 1647 5483 cum
1680 5441 1783 5498 per

1891 4657 2054 4776 “1:132:
2090 4721 2177 4775 27.
2215 4719 2283 4773 Α.
2321 4718 2392 4771 Ι).
2430 4716 2560 4770 795.
2597 4713 2720 4766 Rex
2778 4705 3037 4781 perfidiae
3088 4704 3377 4763 Saxonum
3426 4711 3539 4753 non

1890 4811 2210 4877 immemor,
2265 4806 2613 4862 conventum
2666 4795 2996 4869 generalem
3056 4790 3261 4847 habuit
3308 4788 3365 4843 in
3396 4784 3536 4842 villa

1891 4914 2018 4971 quae
2050 4896 2265 4953 dicitur
2319 4889 2661 4949 Cuﬂ‘esstein
2694 4884 2784 4919 ⁸1⁸³
2812 4885 2966 4941 ultra
3017 4881 3279 4971 Rhenum
3323 4878 3538 4971 contra

1890 4965 2235 5057 Magontiam
2272 4980 2438 5051 juxta
2470 4980 2714 5034 Moenum
2747 4972 3005 5035 ﬂuvium,
3044 4971 3220 5039 atque
3245 4965 3377 5022 inde
3408 4978 3540 5021 cum

1891 5053 2157 5131 exercitu
2183 5069 2486 5127 Saxoniam
2504 5068 2823 5136 ingressus,
2848 5074 2995 5134 pene
3009 5062 3190 5116 totam
3208 5053 3542 5130 populando

1894 5160 2247 5234 peragravit,
2280 5158 2535 5227 itemque
2567 5152 2826 5235 acceptis
2849 5148 3180 5218 obsidibus,
3208 5146 3265 5202 in
3297 5141 3538 5202 Galliam

1894 5248 2208 5305 remeavit.

1967 5341 2059 5393 16.
2099 5339 2191 5392 28.
2232 5336 2301 5389 Α.
2336 5334 2401 5388 D.
2433 5335 2555 5388 796.
2584 5331 2694 5386 Leo
2728 5343 2872 5400 papa
2897 5331 3025 5384 96“!
3054 5326 3361 5383 ordinatus
3393 5322 3546 5379 sedit

1895 5440 2079 5481 annos
2107 5426 2205 5488 20;
2240 5421 2337 5476 alii
2368 5421 2552 5489 (Emu.
2581 5420 2756 5489 Ann.)
2789 5418 2992 5475 dicunt
3019 5420 3106 5473 25.
3144 5415 3245 5472 llic
3276 5410 3545 5471 Karolum

1489 5550 1724 5607 VARIAE
1766 5547 2165 5605 LECTIONES.

226 5638 310 5675 “‘°
335 5647 625 5707 exercitus
658 5649 742 5707 1b.
808 5649 897 5684 ιω
928 5649 995 5709 in
1025 5650 1144 5710 loco
1171 5663 1309 5710 raso
1342 5652 1396 5703 1.
1436 5646 1525 5681 ¹ι⁴¹
1555 5648 1723 5706 ttat.
1766 5650 1822 5705 4.
1861 5651 1919 5706 5.
1958 5652 2045 5706 9°.
2081 5649 2172 5704 10.
2211 5642 2422 5703 sedens
2448 5643 2519 5700 D.
2558 5643 2627 5699 Ε.
2680 5639 2770 5676 ³³⁸³
2800 5641 3098 5701 eusfestun
3133 5639 3213 5697 ιδ.
