3952 6324
447 379 566 444 863

1603 384 1935 451 EKKEHA
1944 385 2083 452 RDI
2124 383 2679 453 URAUGIENSIS

3761 388 3884 453 864

454 517 588 577 fecit
644 517 1052 593 imperatorem
1095 518 1204 577 ‘1“.
1239 517 1346 589 Qui
1379 537 1510 580 mox
1547 528 1608 581 ut
1651 523 1956 582 ordinatus
1983 530 2095 594 est,
2130 523 2186 583 A
2217 523 2405 598 ipsius
2440 524 2645 582 matris
2679 539 2800 584 sua:
2833 523 3078 584 consilio
3098 523 3208 583 hoc
3236 523 3452 582 factum
3481 526 3598 596 est,
3626 521 3877 598 ipsaque

453 609 650 666 claves
673 610 1058 667 confessionis
1080 611 1265 668 sancti
1290 613 1447 668 Petri
1467 617 1527 669 et
1543 613 1817 671 vexillum
1834 615 2101 672 Romanas

456 696 623 754 urbis
647 697 718 754 ad
742 713 936 768 regem
961 699 1232 756 Karolum
1257 715 1386 758 cum
1411 700 1542 758 aliis
1564 703 1902 759 muneribus
1923 703 2101 774 misit,

453 789 601 842 etut
653 787 903 858 aliquem
963 789 1033 844 de
1086 789 1473 857 optimatibus
1502 791 1592 824 “‘5
1619 792 1742 848 suis
1771 791 1840 848 ad
1901 791 2108 848 contir-

458 874 727 931 mandum
754 875 865 931 sibi
891 891 992 948 per
1033 885 1457 936 sacramentum
1486 881 1758 952 populum
1791 883 2106 938 Romanum

458 963 742 1032 mitteret,
795 965 1043 1034 rogavit.
1095 967 1299 1023 Missus
1339 975 1426 1024 est
1460 971 1528 1026 ad
1564 971 1708 1026 hanc
1767 985 1884 1026 rem
1917 969 2108 1040 Angil-

461 1049 688 1120 bertus,
717 1051 900 1107 abbas
932 1054 1272 1110 monasterii
1306 1057 1492 1111 sancti
1519 1056 1791 1124 Rieharii,
1817 1071 1921 1126 per
1939 1071 2106 1126 quem

461 1137 637 1192 etiam
665 1154 926 1209 magnam
978 1147 1202 1212 partem
1230 1144 1510 1212 thesauri,
1546 1160 1714 1215 quem
1749 1146 1992 1200 llericus
2019 1144 2109 1177 “"

463 1225 581 1281 dux
605 1227 1043 1298 Forojullensis,
1072 1231 1321 1302 Spoliata
1347 1233 1636 1287 llunorum
1658 1234 1813 1303 regia
1836 1249 1963 1303 qum
1996 1233 2109 1288 rin-

462 1328 569 1382 gus
599 1316 940 1386 vocabatur,
973 1319 1172 1374 eodem
1199 1335 1346 1374 anno
1377 1321 1498 1389 regi
1529 1321 1598 1375 de
1631 1323 1921 1377 Pannonia
1947 1322 2110 1378 detu-

458 1402 632 1470 lerat,
652 1405 840 1474 misit;
869 1407 1090 1477 reliqua
1120 1409 1596 1480 interOptimatcs
1617 1416 1666 1465 et
1683 1411 1910 1466 aulicos
1932 1417 1992 1466 et
2013 1427 2109 1482 pa-

458 1491 603 1550 latio
637 1494 1041 1552 deservientes
1072 1496 1736 1555 liberaliterdistrihuil.
1772 1501 1892 1555 Rex
1915 1503 2106 1556 autem

464 1586 596 1651 post
619 1581 740 1639 hazc
775 1585 1075 1640 Saxoniam
1117 1591 1337 1656 petens,
1392 1587 1569 1643 filium
1603 1603 1770 1644 suum
1801 1588 2106 1660 Pippinum

463 1668 647 1726 Italiae
673 1685 864 1740 regem
893 1673 944 1727 in
971 1674 1319 1729 Pannoniam
1346 1675 1520 1745 misit,
1556 1676 1816 1748 ipseque,
1851 1678 2108 1748 depopu'

458 1756 573 1814 lata
599 1761 864 1830 Saxonia,
895 1764 1252 1832 Aquasgrani
1288 1766 1628 1834 revertitur,
1653 1767 1932 1838 Pippinus
1947 1781 2101 1828 vero,

458 1845 672 1916 fugatis
705 1849 854 1905 ultra
914 1851 1148 1906 fluvium
1199 1853 1407 1909 Tizaha
1443 1855 1642 1922 Ilunis,
1679 1871 1809 1912 cum
1871 1854 2107 1913 residuo

461 1934 755 1993 Hunorum
817 1937 1096 1996 thesauro
1127 1941 1197 1996 ad
1259 1945 1481 2013 patrem
1515 1943 1850 2013 regreditur
1881 1943 1982 2015 (cf.
2021 1947 2097 2003 Α.

455 2023 708 2097 Laur)

527 2119 610 2172 17.
646 2119 733 2172 29.
771 2116 965 2186 (Ema.
1003 2119 1183 2191 Ann.)
1222 2122 1288 2175 Α.
1329 2121 1393 2176 D.
1429 2125 1550 2177 797.
1592 2121 1901 2194 Expeditio
1955 2123 2106 2178 facta

459 2203 629 2260 estin
679 2205 1005 2276 Saxoniam,
1033 2213 1092 2261 et
1123 2223 1302 2278 usque
1329 2210 1395 2265 ad
1423 2225 1702 2266 oceanum
1727 2211 1879 2266 ultra
1912 2227 2112 2269 omnes

457 2291 702 2360 paludes
736 2297 796 2349 et
819 2293 968 2349 invia
995 2295 1116 2350 loca
1143 2297 1451 2353 transitum
1479 2303 1590 2368 est,
1615 2304 1670 2354 et
1711 2313 1809 2354 rex
1835 2299 1905 2354 de
1930 2301 2112 2357 llado-

454 2378 587 2436 loha
610 2395 921 2450 regressus
954 2415 980 2423 ο
1029 2398 1158 2438 nam
1194 2385 1246 2440 id
1281 2401 1483 2442 nomen
1518 2392 1608 2442 est
1641 2388 1769 2444 loco
1805 2390 1900 2444 ubi
1947 2403 2113 2446 ocea-

459 2482 568 2524 nus
603 2469 906 2526 Saxoniam
957 2471 1419 2530 alluit—totam
1455 2479 1736 2532 Saxonum
1789 2483 2019 2547 gentem
2057 2479 2110 2535 in

460 2554 812 2614 deditionem
834 2559 1511 2634 perobsidesaccepit,et
1527 2565 1596 2619 ad
1615 2565 1892 2636 palatium
1911 2567 2112 2637 Aquis-

450 2645 616 2713 grani
650 2660 980 2716 regressus,
1021 2649 1320 2706 Abdellam
1357 2651 1758 2723 Sarraeenum,
1797 2655 1975 2711 filium
2002 2655 2110 2720 lbi_

453 2746 674 2803 maugze
703 2735 875 2804 regis,
903 2751 931 2790 a
961 2736 1140 2794 fratre
1163 2737 1466 2810 depulsum
1495 2741 1724 2812 sibique
1745 2757 1807 2797 se
1826 2757 2111 2798 commen-

452 2819 685 2878 dantem
721 2825 1002 2897 suscepit.
1050 2826 1195 2883 llluc
1224 2833 1280 2882 et
1317 2828 1549 2898 legatus
1577 2831 1810 2901 Nicetm,
1843 2831 1936 2902 qui
1968 2836 2107 2888 tunc

451 2909 703 2968 Siciliam
739 2914 1002 2984 regebat,
1038 2916 1219 2988 venit,
1259 2909 1499 2988 portans
1528 2919 1834 2990 epistolam
1865 2920 2110 2992 impera-

449 2999 599 3054 toris
625 3001 1012 3058 Constantini.
1043 3003 1222 3070 Quem
1256 3006 1560 3074 magnifice
1601 3007 1950 3079 suscipiens,
1977 3013 2106 3080 post

447 3101 665 3158 paucos
699 3089 826 3146 dies
891 3091 1171 3148 absolvit.
1213 3093 1498 3151 Mediante
1527 3100 1718 3152 autem
1775 3112 1974 3152 mense
2004 3099 2110 3154 NO'

446 3177 706 3246 vembre,
749 3179 818 3234 ad
870 3179 1290 3237 hibernandum
1325 3197 1452 3238 eum
1487 3185 1751 3240 exercitu
1802 3186 2103 3242 Saxoniam

447 3263 712 3336 intravit,
749 3269 1080 3339 posrtisque
1127 3269 1342 3326 castris
1373 3270 1525 3342 apud
1569 3273 1878 3344 Wisaram,
1918 3273 2102 3330 locum

443 3357 774 3410 castrorum
811 3355 1065 3411 Heristal
1097 3357 1504 3427 voearijussit.
1532 3358 1674 3416 Illuc
1708 3360 1881 3429 legati
1914 3363 2104 3419 Huno-

447 3453 576 3494 rum
605 3455 732 3497 cum
759 3443 980 3512 magnis
1013 3445 1350 3502 muneribus
1379 3453 1682 3518 venerunt,
1713 3449 1959 3520 indeque
1994 3451 2104 3506 Ab-

449 3525 660 3583 dellam
695 3530 1073 3587 Sarraeenum
1105 3548 1232 3589 cum
1284 3533 1402 3588 fllio
1441 3549 1548 3590 suo
1579 3535 1889 3592 Ludewico
1923 3537 1977 3592 in
2010 3540 2101 3594 Hi-

447 3615 682 3686 spanias
720 3619 937 3674 reverti
974 3620 1129 3690 fecit,
1175 3620 1479 3693 Pippinum
1513 3622 1568 3678 in
1602 3623 1821 3680 Italiam
1857 3627 2098 3696 remisit,

448 3703 570 3774 ipse
602 3719 739 3762 vero
771 3705 842 3762 ad
873 3707 1294 3779 disponendam
1329 3711 1631 3767 Saxoniam
1677 3717 1861 3770 totum
1894 3713 2101 3773 hiemis

448 3798 676 3864 tempus
702 3795 1062 3867 impendens,
1081 3797 1272 3854 natale
1295 3799 1515 3856 Domini
1542 3806 1597 3856 et
1623 3801 1832 3872 pascha
1855 3817 2102 3874 sequen-

444 3879 524 3935 tis
557 3883 687 3937 anni
723 3883 798 3938 ibi
834 3883 1173 3943 celebravit.

513 3973 598 4026 30.
635 3971 722 4037 (Α.
750 3974 994 4030 Eis-met
1017 3977 1226 4048 Laur.)
1260 3979 1324 4032 A.
1350 3977 1412 4031 D.
1444 3979 1567 4033 798.
1603 3978 1862 4035 Saxones
1895 3981 2098 4037 Trans-

443 4056 680 4129 albiani,
712 4061 999 4120 seditione
1031 4068 1341 4134 commota,
1366 4065 1592 4135 legatos
1625 4067 1795 4136 regis,
1832 4068 1928 4138 qul
1955 4073 2098 4126 tunc

449 4144 522 4200 ad
551 4147 842 4204 faciendas
861 4150 1134 4220 justicias
1152 4153 1309 4208 mi~'si
1327 4161 1482 4222 sunt,
1505 4156 2093 4229 eomprehendentes,

445 4233 595 4290 alios
629 4237 952 4310 trucidant,
1002 4240 1245 4297 alios‘ad
1281 4241 1678 4299 redimendum
1709 4251 2088 4302 conservant.

449 4322 611 4378 Unde
661 4339 784 4395 rex,
819 4327 1066 4384 collecto
1098 4328 1362 4385 exercitu
1406 4328 1516 4400 “‘7,
1550 4330 1621 4386 ad
1654 4330 1842 4388 locum
1875 4334 1971 4404 qui
2006 4335 2100 4390 Mi-

443 4410 578 4466 nida
633 4413 851 4472 dicitur
911 4417 1192 4488 perrexit,
1251 4417 1567 4489 habitoque
1595 4421 1857 4492 consilio,
1917 4426 2097 4480 totam

450 4499 754 4558 Saxoniam
791 4504 942 4559 inter
975 4505 1198 4560 Albiam
1221 4509 1278 4562 et
1301 4506 1581 4562 Wisaram
1616 4509 1946 4580 populando
1972 4527 2102 4583 per-

2138 3233 2186 3294 Ο

2217 629 2458 684 regnum
2493 615 2616 671 sola
2640 621 2841 672 tenere
2870 615 3193 672 contendit.
3216 616 3307 685 (Α.
3347 616 3520 672 Eme.
3557 619 3619 670 et
3655 615 3873 685 Laur.)

2216 703 2336 759 llos
2366 718 2506 774 ergo
2539 703 2764 773 legatos
2807 704 2903 760 ubi
2927 719 3031 760 rex
3058 703 3310 760 absolvit
3366 707 3662 760 venerunt
3691 703 3767 760 de
3791 705 3880 760 Hi-

2217 792 2416 863 Spania
2442 791 2618 862 legati
2636 793 2947 850 lladefonsi
2967 793 3122 862 regis
3135 791 3368 849 Galieize
3389 797 3448 848 et
3476 792 3761 860 Asturim,
3782 793 3882 848 Ba-

2218 881 2471 952 syliseus
2502 887 2561 938 et
2593 881 2780 952 Froia,
2833 881 3167 938 deferentes
3201 896 3460 952 munera,
3505 896 3641 951 quae
3673 880 3777 937 ille
3809 881 3879 937 de

2219 970 2524 1040 manubiis,
2563 985 2708 1042 quas
2739 970 2928 1027 victor
2969 969 3122 1043 apud
3155 971 3562 1041 Olisiponiam,
3605 969 3876 1026 ultimam

2219 1057 2505 1128 Hispania)
2529 1058 2848 1126 civitatem,
2875 1074 2904 1113 a
2931 1073 2989 1114 sc
3013 1064 3428 1130 expugnatam,
3453 1065 3727 1130 ceperat,
3749 1059 3878 1114 mit-

2222 1150 2345 1202 tere
2369 1147 2490 1216 regi
2516 1147 2765 1216 curavit,
2787 1148 3015 1202 Mauros
3035 1147 3312 1202 videlicet
3325 1153 3550 1218 septem
3577 1163 3717 1204 eum
3747 1148 3878 1204 toti-

2222 1235 2348 1290 dem
2367 1235 2540 1291 mulis
2553 1240 2728 1306 atque
2743 1234 2963 1290 loricis.
2992 1236 3148 1302 Quos
3162 1240 3220 1290 ct
3243 1236 3488 1306 benigne
3505 1236 3805 1307 suscepit,
3819 1242 3877 1293 et

2220 1322 2541 1379 honorifice
2600 1328 3002 1380 remuneratos
3059 1323 3295 1380 dimisit.
3329 1356 3398 1365 ——
3430 1324 3532 1393 (Η.
3567 1326 3678 1396 m.)
3733 1325 3877 1380 Con-

2221 1412 2516 1469 stantinus
2546 1412 2638 1446 ¹¹⁵⁰
2688 1413 3026 1484 imperator,
3072 1412 3224 1468 filius
3269 1413 3474 1469 Leonis
3503 1417 3564 1468 et
3618 1415 3872 1484 Hyrene,

2219 1506 2527 1572 postquam
2576 1506 2836 1558 emeatus
2879 1505 2965 1556 est
3000 1501 3246 1557 consilio
3295 1502 3502 1558 matris
3533 1517 3684 1569 suae,
3741 1506 3872 1573 post

2220 1590 2396 1647 breve
2420 1595 2650 1662 tempus
2669 1591 2836 1661 obiit,
2863 1591 2944 1646 sic
2955 1606 3064 1661 quc
3083 1589 3350 1646 matcrde
3365 1594 3570 1646 cetero
3585 1605 3700 1662 per
3712 1589 3866 1662 quin.

2219 1693 2328 1749 que
2362 1694 2541 1736 annos
2575 1679 2902 1752 imperavit.
2939 1680 3301 1736 Obscuratus
3328 1685 3419 1734 est
3446 1683 3648 1735 autem
3685 1679 3774 1736 sol
3805 1693 3870 1734 eo

2221 1771 2482 1840 tempore
2517 1783 2620 1840 per
2669 1769 2794 1824 dies
2824 1774 2911 1838 17,
2965 1768 3044 1824 ita
3092 1773 3152 1824 ut
3211 1768 3562 1824 oberrarent
3602 1781 3788 1824 naves
3819 1768 3869 1823 in

2135 1881 2190 1941 Β
2221 1857 2385 1927 mari,
2420 1861 2475 1912 et
2499 1871 2700 1914 omnes
2724 1856 3004 1927 dicerent,
3036 1855 3190 1928 quod
3225 1860 3466 1928 propter
3488 1856 3869 1929 imperatoris

2221 1947 2678 2002 obemcationem
2711 1947 2797 2003 sol
2825 1947 3179 2002 obscuratus
3211 1945 3307 2002 sit.

2293 2040 2378 2091 3t.
2435 2036 2619 2104 (Ema.
2652 2036 2748 2107 A.)
2783 2038 2845 2090 Α.
2879 2037 2940 2090 D.
2995 2037 3116 2091 799.
3154 2036 3266 2090 Leo
3321 2048 3467 2106 papa
3500 2049 3532 2089 a
3593 2034 3872 2091 Romanis

2221 2131 2556 2180 excmcatus
2573 2128 2684 2180 est.
2709 2124 2979 2180 Romanis
3008 2123 3158 2180 enim
3187 2124 3241 2178 in
3272 2137 3375 2179 sua
3399 2122 3732 2180 securitate
3752 2123 3874 2194 glo-

2223 2213 2528 2280 riantibus,
2546 2213 2799 2270 levatum
2823 2217 2914 2270 est
2937 2229 3037 2270 eor
3055 2227 3256 2269 eorum
3283 2213 3610 2269 secundum
3627 2227 3868 2270 consue-

2222 2302 2481 2358 tudinem
2514 2301 2766 2370 illorum,
2821 2301 3252 2372 volueruntque
3282 2316 3348 2359 ea
3382 2315 3510 2372 quae
3547 2301 3866 2372 imperialis

2222 2395 2388 2446 erant
2424 2391 2736 2462 potestatis
2771 2391 2878 2446 sibi
2911 2390 3242 2445 vendicare.
3271 2389 3371 2458 (Η.
3396 2393 3499 2461 m).
3531 2390 3865 2446 Resistente

2221 2483 2415 2534 autem
2455 2479 2639 2534 Leone
2671 2492 2839 2549 papa,
2875 2477 3105 2548 quidam
3135 2493 3204 2533 ex
3233 2477 3500 2547 cognatis
3531 2477 3726 2533 beatae
3760 2492 3864 2533 me-

2213 2567 2419 2622 moriae
2438 2566 2670 2622 Adriani
2691 2582 2850 2638 papa)
2867 2565 3219 2622 sedicionem
3237 2569 3542 2621 moventes
3559 2565 3616 2620 in
3634 2565 3859 2637 populo,

2220 2656 2667 2712 concitaverunt
2693 2668 2824 2710 eum
2857 2654 3142 2710 adversus
3187 2668 3421 2725 papam.
3452 2653 3550 2724 (Α.
3593 2654 3775 2709 Laur.
3807 2661 3864 2710 et

2220 2745 2410 2813 Ersa.)
2447 2744 2602 2799 Unde
2631 2745 2844 2799 factum
2875 2747 2985 2811 est,
3021 2746 3082 2798 ut
3114 2742 3169 2797 in
3209 2741 3423 2798 letania
3456 2743 3700 2812 majore,
3741 2757 3860 2798 cum

2222 2846 2608 2904 processurus
2631 2831 2701 2886 de
2723 2831 3042 2900 Lateranis,
3069 2830 3138 2885 ad
3161 2829 3490 2887 :eeelesiam
3513 2829 3708 2884 sancti
3735 2829 3864 2885 Lau-

2219 2920 2389 2976 rentii
2416 2935 2544 2991 quae
2567 2919 2638 2975 ad
2670 2917 3018 2975 Craticulam
3053 2923 3294 2974 vocatur
3317 2933 3468 2988 equo
3499 2918 3720 2973 sedens
3744 2934 3866 2990 per.

2216 3012 2402 3078 geret,
2437 3007 2681 3064 insidias
2713 3022 2742 3063 a
2783 3006 3055 3064 Romanis
3085 3005 3403 3078 dispositas
3425 3005 3599 3076 juxta
3629 3006 3864 3063 eandem

2217 3096 2542 3152 meolesiam
2575 3095 2774 3151 incidit
2804 3113 2818 3163 ;
2852 3094 3233 3166 dejeetusque
3265 3093 3334 3150 de
3366 3107 3542 3166 equo,
3587 3099 3649 3150 et
3679 3097 3865 3152 erutis

2217 3185 2404 3242 oculis
2425 3185 2568 3254 ejus,
2617 3187 2676 3240 ut
2701 3184 2810 3240 sibi
2842 3184 3028 3240 visum
3055 3187 3168 3253 est,
3193 3182 3509 3254 linguaque
3541 3187 3863 3255 amputata,

2218 3273 2408 3330 nudus
2441 3271 2509 3328 ad
2544 3271 2858 3329 semivivus
2891 3271 2946 3326 in
2983 3270 3167 3326 media
3201 3269 3394 3342 platea
3427 3269 3716 3328 dimissus
3743 3276 3858 3328 est.

2216 3361 2394 3430 (Man.
2428 3363 2620 3433 Sang.
2661 3362 2849 3429 1,26.)
2895 3357 3136 3426 Quidam
3187 3363 3379 3416 autem
3431 3358 3662 3429 dicunt,
3712 3360 3862 3431 quod

2216 3465 2388 3506 unum
2441 3454 2664 3506 tantum
2705 3447 2937 3505 oculum
2958 3447 3067 3505 sibi
3097 3451 3394 3516 eruerent,
3425 3445 3524 3503 alii
3558 3462 3702 3506 vero
3729 3463 3866 3504 neu-

2214 3544 2388 3608 trum,
2415 3538 2514 3594 sed
2541 3537 2722 3593 rasori
2733 3537 2781 3593 is
2793 3552 2897 3608 per
2921 3535 3144 3591 medios
3162 3534 3368 3591 oculos
3388 3535 3742 3604 inciderent,
3757 3550 3860 3592 nec

2211 3632 2402 3683 tamen
2431 3627 2620 3683 visum
2670 3626 2994 3682 auferrent.
3036 3623 3221 3693 (Em.
3273 3625 3370 3694 Α.)
3419 3623 3645 3678 Deinde
3689 3623 3856 3694 jussu

2210 3730 2434 3783 eorum,
2467 3713 2563 3784 qui
2607 3713 2779 3783 hujus
2816 3711 3093 3767 facinoris
3125 3715 3400 3766 auctores
3429 3715 3624 3779 erant,
3661 3709 3718 3766 in
3747 3725 3860 3766 mo-

2210 3803 2529 3860 nasterium
2559 3801 2743 3858 sancti
2795 3799 3054 3856 Herasmi
3101 3799 3376 3869 martyris
3430 3798 3676 3868 missus,
3709 3797 3859 3855 Albi-

2210 3893 2264 3948 ni
2296 3890 2386 3924 ¹ί⁸¹
2416 3890 2718 3962 cujusdam
2776 3887 3122 3946 cubicularii
3177 3885 3266 3943 sui
3323 3902 3462 3942 cura
3518 3891 3704 3944 noctu
3758 3900 3857 3959 per

2209 3995 2433 4037 murum
2467 3978 2776 4048 demissus,
2813 3991 2844 4032 a
2886 3975 3166 4046 Winigiso
3201 3975 3349 4032 duce
3397 3973 3731 4046 Spolitano,
3761 3975 3852 4047 qui

2209 4069 2409 4126 audito
2437 4065 2768 4138 hujusmodi
2789 4065 3046 4121 facinore
3069 4065 3302 4120 Romam
3330 4063 3585 4120 festinus
3615 4065 3853 4120 advene-

2209 4162 2319 4227 rat,
2355 4160 2665 4228 susceptus
2697 4169 2762 4211 ac
2785 4152 3081 4224 Spoletum
3107 4152 3396 4209 deductus
3424 4157 3535 4208 est.
3577 4153 3756 4222 Cujus
3774 4153 3848 4208 rei

2208 4246 2480 4305 nuncium
2514 4244 2647 4300 dum
2681 4257 2782 4298 rex
2814 4241 3164 4313 accepisset,
3199 4240 3388 4312 ipsum
3423 4239 3666 4311 quidem
3701 4241 3846 4298 utvi-

2207 4335 2428 4392 earium
2459 4331 2643 4389 sancti
2665 4331 2822 4386 Petri
2867 4345 2994 4385 eum
3030 4343 3255 4385 summo
3285 4329 3506 4384 honore
3532 4327 3607 4384 ad
3641 4343 3708 4386 se
3735 4343 3846 4402 pre-

2209 4423 2363 4496 cepit
2395 4419 2626 4490 adduci,
2668 4419 2780 4474 iter
2814 4424 3001 4474 tamen
3047 4431 3236 4486 suum,
3269 4417 3426 4487 quod
3455 4416 3512 4472 in
3548 4418 3843 4475 Saxoniam

2211 4511 2606 4583 disposuerat,
2623 4522 2734 4563 non
2759 4505 3091 4562 intermisit.
3111 4505 3318 4560 Habito
3341 4504 3542 4576 itaque
3564 4510 3843 4563 conventu

452 4590 700 4658 agravit.
727 4591 1122 4648 Transalbiani
1148 4592 1237 4627 ¹¹⁴⁸
1254 4609 1392 4651 vero
1415 4597 1691 4668 superbia
1708 4597 1868 4668 elati,
1893 4605 2097 4658 contra
2128 4589 2181 4648 D
2213 4613 2386 4671 super
2403 4598 2662 4653 Rhenum
2696 4595 2750 4650 in
2784 4594 2910 4650 loco
2932 4595 3027 4664 qui
3053 4593 3271 4648 dicitur
3294 4592 3637 4664 Lippehein,
3670 4598 3846 4651 trans-

459 4677 780 4734 Abodritos
810 4680 931 4749 regi
957 4695 1187 4752 semper
1211 4681 1413 4739 fideles
1435 4698 1590 4740 arma
1615 4685 1968 4757 corripiunt;
1995 4690 2096 4746 sed

455 4765 573 4822 dux
603 4781 804 4823 eorum
855 4768 1150 4840 Thrasico,
1211 4772 1520 4828 commisso
1581 4787 1708 4830 eum
1739 4775 1826 4830 eis
1876 4777 2096 4848 praelia,

441 4857 594 4911 6000
626 4870 696 4910 ex
727 4856 813 4912 cis
837 4858 1183 4930 occiditu",
1212 4860 1469 4931 reliquos
1490 4863 1744 4933 turpiter
1771 4865 2001 4934 fugatos
2037 4859 2098 4923 ιιι

446 4943 572 5013 regi
610 4958 674 5000 se
707 4945 988 5002 dederent
1009 4949 1220 5018 coegit.
1258 4952 1330 5005 At
1361 4965 1460 5005 rex
1490 4950 1544 5006 in
1579 4951 1873 5008 Franciam
1905 4968 2099 5011 rever-

451 5047 576 5104 sus,
604 5035 700 5092 ubi
733 5036 798 5091 ad
830 5039 1190 5110 Aquasgrani
1216 5040 1393 5110 venit,
1421 5040 1626 5097 missos
1651 5044 1891 5113 llyrenze
1921 5043 2097 5117 impe-

450 5123 691 5180 ratricis
721 5124 792 5181 de
824 5141 962 5193 pace
992 5132 1232 5198 agentes
1261 5129 1520 5196 audivit;
1569 5130 1736 5200 cujus
1770 5130 1922 5188 filius
1953 5135 2096 5191 Con-

447 5212 751 5270 stantinus
778 5216 1238 5272 obiusolentiam
1265 5233 1488 5275 morum
1521 5233 1550 5274 a
1586 5220 1709 5276 suis
1736 5226 1965 5293 captus,
1999 5236 2096 5278 ex-

437 5303 713 5358 caecatus
735 5307 848 5375 est,
871 5304 986 5374 vel,
1002 5309 1065 5361 ut
1087 5304 1320 5376 quidam
1344 5307 1543 5364 verius
1569 5309 1939 5379 fatentur(H.
1964 5311 2090 5384 m.),

2213 4687 2466 4757 fretavit,
2493 4689 2552 4742 ct
2575 4683 2643 4739 ad
2671 4683 3140 4738 Paderbrunnem
3166 4679 3256 4714 ηδ’
3276 4681 3538 4752 veniens,
3559 4682 3844 4752 pontificis

2209 4776 2519 4833 adventum
2536 4771 2612 4828 ibi
2636 4770 3018 4842 exspectavit.
3037 4769 3192 4824 Misit
3210 4773 3401 4825 autem
3428 4769 3661 4826 interea
3686 4772 3842 4827 Karo-

2207 4864 2322 4921 lum
2357 4862 2534 4920 filium
2579 4875 2745 4918 suum
2777 4857 2846 4914 ad
2880 4858 3070 4914 Albim
3101 4873 3230 4914 cum
3281 4857 3574 4927 exercitu,
3613 4865 3840 4932 propter

2207 4947 2858 5024 quaedamnegotiacum
2881 4945 3155 5002 Wilziset
3196 4945 3501 5002 Abodritis
3545 4945 3838 5020 disponen-

2205 5042 2360 5110 da,ct
2377 5054 2505 5096 cum
2519 5038 2645 5108 ejus
2661 5034 2911 5092 reditum
2927 5033 3282 5106 expectavit,
3295 5034 3558 5106 pontifex
3569 5037 3838 5104 venit,su-

2205 5131 2562 5202 sceptusquc
2585 5126 2657 5181 ab
2679 5139 2746 5181 eo
2771 5121 3111 5191 honorifice,
3138 5121 3344 5177 mansit
3383 5123 3540 5194 apud
3562 5138 3694 5180 eum
3727 5125 3836 5180 dies

2203 5219 2448 5290 aliquot,
2465 5213 2864 5283 intimatisque
2889 5212 3009 5281 regi
3035 5210 3305 5267 omnibus
3325 5215 3572 5282 propter
3596 5226 3724 5284 quae
3754 5226 3835 5268 ve-

2203 5312 2390 5376 nerat,
2417 5319 2520 5378 per
2541 5302 2770 5374 legatos
2794 5299 2950 5371 regis
2969 5314 3099 5357 cum
3124 5299 3343 5355 honore
3365 5299 3652 5357 reductus
3675 5306 3830 5372 atque

1793 5440 2032 5497 VARIE
2075 5438 2474 5497 LECTIONES.

505 5536 749 5620 “(ﬂLeo
781 5543 1291 5620 -__i_mperator_em
1316 5545 1392 5620 in
1414 5547 1534 5620 loco
1559 5552 1777 5620 meet.
1827 5545 1918 5620 ηιξ
1947 5546 2282 5620 optimabus
2311 5550 2370 5602 1.
2414 5542 2510 5620 δικ
2538 5540 2833 5620 heinric‘u‘s
2857 5539 2942 5620 εδ.
2963 5540 3031 5620 ,4.
3050 5542 3144 5620 ρο.
3187 5541 3280 5620 11.
3329 5535 3746 5620 “‘"exereiturn
3762 5543 3820 5620 Δ1..

429 5609 505 5689 ξιξ
527 5609 781 5689 ﬁdem.
831 5613 936 5689 _“"
960 5607 1425 5689 transalbaniani
1458 5620 1626 5689 1__l_)1.
1673 5617 1765 5652 ‘1"
1793 5607 2022 5689 oecisit,
2055 5617 2262 5676 littora
2291 5631 2319 5674 ε
2347 5614 2578 5674 adrasa
2608 5617 2663 5670 1.
2731 5610 2822 5644 ¹¹⁸⁰
2854 5612 2918 5668 C.
2961 5610 3001 5666 i.
3045 5609 3081 5666 f.
3113 5610 3180 5668 in
3212 5607 3332 5668 loco
3359 5621 3500 5667 raso
3532 5615 3589 5668 1.
3635 5608 3722 5645 ιω
3749 5611 3830 5668 ΔΙ-

436 5677 560 5734 bini
591 5707 662 5722 κ-
693 5682 982 5742 demissus
1013 5685 1231 5743 desunt
1256 5687 1325 5740 Ι).
1365 5689 1432 5742 E.
1483 5687 1574 5722 ¹¹⁸²
1603 5690 1668 5746 in
1701 5690 1820 5746 loco
1845 5701 1986 5745 raso
2007 5677 2075 5746 '1.
