3952 6316
81 258 213 320 865

982 258 1425 324 CHRONICA.
1459 298 1536 308 .-
1566 258 2043 325 CHRONICON
2092 238 2629 331 UNIVEHSALE.

3403 280 3521 339 866

88 394 152 451 in
182 393 391 453 locum
416 411 586 453 suum
617 400 706 453 est
738 396 1072 453 restitutus.
1096 428 1165 436 —
1188 395 1277 467 (Α.
1301 396 1508 469 Lawr.)
1540 395 1751 453 Eodem
1785 396 1839 456 A
1871 401 2033 454 rator
2069 403 2127 454 et
2178 406 2464 471 augustus
2497 404 2823 475 appellatus
2852 409 3115 464 est.Post
3148 424 3367 480 paucos
3396 411 3520 468 dies

97 497 256 540 anno
273 485 521 555 Avares,
558 484 653 556 qui
685 489 741 540 et
776 486 942 555 Huni,
971 502 1000 542 a
1032 484 1141 541 fide
1162 501 1331 557 quam
1364 485 1757 558 promiserant

100 572 476 644 defecerunt,
511 579 571 629 et
595 573 879 630 Geroldus
920 575 1312 630 Bawariorum
1342 577 1635 646 prefectus
1665 589 1765 646 pu-

98 674 294 731 gnans
326 663 540 717 contra
573 674 693 731 eos,
726 660 781 716 in
814 660 1379 732 praeliointerfcctus
1401 666 1509 717 est.
1548 664 1570 686 ‘

252 750 278 774 ‘
322 749 389 804 D.
425 749 486 805 E.
506 749 756 806 addunt:
774 748 844 805 dc
877 764 990 820 quo
1008 749 1288 806 invisione
1320 783 1386 791 —
1442 750 1536 806 sit.
1591 764 1666 806 ea:
1693 750 1774 807 Si-

351 820 483 890 geb.
519 834 573 877 α.
600 824 729 875 800.

179 912 272 964 32.
316 908 723 980 (Emu.A.)A.
781 910 850 964 D.
900 912 1022 965 800.
1072 909 1315 965 Karolus
1337 925 1434 967 rex
1482 912 1769 966 Turonum

102 1010 566 1069 pergenscausa
618 997 925 1066 orationis,
980 1003 1242 1054 moratus
1296 1004 1389 1053 est
1420 999 1495 1053 ibi
1547 998 1767 1069 aliquot

103 1085 328 1142 diebus
363 1085 926 1158 propteradversam
960 1086 1339 1143 valitudinem
1372 1086 1618 1143 dominae
1643 1087 1770 1143 Lui-

105 1174 345 1244 tgardae
367 1173 635 1244 conjugis
657 1188 798 1243 suae,
825 1178 1000 1244 qua}?
1024 1176 1214 1231 Nonas
1241 1175 1395 1231 Junii
1428 1175 1641 1231 ibidem
1675 1175 1771 1230 de-

106 1263 322 1320 functa
350 1266 412 1318 et
434 1264 668 1319 humata
705 1263 1031 1319 est.Mense
1054 1268 1244 1320 autem
1272 1265 1536 1333 Augusto
1576 1263 1770 1319 incho-

108 1355 276 1421 ante,
310 1350 743 1420 Mogontiacum
778 1351 1037 1420 vcniens,
1098 1353 1209 1406 iter
1250 1352 1303 1406 in
1357 1352 1579 1407 Italiam
1634 1367 1771 1408 con-

106 1438 401 1509 dixit.(.4.
426 1441 635 1511 Later.)
663 1441 764 1496 Cui
798 1440 1035 1495 Romam
1059 1441 1343 1510 tendenti,
1377 1442 1565 1511 pridie
1597 1456 1767 1512 quam

104 1527 331 1584 Urbem
365 1527 615 1584 intraret
638 1529 897 1585 occurrit
929 1529 981 1584 ei
1014 1529 1125 1585 Leo
1155 1544 1301 1600 papa
1343 1530 1494 1601 apud
1526 1531 1768 1586 Nomen-

106 1622 240 1673 tum
275 1620 372 1672 120
402 1616 597 1689 lapide
628 1618 699 1673 ab
734 1619 906 1687 Urbe,
942 1618 1354 1689 prandensque
1384 1634 1513 1675 cum
1570 1634 1656 1689 eo,
1685 1618 1767 1675 di-

105 1705 282 1760 misit
316 1720 444 1762 eum
467 1706 545 1761 ibi
570 1709 739 1762 nocte
798 1706 917 1775 illa,
952 1712 1012 1762 et
1059 1708 1343 1778 precessit
1372 1723 1503 1764 eum
1552 1707 1623 1764 ad
1666 1710 1767 1763 Ur-

105 1791 375 1866 bem.(A.
402 1796 558 1850 Emu.
585 1800 643 1850 et
668 1796 827 1851 Laur
866 1796 884 1866 )
918 1797 977 1850 In
1002 1795 1322 1851 crastinum
1364 1811 1503 1852 vero
1535 1797 1766 1853 ordina-

105 1882 193 1938 tis
223 1897 335 1954 per
366 1882 491 1939 loca
515 1893 773 1954 eongru‘a
801 1884 1009 1953 turbis,
1045 1883 1165 1955 ipse
1197 1891 1361 1940 stans
1406 1885 1459 1940 in
1483 1885 1764 1953 gradibus

105 1985 247 2028 cum
271 1972 570 2045 episcopis
600 1978 658 2028 et
683 1972 864 2043 clero,
896 1973 1215 2030 honorifice
1270 1972 1430 2029 illum
1482 1974 1762 2045 suscepit,

106 2058 469 2129 cunctisque
502 2060 912 2131 psallentibus,
936 2061 993 2115 in
1026 2061 1339 2131 basylicam
1387 2062 1575 2118 sancti
1607 2062 1765 2117 Petri

112 2161 251 2204 eum
284 2147 641 2204 introduxit.
682 2151 854 2205 Facta
887 2153 1019 2206 sunt
1073 2157 1264 2207 autem
1288 2151 1413 2207 haec
1442 2150 1478 2205 8
1527 2149 1763 2206 Kalend.

111 2235 389 2291 Decemb.
411 2236 553 2292 Post
578 2241 799 2308 septem
820 2252 959 2294 vero
983 2237 1110 2294 dies
1132 2251 1234 2294 rex
1250 2239 1523 2295 contione
1538 2244 1766 2309 vocata,

115 2323 394 2381 omnibus
421 2339 528 2380 cur
559 2326 812 2383 venisset
854 2327 1154 2398 patefecn,
1193 2327 1347 2382 inter
1380 2340 1508 2397 quae
1540 2327 1773 2398 potissi-

114 2425 279 2469 mum
292 2416 419 2468 erat
435 2413 508 2468 de
531 2410 923 2471 discutiendis
946 2428 1075 2486 quas
1103 2415 1331 2484 objecta
1348 2421 1485 2471 sunt
1507 2415 1771 2486 pontifici

114 2498 489 2556 criminibus.
527 2501 596 2556 Ut
618 2502 769 2557 enim
793 2517 855 2558 se
917 2503 1081 2573 quasi
1122 2503 1520 2559 abSJIutiores
1572 2502 1774 2560 redde-

117 2592 254 2642 rent
287 2586 416 2657 ejus
448 2588 920 2661 calumniatores,
981 2591 1411 2648 mortiferumei
1434 2592 1654 2655 crimen
1676 2592 1774 2647 im-

116 2683 467 2746 posuerunt.
496 2677 649 2748 Rege
684 2686 877 2735 autem
925 2680 996 2736 de
1056 2680 1166 2736 hoc
1234 2680 1587 2751 inquirente,
1642 2695 1772 2737 cum

116 2763 321 2820 nullus
349 2768 508 2821 esset
530 2765 790 2823 criminis
819 2768 1122 2839 probator,
1151 2769 1435 2839 pontifex,
1472 2773 1772 2840 assumpto

116 2851 612 2925 evangeliitextu,
647 2870 841 2912 coram
876 2870 1013 2927 rege
1044 2861 1102 2913 et
1135 2857 1287 2912 omni
1327 2856 1541 2929 populo
1582 2858 1775 2913 ambo-

117 2954 255 2998 nem
286 2943 651 3015 conscendit,
678 2945 1161 3017 asstantibusque
1192 2946 1648 3017 incusatoribus,
1695 2946 1777 3002 in-

118 3035 335 3088 vocato
358 3036 576 3088 sanctae
597 3033 898 3090 Trinitatis
932 3034 1183 3105 nomine,
1220 3035 1292 3092 ab
1319 3035 1570 3106 objectis
1595 3049 1659 3092 se
1682 3049 1777 3091 ex-

122 3120 423 3192 purgavit.

202 3208 517 3279 Hucusque
569 3209 888 3267 Romanum
941 3212 1245 3285 imperium
1306 3227 1336 3268 a
1417 3214 1779 3286 temporibus

128 3296 498 3352 Constantini
525 3298 731 3370 Magni,
773 3299 1009 3356 Helenae
1043 3300 1167 3371 filii,
1194 3300 1347 3371 apud
1372 3301 1780 3358 Constantino-

127 3382 308 3455 polim
341 3382 398 3439 in
433 3386 743 3442 Grecorum
776 3387 1229 3460 imperatoribus
1264 3390 1497 3460 mansit,
1551 3404 1620 3446 ex
1669 3390 1779 3446 hoc

122 3486 253 3528 eam
276 3472 350 3528 ad
385 3486 553 3543 reges
586 3474 757 3531 immo
789 3476 859 3531 ad
883 3477 1272 3549 imperatores
1296 3479 1644 3535 Francorum
1677 3492 1781 3550 per

122 3560 402 3616 Karolum
436 3562 690 3618 transiit.
728 3562 817 3596 1³⁸³

126 3719 137 3730 ,
197 3648 358 3729 Anni.
464 3649 633 3730 Anni-

121 3732 360 3790 imperii
473 3735 635 3790 regni

123 3790 349 3846 Karoli.
462 3790 613 3860 ejus.

202 3885 225 3934 1
454 3883 539 3935 33.
692 3883 853 3937 Anno
877 3880 1177 3938 dominicae
1211 3881 1627 3940 incarnationis
1654 3885 1778 3954 801,

123 3968 199 4023 ab
235 3967 394 4024 Urbe
415 3982 555 4025 vero
574 3970 810 4026 condita
836 3969 1142 4026 millesimo
1158 3970 1531 4038 552,Karolus
1546 3973 1781 4041 Magnus

122 4072 230 4113 rex
262 4059 641 4127 Francorum,
661 4058 887 4130 Pippini
921 4059 1075 4128 regis
1109 4057 1284 4127 illius,
1303 4061 1399 4113 73°
1430 4058 1518 4092 “5‘
1550 4059 1679 4117 loco
1709 4060 1781 4116 ab

118 4149 419 4217 Augusto,
450 4146 836 4203 Romanorum
869 4147 1189 4218 imperator
1237 4154 1619 4204 consecratus
1668 4153 1777 4221 est,

117 4250 283 4291 anno
309 4234 473 4304 regni
494 4235 582 4290 sui
607 4238 723 4305 33°,
747 4236 948 4305 sicque
972 4234 1281 4305 imperavit
1304 4236 1472 4292 annis
1499 4238 1776 4307 14.(Emn.

120 4325 197 4381 Δ.
226 4354 298 4363 -
319 4326 389 4380 Α.
416 4324 596 4381 Laur.
628 4324 718 4394 —)
744 4325 881 4379 Cum
913 4324 1067 4379 enim
1118 4338 1223 4394 pro
1270 4324 1557 4380 calumnia
1609 4324 1780 4381 Leoni

124 4427 307 4485 papae
337 4412 562 4481 ingesta
586 4413 823 4467 Romam
847 4412 1072 4469 veniret
1113 4417 1173 4468 et
1203 4412 1397 4469 natale
1453 4413 1678 4469 Domini
1702 4414 1778 4469 ibi

116 4501 487 4569 celebraret,
513 4500 569 4555 in
590 4500 715 4572 ipsa
761 4500 852 4555 die
904 4499 1303 4556 sacratissima
1336 4500 1410 4557 ad
1466 4502 1776 4559 missarum

116 4588 413 4646 solemnia
447 4589 706 4659 veniens,
764 4590 899 4645 dum
946 4593 1080 4645 ante
1138 4589 1563 4647 confessionem
1620 4591 1777 4649 beati

118 4677 289 4733 Petri
339 4677 591 4749 apostoli
622 4677 695 4732 ab
743 4678 1007 4734 oratione
1030 4683 1322 4748 surgeret,
1365 4678 1542 4736 nichil
1589 4681 1780 4739 minus

121 4766 395 4837 speranti
445 4768 557 4822 Leo
590 4781 732 4838 papa
803 4781 1078 4823 coronam
1118 4767 1416 4839 imposuit,
1439 4773 1497 4823 et
1535 4769 1782 4840 impera-

119 4861 318 4911 torem
351 4857 669 4912 Romanum
696 4857 1120 4926 pronunciavit,
1157 4860 1217 4912 ct
1242 4863 1494 4914 acuncto
1526 4860 1781 4916 Romano

127 4943 348 5016 populo
380 4944 762 5001 acclamatum
784 4950 874 5000 est
903 4946 1167 5002 :Karolo
1194 4947 1446 5017 augusto
1469 4961 1508 5003 α
1545 4949 1665 5004 Deo
1695 4962 1783 5005 co-

121 5036 359 5105 ronato,
388 5046 610 5104 magno
631 5033 689 5088 et
708 5033 960 5105 paciﬁca
976 5034 1325 5105 imperalori
1357 5037 1777 5109 Romanorum,

126 5122 339 5181 vitaet
361 5121 641 5179 victoria.
678 5121 864 5193 (Eme.
896 5123 1004 5193 Α.)
1057 5124 1196 5179 Post
1225 5136 1370 5194 quas
1427 5121 1631 5181 laudes
1685 5141 1786 5183 un-

129 5214 264 5268 ctus
312 5211 383 5266 ab
433 5208 780 5283 apostolico,
849 5214 906 5266 et
952 5211 1323 5282 antiquorum
1366 5227 1525 5269 more
1576 5213 1787 5284 princi-

135 5312 265 5369 pum
289 5300 361 5356 ab
389 5313 461 5357 eo
493 5297 801 5371 adoratus,
833 5298 1030 5358 ablato
1060 5299 1289 5372 patricii
1322 5301 1571 5372 nomine,
1608 5302 1786 5375 impe-

1808 4459 1864 4520 D

1874 486 2070 543 habita
2097 490 2402 559 questione
2446 492 2517 547 de
2572 493 2924 551 adversariis
2959 510 3142 567 papas,
3200 500 3517 556 secundum

1876 575 2062 645 legem
2083 578 2392 634 Romanam
2426 587 2489 635 ut
2520 582 2842 652 majestatis
2864 583 2945 639 rei
3003 582 3378 641 decollationi
3427 587 3527 642 ad-

1873 665 2119 735 judicati
2152 671 2307 722 sunt.
2344 668 2456 724 Pro
2488 669 2701 739 quibus
2735 675 2923 727 tamen
2958 686 3106 744 papa
3165 673 3258 745 pio
3308 674 3519 731 affectu

1882 753 2241 821 intercessit;
2266 770 2394 811 nam
2427 760 2482 812 et
2524 758 2641 813 vita
2671 764 2728 815 et
2778 762 3168 818 membrorum
3211 762 3520 832 integritas

1881 843 2383 915 eisconcessaest,
2409 850 2668 904 ceterum
2695 864 2797 920 pro
2816 850 3090 907 facinoris
3122 851 3520 922 magnitudine

1880 933 2054 989 exilio
2084 934 2377 1006 deportati
2404 942 2557 993 sunt.
2581 937 2823 1004 Quidam
2854 944 3048 996 autem
3083 940 3283 997 dicunt
3333 940 3514 1011 (Man.

1878 1022 2068 1093 Sang.
2107 1039 2142 1094 ι,
2173 1026 2286 1097 26,)
2311 1025 2464 1095 quod
2496 1026 2567 1081 de
2613 1026 2935 1097 majoribus
2961 1043 3160 1085 eorum
3202 1045 3316 1086 uno
3348 1029 3440 1087 die
3466 1030 3518 1085 in

1883 1110 2255 1167 Lateranensi
2287 1112 2596 1185 “"campo
2618 1116 2867 1171 trecenti
2893 1116 3164 1173 decollati
3190 1119 3519 1174 sunt.Inno-

1880 1199 2128 1255 centiam
2152 1215 2290 1256 vero
2317 1202 2470 1257 beati
2493 1202 2699 1259 Leonis
2716 1219 2878 1276 papas
2902 1205 2978 1261 ita
3021 1205 3293 1263 Dominus
3315 1222 3521 1279 appro-

1881 1286 2057 1358 bavit,
2093 1293 2154 1344 ut
2175 1289 2458 1346 clariores
2502 1296 2698 1362 postea
2730 1293 2930 1349 oculos
2950 1294 3001 1350 ei
3027 1294 3328 1351 donaverit
3366 1313 3381 1363 ;
3414 1294 3513 1352 sed

1880 1376 1934 1430 in
1966 1376 2190 1445 signum
2222 1378 2459 1435 virtutis
2513 1379 2673 1436 illius
2720 1380 3113 1452 pulcherrima
3155 1384 3402 1440 cicatrix
3460 1384 3518 1441 in

1878 1465 2109 1521 modum
2144 1467 2471 1524 tenuissimi
2503 1468 2582 1523 fili
2625 1472 2949 1529 turturinas
2980 1473 3136 1529 acies
3186 1474 3354 1529 niveo
3391 1489 3523 1529 can-

1879 1553 2019 1608 dore
2049 1553 2367 1612 decoravit.
2389 1555 2573 1624 (Envu.
2594 1560 2690 1629 A.)
2713 1560 3010 1617 Ordinatis
3033 1562 3239 1617 deinde
3254 1564 3521 1620 Romana

1882 1642 2044 1697 urbis
2076 1647 2134 1697 et
2164 1643 2473 1714 apostolici
2492 1645 2788 1717 totiusque
2819 1647 2999 1705 Italia)
3024 1665 3133 1705 non
3170 1655 3395 1705 tantum
3418 1666 3520 1721 pu-

1793 1750 1847 1811 B
1881 1729 2070 1802 blicis,
2099 1731 2202 1787 sed
2224 1732 2399 1789 etiam
2431 1735 2866 1793 aacclesiasticis
2904 1743 2960 1793 et
3010 1739 3258 1809 privatis
3318 1740 3514 1809 rebus,

1879 1818 2201 1891 imperator
2232 1825 2264 1877 8
2294 1822 2530 1878 Kalend.
2558 1824 2665 1881 Mai
2686 1826 2920 1882 Romam
2951 1842 3222 1896 egressus
3271 1833 3385 1884 est.
3424 1827 3522 1883 IIic

1877 1914 1966 1965 est
2052 1924 2236 1967 annus
2319 1913 2480 1983 regni
2561 1914 2687 1984 ejus
2752 1918 2897 1986 33‘",
2951 1915 3180 1986 imperii
3225 1931 3364 1972 vero
3404 1916 3521 1986 pri-

1880 2014 2026 2057 mus.

1947 2109 1998 2160 2.
2033 2108 2117 2161 34.
2190 2107 2278 2176 (Α.
2314 2110 2476 2166 Emu.
2542 2116 2599 2165 et
2651 2113 2855 2179 Laur.)
2887 2113 2955 2167 Α.
2999 2114 3057 2166 D.
3122 2114 3244 2179 802,
3297 2115 3523 2182 Hyrene

1881 2194 2222 2265 imperatrix
2245 2196 2315 2253 de
2339 2198 2842 2269 Constantinopoli
2872 2200 3027 2254 misit
3076 2199 3329 2269 legatum
3354 2217 3521 2259 suum

1882 2282 2113 2341 nomine
2145 2283 2387 2341 Leonem
2410 2287 2482 2341 ad
2512 2287 2924 2357 imperatorem
2950 2287 3222 2344 Karolum
3278 2288 3350 2346 de
3383 2304 3522 2362 pace

1884 2370 2160 2428 firmanda
2186 2372 2339 2429 inter
2366 2375 2615 2430 Francos
2645 2379 2702 2431 et
2734 2376 2967 2447 Grecos,
2993 2380 3048 2431 et
3084 2376 3404 2447 imperator
3444 2378 3526 2436 vi-

1883 2458 2079 2515 cissim
2094 2461 2423 2518 misitJesse
2437 2464 2775 2534 episcopum
2794 2464 3231 2519 Ambianensem
3250 2470 3305 2520 et
3337 2465 3525 2522 Helm-

1881 2547 2134 2615 gaudum
2195 2549 2467 2604 comitem
2527 2549 3089 2621 ConstantinOpolim
3160 2565 3263 2621 pro
3318 2552 3519 2608 eadem

1884 2650 2077 2705 causa,
2155 2641 2214 2691 et
2295 2643 2356 2693 ut
2427 2636 2791 2708 postularent
2878 2640 3142 2707 Hyl-enen
3198 2640 3527 2710 imperatri-

1885 2738 2009 2779 cem
2037 2723 2276 2795 (Em),
2300 2731 2362 2781 ut
2386 2724 2831 2795 illijungeretur
2866 2725 2922 2780 in
2953 2727 3240 2795 conjugio.
3298 2727 3434 2793 ρυω
3469 2729 3527 2785 in

1885 2812 1997 2868 hoc
2054 2813 2476 2872 consensisset.
2529 2813 2578 2868 si
2628 2827 2738 2867 non
2791 2813 2999 2869 Accius
3050 2814 3335 2885 patricius
3382 2814 3535 2871 inhi-

1888 2901 2138 2971 buisset,
2166 2902 2471 2973 prevalcns
2502 2906 2561 2956 et
2592 2900 2897 2972 imperium
2947 2906 3002 2956 in
3065 2903 3302 2958 fratrem
3360 2918 3529 2960 suum

1888 2990 2619 3062 Nicephorumtransferre
2636 2976 2945 3060 satagens.
2994 2992 3132 3046 Nam
3173 3005 3302 3047 cum
3343 2991 3532 3049 adhuc

1811 3103 1861 3166 ρ
1890 3082 1946 3134 in
1981 3080 2125 3135 urbe
2153 3082 2344 3135 essent
2380 3078 2553 3148 legati
2578 3076 2792 3148 Karoli,
2816 3077 3182 3150 Nicephorus
3225 3079 3531 3151 imperium

1892 3168 2123 3237 invasit,
2178 3173 2236 3222 et
2301 3169 2565 3238 Hyrenen
2615 3167 2669 3222 in
2698 3167 3130 3238 monasterium,
3185 3169 3338 3239 quod
3405 3168 3533 3239 ipsa

1891 3255 2219 3312 construxit
2248 3255 2303 3309 in
2336 3254 2526 3310 insula
2550 3254 2816 3324 quadam,
2853 3253 3158 3326 relegavit.

1964 3349 2020 3399 3.
2055 3346 2358 3416 33.(E1Nn.
2393 3345 2488 3415 A.)
2523 3346 2585 3398 A.
2622 3344 2685 3399 D.
2724 3347 2846 3400 803.
2902 3345 3278 3415 Imperatoris
3338 3346 3536 3404 Karoli

1893 3432 2067 3504 legati
2102 3433 2171 3488 de
2205 3432 2703 3503 Constantinopoti
2738 3433 2955 3490 reversi
2988 3438 3144 3503 sunt,
3168 3437 3227 3490 et
3249 3442 3538 3494 venerunt

1890 3538 2021 3580 eum
2054 3523 2140 3578 eis
2168 3521 2531 3594 apo‘crisiarii
2580 3521 2908 3594 Nicephori,
2957 3524 3053 3594 qui
3088 3527 3226 3579 tunc
3282 3539 3402 3581 rem
3434 3540 3538 3597 pu-

1896 3610 2103 3667 blicani
2140 3610 2290 3682 apud
2343 3624 2447 3665 eos
2509 3612 2770 3679 regebat,
2806 3610 3084 3667 Michahei
3133 3612 3447 3684 episcopus
3476 3622 3539 3671 et

1896 3700 2108 3755 Petrus
2124 3700 2304 3755 abbas
2327 3702 2387 3754 et
2410 3697 3157 3770 Calistuscandidatus,qui
3187 3700 3538 3758 invenerunt

1896 3789 2309 3859 imperatorem
2340 3787 2396 3841 in
2450 3786 2752 3843 Germania
2799 3802 2973 3858 super
3029 3787 3265 3844 fluvium
3320 3788 3448 3845 Sala
3479 3790 3536 3845 in

1895 3874 2024 3932 loco
2055 3876 2152 3945 qui
2186 3875 2400 3930 dicitur
2422 3874 2572 3943 Salz,
2611 3880 2668 3930 et
2692 3880 2926 3945 pactum
2954 3875 3229 3933 faciendae
3293 3877 3454 3948 pacis
3478 3878 3535 3935 in

1894 3964 2116 4036 scripto
2148 3967 2555 4034 susceperunt,
2583 3963 2833 4034 indeque
2855 3978 2984 4020 cum
3006 3963 3261 4035 epistola
3288 3966 3537 4037 impera-

1897 4052 2044 4109 toris
2067 4053 2303 4108 Romam
2336 4051 2602 4122 ingressi,
2637 4050 2866 4108 domum
2897 4056 3032 4111 sunt
3068 4053 3316 4112 reversi.

1964 4144 2015 4196 4.
2050 4145 2135 4197 36.
2163 4143 2225 4195 A.
2262 4141 2321 4195 D.
2358 4142 2480 4196 804.
2516 4143 2531 4158 ⁶
2556 4141 2880 4213 Imperator
2927 4142 3270 4212 Aquisgrani
3318 4143 3533 4201 hiema-

1895 4232 1996 4302 vit,
2022 4233 2227 4288 wstate
2255 4233 2446 4286 autem
2470 4228 2645 4287 ducto
2670 4230 2937 4289 exercitu
2960 4231 3017 4288 in
3049 4232 3376 4304 Saxoniam,
3410 4246 3532 4291 om-

1894 4335 1995 4376 nes
2025 4320 2121 4391 qui
2144 4324 2309 4375 trans
2325 4317 2548 4375 Albiam
2572 4319 2914 4376 habitabant
2947 4323 3203 4379 Saxones
3245 4337 3375 4380 cum
3414 4337 3537 4381 mu-

1896 4408 2137 4466 lieribus
2167 4413 2227 4464 et
2260 4408 2579 4465 infantibus
2611 4408 2912 4466 transtulit
2944 4409 3410 4483 inFranciam,et
3432 4426 3533 4484 pa-

1894 4512 2001 4568 gos
2021 4495 2468 4554 Transalbianos
2497 4496 2797 4555 Abodritis
2820 4498 3001 4556 dedit.
3034 4531 3103 4540 ——
3153 4501 3365 4557 Eodem
3394 4505 3535 4557 tem-

1896 4602 2038 4660 pore
2062 4587 2395 4645 Gotefridus
2425 4603 2525 4645 rex
2550 4590 2839 4646 Danorum
2890 4588 3047 4646 venit
3076 4604 3207 4645 cum
3256 4587 3444 4645 classe
3472 4595 3537 4646 et

1895 4677 2047 4733 omni
2086 4678 2354 4749 equitatu
2404 4692 2508 4734 suo
2561 4677 2633 4733 ad
2687 4678 2877 4733 locum
2928 4676 3024 4747 qui
3082 4675 3298 4732 dicitur
3356 4675 3539 4733 Sclie-

1896 4767 2111 4840 sdorpb
2142 4766 2232 4799 ‘1“
2255 4767 2311 4822 in
2341 4765 2593 4823 confinio
2617 4766 2778 4835 regni
2809 4766 2900 4822 sui
2925 4770 2980 4820 et
3005 4764 3269 4821 Saxoniaa
3293 4766 3536 4835 ;promi-

1896 4855 2137 4912 sitenim
2162 4870 2224 4911 se
2246 4856 2317 4910 ad
2371 4853 2724 4924 colloquium
2779 4853 3153 4923 imperatoris
3201 4857 3540 4925 venturum,

1896 4944 1996 5003 sed
2024 4943 2269 5001 consilio
2293 4956 2527 5000 suorum
2552 4942 2816 5011 territus,
2852 4940 3094 5012 prepius
3117 4955 3229 4996 non
3257 4941 3534 5014 accessit,

1896 5034 2000 5090 sed
2032 5031 2308 5104 quicquid
2338 5029 2641 5102 voluitper
2664 5029 2891 5100 legatos
2918 5028 3253 5096 mandavit;
3285 5043 3413 5086 nam
3437 5030 3513 5088 im

1898 5126 2135 5195 perator
2167 5135 2345 5193 super
2379 5118 2565 5176 Albim
2595 5118 2831 5177 fluvium
2854 5117 3092 5175 sedebat
3122 5118 3179 5174 in
3227 5118 3356 5177 loco
3405 5118 3540 5177 Hol-

1898 5211 2154 5270 dunsteti
2188 5210 2344 5267 dicto
2375 5209 2471 5281 (cf.
2505 5212 2575 5268 Α.
2615 5210 2795 5267 Law.
2822 5212 2880 5264 et
2901 5208 3064 5265 Emn.
3098 5211 3196 5281 A.)
3224 5240 3294 5250 —
3324 5210 3537 5268 Eadem

1899 5317 2132 5375 quoque
2161 5303 2370 5360 testate
2398 5298 2687 5372 perlatum
2718 5303 2808 5354 est
2838 5297 2909 5354 ad
2948 5298 3384 5370 imperatorem,
3418 5313 3530 5356 san

1487 5419 1732 5478 VARLE
1773 5423 2069 5483 LECTION
2075 5422 2175 5478 ES.

195 5512 286 5551 “"
310 5516 417 5589 E1.
477 5511 1207 5589 agditfigbmmgfncipit
1236 5514 1381 5589 liber
1412 5524 1678 5589 quartus.
1703 5519 1794 5556 ““
1850 5521 2056 5579 LXVII.
2109 5519 2179 5574 D.
2211 5517 2278 5573 E.
2337 5514 2427 5549 1³⁸⁸
2483 5513 2759 5573 lateransi
2821 5518 2868 5571 1.
2923 5510 3013 5547 ““
3062 5509 3157 5570 vel
3209 5510 3539 5573 Slieswich-

133 5587 190 5650 in
210 5586 501 5665 margine
519 5582 618 5640 E1.
653 5582 991 5643 Sclieswicb
1026 5588 1095 5645 in
1121 5582 1289 5646 mm
1317 5588 1416 5647 ΕΞ.
