3952 6316
399 313 514 377 867

1557 291 2035 355 EKKEHARDI
2085 291 2639 356 URAUGIVNSIS

3701 300 3824 362 868

403 449 636 518 guinem
668 439 893 498 Domini
923 439 975 493 in
992 435 1220 492 Mantua
1251 430 1491 488 civitate
1516 430 1697 485 fuisse
1722 432 2042 500 repertum,
2082 429 2128 486 Α
2163 427 2460 484 civitatem
2491 429 2743 498 obsedit,
2781 428 2882 485 sed
2919 445 3026 484 non
3062 427 3260 487 valens
3289 447 3416 488 eam
3475 447 3714 504 capere,
3736 434 3817 489 di-

405 535 681 604 misitque
713 529 784 586 ad
813 541 1037 601 papam,
1073 523 1328 594 uthujus
1364 522 1524 576 fama:
1572 518 1877 574 veritatem
1923 531 2049 588 per-

407 625 684 696 quireret.
721 617 825 686 Qui
857 621 1025 672 nacta
1055 612 1363 670 occasione
1421 607 1696 676 exeundi,
1750 607 1935 696 primo
1993 605 2046 659 in

406 693 881 782 Longebardiam,
907 702 1070 774 quasi
1104 697 1609 774 preinquisitione
1629 693 1888 766 prodicta
1922 707 2050 764 pro-

409 804 618 870 fectus,
649 794 1021 866 est,indcque
1059 790 1256 846 subito
1289 790 1529 857 arrepto
1579 784 1786 838 itinere
1819 783 1888 837 ad
1951 783 2052 835 im-

411 895 759 964 peratorem,
796 880 1090 938 mandavit
1123 879 1172 934 ei
1205 877 1394 932 medio
1428 875 1770 937 Nevembre,
1816 888 1878 928 se
1901 871 2049 926 velle

409 960 602 1038 natale
633 973 856 1032 Domini
891 986 1020 1028 cum
1053 983 1122 1026 ee
1148 966 1476 1023 celebrare.
1501 964 1605 1030 Qui
1641 962 1834 1018 statim
1872 960 2050 1015 misse

410 1068 528 1126 ﬁlio
562 1081 669 1124 suo
698 1062 906 1119 Karelo
940 1059 1010 1116 ad
1036 1059 1312 1114 Sanctum
1341 1053 1694 1121 Mani-icium,
1733 1049 2050 1106 honorifico

409 1173 537 1215 eum
569 1154 871 1224 suscipere
914 1149 1110 1220 jussit,
1175 1145 1412 1216 ipseque
1443 1141 1669 1198 obviam
1732 1139 1811 1192 illi
1844 1140 2053 1192 Remos

411 1260 682 1320 pergens,
713 1241 864 1314 apud
920 1237 1275 1294 Carisiarum
1321 1231 1514 1286 villam
1586 1227 1781 1320 natale
1829 1226 2050 1281 Domini

411 1316 756 1400 celebravit,
793 1329 1002 1386 deinde
1028 1320 1388 1395 Aquasgrani
1414 1318 1706 1390 perduxit,
1751 1316 2054 1372 donatum-

411 1440 523 1498 que
555 1420 778 1493 magnis
827 1415 1164 1472 muneribus
1219 1426 1319 1482 per
1378 1407 1693 1477 llajoariam
1748 1405 2053 1460 irevolen-

410 1521 548 1586 tem,
577 1509 783 1569 deduci
819 1507 950 1562 fecit
986 1517 1168 1574 usque
1201 1502 1548 1555 Ravennam.

553 1624 572 1644 ‘
607 1621 663 1676 C.
689 1614 904 1674 addit:
937 1608 1182 1666 Karolus
1213 1621 1319 1679 per
1348 1619 1514 1679 omne
1553 1602 1852 1679 imperium
1881 1601 2055 1679 justi-

623 1673 745 1746 cias
779 1685 914 1741 facit
945 1687 1003 1738 et
1063 1673 1229 1749 legis'
1263 1675 1520 1748 capitula
1566 1675 1637 1730 29
1673 1673 1954 1744 instituit,
1979 1687 2053 1728 ea:

619 1756 820 1830 Sigeb.
851 1769 906 1812 α.
937 1758 1066 1810 802.

480 1859 530 1909 5.
563 1856 650 1906 37.
684 1849 868 1918 (Emn.
898 1844 960 1899 Α.
989 1876 1029 1883 —
1068 1841 1140 1896 cf.
1171 1842 1240 1893 A.
1283 1839 1486 1907 Laur.)
1519 1837 1581 1890 A.
1641 1836 1700 1888 Ι).
1759 1838 1881 1888 805.
1944 1835 2050 1887 Im-

407 1944 644 2015 perator
677 1935 832 1991 misit
865 1931 1041 1988 ﬁlium
1073 1943 1237 1986 suum
1285 1925 1552 2015 Karolnm
1601 1938 1728 2015 cum
1781 1923 2044 1978 exercitu

403 2013 460 2087 in
484 2027 793 2093 Pocmiam,
819 2021 937 2093 qui,
966 2016 1344 2089 depopulatis
1371 2014 1659 2081 omnibus,
1694 2013 1897 2068 ducem
1933 2018 2048 2067 ter-

405 2134 482 2177 rte
507 2117 664 2172 illius
706 2112 935 2169 nomine
989 2107 1303 2163 Lechenem
1363 2102 1598 2172 occidit,
1649 2101 1898 2172 indeque
1961 2115 2046 2156 re-

402 2220 644 2278 gressus
675 2202 744 2258 ad
779 2204 1026 2272 patrem,
1048 2197 1101 2250 in
1127 2197 1354 2261 Vosego
1377 2193 1521 2248 silva
1547 2191 1780 2248 venatui
1815 2189 2048 2246 studen-

404 2299 520 2351 tem
554 2291 793 2348 invenit.

472 2384 525 2438 6.
562 2385 646 2436 38.
683 2373 1081 2450 (Emn.A.)A.
1138 2371 1207 2425 D.
1263 2373 1385 2425 806.
1446 2369 1788 2438 Imperator,
1847 2366 2046 2421 habito

404 2473 714 2536 conventu,
751 2464 876 2520 iniit
903 2459 1209 2518 consilium
1235 2471 1364 2514 cum
1401 2456 1752 2527 primoribus
1806 2457 2047 2510 France.

403 2573 527 2616 rum
555 2557 626 2612 de
655 2567 798 2626 pace
867 2547 1276 2606 constituenda
1307 2549 1362 2600 et
1395 2542 1809 2612 conservanda,
1871 2546 1930 2596 et
1973 2540 2043 2596 de

404 2645 688 2704 divisione
733 2639 896 2709 regni
929 2637 1186 2692 facienda
1223 2635 1372 2688 inter
1429 2633 1580 2686 ﬁlios
1639 2647 1776 2687 suos
1827 2631 1878 2684 in
1923 2636 2044 2686 tres

405 2740 624 2810 partes,
645 2730 901 2789 utsciret
928 2721 1592 2794 unusquisqueillorum,
1621 2735 1788 2791 quam
1814 2723 2040 2810 partem

401 2808 556 2883 tueri
578 2827 637 2878 et
667 2833 870 2889 regere
899 2813 1213 2881 deberet,si
1247 2812 1351 2866 tibi
1395 2821 1695 2881 superstes
1719 2808 2036 2865 deveniret.

400 2915 478 2972 De
507 2907 944 2982 hacpartitiene
970 2905 1383 2958 testamentum
1415 2903 1505 2954 est
1540 2900 1754 2953 factum
1805 2903 1865 2952 et
1886 2896 2041 2967 jure-

393 2999 645 3074 jurando
664 2997 735 3054 ab
766 2992 1147 3067 optimatibus
1171 2989 1594 3044 conﬁrmatum.

468 3095 528 3146 '7.
561 3091 648 3144 39.
678 3088 741 3140 A.
766 3085 830 3138 D.
863 3087 991 3139 807.
1055 3077 1254 3148 Legati
1311 3075 1467 3144 regis
1522 3077 1828 3130 Persarum
1870 3089 2040 3130 vene-

2165 517 2340 573 missa
2373 517 2698 588 obsidione,
2734 519 2789 572 in
2821 515 3191 588 Aquitaniam
3221 535 3284 576 se
3317 521 3567 592 recepit.

2236 609 2318 660 10.
2354 608 2530 661 42.Α.
2589 607 2649 660 D.
2712 610 2836 661 810.
2899 606 3179 677 I’ippinus
3239 622 3341 663 rex
3401 609 3610 678 Italiae,
3666 608 3818 666 ﬁlius

2164 694 2554 765 imperatoris,
2583 694 2822 764 perﬁdia
2839 694 3048 750 ducum
3070 696 3481 753 Veneticorum
3499 697 3804 767 incitatus,

2164 785 2277 837 Vcn
2291 809 2303 836 ι.
2321 783 2457 838 tiam
2493 783 2646 838 bello
2670 787 2826 838 terra
2844 784 3104 854 marique
3129 785 3310 853 jussit
3335 791 3637 856 appetere,
3683 789 3818 842 sub-

2159 871 2428 941 jei-taque
2465 872 2722 934 Venetia.
2757 873 2938 929 duces
2957 871 3156 941 ejnsin
3187 872 3813 945 deditionemaccepit.

2166 961 2486 1030 Imperator
2509 966 2700 1016 autem
2727 962 2915 1017 adhuc
2949 961 3296 1032 Aquisgrani
3323 977 3504 1032 agens
3521 967 3582 1018 et
3601 968 3816 1024 contra

2165 1049 2522 1105 Gotefridum
2541 1065 2731 1118 regem
2755 1049 3186 1120 expeditionem
3206 1049 3515 1119 meditans,
3534 1052 3816 1106 nuncium

2165 1137 2410 1208 accepit,
2431 1137 2677 1193 classem
2705 1138 3086 1194 ducentarum
3104 1138 3333 1194 navium
3367 1139 3437 1194 de
3459 1139 3818 1194 Normannia

2165 1225 2417 1282 Fresiam
2451 1227 3036 1298 appulissetotasque
3063 1226 3331 1283 Fresiaco
3357 1227 3514 1282 litori
3549 1227 3819 1297 adjacen-

2165 1317 2254 1369 tes
2286 1315 2508 1371 insulas
2563 1320 2844 1384 vastasse,
2893 1314 3127 1385 jamque
3181 1316 3506 1372 exercitum
3569 1315 3736 1372 illum
3760 1315 3814 1371 in

2164 1403 2486 1458 continenti
2505 1408 2660 1458 terra
2681 1418 2832 1458 esse.
2861 1403 3354 1473 Quicengregatis
3369 1407 3586 1474 quanta
3621 1403 3816 1474 potuit

2165 1492 2470 1547 celeritate
2518 1492 2721 1563 cepiis,
2756 1492 3052 1562 eregione
3097 1492 3423 1562 contendit,
3482 1492 3816 1564 positisque

2159 1581 2322 1649 juxta
2362 1581 2636 1636 Wisaram
2688 1580 2918 1649 castris,
2963 1580 3245 1636 minarum
3277 1579 3816 1650 Gotefridipresto-

2164 1667 2317 1723 latur
2345 1675 2634 1725 eventum.
2653 1671 2788 1724 Nam
2809 1683 2912 1723 rex
2937 1667 3033 1723 ille
3047 1669 3341 1739 superbus
3379 1667 3696 1726 vanissima
3711 1682 3814 1740 spe

2164 1756 2424 1812 victoria.-
2460 1758 2848 1827 inllatus,cum
2874 1756 3229 1827 imperatore
3251 1773 3312 1812 se
3340 1755 3619 1827 congredi
3663 1755 3814 1812 velle

2156 1845 2556 1914 jactabat.Sed
2591 1847 3068 1917 dumimperator
3091 1846 3306 1902 stativa
3322 1853 3517 1902 castra
3541 1845 3812 1916 haberet,

2160 1933 2522 1992 diversarum
2542 1951 2733 1990 rerum
2750 1935 2943 1991 nuncii
2969 1935 3040 1991 ad
3070 1949 3198 1991 eum
3225 1942 3534 2005 venerunt,
3557 1935 3812 1992 classem

2160 2022 2388 2078 scilicet
2443 2023 2765 2095 predictam
2825 2024 3004 2080 fuisse
3064 2038 3410 2096 regressam,
3445 2023 3810 2080 Getefridum

2159 2129 2352 2182 regem
2375 2129 2402 2168 a
2438 2115 2686 2184 quedam
2712 2113 2973 2170 satellite
3021 2129 3150 2185 suo,
3185 2114 3331 2184 sive,
3359 2118 3420 2170 ut
3456 2113 3695 2184 quidam
3729 2113 3811 2169 di-

2155 2208 2293 2258 cunt
2321 2203 2786 2274 (31072.Sang.n,
2829 2205 2933 2274 13),
2969 2217 2998 2258 a
3034 2203 3150 2258 lilio
3175 2202 3433 2274 proprio,
3490 2201 3664 2271 cujus
3697 2215 3812 2257 ma-

2155 2297 2325 2362 trem,
2354 2307 2539 2363 nuper
2570 2291 2680 2346 alia
2709 2291 2954 2360 conjuge
2988 2290 3187 2361 ducta,
3245 2290 3573 2360 dimiserat,
3631 2291 3810 2346 inter-

2159 2382 2391 2452 fectum,
2426 2379 2730 2437 castellum
2755 2380 3069 2450 Hehcburi,
3109 2378 3290 2436 Albiae
3326 2378 3548 2434 ﬂumini
3581 2380 3809 2452 apposi-

2159 2475 2300 2541 tum,
2336 2471 2392 2525 in
2427 2485 2542 2540 quo
2567 2471 2718 2525 Outo
2749 2469 2980 2538 legatus
3005 2468 3380 2540 imperatoris
3433 2472 3492 2523 et
3551 2467 3808 2524 orienta-

2157 2560 2295 2615 lium
2321 2561 2608 2616 Saxonum
2629 2568 2758 2614 erat
2777 2557 3072 2629 presidiis,
3095 2573 3124 2613 a
3148 2557 3352 2612 Wilcis
3379 2561 3619 2628 captum
3641 2558 3806 2628 (Eme

2153 2649 2271 2719 A.),
2306 2657 2362 2703 et
2417 2648 2721 2720 Pippinum
2746 2647 2923 2703 ﬁlium
2959 2646 3087 2716 ejus
3119 2660 3316 2716 regem
3373 2645 3559 2702 Italiae
3588 2649 3622 2702 8
3673 2646 3806 2704 Idus

2153 2737 2288 2792 Julii
2323 2736 2680 2794 defunctum.
2715 2735 3196 2806 Quibusauditis,
3224 2734 3511 2806 disposita
3537 2750 3644 2807 pro
3666 2739 3805 2792 tem-

2156 2827 2316 2898 poris
2345 2825 2684 2882 conditione
2708 2825 2952 2880 Saxonis
2977 2825 3208 2881 domum
3240 2825 3584 2882 revertitur.
3616 2855 3692 2866 -—
3729 2826 3804 2881 Eo

2155 2929 2304 2970 anno
2337 2915 2425 2969 sel
2454 2919 2513 2969 et
2545 2913 2678 2970 luna
2713 2913 2802 2969 bis
2825 2913 3188 2981 defecerunt,
3221 2913 3312 2970 sel
3334 2919 3366 2970 7
3392 2915 3530 2970 Idus
3549 2915 3709 2971 Junii
3747 2919 3804 2969 et

2152 2991 2184 3038 2
2209 2985 2730 3041 Kalend.Deccmb.
2756 2984 2888 3040 luna
2925 2991 2982 3039 11
3014 2985 3252 3055 Kalend,
3306 2983 3442 3041 Julii
3496 2992 3556 3041 et
3607 2989 3671 3041 18
3705 2987 3803 3041 Ka-

2155 3075 2286 3129 lend
2338 3073 2616 3130 Januarii.
2660 3105 2729 3114 -—
2779 3073 3178 3146 Ruothdruth,
3235 3073 3352 3129 ﬁlia
3423 3075 3802 3148 "imperatoris

401 3183 538 3236 runt
559 3177 631 3234 ad
664 3176 1096 3244 imperatorem,
1131 3146 1464 3222 deferentes
1495 3165 1546 3220 ei
1589 3178 1844 3234 munera,
1880 3164 2039 3235 pani-
2073 3146 2121 3208 C
2155 3165 2337 3234 major
2364 3173 2524 3232 natu,
2551 3168 2584 3220 8
2616 3162 2751 3218 Idus
2780 3163 2932 3218 Junii
2989 3163 3154 3220 obiit.
3211 3195 3285 3204 —
3325 3146 3628 3220 Gotefrido
3661 3177 3801 3235 rege

397 3269 609 3325 lienem
639 3269 697 3320 et
728 3263 842 3317 tria
871 3257 1147 3326 tentoria,
1173 3255 1335 3311 vario
1395 3252 1590 3309 celere
1649 3255 1816 3323 facta,
1877 3253 2037 3308 mirre

397 3352 816 3428 magnitudinis
837 3355 895 3406 et
927 3345 1400 3420 pulchritudinis,
1434 3343 1622 3400 omnia
1657 3343 1891 3411 hissina,
1922 3348 2034 3397 tam

396 3445 654 3504 tentoria
687 3455 856 3512 quam
892 3439 1058 3493 funes
1079 3449 1300 3490 eorum.
1336 3435 1609 3488 Preterea
1633 3431 1804 3503 pallia
1851 3431 2034 3488 serica

398 3535 580 3594 multa
608 3538 668 3590 et
698 3528 962 3602 preciesa
1012 3529 1186 3595 atque
1243 3525 1538 3591 unguenta
1581 3524 1638 3575 et
1691 3519 2031 3590 balsamum,

399 3639 504 3684 nec
537 3635 651 3678 non
673 3624 730 3676 et
759 3615 1120 3684 horologium
1135 3627 1204 3668 ex
1229 3609 1520 3668 auricalco
1553 3612 1678 3664 arte
1701 3608 2034 3664 mechanica

398 3712 644 3772 miriﬁce
675 3705 1079 3778 compositum,
1114 3702 1170 3756 in
1195 3715 1308 3771 quo
1331 3704 1396 3754 12
1427 3701 1698 3753 horarum
1740 3698 2034 3754 eursusad

395 3800 746 3875 clepsidram
771 3795 1132 3861 vertebatur,
1155 3805 1283 3847 cum
1315 3788 1753 3875 totidemaareis
1792 3787 2032 3858 pillulis,

399 3873 527 3965 quas
562 3889 632 3946 ad
665 3881 1110 3956 completienem
1133 3879 1408 3933 horarum
1442 3873 1790 3965 decidebant
1813 3877 1870 3965 et
1895 3889 2033 3932 casu

395 3963 504 4039 suo
546 3975 873 4046 subjectum
917 3970 1027 4028 sibi
1059 3965 1384 4039 cymbalum
1445 3963 1660 4019 tinnire
1721 3964 2031 4036 faciebant,

397 4067 618 4130 additis
649 4065 703 4120 in
719 4057 1197 4128 eodemejusdem
1221 4053 1441 4110 numeri
1457 4052 1774 4124 equitibus,
1813 4053 1906 4123 qui
1934 4068 2036 4124 per

395 4163 465 4217 12
495 4158 780 4212 fenestras
809 4147 1120 4219 completis
1151 4142 1312 4198 horis
1363 4143 1622 4211 exibant,
1666 4146 1724 4196 et
1780 4141 2030 4212 impulsu

394 4241 749 4318 egressionis
768 4254 888 4296 suas
918 4234 1162 4292 totidem
1197 4232 1502 4299 fenestras,
1527 4245 1653 4300 qua;
1690 4232 2036 4300 priuserant

399 4329 1018 4410 apertae,claudebant.
1045 4321 1168 4376 Alia
1193 4333 1424 4410 quoque
1439 4318 1616 4374 multa
1631 4324 1798 4375 erant
1830 4319 1882 4374 in
1909 4320 2035 4390 ipso

393 4408 719 4492 horologia,
755 4431 884 4489 quae
913 4423 1256 4470 enumerare
1286 4408 1517 4478 longum
1541 4412 1649 4464 est.

2149 3253 2438 3308 Danerum
2500 3255 2752 3321 mortue,
2830 3253 3203 3323 llemmingus
3254 3252 3367 3322 ηδτ,
3437 3254 3644 3310 fratris
3713 3254 3798 3310 sui

2150 3341 2323 3412 ﬁlius,
2358 3342 2414 3396 in
2435 3356 2675 3410 regnum
2705 3341 3015 3412 successit,
3044 3357 3110 3398 ac
3143 3358 3344 3414 pacem
3393 3359 3528 3400 cum
3553 3343 3801 3416 impera-

2149 3435 2274 3488 tore
2312 3431 2464 3486 fecit.

2222 3527 2306 3577 11.
2343 3523 2436 3576 43.
2464 3522 2534 3575 Α.
2571 3523 2633 3576 D.
2665 3525 2788 3576 811.
2827 3523 3148 3591 Imperator
3179 3520 3290 3591 11⁵⁸,
3318 3536 3606 3592 pacecum
3639 3524 3799 3580 Hem-

2149 3609 2342 3678 minge
2373 3611 2618 3678 firmata,
2651 3611 2707 3663 et
2731 3609 2948 3680 placito
2972 3608 3231 3678 generali
3265 3609 3448 3680 Aquis
3481 3609 3707 3683 habito,
3742 3612 3795 3666 in

2148 3703 2270 3754 tres
2304 3703 2502 3769 partes
2537 3697 2802 3766 regnisui
2831 3697 3072 3752 tetidem
3092 3698 3391 3754 exercitus
3423 3697 3607 3768 misit,
3626 3713 3796 3755 unum

2147 3791 2314 3842 trans
2342 3786 2566 3840 Albiam
2598 3785 2654 3839 in
2683 3785 2964 3854 Limenes,
3002 3785 3098 3855 qui
3131 3791 3188 3841 et
3223 3785 3385 3856 ipsos
3431 3788 3692 3842 vastavit
3747 3794 3799 3844 et

2148 3875 2456 3932 castellum
2513 3873 2805 3930 Hohcburi
2866 3873 3151 3944 superiori
3201 3888 3402 3930 annea
3463 3873 3669 3931 Wilcis
3719 3875 3803 3933 de.

2147 3969 2434 4022 structum
2495 3963 2868 4033 restauravit,
2930 3962 3178 4019 alterum
3226 3963 3283 4018 in
3340 3965 3678 4020 Pannonias
3732 3965 3800 4020 ad

2149 4053 2588 4111 controversias
2627 4053 2925 4108 Hunorum
2982 4057 3042 4108 et
3103 4051 3439 4108 Sclaverum
3497 4053 3795 4123 ﬁniendas,

2147 4144 2400 4200 tercium
2429 4143 2482 4197 in
2530 4141 2828 4198 Brittones
2871 4141 2941 4196 ad
2971 4156 3172 4198 eorum
3203 4139 3510 4212 perﬁdiam
3572 4143 3800 4214 punien-

2149 4235 2300 4290 dam.
2337 4231 2444 4298 Qui
2475 4245 2676 4287 emnes
2706 4245 2987 4302 prospere
3007 4233 3284 4300 egerunt.
3324 4230 3597 4301 Karolus,
3649 4231 3796 4288 ﬁlius

2151 4320 2528 4394 imperatoris
2560 4319 2740 4388 major
2763 4322 2924 4390 natu,
2958 4323 2992 4374 2
3014 4321 3155 4375 Νοη.
3188 4321 3460 4376 Decemb.
3487 4321 3658 4376 obiit.

2230 4415 2314 4465 12.
2357 4412 2444 4465 44.
2479 4410 2542 4464 Α.
2599 4409 2662 4464 D.
2715 4412 2838 4465 812.
2889 4408 3255 4478 Nicephorus
3307 4407 3633 4480 imperator
3663 4411 3796 4466 Con-

462 4520 513 4574 8.
540 4516 625 4569 L0.
656 4514 716 4566 A.
754 4509 818 4562 D.
851 4505 976 4563 808.
1019 4503 1342 4571 Imperator
1373 4497 1616 4554 audiens
1673 4497 2033 4555 Gotefridum
2064 4497 2118 4558 D
2150 4497 2706 4570 stantinopelitanus
2731 4511 2994 4568 pugnans
3011 4501 3216 4554 contra
3249 4496 3553 4568 Bulgares,
3586 4499 3795 4556 occidi-

393 4618 591 4676 regem
622 4602 910 4656 Danerum
934 4593 990 4647 in
1038 4587 1356 4646 Abedritos
1379 4602 1508 4644 cum
1548 4587 1812 4676 exercitu
1864 4589 2036 4660 traje-

391 4675 568 4756 cisse.
605 4684 880 4746 Karolum
903 4681 1084 4736 ﬁlium
1116 4692 1284 4734 suum
1305 4691 1437 4733 cum
1469 4675 1659 4732 valida
1686 4679 2035 4733 Francorum

392 4788 451 4840 et
485 4783 774 4837 Saxonum
807 4786 978 4828 manu
1009 4767 1163 4826 misit
1193 4769 1398 4822 contra
1428 4779 1579 4836 eum,
1604 4765 1652 4821 si
1685 4765 1836 4822 forte
1865 4769 2040 4823 Saxo-

389 4873 504 4932 niaa
531 4865 816 4926 terminos
843 4859 1081 4932 aggredi
1115 4857 1450 4928 temptaret.
1473 4853 1578 4909 Ille
1632 4858 2040 4926 autem,expu-

390 4959 586 5034 gnatis
625 4955 848 5026 aliquot
906 4950 1245 5008 Sclaverum
1303 4943 1584 5014 castellis,
1645 4957 1776 5000 cum
1828 4959 2036 5014 magno

395 5048 693 5122 copiarum
719 5055 953 5101 suarum
1010 5037 1364 5094 detrimento
1415 5047 1686 5090 reversus
1733 5037 1848 5091 est.
1897 5035 2036 5091 Nam

395 5151 568 5198 manu
601 5129 1076 5208 promptissimos
1107 5125 1323 5195 amisit,
1368 5123 1522 5180 inter
1552 5137 1700 5194 quos
1739 5128 1801 5180 et
1855 5123 2035 5180 ﬁlium

396 5223 597 5286 fratris
623 5221 712 5280 sui
744 5219 976 5278 nomine
1006 5213 1415 5287 Reginoldum.

467 5319 520 5372 9.
556 5317 643 5369 41.
681 5313 744 5366 Α.
779 5309 843 5364 D.
876 5309 998 5363 809.
1035 5304 1384 5364 Ludowicus
1413 5317 1536 5373 rex,
1587 5301 1744 5360 ﬁlius
1796 5302 2040 5375 impera-

393 5401 563 5474 toris,
596 5413 728 5459 cum
742 5396 1006 5455 exercitu
1028 5393 1360 5468 Hispaniam
1383 5393 1704 5466 ingressus,
1732 5393 2035 5450 Dertosam

2150 4594 2267 4660 tur,
2303 4593 2362 4645 et
2385 4585 2682 4657 Michahel,
2717 4600 2898 4656 gener
2926 4585 3070 4656 ejus,
3105 4586 3350 4658 imperio
3398 4587 3656 4658 petitur.
3693 4587 3794 4655 Qui

2150 4678 2380 4749 legatos
2401 4676 2592 4733 Karoli
2626 4676 3001 4748 imperatoris
3041 4677 3114 4732 ad
3144 4675 3534 4748 Nicephorum
3587 4679 3796 4735 missos

2149 4766 2493 4839 suscepitet
2523 4764 2796 4837 absolvit,
2829 4780 2962 4822 cum
3010 4766 3224 4836 quibus
3285 4769 3346 4822 et
3402 4765 3634 4836 legatos
3667 4781 3796 4823 suos

2150 4857 2387 4927 direxit,
2412 4869 2518 4927 per
2545 4869 2691 4926 quos
2723 4868 2922 4926 pacem
2974 4868 3004 4910 a
3058 4854 3382 4928 Nicephoro
3443 4861 3680 4930 ceptam
3707 4856 3794 4914 flr-

2149 4947 2346 5004 mavit.

2223 5035 2626 5092 13.45.Α.1).
2685 5036 2816 5091 813.
2864 5034 3208 5106 Imperator,
3271 5031 3476 5095 habito
3531 5033 3786 5105 generali

2147 5128 2438 5183 conventu
2472 5121 2840 5194 Aquisgrani,
2877 5121 3058 5178 ﬁlium
3087 5137 3254 5180 suum
3301 5123 3675 5182 Ludewieum
3707 5138 3789 5180 re-

2146 5229 2275 5286 gem
2299 5212 2623 5285 Aquitaniaa
2660 5211 2732 5268 ad
2764 5225 2828 5268 se
2855 5210 3110 5282 vocavit,
3142 5211 3314 5284 eique
3355 5227 3636 5270 coronam
3692 5214 3787 5270 im-

2148 5316 2391 5376 ponens,
2422 5299 2744 5374 imperialis
2793 5299 3043 5357 nominis
3093 5300 3204 5357 sibi
3249 5309 3584 5359 consortem
3635 5301 3783 5360 fecit.

2148 5390 2547 5452 Bernhardum
2601 5404 2742 5449 vero
2779 5393 3052 5464 nepotem
3103 5405 3270 5448 suum
3319 5389 3505 5450 ﬁlium
3563 5389 3787 5466 Pippini

1739 5509 1976 5566 VARIE
2039 5509 2441 5569 LECTIONES.

467 5618 557 5658 “'7
587 5615 894 5687 hemmigis
918 5617 998 5674 1δ.
1032 5616 1238 5688 Hujus
1248 5615 1399 5678 αππὶ
1424 5614 1686 5676 historia
1713 5615 1880 5674 deost
1898 5616 1996 5676 E2.
