3952 6312
90 313 225 376 869

92 538 369 596 Concilia
397 554 632 611 quoque
658 541 826 611 jussu
847 544 974 614 ejus
995 558 1174 615 super
1188 547 1344 600 statu
1368 542 1769 601 acclesiarum

92 629 465 698 corrigendo
498 644 606 701 per
650 634 834 687 totam
893 631 1131 689 Galliam
1166 634 1238 689 ab
1293 632 1590 705 episcopis
1622 630 1772 686 cele-

96 718 280 774 brata
304 723 464 785 sunt,
516 734 764 790 quorum
804 736 976 777 unum
1025 722 1360 793 Mogonciae,
1390 721 1637 777 alterum
1669 722 1774 775 Re-

96 806 241 877 mis,
276 807 529 865 terciuui
568 808 762 864 Remis
795 807 906 878 “5°,
938 814 1209 879 quartum
1253 810 1573 880 Cabillone,
1609 808 1775 879 quin-

99 899 232 949 tum
269 895 530 965 Arelate,
556 928 622 935 —
648 897 927 954 Micbabel
951 897 1269 969 imperator
1320 898 1595 967 Bulgares
1622 895 1774 952 bello

97 986 417 1053 appetens,
470 985 611 1040 haut
663 985 963 1056 prosperis
1011 986 1391 1042 successibus
1442 986 1651 1054 utitur,
1685 998 1775 1039 ac-

94 1072 361 1141 proinde
392 1071 624 1130 domum
653 1088 946 1143 reversus,
976 1074 1244 1146 deposito
1280 1074 1628 1142 diademate,
1658 1084 1773 1128 mo‘

99 1160 341 1217 nachus
369 1162 645 1230 etilcitnr,
684 1161 738 1216 in
778 1163 956 1233 'cujus
987 1161 1178 1218 locum
1211 1164 1342 1232 Leo,
1378 1161 1535 1218 ﬁlius
1570 1162 1771 1217 Bardze

101 1248 372 1318 patricii,
408 1250 817 1306 constituitur.
842 1251 1126 1321 —(E1Nn.
1180 1250 1315 1307 Vita
1345 1251 1505 1307 Καθ’.
1545 1267 1603 1306 c.
1644 1249 1771 1319 32.)

99 1337 267 1393 Pons
299 1338 477 1393 Rheni
532 1338 687 1409 apud
747 1339 1192 1411 Mogontiacum,
1245 1354 1416 1411 quem
1449 1340 1770 1411 imperator

98 1439 215 1495 per
248 1425 454 1482 decem
485 1441 667 1485 annos
716 1427 935 1498 ingenti
968 1426 1168 1485 labore
1213 1436 1274 1485 et
1304 1443 1481 1499 opere
1514 1425 1765 1483 mirabili

101 1514 177 1570 de
211 1513 377 1585 ligno
408 1515 487 1571 ita
521 1516 873 1587 construxit,
900 1520 964 1573 ut
987 1518 1327 1589 perenniter
1349 1518 1562 1573 durare
1592 1530 1764 1588 posse

98 1603 440 1675 videretur,
476 1604 531 1659 in
574 1619 774 1661 mense
817 1606 962 1663 Maio
995 1606 1073 1661 ita
1109 1607 1300 1663 tribus
1331 1605 1491 1662 horis
1522 1606 1763 1661 fortuito

100 1692 393 1749 incendio
440 1694 824 1763 conﬂagravit
874 1699 936 1750 ut
990 1698 1190 1767 preter
1244 1696 1353 1751 hoc
1413 1693 1566 1765 quod
1614 1709 1761 1765 aqua

987 317 1430 383 CHRONICA.
1463 353 1540 365 —
1571 314 2050 387 CHRONICON
2097 325 2625 395 UNIVERSALE

93 447 208 506 filii
248 449 359 521 sui,
397 448 583 509 Italiae
636 451 890 524 perfecit
935 458 993 511 et
1026 467 1216 526 regem
1250 452 1760 528 appellarijussit.
1801 458 1854 517 A

3412 338 3530 400 870

2030 462 2118 532 ‘1)
2162 466 2275 519 4-
2306 469 2389 521 10.
2426 466 2695 523 addunt:
2743 467 2865 534 Quo
2911 468 3086 525 etiam
3134 486 3282 525 anno
3333 486 3526 529 coeno-

2102 534 2254 609 bium
2288 537 2697 593 Swarzabense
2730 555 2758 594 a
2790 539 3168 609 Megingaudo
3196 539 3283 573 ¹¹⁶¹
3314 543 3526 600 comite

2097 608 2155 658 et
2201 606 2392 679 Ymma
2447 622 2625 663 uxore
2682 609 2807 679 ejus
2863 606 2917 663 in
2978 606 3249 667 honorem
3312 613 3526 669 domini

2098 677 2279 750 nostri
2332 680 2653 735 Salvatoris
2699 677 2757 734 et
2807 685 3028 737 sanctze
3074 682 3175 736 Dei
3218 683 3530 750 genitricis

2097 748 2401 829 sanctique
2451 749 2779 829 sebastiani
2823 755 2883 829 et
2931 758 3150 829 sanctas
3202 748 3530 829 Felicitatis

2099 819 2376 891 inartiris,
2422 820 2549 891 sub,
2570 822 2755 891 primo
2785 822 3045 891 ejusdem
3077 824 3414 881 monasterii
3443 824 3530 859 ‘1“

2098 887 2309 961 abbate
2344 887 2654 947 Benedicto
2698 887 2943 961 nomine,
2979 894 3160 951 libera
3197 896 3377 952 totius
3410 912 3530 953 ser-

2097 958 2383 1039 vitutiset
2406 963 2730 1039 esactionis
2751 958 3104 1035 conditione,
3138 968 3526 1039 construitur,

2094 1034 2155 1109 et
2188 1034 2559 1111 postmodum
2610 1035 2798 1111 primo
2845 1036 3199 1111 monasterio
3244 1034 3524 1111 collapso,

2097 1102 2152 1175 i_n
2175 1102 2464 1175 honorem
2510 1102 2726 1175 sancta}
2757 1106 2855 1161 Dei
2883 1107 3187 1175 genitricis
3215 1113 3276 1163 et
3311 1102 3527 1166 sanctae

2098 1171 2417 1253 Felicitatis
2450 1190 2513 1231 ac
2545 1174 2869 1253 [filiorum
2888 1171 3397 1253 'ejusreparatur.
3433 1182 3518 1253 cf.

2091 1240 2641 1369 512%.5e'90ar2ak.
2685 1262 2778 1319 ap.
2817 1240 3117 1320 Ludwig.
3143 1240 3281 1306 'SS.
3314 1240 3520 1308 Bam'b.

2165 1320 2352 1385 ,p.5.

1948 1392 1999 1443 2.
2033 1394 2098 1447 A.
2134 1394 2194 1448 D.
2229 1398 2351 1450 816.
2387 1398 2640 1453 Domnus
2690 1399 2800 1454 Leo
2832 1413 2979 1469 papa
3029 1413 3178 1454 anno
3227 1400 3527 1473 pontifica-

1877 1471 1975 1553 t_us
2020 1473 2109 1553 sui
2160 1478 2256 1529 21°
2305 1474 2377 1531 de
2414 1491 2658 1547 corpore
2688 1479 2961 1546 migravit
2990 1482 3022 1532 8
3055 1471 3291 1536 Kalend.
3349 1482 3524 1553 Junii,

1879 1548 2323 1633 Stephanusque
2353 1555 2632 1612 diaconus
2661 1556 2716 1612 in
2740 1556 2830 1589 ¹¹⁶³
2865 1557 3056 1614 locum
3074 1559 3202 1628 ejus
3235 1576 3382 1633 papa
3400 1548 3529 1618 97‘15

1878 1629 2184 1688 ordinatus
2213 1638 2323 1704 est,
2377 1636 2473 1704 qui
2508 1635 2664 1691 sedit
2708 1652 2934 1693 menses
2962 1643 3015 1694 7.
3050 1638 3153 1695 Hic
3196 1629 3356 1711 ergo,
3393 1647 3526 1713 post

1878 1713 2377 1770 consecrationem
2426 1730 2590 1771 suam
2656 1716 2907 1773 nondum
2955 1717 3185 1775 duobus
3227 1721 3526 1778 mensibus

100 1781 436 1851 tegebatur
476 1797 579 1838 nec
636 1796 749 1839 una
804 1781 1035 1854 quidem
1095 1782 1324 1841 bastula
1355 1799 1425 1840 ex
1458 1798 1526 1839 eo
1582 1797 1765 1839 rema-
1792 1809 1846 1869 B
1878 1791 2122 1863 exactis,
2142 1795 2595 1864 quammaximis
2619 1796 3253 1868 potuititineribus,ad
3278 1800 3555 1872 impera-.

99 1874 305 1925 neret.

184 1960 276 2013 14.
310 1959 394 2013 46.
433 1959 619 2027 (Risu.
651 1960 717 2015 Α.
752 1961 824 2015 cf.
858 1961 996 2017 Vita
1027 1976 1075 2016 c.
1114 1963 1203 2033 31)
1238 1964 1303 2016 A.
1333 1963 1400 2016 D.
1431 1964 1553 2016 814.
1592 1963 1763 2017 Karo-

102 2047 204 2102 lus
243 2046 571 2117 imperator
601 2047 735 2105 dum
782 2049 1131 2120 Aquisgrani
1176 2050 1481 2120 hiemaret,
1514 2050 1675 2106 febre
1705 2054 1765 2105 et

106 2135 383 2207 pleurisi,
411 2135 465 2191 id
490 2141 577 2191 est
600 2135 805 2193 lateris
824 2136 1048 2209 dolore,
1076 2143 1314 2195 tactusti
1339 2138 1573 2194 Kalend.
1593 2139 1759 2194 Febr.

105 2225 297 2280 rebus
337 2224 592 2280 excessit
637 2226 924 2297 humanis,
957 2241 1106 2283 anno
1150 2226 1346 2283 aetatis
1377 2226 1617 2283 circiter
1645 2232 1760 2297 71°,

98 2311 274 2382 regni
309 2319 505 2368 autem
538 2315 652 2384 66°,
707 2314 969 2371 subactae
998 2330 1137 2372 vero
1187 2315 1371 2371 Italiae
1401 2318 1516 2385 43°,
1546 2330 1619 2372 ex
1648 2330 1763 2387 quo

100 2414 255 2455 vero
279 2400 603 2471 imperator
624 2406 681 2457 et
702 2408 986 2472 angustus
1009 2403 1339 2475 appellatus
1360 2409 1619 2460 estanno
1645 2406 1756 2458 140.

94 2486 301 2556 (Eme.
336 2488 434 2559 Α.)
462 2489 639 2559 Cujus
665 2490 745 2545 rei
780 2491 1050 2547 nuncium
1084 2507 1212 2549 cum
1237 2491 1583 2550 Ludewicus
1608 2491 1761 2547 filius

99 2577 240 2647 ejus
276 2576 332 2632 in
371 2578 676 2648 Aquitania
720 2579 1065 2651 accepisset,
1112 2581 1414 2638 tricesimo
1447 2586 1758 2653 postquam

92 2666 148 2721 id
193 2664 505 2721 acciderat
532 2665 626 2722 die
658 2668 1021 2738 Aquasgrani
1055 2670 1234 2741 venit,
1270 2685 1611 2741 summoque
1643 2686 1761 2727 om-

97 2754 267 2810 nium
303 2755 651 2811 Francorum
695 2770 983 2813 consensu
1016 2771 1083 2814 ac
1116 2759 1311 2814 favore
1342 2759 1495 2831 patri
1528 2773 1759 2815 succes-

93 2842 199 2913 sit,
239 2847 303 2899 et
350 2842 420 2898 ad
481 2842 743 2914 suscepti
774 2844 936 2914 regni
982 2846 1567 2903 amministrationem
1615 2861 1758 2903 cura

94 2945 421 3001 conversa,
459 2931 642 3003 primo
694 2932 1035 3003 legationes,
1072 2949 1200 3004 quae
1229 2934 1299 2991 ad
1335 2939 1560 3006 patrem
1591 2950 1760 2992 vene-

98 3023 262 3089 rant,
329 3017 562 3075 auditas
620 3019 894 3092 absolvit,
954 3022 1107 3077 inter
1137 3037 1283 3093 quas
1341 3023 1614 3095 precipua
1652 3024 1757 3080 fuit

98 3107 325 3165 Leonis
356 3107 753 3179 imperatoris,
777 3109 871 3180 qui
893 3110 1194 3167 Michaheli
1226 3112 1526 3169 successit.
1550 3112 1758 3168 Habito

103 3201 313 3254 autem
349 3196 699 3267 Aquisgrani
736 3197 993 3267 generali
1046 3207 1356 3271 conventu,
1390 3202 1457 3257 ad
1486 3200 1760 3270 justicias

100 3283 417 3342 faciendas
442 3284 668 3355 legatos
692 3287 745 3341 in
778 3302 978 3343 omnes
1002 3289 1163 3358 regni
1185 3294 1385 3360 partes
1406 3289 1585 3361 misit,
1613 3290 1760 3346 duos

92 3389 165 3432 ex
200 3374 346 3431 ﬁliis
369 3374 490 3431 suis
512 3375 838 3432 Lotharium
864 3376 1160 3448 Bajoarite,
1182 3378 1489 3451 Pippinum
1514 3378 1758 3452 prefeeit

95 3464 472 3536 Aquitaniae.
1398 3479 1404 3484 ·

98 3551 254 3609 Anni
290 3552 455 3623 regni
492 3552 784 3610 Ludewici

168 3648 227 3698 1.
261 3643 429 3697 Anno
482 3642 788 3701 dominicae
845 3644 1266 3703 incarnationis
1317 3650 1440 3718 815,
1476 3649 1548 3705 ab
1607 3651 1761 3706 Urbe

99 3734 309 3789 autem
343 3728 580 3788 condita
633 3732 941 3791 millesimo
971 3737 1095 3806 566,
1146 3735 1512 3809 Ludewicus,
1566 3739 1761 3797 Karoli

97 3819 298 3889 Magni
333 3819 505 3891 filius,
535 3823 634 3876 7L0
666 3820 758 3854 “‘0
786 3824 858 3879 ab
894 3824 1159 3892 Augusto
1192 3824 1321 3881 loco
1353 3827 1639 3898 regnavit,
1676 3842 1763 3884 re-

101 3922 411 3980 gnumque
441 3910 611 3966 annis
638 3914 708 3966 26
735 3911 1010 3967 obtinuit.
1054 3913 1196 3973 Huic
1220 3928 1368 3971 anno
1393 3915 1578 3986 primo
1602 3918 1762 3988 regni

96 3997 189 4055 sui
228 3996 473 4054 allatum
505 4003 614 4068 est,
663 3999 948 4070 quosdam
979 4000 1049 4056 de
1095 4002 1449 4073 primoribus
1480 4005 1765 4063 Romano-

95 4100 233 4144 rum
256 4085 331 4141 ad
355 4084 823 4145 interficiendum
848 4091 1094 4146 Leonem
1120 4106 1325 4162 papam
1364 4094 1759 4167 conSpirasse,

93 4174 338 4245 hocque
371 4173 585 4231 indicio
612 4175 682 4231 ad
738 4177 1071 4249 pontificem
1123 4178 1338 4249 delato,
1374 4195 1575 4239 omnes
1606 4183 1766 4241 illius

94 4261 386 4320 factionis
425 4267 699 4322 auctores
737 4264 906 4335 jussu
955 4266 1115 4325 illius
1158 4268 1492 4326 trucidatos
1542 4271 1754 4330 fuisse.

95 4350 276 4418 Quod
307 4363 438 4407 cum
482 4353 741 4411 modeste
789 4355 990 4425 ferret,
1040 4356 1436 4414 Rernhardum
1487 4366 1760 4431 nepotem

97 4454 306 4509 suum,
341 4454 537 4511 regem
569 4442 772 4514 Italiae,
806 4446 877 4500 ad
911 4458 973 4501 se
1002 4445 1254 4515 vocavit,
1292 4460 1541 4519 eumque
1573 4450 1645 4507 ad
1679 4451 1768 4506 in-

1878 1875 2063 1926 torem
2123 1873 2319 1929 venire
2377 1875 2696 1947 contendit,
2758 1876 2949 1933 missis
3005 1878 3237 1934 interim
3293 1880 3522 1938 duobus

1882 1950 2225 2023 legatis,qui
2251 1954 2416 2024 quasi
2452 1971 2558 2027 pro
2591 1971 2693 2012 sua
2716 1957 3159 2014 consecratione
3183 1958 3521 2031 imperatori

1876 2046 2281 2110 suggererent.
2319 2044 2481 2109 Quod
2516 2045 2612 2100 ille
2643 2045 2906 2117 audiens,
2938 2047 3130 2103 Remis
3158 2048 3207 2104 ei
3243 2050 3521 2121 occurrit,

1878 2128 2187 2200 missisque
2245 2131 2471 2189 obviam
2522 2133 2612 2189 his
2663 2135 2760 2204 qui
2810 2149 2939 2192 eum
2991 2134 3092 2190 illo
3142 2136 3518 2209 deducerent,

1876 2218 2193 2276 honorifice
2228 2220 2388 2277 illum
2428 2222 2507 2277 ibi
2535 2224 2816 2295 suscepit.
2852 2224 3119 2280 Pontifex
3152 2240 3290 2282 vero
3321 2227 3519 2282 statim

1874 2306 2162 2363 adventus
2185 2309 2272 2365 sui
2293 2324 2527 2366 causam
2551 2310 2602 2366 ei
2630 2311 2953 2382 insinuans,
2976 2312 3291 2369 celebratis
3315 2312 3523 2371 deinde

1873 2409 2125 2464 ex_more
2158 2397 2465 2453 missarum
2497 2398 2845 2470 sollemniis,
2879 2416 3009 2457 eum
3043 2401 3390 2459 diadematis
3422 2403 3524 2459 im-

1874 2484 2165 2554 positione
2201 2488 2504 2543 coronavit
2553 2489 3060 2562 Romanorumque
3095 2489 3185 2524 ‘1“
3217 2491 3527 2564 imperato-

1874 2587 1992 2628 rem
2028 2575 2457 2647 prouunciavit,
2505 2591 2654 2633 anno
2688 2578 2847 2648 regni
2880 2579 2967 2635 sui
3001 2580 3280 2652 secundo,
3316 2596 3519 2638 secun—

1872 2661 2006 2717 dum
2040 2663 2186 2719 alios
2213 2664 2482 2735 septimo.

1872 2752 2017 2807 Anni
2053 2751 2278 2824 imperii
2310 2754 2453 2823 ejus.

1940 2844 1990 2896 3.
2022 2845 2074 2895 2.
2101 2840 2191 2873 11⁸⁵
2215 2840 2398 2909 (Eum.
2430 2842 2609 2914 Ama.)
2645 2845 2704 2898 A.
2742 2844 2800 2898 D.
2832 2842 2956 2900 817.
2994 2844 3320 2916 Stephanus
3343 2860 3515 2918 papa,

1875 2930 2057 2985 tercio
2089 2945 2282 2987 mense
2331 2935 2640 3002 postquam
2687 2932 2924 2988 Romam
2960 2939 3197 2989 venerat
3254 2936 3510 2992 nondum

1870 3022 2097 3089 exacto,
2122 3024 2155 3075 8
2180 3019 2414 3076 Kalend.
2446 3021 2613 3076 Febr.
2642 3021 2818 3088 obiit;
2842 3021 2935 3078 cui
2957 3021 3258 3078 Paschalis
3280 3038 3517 3080 succes-

1872 3122 1970 3163 sor
1999 3107 2246 3174 electus,
2281 3114 2407 3179 post
2443 3109 2790 3181 completam
2812 3109 3174 3166 sollemniter
3196 3110 3515 3169 ordinatio-

1872 3210 1999 3251 nem
2033 3210 2193 3252 suam
2215 3211 2450 3253 munera
2485 3202 2543 3253 et
2571 3198 3005 3255 excusatoriam
3031 3200 3372 3271 imperatori
3399 3201 3517 3273 epi-

1869 3284 2080 3341 stolam
2105 3285 2282 3355 misit,
2307 3286 2416 3342 sibi
2438 3302 2545 3343 non
2572 3287 2758 3344 solum
2784 3288 3026 3359 nolenti,
3057 3288 3158 3344 sed
3190 3289 3364 3345 etiam
3390 3290 3514 3362 plu-

1870 3375 2076 3431 rimum
2094 3376 2398 3446 poenitenti
2415 3377 2792 3448 pontificatus
2807 3376 3084 3434 honorem
3100 3376 3519 3451 “"impactum

1872 3477 2237 3520 asseverans.
2272 3465 2569 3522 Paschalis
2618 3464 2708 3498 “‘7
2735 3480 2881 3538 papa
2914 3472 3041 3524 98mi
3072 3466 3223 3524 sedit
3256 3481 3436 3524 annos
3465 3474 3519 3524 7.

1865 3551 2031 3622 juxta
2055 3553 2203 3609 alios
2226 3558 2274 3610 9.
2302 3585 2362 3594 —
2391 3555 2712 3626 Imperator
2741 3569 2882 3611 vero
2916 3555 3248 3625 generalem
3272 3572 3523 3614 conven-

1873 3645 1996 3698 tum
2020 3642 2369 3713 Aquisgrani
2394 3643 2630 3714 habens,
2660 3642 2837 3699 filium
2869 3659 3037 3700 suum
3072 3645 3521 3716 primogenitum

1874 3730 2205 3787 Lotharium
2222 3731 2472 3787 nominis
2489 3735 2663 3802 atque
2676 3731 2902 3802 imperii
2918 3732 3007 3788 sui
3024 3734 3245 3789 socium
3262 3734 3373 3789 sibi
3386 3749 3524 3791 con-

1874 3819 2091 3889 stituit,
2116 3825 2349 3876 ceteros
2383 3833 2551 3889 reges
2584 3818 2932 3891 appellatos,
2961 3835 3137 3877 unum
3170 3821 3517 3893 Aquitaniae,

1873 3907 2122 3965 alterum
2167 3908 2449 3978 Bojoarize
2480 3907 2750 3980 prefecit.
2775 3910 2997 3963 —-Post
3033 3908 3155 3965 haec
3186 3909 3521 3967 nunciatum

1874 4001 1964 4053 est
1986 3997 2059 4065 ei,
2096 3996 2493 4052 Bernhardum
2546 4001 2816 4069 nepotem
2851 4012 3040 4068 suum,
3093 3996 3271 4054 Italia)
3303 4011 3518 4070 regem,

1876 4085 2238 4157 quorundam
2256 4099 2569 4156 pravorum
2590 4085 2882 4142 hominum
2896 4085 3519 4157 consiliotyrannidem

1875 4175 2221 4231 meditatum
2256 4174 2453 4246 fuisse,
2495 4174 2727 4246 jamque
2776 4190 2976 4232 omnes
3008 4174 3284 4232 introitus
3310 4174 3517 4247 Italiae,

1876 4279 2024 4337 quos
2053 4262 2247 4320 clusas
2266 4262 2484 4334 dicunt,
2511 4263 2800 4335 impositis
2824 4264 3100 4336 presidiis
3121 4264 3403 4335 firmasse,
3438 4267 3525 4320 at-

1877 4369 1986 4426 que
2017 4366 2219 4410 omnes
2252 4351 2432 4409 Italiae
2481 4353 2752 4410 civitates
2798 4352 2855 4409 in
2886 4353 3013 4425 ejus
3044 4354 3222 4412 verba
3262 4351 3519 4425 jurasse,

1878 4443 2030 4514 quod
2052 4457 2124 4498 ex
2137 4446 2304 4514 parte
2320 4457 2543 4513 verum,
2559 4457 2631 4500 ex
2644 4447 2811 4515 parte
2827 4444 3016 4500 fuerat
3033 4443 3258 4501 falsum.
3278 4441 3363 4498 Ad
3378 4457 3525 4514 quos

93 4528 517 4599 vestigandum
551 4531 705 4603 quod
747 4531 966 4590 dictum
1010 4536 1103 4590 est
1137 4534 1316 4591 misit.
1353 4536 1462 4604 Qui
1490 4552 1621 4595 cum
1657 4540 1766 4596 Ro-
1794 4526 1847 4586 D
1880 4531 2553 4604 motuscomprimendos
2582 4532 3226 4606 imperatoreceleriter
3264 4546 3395 4590 eum
3427 4546 3529 4589 ex-

95 4632 259 4675 mam
289 4621 571 4690 venisset,
603 4620 940 4690 egritudine
970 4622 1269 4680 decubuit.
1304 4625 1382 4681 De
1412 4626 1594 4684 rebus
1626 4642 1766 4685 vero
1877 4624 2065 4685 ercitu
2095 4636 2301 4696 magno
2325 4625 2615 4697 veniente,
2644 4623 3016 4682 Bernbardus
3039 4624 3216 4680 rebus
3242 4621 3363 4678 suis
3384 4621 3525 4677 diffl-

104 4710 363 4779 propter
395 4722 545 4778 quas
573 4713 835 4781 venerat,
870 4724 974 4782 per
995 4712 1311 4769 Heroldum
1340 4714 1634 4789 comitem,
1669 4717 1765 4791 qui
1875 4719 2041 4785 deus,
2063 4714 2241 4772 armis
2271 4716 2578 4788 depositis,
2614 4714 2764 4787 apud
2796 4713 3149 4771 Cabillonem
3183 4710 3524 4782 imperatori

110 4795 193 4853 ad
226 4796 337 4852 hoc
374 4796 605 4865 legatus
633 4798 687 4854 ei
738 4799 929 4856 fuerat
958 4801 1147 4873 datus,
1182 4803 1303 4873 regi
1337 4803 1648 4864 Ludewico
1680 4823 1768 4865 re-
1878 4819 1941 4863 se
1970 4801 2234 4860 tradidit.

101 4884 416 4941 mandavit
440 4885 717 4957 quicquid
740 4893 1130 4960 compererat.
1159 4890 1335 4957 Quem
1371 4892 1547 4964 legati
1582 4898 1771 4968 ponti-
1949 4895 1999 4948 4.
2033 4897 2082 4948 3.
2123 4894 2183 4947 A.
2220 4893 2280 4946 D.
2314 4893 2441 4947 818.
2466 4890 2710 4944 Detecta
2748 4885 2950 4942 fraude
2988 4883 3432 4955 conjurationis,
3469 4890 3529 4942 et

104 4972 247 5030 ficis
282 4973 611 5044 subsecuti,
646 4975 717 5030 de
748 4976 838 5034 his
863 4992 991 5048 quae
1022 4978 1254 5037 domino
1282 4996 1388 5039 suo
1419 4984 1769 5055 objicieban-
1880 4980 2192 5040 sediciosis
2207 4977 2543 5037 omnibusin
2558 4989 2717 5033 suam
2733 4977 3088 5046 potestatem
3113 4971 3390 5042 redactis,
3428 4972 3531 5028 im-

94 5067 206 5119 tur
234 5062 358 5132 regi
394 5061 706 5120 Ludewico
740 5079 842 5136 per
874 5066 1066 5126 omnia
1099 5069 1537 5129 satisfecerunt.
1564 5074 1587 5098 θ
1613 5080 1634 5129 1
1880 5064 3264 5145 peratorAquisgranirevertitur,transactoque
3281 5060 3537 5133 quadra-

1488 5270 1726 5327 VARIIE
1767 5269 2109 5330 LECTIONE
2117 5268 2168 5323 S.

176 5441 392 5524 “'f‘ita
422 5441 594 5524 μευ.
632 5446 685 5500 δ.
718 5445 795 5524 9°.
830 5449 917 5524 19.
941 5448 996 5524 t.
1030 5445 1096 5502 R.
1129 5444 1350 5524 ῥςεςτρβιι
1400 5449 1729 5524 4,"I‘u_ronis
1785 5450 1859 5524 ut
1882 5447 2065 5508 Finit.
2101 5446 2173 5524 D.
2212 5441 2449 5524 Emfj”
2473 5440 2705 5498 LXVIII.
2739 5442 2802 5497 D.
2834 5441 2905 5497 E.
3016 5437 3528 5524 ‘1'1‘megin.guado

102 5517 199 5571 10.
237 5518 331 5570 11.
436 5511 530 5583 ω’
559 5510 905 5575 manasterii
930 5519 1025 5572 10.
1127 5514 1218 5551 ³1⁸³
1248 5518 1304 5574 in
1331 5549 1404 5563 -
1430 5519 1638 5578 XCVII.
1689 5522 1760 5582 in
1790 5523 1911 5580 loco
1936 5532 2076 5577 meo
2111 5522 2164 5574 1.
2247 5513 2338 5549 ³1⁸⁸
2365 5516 2972 5583 Romanorumque)”—
3003 5510 3255 5583 septimo
3310 5510 3530 5583 ίζξίζρςο

98 5599 243 5644 raso
263 5590 289 5643 1
308 5628 323 5643 .
411 5582 504 5619 1‘“
520 5584 769 5645 Primus
789 5599 986 5646 annus
1005 5588 1247 5662 imperii
1266 5590 1335 5649 in
1358 5592 1659 5665 mwrgine.
1691 5580 1756 5650 ὰ.
1785 5596 1918 5652 816.
1947 5592 2049 5665 logi

95 5665 303 5733 postea
331 5654 519 5718 addit
542 5658 599 5715 1.

1947 5591 2195 5665 legam.
2278 5585 2370 5621 ““
2390 5583 2655 5649 ordinem
2677 5587 2735 5639 li.
2778 5580 2793 5583 ’
2819 5580 2911 5617 ¹¹⁶⁷
2931 5580 3235 5640 Paschalis
3251 5610 3325 5627 -
3343 5580 3520 5639 VIIII.
