3952 6318
387 267 498 330 871

1532 254 2010 318 EKKEHARDI
2058 250 2610 316 URAUGIENSIS

3680 252 3794 319 872

389 398 650 472 gesimali
668 398 911 470 jejunio,
934 396 1138 469 paucis
1157 401 1289 468 post
1309 397 1572 450 sanetum
1600 389 1808 464 pascha
1829 389 2036 445 diebus
2065 390 2122 449 A
2151 387 2454 472 leadrogo,
2488 385 2586 472 lilii
2609 386 2822 472 ‘Liubit
2845 385 2934 421 “7‘
2969 388 3122 457 regis
3156 387 3493 472 Wilzorum.
3526 389 3638 456 Qui
3671 406 3793 447 cum

390 487 814 560 conjuratioms
847 489 1120 542 auctores
1139 481 1314 539 simul
1336 484 1393 536 et
1425 477 1852 548 regemjudicio
1870 483 2039 532 Fran-

389 592 592 635 corum
615 573 852 647 capitali
879 575 1226 644 dampnatos
1251 567 1570 636 sententia,
1597 565 2042 622 luminibustan-

394 664 716 736 tumjussit
735 662 952 720 orbari.
974 657 1445 719 —(Genéal—SS.
1471 657 1535 724 ll,
1572 671 1624 726 p.
1659 656 1808 725 314.)
1841 653 2040 708 lrmin-

391 755 593 828 gardis
625 753 821 823 regina
853 756 884 807 ὅ
915 751 1054 805 Non.
1095 747 1330 804 Octobr.
1367 745 1535 809 obiit,
1567 759 1694 814 quae
1724 741 1814 774 “‘8
1841 741 2041 812 genuit

399 841 738 916 imperatori
773 838 1128 907 Lotharium,
1165 835 1470 906 Pippinum
1493 837 1550 889 et
1575 831 1966 888 Ludewicum.

466 936 517 986 ὅ.
553 934 602 986 4.
640 932 702 984 Α.
735 929 798 982 D.
833 929 964 983 819.
1026 925 1358 980 Conventus
1407 919 1751 992 Aquisgrani
1780 922 1911 990 post
1946 931 2042 972 na-

399 1020 515 1077 tale
547 1017 773 1074 Domini
798 1015 1033 1071 habitus
1051 1019 1172 1080 est;
1209 1013 1262 1067 in
1301 1027 1415 1082 quo
1443 1009 1620 1067 multa
1653 1009 1722 1064 de
1746 1010 1903 1064 statu
1935 1022 2042 1062 a3c-

392 1107 706 1164 clesiarum
731 1107 982 1159 tractata
1002 1105 1160 1171 sunt,
1179 1099 1406 1168 legibus
1419 1098 1592 1154 etiam
1619 1094 1874 1168 capitula
1890 1109 2038 1164 quae-

395 1195 523 1252 dam
557 1190 1012 1266 pernecessaria,
1049 1205 1176 1260 qua)
1208 1188 1471 1257 deerant,
1507 1185 1705 1242 addita
1739 1183 2043 1253 sunt.(Ge-

390 1285 548 1342 mal.
569 1284 636 1352 ll,
655 1283 804 1353 314.)
823 1280 945 1346 Quo
968 1281 1232 1350 peracto,
1255 1277 1593 1348 imperator,
1629 1272 1908 1344 inspectis
1927 1271 2042 1343 ple-

396 1376 596 1445 risque
620 1369 899 1426 nobilium
917 1367 1164 1435 ﬁliabus,
1189 1364 1410 1436 Welphi
1427 1363 1657 1419 comitis
1677 1361 1851 1417 llliam
1869 1360 2044 1416 nomi-

393 1461 682 1518 ngludith
707 1457 874 1515 duxit
913 1471 1170 1525 uxorem,
1213 1451 1660 1525 quzem’genuit
1691 1451 1743 1506 ei
1769 1449 2041 1507 Karolum

399 1551 532 1694 cadi?
739 1637 802 1690 D.
836 1637 958 1691 820.
1009 1635 1257 1702 Propter
1285 1631 1454 1700 juges
1503 1628 1730 1700 pluvias
1759 1631 1816 1681 et
1851 1640 2043 1682 aerem

2151 467 2542 524 orientalibus
2557 467 2860 524 Abodritis
2877 481 3276 540 pugnanscum
3292 468 3799 542 interisset,popu—

2152 548 2244 605 Ius
2271 547 2584 603 Wilzorum
2609 547 2787 602 filium
2810 546 2938 616 ejus
2969 545 3330 617 Milegastum
3356 547 3637 618 majorem
3664 556 3794 606 natu

2153 651 2346 708 regem
2377 635 2484 691 sibi
2517 635 2860 701 constituit;
2895 635 2998 691 sed
3027 651 3156 692 cum
3195 635 3242 692 is
3269 637 3592 694 secundum
3624 638 3796 696 ritum

2151 725 2344 796 gentis
2357 739 2468 780 non
2489 723 2660 794 digne
2675 724 3131 780 amministraret
3155 739 3418 796 regnum,
3433 725 3536 782 illo
3549 727 3795 800 abjecto,

2147 814 2364 884 juniori
2399 813 2618 883 regium
2662 813 2937 869 honorem
2977 812 3266 870 deferunt.
3309 813 3701 880 Quamobrem
3732 817 3800 872 ad

2153 901 2508 974 presentiam
2556 900 2927 972 imperatoris
2971 902 3140 956 ambo
3182 907 3490 958 venerunt.
3529 903 3638 970 Qui
3672 919 3798 962 cum

2152 991 2403 1048 vidisset
2432 991 2626 1061 gentis
2656 989 3015 1046 voluntatem
3045 991 3375 1062 proniorem
3409 992 3482 1047 ad
3507 993 3798 1063 juniorem

2156 1081 2414 1148 fratrem,
2433 1077 2664 1148 statuit,
2682 1083 2746 1134 ut
2773 1078 2820 1134 is
2843 1092 3083 1148 regnum
3109 1083 3360 1146 teneret,
3380 1082 3588 1137 ambos
3609 1089 3800 1140 tamen

2156 1167 2496 1225 muneribus
2511 1167 2758 1224 donatos
2771 1169 2826 1223 et
2847 1172 3218 1224 sacramento
3230 1168 3612 1227 conﬁrmatos
3639 1172 3695 1226 in
3710 1188 3804 1243 pa-

2153 1257 2326 1313 triam
2351 1255 2597 1312 remisit.
2629 1258 2652 1279 ‘
2674 1287 2743 1296 —
2767 1255 3096 1326 Lotharius,
3133 1255 3419 1329 disposita
3451 1260 3642 1330 italia,
3675 1277 3801 1320 cum

2149 1347 2264 1417 jam
2291 1344 2484 1400 redire
2504 1348 2815 1414 statueret,
2843 1347 3087 1414 rogante
3109 1345 3372 1401 Paschali
3393 1361 3539 1419 papa
3565 1349 3802 1406 Romam

2155 1433 2333 1504 venit,
2367 1439 2426 1490 et
2455 1433 2775 1490 honoriﬁce
2807 1433 2878 1489 ab
2907 1448 2978 1489 eo
3015 1439 3350 1506 susceptus,
3387 1437 3442 1492 in
3472 1443 3682 1495 sancto
3713 1457 3808 1512 pa-

2157 1525 2310 1580 schae
2333 1523 2425 1580 die
2449 1523 2602 1596 apud
2627 1525 2896 1579 Sanctum
2915 1525 3152 1580 Petrum
3171 1529 3229 1580 et
3253 1525 3414 1594 regni
3447 1542 3726 1584 coronam
3749 1535 3804 1586 et

2159 1612 2532 1684 imperatoris
2545 1618 2604 1669 et
2627 1613 2859 1682 augusti
2886 1626 3091 1668 nomen
3112 1613 3360 1685 accepit,
3382 1615 3589 1686 sicque
3612 1633 3808 1675 mense

397 1728 448 1782 ni
487 1725 581 1781 nio
610 1725 851 1778 humore
868 1701 1187 1776 resolutum
1203 1716 1779 1786 magnaincommoda
1795 1713 2048 1782 contige-
2077 1747 2128 1806 B
2156 1701 2326 1806 ξω]ίο
2349 1701 2418 1757 ad
2445 1701 2880 1806 Patrem‘Yflli‘t-
2901 1732 2970 1741 -
2993 1702 3316 1806 Imperia“?
3335 1704 3668 1806 θνυξοηθω
3700 1707 3808 1806 ffa-

397 1818 558 1871 ruat.
585 1814 721 1866 Nam
756 1815 812 1865 et
833 1808 1126 1864 hominum
1145 1811 1205 1862 et
1229 1806 1398 1862 boum
1424 1804 1758 1876 pestilentia
1779 1806 2044 1873 grassata

394 1907 481 1959 est
503 1901 818 1968 ;frumenta
847 1910 1076 1966 quoque
1101 1899 1162 1950 et
1181 1894 1470 1963 legumina
1484 1897 1758 1964 corrupta
1781 1896 1935 1948 sunt.

465 1996 518 2046 7.
555 1991 606 2042 6.
643 1989 707 2041 Α.
741 1987 800 2040 D.
837 1989 956 2040 8-21.
998 1983 1243 2038 Allatum
1278 1987 1373 2038 est
1414 1981 1752 2054 imperatori
1783 1979 2048 2037 Ludewi-

394 2095 462 2136 co
498 2078 568 2133 de
625 2077 810 2130 morte
857 2072 1060 2128 Leonis
1091 2071 1463 2141 imperatoris
1520 2066 2048 2140 Constantinopoli-

395 2167 702 2237 tani,quod
720 2161 1171 2233 annoprelerito
1189 2161 1240 2214 in
1268 2159 1522 2230 basylica
1537 2163 1756 2215 sanctae
1773 2157 1872 2213 Dei
1890 2155 2036 2227 geni-

396 2255 564 2311 tricis
597 2254 745 2308 intra
795 2250 1068 2323 palatium
1115 2244 2048 2318 interemptussitconspiratione

399 2341 767 2414 quorundam
789 2338 1133 2410 optimatum
1161 2341 1475 2390 suorumet
1504 2335 1778 2405 precipue
1808 2333 2050 2388 Michae-

409 2432 480 2486 lis
501 2429 732 2487 eomitis
775 2425 1250 2491 domesticorum,
1286 2423 1379 2493 qui
1408 2424 1875 2494 prctorianorum
1907 2420 2050 2476 mili-

400 2526 522 2576 tum
549 2517 745 2573 studio
789 2513 1000 2570 infulas
1036 2513 1261 2582 imperii
1285 2511 1635 2582 suscepit,ct
1664 2527 1862 2566 ιιυγυηι
1887 2509 2050 2566 annis

397 2606 686 2678 regnavit.
707 2601 1118 2658 ---Secundum
1146 2600 1238 2632 “7°
1257 2599 1535 2670 quosdam
1573 2601 1681 2654 Leo
1714 2614 1858 2672 papa
1881 2597 2046 2670 obiit,

401 2696 572 2766 eique
610 2694 940 2764 Stephanus
973 2689 1277 2746 successit.

474 2788 524 2840 8.
561 2787 612 2837 7.
647 2784 712 2836 A.
747 2781 808 2834 D.
846 2783 967 2835 822.
996 2779 1054 2832 ln
1088 2777 1322 2845 regione
1359 2775 1779 2844 Thuringorum
1806 2775 2050 2845 quodam

398 2870 611 2926 inloco
638 2869 800 2939 juxta
826 2866 1063 2922 [luvium
1105 2864 1390 2935 quendam
1439 2877 1645 2933 cespes
1691 2863 2051 2932 longitudine

409 2957 618 3030 pedum
636 2951 1135 3026 quinquaginta,la
1150 2950 1396 3006 titudine
1414 2948 1816 3019 ili,altitudine
1833 2951 2056 3021 sesqui-

401 3043 616 3117 pedali,
654 3042 724 3098 de
751 3047 904 3096 terra
932 3039 1056 3095 sine
1085 3039 1350 3095 manibus
1380 3037 1647 3108 precisus
1669 3041 1724 3091 et
1760 3037 2048 3106 sublatus,

2161 1796 2306 1846 trem
2327 1804 2516 1861 suum,
2540 1790 2689 1862 apud
2704 1791 3044 1846 Mettensem
3059 1791 3383 1848 :ecclesiam
3397 1795 3506 1850 sub
3524 1808 3712 1852 canon
3724 1797 3808 1852 ica

2157 1879 2276 1935 vita
2303 1878 2628 1949 degentem,
2661 1877 2819 1935 clero
2841 1877 3098 1948 ejusdem
3124 1880 3708 1942 urbiseonsentiente
3729 1893 3812 1940 at-

2158 1983 2270 2039 que
2300 1967 2574 2038 eligente,
2637 1972 2928 2024 rectorem
2964 1967 3040 2024 ibi
3087 1969 3418 2040 constituit,
3453 1986 3707 2043 eumque
3737 1975 3808 2029 ad

2159 2055 2534 2129 pontiﬁcatus
2561 2055 2805 2128 gradum
2825 2057 3157 2128 promoveri
3191 2059 3436 2116 censuit.
3461 2091 3533 2101 --
3563 2061 3810 2118 Ceadro—

2156 2161 2230 2216 go
2253 2145 2344 2180 “7‘
2374 2145 2788 2203 Abodritorum
2837 2146 3107 2218 princeps
3152 2162 3280 2204 cum
3329 2148 3680 2220 quibusdam
3713 2167 3812 2223 po-

2160 2233 2280 2307 puli
2303 2234 2389 2292 sui
2415 2234 2772 2306 primoribus
2793 2233 2860 2290 ad
2877 2233 3290 2306 imperatorem
3323 2236 3503 2309 venit,
3521 2237 3813 2311 dilatique

2160 2338 2260 2396 per
2287 2327 2372 2379 tot
2401 2337 2584 2380 annos
2607 2323 2893 2380 adventus
2909 2323 2998 2380 sui
3019 2324 3301 2380 rationem
3325 2326 3479 2382 unde
3503 2326 3814 2384 incusaba-

2159 2416 2257 2468 tur
2269 2426 2380 2468 non
2396 2411 2863 2483 improbabiliter
2876 2410 3220 2483 reddidit,et
3235 2413 3374 2470 licet
3389 2415 3443 2470 in
3459 2415 3812 2486 quibusdam

2161 2490 2354 2557 causis
2370 2498 2682 2571 culpabilis
2695 2503 2871 2570 esset,
2908 2514 3012 2572 per
3025 2501 3231 2558 merita
3245 2507 3553 2574 parentum
3572 2519 3811 2562 suorum

2159 2594 2356 2646 tamen
2377 2603 2487 2645 non
2511 2587 2698 2645 solum
2744 2588 3085 2661 impunitus,
3126 2604 3328 2648 verum
3351 2592 3530 2649 etiam
3563 2595 3814 2649 muneri-

2164 2679 2272 2734 bus
2289 2677 2557 2748 donatus,
2575 2677 2644 2733 ad
2669 2691 2908 2748 regnum
2925 2677 3118 2734 redire
3133 2679 3459 2750 permissus
3471 2695 3538 2738 es
3646 2683 3811 2738 «Hec

2163 2780 2310 2822 anno
2327 2764 2588 2836 prodigia
2607 2765 2865 2836 quaedam
2881 2766 3154 2823 extitisse
3167 2772 3503 2839 narrantur,
3526 2769 3581 2824 in
3603 2769 3814 2840 quibus

2163 2853 2437 2925 precipua
2462 2858 2631 2908 erant
2666 2857 3020 2911 terremotus
3043 2854 3097 2911 in
3125 2856 3376 2926 Aquensi
3399 2856 3642 2928 palatio,
3671 2865 3730 2914 et
3760 2859 3811 2914 in

2163 2941 2468 2997 territorio
2486 2940 2913 3011 Tullensijuxta
2933 2942 3127 2999 villam
3143 2944 3642 3002 Commerciacum
3657 2947 3815 3018 puel-

2164 3029 2216 3084 la
2249 3027 2339 3062 “7°
2369 3029 2633 3100 quaedam
2687 3043 2968 3086 annorum
3023 3031 3265 3088 circiter
3311 3037 3379 3088 12
3408 3038 3544 3104 post
3592 3050 3812 3091 sacram

400 3104 472 3188 ab
497 3145 566 3187 eo
593 3104 720 3185 loco
757 3129 812 3183 in
851 3142 964 3197 quo
993 3131 1260 3196 sumptus
1282 3104 1474 3180 est—235
1510 3124 1716 3196 pedum
1744 3127 1944 3196 spacio
1972 3104 2053 3181 di-
2085 3104 2134 3166 Ο
2164 3119 2642 3188 communionem,
2670 3133 2839 3189 quam
2862 3119 2916 3173 in
2942 3119 3156 3190 pascha
3181 3119 3252 3176 de
3283 3135 3452 3178 manu
3487 3123 3814 3180 sacerdotis

405 3224 571 3275 stans
589 3219 861 3273 inventus
885 3219 994 3268 est.
1015 3215 1154 3268 ltem
1185 3213 1237 3268 in
1260 3219 1423 3284 parte
1439 3213 1744 3270 orientalis
1763 3215 2048 3282 Saxonize,

403 3321 532 3380 quae
555 3305 904 3362 Soraborum
931 3301 1141 3356 finibus
1165 3301 1438 3372 contigua
1463 3306 1574 3371 est,
1604 3301 1656 3355 in
1685 3302 1932 3372 quodam
1958 3302 2054 3357 de-

400 3400 558 3452 serto
583 3391 908 3462 loco,juxta
935 3388 1120 3445 lacum
1149 3390 1242 3460 qui
1269 3389 1486 3445 dicitur
1508 3393 1714 3459 Arnse,
1745 3391 1798 3445 in
1823 3391 2053 3447 modum

313 3537 323 3548 ,
402 3482 634 3554 aggeris
657 3485 814 3536 terra
840 3477 1134 3547 intumuit,
1165 3483 1224 3532 et
1261 3476 1504 3535 limitem
1530 3479 1909 3549 uniusleugze
1933 3479 2058 3536 lon-

399 3572 664 3644 gitudine
698 3572 1036 3643 porrectum
1069 3567 1177 3626 sub
1196 3569 1367 3625 unius
1390 3569 1579 3626 noctis
1611 3569 1810 3641 spacio
1834 3571 2056 3643 absque

399 3660 634 3718 humani
665 3658 862 3732 operis
915 3657 1210 3714 molimine
1255 3657 1439 3714 instar
1468 3656 1604 3714 valli
1663 3659 1951 3715 subrexit.
1986 3691 2056 3699 —

401 3750 728 3823 Stephanus
759 3761 904 3822 papa
935 3744 1025 3780 “7‘
1057 3747 1237 3812 obiit;
1272 3747 1367 3804 cui
1411 3745 1710 3804 Paschalis
1740 3747 2047 3804 successit.

399 3873 464 3880 -ο-
496 3840 748 3894 Domnus
795 3837 1112 3908 imperator
1144 3835 1323 3892 filium
1358 3851 1526 3892 suum
1581 3836 1910 3892 Lotharium
1946 3853 2050 3908 pro

401 3924 778 4000 disponendis
800 3925 962 3994 regni
987 3923 1237 3994 negotiis
1287 3924 1342 3979 in
1372 3922 1596 3979 Italiam
1623 3924 1812 3989 misit;
1836 3925 1928 3981 cui
1959 3925 2050 3959 “7’

401 4014 740 4089 precedenti
788 4028 935 4070 anno
967 4012 1406 4082 Irmingardam,
1439 4013 1695 4082 Hugonis
1722 4013 1958 4070 comitis
1989 4014 2051 4070 tl-

399 4105 536 4161 liam
557 4101 668 4172 “7',
697 4101 768 4163 de
801 4116 909 4172 qua
935 4101 1032 4157 ille
1054 4101 1317 4172 suscepit
1363 4099 1694 4156 Lotharium
1721 4105 1922 4172 postea
1953 4116 2048 4158 ex-

397 4189 882 4250 communicatum
917 4191 1006 4260 (A.
1045 4189 1226 4260 ιρὰ),
1270 4187 1636 4245 Ludewicum
1696 4193 1826 4260 post
1859 4205 1922 4246 se
1959 4205 2047 4247 re-

396 4285 671 4352 gnantem
703 4283 761 4334 et
801 4277 1092 4334 Karolum.
1143 4277 1334 4348 (Eme.
1367 4276 1534 4348 ann.)
1567 4277 1872 4348 Pippinum
1904 4293 2044 4336 vero

401 4368 583 4426 tilium
609 4382 774 4424 suum
802 4367 1120 4439 imperator
1151 4365 1209 4420 in
1249 4365 1616 4436 Aquitaniam
1643 4367 1832 4434 misit;
1857 4368 1951 4425 cui
1987 4367 2045 4424 ﬂ-

399 4457 536 4515 liam
561 4456 903 4514 Theodorici
934 4455 1168 4512 comitis
1199 4454 1566 4511 Matricensis
1590 4454 1806 4526 junxit.
1835 4459 1858 4480 ‘

540 4549 563 4570 ‘
595 4545 736 4602 D.E.
776 4544 1040 4602 addunt:
1072 4543 1370 4600 lnchoatio
1390 4545 1724 4600 monasterii
1745 4560 1890 4602 nove
1913 4547 2051 4602 Cor-

612 4616 742 4674 beie
775 4617 832 4671 in
879 4615 1126 4688 Saxonia
1157 4629 1258 4688 per
1309 4619 1571 4688 sanctum
1634 4617 2044 4688 Adelhardum,

613 4687 868 4758 antiquae
903 4687 1162 4743 Corbeiaa
1194 4687 1251 4741 in
1273 4687 1507 4742 Frantia
1540 4687 1831 4743 abbatem.

468 4785 520 4836 9.
556 4783 606 4836 8.
642 4778 708 4833 Δ.
739 4777 801 4832 D.
826 4779 950 4832 8'23.
980 4775 1172 4832 Mense
1197 4775 1339 4832 Maio
1361 4780 1654 4832 conventu
1679 4776 1880 4833 habito
1895 4779 2049 4850 apud

397 4867 845 4937 Franconofurt,
885 4865 1041 4922 inter
1079 4873 1311 4922 ceteras
1364 4866 1748 4922 barbarorum
1807 4866 2053 4937 legatio-

394 4969 500 5013 nes
531 4957 819 5011 venerunt
853 4953 925 5010 ad
959 4955 1375 5026 imperatorem
1395 4953 1510 5010 duo
1539 4953 1754 5012 fratres
1781 4955 1855 5012 de
1872 4969 2053 5028 regno

395 5042 736 5113 Wilzorum,
769 5043 1234 5103 controversiam
1258 5043 1563 5116 habentes,
1586 5043 1850 5116 Milegast
1870 5049 1928 5103 et
1954 5046 2055 5106 Ce-

2166 3207 2414 3279 accepit,
2433 3207 2556 3264 sine
2569 3207 2720 3264 omni
2737 3207 2928 3264 victus
2945 3208 3238 3266 desiderio
3260 3210 3492 3281 plenum
3521 3210 3813 3268 biennium

2169 3296 2421 3368 usquein
2451 3295 2695 3352 tercium
2713 3311 2922 3352 annum
2960 3295 3258 3354 dimidium
3283 3297 3627 3371 complevit,
3658 3299 3812 3356 nulla

2170 3385 2404 3456 penitus
2431 3383 2697 3456 corporis
2721 3383 2989 3440 alimenta
3015 3385 3367 3458 percipiens.
3397 3388 3590 3460 Coepit
3622 3395 3812 3446 autem

2161 3473 2424 3543 jejunarc
2455 3489 2605 3531 anno
2627 3473 3364 3531 domiuiezeincarnationis
3384 3477 3489 3532 823
3511 3492 3542 3532 a
3577 3477 3811 3549 pascha,

2167 3565 2225 3617 et
2256 3562 2312 3616 in
2334 3565 2438 3617 82:5
2483 3562 2638 3616 circa
2663 3561 2899 3618 inicium
2923 3562 3288 3632 Novembris,
3317 3565 3811 3636 peractojejunio,

2167 3649 2357 3706 cibum
2398 3663 2630 3706 sumere
2671 3663 2737 3705 ac
2769 3653 3100 3706 ceterorum
3142 3649 3434 3708 hominum
3470 3667 3634 3709 more
3667 3667 3816 3708 man-

2166 3738 2432 3796 ducando
2454 3739 2650 3794 vivere
2668 3737 2865 3809 coepit.
2887 3770 2951 3778 -
2978 3740 3035 3794 In
3065 3738 3310 3796 Saxonia
3335 3755 3569 3813 quoque
3595 3743 3651 3798 in
3669 3757 3814 3814 pago

2165 3828 2458 3884 Firihsaze
2478 3831 2546 3882 23
2567 3825 2720 3882 villae
2744 3827 2875 3896 igne
2897 3827 3118 3883 caelesti
3138 3832 3413 3884 crematae
3443 3834 3606 3899 sunt,
3632 3838 3691 3885 et
3714 3831 3812 3886 ful-

2161 3929 2304 3986 gura
2341 3915 2396 3969 in
2425 3929 2633 3971 sereno
2655 3915 2774 3971 visa
2811 3920 2948 3971 sunt
2979 3921 3154 3986 atque
3179 3916 3435 3973 interdiu
3461 3917 3535 3974 de
3556 3919 3704 3976 caelo
3727 3935 3814 3975 cr-

2161 4004 2454 4061 ciderunt.
2470 4035 2538 4044 ——
2555 4005 2612 4058 in
2634 4004 2934 4060 territorio
2957 4005 3288 4062 Cumetensi
3315 4005 3537 4064 Italicae
3561 4008 3812 4064 civitatis

2160 4108 2217 4164 in
2259 4093 2389 4150 vico
2422 4093 2763 4148 Grabadona
2799 4093 2855 4148 in
2885 4093 3153 4150 :ecclesia
3183 4094 3375 4150 sancti
3405 4097 3692 4152 Johannis
3719 4099 3811 4152 Ba-

2159 4181 2358 4252 ptistae
2393 4181 2582 4253 imago
2615 4185 2834 4238 sanctae
2857 4181 3048 4238 Maria:
3067 4197 3312 4254 puerum
3334 4183 3579 4240 Jhesum
3599 4186 3810 4255 gremio

2158 4269 2488 4340 continens,
2510 4269 2566 4324 in
2582 4268 2783 4325 absida
2807 4269 3065 4339 ejusdem
3081 4269 3366 4328 aecclcsiaz
3381 4272 3646 4344 depicta,
3660 4278 3716 4329 et
3743 4275 3810 4330 ob

2163 4357 2394 4414 nimiam
2416 4361 2772 4414 vetustatem
2790 4359 3104 4414 obscurata
3126 4373 3392 4431 peneque
3417 4359 3638 4428 deleta,
3658 4366 3808 4418 tanta

2077 4461 2130 4521 D
2159 4446 2431 4504 claritate
2465 4447 2828 4518 perduorum
2851 4446 3075 4504 dierum
3111 4449 3308 4518 spacia
3339 4446 3589 4523 ell‘ulsit,
3620 4455 3679 4508 ut
3701 4465 3807 4507 om-

2161 4551 2290 4592 nem
2315 4533 2686 4606 splendorem
2730 4550 2894 4593 novae
2920 4535 3166 4607 picturae
3189 4551 3312 4594 suae
3333 4540 3670 4598 venustatis
3699 4540 3809 4614 pul-

2161 4623 2495 4682 chritudine
2509 4623 2746 4696 penitus
2759 4625 2993 4682 vincere
3006 4624 3328 4684 videretur.
3344 4628 3362 4682 Ι
3369 4629 3635 4698 magines
3648 4629 3808 4686 etiam

2164 4729 2462 4784 magorum
2495 4727 2737 4771 munera
2767 4712 3136 4770 offerentium
3161 4715 3330 4787 juxta
3359 4731 3488 4772 eam
3520 4725 3692 4774 erant
3721 4719 3804 4775 de-

2165 4803 2354 4876 pictas,
2391 4817 2536 4874 quas
2565 4805 2766 4875 preter
2794 4816 3032 4859 munera
3063 4817 3192 4874 quae
3222 4802 3552 4864 offerebant
3581 4805 3808 4865 claritas

2166 4890 2265 4949 illa
2297 4890 2532 4947 minime
2563 4889 2910 4948 irradiabat.

2342 4983 2366 5006 '
2394 4979 2862 5056 D:_E._addzm_t:
2897 4980 3198 5038 Paschalis
3225 5012 3296 5022 --
3327 4985 3714 5056 transposuit.
3747 4997 3812 5041 ea:

2411 5050 2617 5124 ις’ἰθθῡ.
2649 5064 2706 5109 a.
2739 5054 2862 5108 821.

1783 5163 2024 5225 VARIE
2059 5165 2464 5228 LECTIONES.

468 5271 562 5358 ξιοο
591 5287 815 5358 quas...
834 5274 1302 5358 Ludewicuine'ot
1346 5277 1620 5358 ana/rgias:
1659 5278 1839 5358 αειάίι
1885 5286 1939 5358 ῃ.
1997 5282 2215 5358 domat
2238 5283 2322 5358 1b.
2376 5279 2498 5358 ,ιη’
2529 5282 3021 5358 quae—Calvum
3065 5284 3133 5340 in
3185 5284 3467 5358 margine
3515 5287 3700 5346 add“
3751 5291 3801 5344 ί-

400 5343 494 5380 u"
523 5343 844 5420 secundum
865 5377 934 5387 —-
955 5349 1241 5405 successit
1269 5349 1340 5406 in
1382 5343 1658 5420 margine
1681 5351 1900 5410 desunt
1940 5358 1996 5412 4.

400 5427 594 5488 supra
615 5417 751 5488 post
773 5416 1042 5488 inventus
1068 5425 1162 5475 est
1189 5419 1468 5488 leguntur
1494 5416 1545 5476 5'.
1577 5423 1663 5476 9°.
1705 5427 1788 5480 10.
1820 5427 1913 5480 41.

408 5556 482 5615 in
507 5554 630 5614 loco
655 5566 794 5614 raso
819 5561 876 5614 1.

2109 5354 2203 5428 “7f
2229 5353 2562 5428 Stephanus
2581 5383 2653 5428 -ς
2675 5355 2965 5412 successit
2997 5355 3065 5411 in
3095 5353 3394 5428 margine
3425 5361 3483 5414 1.
3521 5357 3736 5416 desunt
3752 5359 3800 5412 t.

693 5423 751 5496 st
773 5423 1042 5498 inventus
1068 5425 1162 5498 est
1189 5423 1788 5498 legatam/(b.9510.
1820 5427 1925 5498 41.
1964 5424 2090 5498 Nu"
2111 5426 2207 5484 cui
2225 5423 2502 5498 —junxit
2530 5425 2600 5498 in
2625 5425 2747 5498 lege
2774 5439 2916 5498 meo
2946 5430 3004 5498 1.

407 5483 1070 5574 giﬁgygééigqqtbulum
1091 5483 1267 5549 deest.
1345 5487 1436 5524 “7‘
1453 5489 1649 5550 liuthit
1666 5492 1751 5552 ιι).
1797 5513 1802 5518 ·
1838 5493 1929 5532 “7‘
1947 5496 2250 5560 ﬁdem“:
2269 5483 2419 5574 αὲιοε
2437 5495 2570 5556 vidi
2591 5483 2756 5556 codd.
2779 5483 3228 5570 celeadrogoﬂ.

3089 5423 3182 5461 “7‘
3197 5423 3506 5488 coniunxit
3533 5431 3634 5488 vel
3652 5427 3812 5488 aliud

3306 5445 3506 5535 {39m
3533 5445 3632 5488 υει
3652 5445 3808 5488 cum

3413 5499 3612 5575 puella
3625 5499 3808 5558 -ιιι
