3952 6322
143 334 276 395 873

204 476 293 525 10.
326 474 377 525 9.
411 471 596 543 (Emu.
627 476 802 550 Amz.)
836 483 897 536 A.
935 483 997 537 D.
1028 488 1147 543 824.
1181 490 1477 552 Paschalis

123 557 419 615 decessit.
456 562 513 616 ln
540 564 709 633 cujus
734 565 921 625 locum
950 587 1077 629 eum
1104 576 1217 633 duo
1237 595 1340 650 per
1361 557 1795 646 contentionem

120 648 336 717 populi
383 649 631 707 fuissent
676 654 870 725 electi,
917 661 1209 731 Eugenius
1238 648 1466 744 tamen,
1502 678 1794 746 presbiter

115 734 287 790 tituli
313 743 533 795 sancta:
557 739 803 814 Sabinm,
829 747 1096 807 vincente
1127 756 1406 816 nobilium
1431 734 1616 835 parte,
1648 781 1792 838 papa

117 825 256 875 99119
288 825 619 897 ordinatur,
654 831 926 903 seditque
958 852 1138 895 annos
1173 847 1222 898 3.
1262 825 1455 917 Legati
1496 825 1793 910 Michaelis

115 910 508 981 imperatoris
569 918 1199 996 Constantinopolitani
1257 910 1790 1009 advimperatorem

116 997 507 1059 Ludewicum
542 1021 647 1076 pro
679 1024 821 1080 pace
863 1016 1254 1079 confirmanda
1289 1040 1416 1082 cum
1452 1033 1793 1089 muneribus

113 1092 174 1142 et
204 1086 436 1148 litteris
457 1102 765 1168 venerunt,
796 1101 1200 1178 condignoque
1225 1127 1509 1185 responso

116 1183 286 1233 snt.
316 1181 340 1202 ⁶
361 1211 432 1221 --
458 1183 570 1239 Hec
604 1199 752 1242 anno
783 1192 987 1260 paucis
1008 1200 1139 1265 post
1164 1181 1426 1260 aestiv-ale
1455 1205 1791 1266 solsticium

114 1264 336 1323 diebus
365 1268 422 1324 in
449 1271 753 1331 territorio
784 1264 1304 1359 Augustidunensi,
1331 1307 1463 1348 aere
1488 1295 1540 1350 in
1573 1301 1790 1369 tempe-

114 1358 342 1411 statem
371 1359 567 1414 subita
594 1365 916 1422 mutatione
942 1385 1247 1447 converso,
1277 1358 1483 1449 ingens
1509 1358 1791 1455 fragmen-

113 1445 242 1496 tum
271 1456 346 1498 ex
368 1444 557 1514 glacie
590 1448 759 1507 simul
795 1469 921 1509 cum
953 1444 1241 1526 grandine
1266 1444 1563 1525 decidisse
1594 1444 1790 1528 narra-

112 1534 235 1600 tur,
261 1532 434 1601 cujus
461 1533 768 1605 longitudo
788 1543 971 1612 pedes
991 1552 1075 1618 15,
1103 1549 1356 1611 latitudo
1374 1559 1424 1628 7,
1452 1560 1788 1617 crassitudo
1816 1560 1823 1571 '

117 1617 284 1675 duos
314 1619 585 1680 habuisse
624 1624 858 1686 dicitur.

268 1710 292 1731 θ
324 1709 387 1763 Ι).
518 1713 790 1795 addunt.-
813 1719 972 1795 [nter
1001 1728 1196 1783 cetera
1235 1744 1473 1789 munera
1499 1767 1556 1774 —
1589 1736 1665 1791 ibi
1699 1754 1784 1795 sa-

343 1780 512 1837 natis.
558 1796 634 1838 ιω
662 1787 865 1858 .S'z'yeb.

1032 338 1470 423 ('IHRONICA.
1506 400 1583 409 —
1616 367 2087 437 CHRONICON
2133 378 2684 449 UNIVERSAIE.

3442 405 3557 466 871

1501 513 1644 571 papa
1672 501 1789 557 vita
1825 508 1875 567 Α
1910 520 2022 577 qua
2055 510 2288 568 domino
2326 513 2665 586 imperatori
2710 520 2949 578 allatum
2980 530 3071 581 est
3103 527 3173 582 ad
3208 532 3558 606 Aquisgrani

1910 596 2207 666 palatium.
2246 634 2309 642 —
2344 603 2513 673 (σὴν.
2570 608 2674 679 W.)
2707 611 2998 669 Wetlinus
3030 596 3334 683 Augiensis
3366 596 3558 681 mona-

1907 685 2053 741 chus
2078 686 2133 743 in
2159 689 2373 760 spiritu
2398 700 2623 765 raptus,
2650 699 3065 757 ammirabilem
3088 705 3232 762 vidit
3251 709 3550 768 visionem.

1980 797 2064 847 15.
2110 797 2188 849 14.
2227 797 2414 865 (Eum.
2446 803 2626 872 Ama.)
2660 805 2721 859 A.
2756 806 2819 861 D.
2849 810 2970 864 829.
3020 812 3079 865 In
3133 812 3260 883 ipso
3309 819 3555 887 quadra-

1903 880 2170 949 gesimali
2190 883 2413 954 jejunio
2435 890 2637 959 paucis
2660 897 2792 949 ante
2810 905 3072 954 sanctum
3103 880 3321 959 Pascha
3347 906 3556 965 diebus

1908 970 2253 1049 Aquisgrani
2280 980 2653 1035 terrannotus
2677 986 2849 1039 noctu
2876 985 3062 1043 factus
3084 995 3192 1056 est,
3229 999 3553 1066 ventusque

3181 1045 3551 1066 ,._n-“_1_-

1904 1059 2021 1112 tam
2066 1045 2378 1118 vehemens
2419 1072 2683 1138 exortus,
2728 1077 2791 1126 ut
2834 1088 2943 1129 non
2986 1076 3167 1134 solum
3210 1081 3551 1140 humiliores

1904 1144 2125 1216 domos,
2167 1164 2369 1206 verum
2411 1153 2586 1209 etiam
2629 1156 2813 1227 ipsam
2851 1167 3067 1219 sancta)
3110 1168 3209 1222 Dei
3248 1172 3552 1237 genitricis

1904 1233 2237 1305 basylicam,
2265 1253 2433 1309 quam
2455 1243 2739 1314 capellam
2764 1256 2991 1321 vocant,
3021 1256 3235 1323 tegulis
3252 1233 3549 1328 plumbeis

1902 1325 2138 1394 tectam,
2175 1341 2289 1381 non
2324 1329 2544 1386 modica
2579 1332 2905 1393 denudaret
2936 1354 3009 1394 ex
3037 1350 3223 1411 parte.

1971 1415 2056 1467 16.
2097 1417 2177 1467 15.
2216 1417 2279 1471 Α.
2317 1417 2378 1471 Ι).
2413 1421 2535 1475 830.
2574 1420 2854 1480 Michahel
2888 1426 3207 1499 imperator
3236 1435 3399 1490 obiit.

1972 1505 2055 1555 17.
2098 1503 2176 1557 16.
2219 1506 2279 1558 Α.
2315 1505 2375 1559 Ι).
2411 1509 2533 1563 83l.
2572 1508 2896 1569 Secundum
2924 1519 3203 1586 quosdam
3232 1523 3396 1591 (σήν.
3439 1527 3544 1598 η’.)

1897 1587 2195 1646 Paschalis
2243 1607 2390 1664 papa
2439 1595 2605 1666 obiit,
2666 1599 2835 1669 eique
2885 1604 3177 1674 Eugenius
3232 1615 3539 1670 successit.

1814 1704 1819 1711 ι
1900 1676 2153 1747 Corpora
2193 1693 2527 1739 sanctorum
2558 1684 2835 1760 Valentis,
2872 1691 3088 1750 Sencsii
3122 1701 3179 1752 et
3205 1699 3542 1773 Theopontii

1898 1763 1952 1819 in
1998 1766 2237 1835 Augiam
2281 1768 2528 1827 insulam
2572 1773 2935 1835 deferuntur.
2977 1763 3543 1859 Tlieopliilus,'filius

184 1870 281 1919 11.
324 1871 405 1922 10.
540 1871 602 1924 D.
648 1853 769 1929 825.
822 1877 1033 1937 Habito
1074 1884 1422 1957 Aquisgrani
1466 1901 1764 1966 conventu

184 1953 301 1984 νενιιῖ
363 1955 440 1984 1)..
472 1970 670 1984 ,ιη-...κ
705 1976 807 1984 -..Α
856 1969 1064 1984 --,_,.--
1207 1974 1243 1984 ..
1329 1981 1336 1984 _
1482 1980 1490 1984 _
1544 1982 1551 1984 .

1953 1853 2248 1927 ichabelis,
2281 1860 2546 1928 regnavit
2576 1876 2759 1921 annos
2793 1871 2874 1923 12.

2036 1962 2057 1984 .
2092 1962 2132 1984 η
2191 1963 2382 1984 .-μη
2662 1971 2675 1984 .
2702 1973 2742 1984 ..
2865 1974 2874 1984 .

107 1950 302 2021 legati
362 1954 673 2026 Bulgarum
704 1976 812 2033 pro
849 1950 1280 2032 constituendis
1324 1980 1587 2039 terminis
1626 1957 1781 2043 inter

109 2041 382 2099 Francos
405 2048 463 2099 et
490 2045 771 2117 Bulgares
801 2053 871 2108 ad
904 2055 1315 2128 imperatorem
1349 2076 1654 2144 venerunt,
1691 2088 1780 2131 re-

110 2142 465 2201 sponsoque
509 2142 771 2209 accepto,
808 2143 1130 2203 redierunt.

178 2222 274 2273 12.
318 2223 403 2275 11.
442 2223 505 2276 A.
541 2224 603 2279 D.
642 2230 762 2283 826.
808 2230 1175 2307 Hilduvinus,
1218 2241 1398 2298 abbas
1437 2244 1773 2306 monasterii

104 2306 313 2361 Sancti
360 2309 602 2367 Dionisii
644 2316 798 2385 apud
838 2320 1122 2380 Parisium
1154 2306 1423 2400 sacrique
1452 2334 1651 2404 palatii
1684 2353 1774 2395 ar-

101 2391 580 2469 chicapellanus,
616 2407 843 2459 Romam
880 2408 1134 2484 mittens,
1176 2391 1467 2475 annuente
1496 2425 1770 2493 precibus

93 2480 228 2550 ejus
250 2482 537 2553 Eugenio,
561 2496 779 2547 sanctae
798 2496 955 2553 sedis
975 2480 1316 2569 apostolicae
1337 2512 1474 2565 tunc
1493 2480 1762 2586 praesule,

98 2583 337 2640 corpus
372 2572 692 2634 beatissimi
727 2586 1000 2656 martyris
1022 2590 1235 2647 Christi
1259 2572 1578 2654 Sebastiani
1604 2572 1767 2660 acce:

96 2657 208 2727 pit,
246 2664 309 2713 et
347 2660 491 2717 illud
525 2669 674 2737 apud
710 2669 1058 2732 Suessonam
1082 2679 1380 2739 civitatem
1416 2686 1469 2741 in
1501 2657 1759 2761 basylica

85 2747 286 2803 sancti
320 2749 572 2808 Medardi
600 2758 941 2827 collocavit;
976 2766 1071 2821 ubi
1108 2768 1240 2825 dum
1271 2772 1460 2830 adhuc
1493 2747 1759 2836 inhuma;

89 2840 214 2890 tum
260 2836 318 2892 in
357 2837 550 2897 loculo
594 2859 707 2914 quo
748 2849 984 2907 allatum
1020 2856 1228 2929 fuerat,
1263 2861 1427 2930 juxta
1474 2869 1757 2926 tumulum

89 2925 293 2979 sancti
342 2927 595 2987 Medardi
630 2933 873 3008 jaceret,
910 2945 1069 2998 tanta
1104 2925 1401 3016 signo—rum
1444 2925 1757 3015 multitudo

86 3012 338 3084 enituit,
377 3021 500 3073 uta
534 3022 694 3079 nullo
724 3029 1053 3086 mortalium
1093 3044 1191 3089 aut
1235 3053 1471 3097 numero
1500 3058 1758 3117 compre-

87 3098 275 3157 hendi
314 3110 417 3159 aut
450 3110 643 3166 verbis
674 3112 861 3170 valeat
892 3123 1184 3189 enarrari;
1216 3140 1461 3195 quorum
1495 3098 1755 3202 quaedam

2036 1962 2057 1984 ‘
2088 1962 2151 2015 D.
2187 1963 2586 2042 (iniecerint)
2618 1971 2677 2042 et
2701 1973 2762 2027 E.
2796 1974 3034 2032 addunt
3058 1998 3076 2033 :
3109 1981 3441 2042 Amularius
3469 2019 3539 2030 -

2105 2047 2304 2104 regum
2346 2037 2488 2093 edit.
2520 2037 2594 2096 ea:
2618 2041 2823 2114 Sigeb.
2856 2061 2911 2102 α.
2948 2052 3072 2104 827.

1963 2142 2044 2194 19.
2090 2143 2168 2195 18.
2206 2140 2295 2209 (Α.
2332 2143 2489 2216 Lob.)
2533 2148 2595 2201 A.
2636 2149 2700 2203 D.
2741 2154 2862 2207 833.
2908 2153 3229 2225 Imperator
3270 2160 3388 2219 {illo
3428 2179 3534 2222 suo

1885 2225 2097 2282 Karolo
2130 2242 2204 2284 ex
2232 2230 2431 2286 Judith
2466 2240 2601 2291 nato
2634 2237 2797 2294 dedit
2827 2241 3243 2317 Alamanniam,
3269 2251 3532 2309 Rhetiam

1884 2317 1941 2368 et
1974 2321 2200 2384 partem
2246 2319 2614 2393 Burgaiidiae,
2657 2325 3094 2397 indignantibus
3126 2340 3344 2394 ceteris
3376 2340 3527 2398 ﬁliis.

1952 2406 2047 2460 24.
2087 2408 2180 2461 23.
2224 2409 2287 2463 A.
2333 2409 2396 2463 Ι).
2442 2414 2564 2467 838.
2606 2414 2905 2487 Pippinus,
2950 2418 3104 2477 illius
3144 2422 3531 2501 imperatoris,

1878 2491 2046 2550 obiit.

1950 2584 2038 2637 25.
2074 2585 2159 2638 24.
2206 2588 2268 2641 Δ.
2311 2588 2373 2642 Ι).
2408 2592 2534 2645 839.

1945 2674 2032 2726 26.
2069 2675 2155 2727 25.
2193 2675 2256 2728 Α.
2292 2675 2355 2730 Ι).
2394 2679 2516 2733 840.
2568 2679 2909 2741 Ludewicus
2940 2686 3259 2759 imperator
3289 2694 3435 2752 obiit
3466 2700 3533 2754 12

1874 2757 2112 2814 Kalend.
2159 2762 2270 2817 Jul.
2294 2805 2307 2832 ,
2353 2765 2742 2839 sepultusque
2782 2775 2873 2828 est
2905 2772 2959 2830 in
2993 2757 3258 2836 aécclesia
3290 2782 3533 2844 Metten.

1871 2847 1919 2901 si
1955 2846 2063 2901 1179.

1941 2943 1989 2992 1.
2028 2938 2195 3007 (Ulzr.
2243 2941 2322 2995 W.
2346 2944 2503 3000 —-A.
2534 2944 2669 3002 Iob.
2692 2977 2763 2988 —
2787 2948 2867 3005 Cl‘.
2904 2949 3045 3007 0hr.
3087 2954 3192 3027 W.)
3227 2961 3390 3018 Anno
3420 2964 3530 3046 Do_

1871 3026 2094 3083 minicae
2120 3027 2535 3088 incarnationis
2555 3038 2678 3105 841,
2705 3037 2777 3092 ab
2803 3039 2955 3096 Urbe
2980 3056 3117 3099 vero
3138 3026 3377 3106 cendita
3402 3031 3533 3129 mil:

1869 3114 2076 3170 lesimo
2104 3120 2227 3186 592,
2264 3118 2628 3191 Ludewicus,
2665 3126 2991 3196 superioris
3023 3132 3313 3193 Ludewici
3345 3114 3521 3231 ﬁlius;

1869 3207 1965 3231 "Mn
1990 3202 2081 3231 illo
2108 3204 2231 3231 lnnn
2266 3207 2335 3231 ηις
2382 3210 2627 3231 Δ..,-.--,-
2687 3228 2853 3231 ..-ᾲ.-.
3105 3223 3131 3231 ..

1639 3189 1755 3194 ,
2616 3189 2621 3191 .
2739 3189 2753 3196 -
3345 3189 3521 3231 --η-,ν’

82 3189 239 3244 tanti
272 3194 538 3263 stuporis
560 3211 686 3254 esse
710 3212 1040 3276 narrantur,
1070 3215 1128 3265 ut
1157 3189 1419 3272 humana;
1452 3189 1760 3285 imbecilli-
1791 3211 1837 3274 C
1868 3207 1965 3257 75°
1990 3202 2081 3238 mo
2104 3204 2234 3261 ¹⁰⁰⁰
2265 3207 2338 3261 ab
2370 3210 2652 3281 Αυὲυδίον
2687 3228 2933 3283 regnare
2963 3223 3161 3292 coep“:
3186 3231 3243 3279 θί
3267 3231 3334 3281 36
3356 3235 3525 3292 annis

85 3277 233 3334 tatis
261 3277 437 3336 tidem
461 3286 835 3356 excederent,
860 3294 969 3349 nisi
995 3302 1218 3355 certum
1244 3314 1402 3360 esset
1427 3309 1754 3385 Dominum,

85 3379 194 3435 pro
225 3382 347 3437 quo
371 3369 496 3441 ipse
522 3389 729 3443 passus
763 3384 872 3450 est,
908 3386 1097 3442 omnia
1133 3403 1327 3458 posse.

154 3458 249 3511 13.
287 3460 377 3512 12.
416 3460 479 3514 Α.
515 3463 573 3516 Ι).
610 3468 732 3521 8;.7.
785 3468 1076 3540 Eugenius
1128 3492 1272 3549 papa
1321 3496 1516 3540 mense
1569 3490 1759 3559 Augu.

85 3550 179 3600 sto
222 3545 523 3615 decessit;
550 3551 606 3607 in
639 3555 809 3624 cujus
840 3557 1027 3616 locum
1059 3545 1401 3627 Valentinus
1428 3545 1756 3635 diaconuusa

82 3633 372 3690 Romanis
429 3652 578 3709 papa
636 3647 1001 3705 centesimus
1051 3653 1379 3727 ordinatus,
1434 3662 1531 3718 vix
1583 3681 1756 3723 unum

80 3736 354 3778 mensem
381 3724 435 3780 in
465 3730 805 3798 pontiﬁcatu
831 3739 1147 3810 complevit
1171 3742 1278 3800 “77.
1308 3724 1433 3814 Quo
1455 3750 1752 3827 defuncto,

81 3810 435 3883 Gregorius,
472 3819 764 3886 presbiter
790 3823 947 3880 tituli
979 3831 1165 3885 sancti
1197 3810 1390 3906 Marci,
1420 3854 1567 3910 papa
1596 3810 1757 3898 1018;

76 3898 318 3955 electus
348 3908 461 3971 est,
494 3905 593 3960 sed
619 3912 752 3964 ante
775 3925 887 3967 non
910 3921 994 3970 est
1022 3918 1329 3978 ordinatus
1362 3898 1532 3995 quam
1562 3928 1739 4001 impe-

78 3988 313 4043 ratoris
346 3988 577 4061 legatus
610 3995 848 4054 Romam
882 4004 1142 4076 veniens,
1169 4010 1514 4070 electionem
1553 3988 1755 4090 populi

80 4077 287 4146 qualis
338 4084 496 4135 esset
545 4086 915 4145 examinavit.
952 4091 1075 4157 Quo
1125 4097 1466 4172 decedente,
1517 4077 1757 4175 Sergius

78 4180 237 4238 papa
271 4170 437 4221 102‘“
466 4174 785 4242 successit;
820 4183 953 4248 post
985 4195 1153 4251 quem
1186 4185 1298 4241 Leo
1331 4170 1493 4244 1031i!
1521 4170 1750 4261 extitit,

77 4257 98 4277 ‘
124 4255 400 4325 Corpora
419 4256 510 4291 ατε
528 4266 861 4321 sanctorum
887 4268 1200 4327 Marcellini
1222 4279 1281 4329 et
1299 4277 1455 4333 Petri
1476 4280 1546 4336 de
1567 4255 1745 4341 Roma

80 4343 138 4398 in
166 4344 539 4403 Germaniam
567 4352 848 4410 translata
874 4371 1069 4414 mense
1090 4361 1419 4437 Novembri,
1446 4369 1752 4431 miraculis

80 4432 425 4490 clariﬁcata
458 4443 611 4494 sunt.

1872 3292 2155 3359 regnavit.
2189 3293 2286 3364 (A.
2315 3295 2474 3369 ἰοὺ.)
2506 3299 2637 3356 Post
2666 3308 2907 3360 mortem
2932 3323 3071 3366 vero
3097 3315 3282 3381 patris
3306 3319 3395 3374 sui
3424 3322 3525 3378 Lu-

1871 3380 2081 3436 dewici
2119 3381 2513 3456 imperatoris,
2552 3390 2731 3445 frater
2763 3392 2888 3461 ejus
2926 3397 3228 3459 Lotharius
3255 3420 3524 3467 reversus

1870 3469 1941 3525 de
1973 3469 2159 3540 Italia,
2193 3478 2249 3527 et
2283 3474 2584 3547 Pippinus,
2624 3479 2776 3536 illius
2807 3484 3035 3556 Pippiui
3072 3492 3263 3561 patrui
3305 3498 3413 3565 sui,
3451 3498 3522 3555 de

1870 3558 2201 3631 Aquitania,
2227 3562 2539 3620 voluerunt
2560 3568 2853 3633 Karolum,
2874 3572 3053 3631 lilium
3069 3558 3288 3652 ludith,
3311 3558 3522 3655 cogno-

1871 3647 2020 3702 mine
2053 3648 2310 3717 Calvum,
2341 3666 2405 3707 ea
2434 3659 2597 3723 parte
2623 3670 2791 3725 quam
2814 3660 2922 3716 sibi
2952 3671 3118 3733 pater
3142 3680 3517 3732 concrsserat

1868 3736 2122 3808 privare,
2158 3745 2219 3794 et
2248 3743 2566 3798 secundum
2610 3744 2664 3800 id
2706 3752 3138 3823 testamentum,
3178 3760 3328 3825 quod
3372 3777 3517 3821 avus

1868 3838 2069 3880 eorum
2102 3827 2347 3883 Karolus
2381 3831 2613 3899 Magnus
2642 3839 2953 3907 statuerat,
2982 3840 3035 3895 in
3062 3847 3180 3898 tres
3207 3853 3405 3914 partes
3434 3851 3517 3907 in-

1865 3918 1961 3969 ter
1984 3928 2044 3970 se
2069 3929 2241 3985 regna
2268 3916 2547 3974 dividere.
2576 3920 2696 3987 Qua
2722 3923 2792 3978 de
2817 3939 2879 3979 re
2904 3928 3055 3997 apud
3081 3932 3519 3995 Autisnodoren-

1866 4017 1988 4059 sem
2029 4018 2259 4074 pagum,
2297 4005 2351 4060 in
2390 4006 2516 4062 loco
2559 4010 2654 4079 qui
2693 4010 2908 4068 dicitur
2950 4016 3292 4092 Fontancth,
3335 4040 3515 4095 grave

1869 4092 2132 4164 praelium
2167 4092 2321 4149 inter
2341 4109 2444 4150 eos
2464 4098 2837 4156 commissum
2868 4108 2978 4174 est,
3004 4111 3063 4161 et
3088 4122 3289 4179 magna
3315 4092 3515 4185 strage

1867 4185 2209 4250 pugnatum,
2245 4195 2273 4236 a
2308 4187 2512 4239 neutra
2547 4191 2636 4240 est
2670 4194 2833 4257 parte
2868 4192 3303 4266 triumphatum.
3343 4200 3508 4272 (Chr.

1880 4269 1985 4339 W.)
2009 4268 2254 4324 Tandem
2275 4285 2415 4326 vero
2437 4272 2741 4345 paciﬁcati,
2768 4292 2870 4349 per
2888 4288 3139 4351 quatuor
3164 4268 3514 4350 tetrarchias

1866 4371 2041 4427 regna
2083 4357 2367 4415 dividunt.
2406 4361 2465 4416 ln
2498 4360 2587 4394 “31
2620 4363 2908 4425 divisione
2953 4387 3262 4442 regnorum
3309 4379 3513 4438 Lotha-

1864 4447 1987 4502 rius
2008 4462 2137 4503 cum
2163 4449 2390 4506 nomine
2424 4450 2798 4524 imperatoris
2829 4462 3092 4530 possedit
3126 4465 3370 4538 Italiam,
3404 4470 3513 4527 Lu-

230 4526 255 4547 ¹’
283 4524 345 4579 Ι)-
380 4526 439 4580 Ec
476 4528 709 4587 addunt
732 4550 753 4586 :
785 4534 886 4590 Hic
930 4540 1260 4613 constituit,
1313 4549 1376 4600 ut
1427 4550 1650 4606 οοιεγω
1682 4581 1743 4592 ..,
1778 4564 1831 4626 D
1864 4534 2124 4593 dewicus
2147 4538 2830 4613 Germaniam,Pippinus
2849 4550 3237 4623 Aquitaniam,
3262 4556 3510 4617 Karolus

308 4596 481 4626 Πηλῆι
553 4601 812 4626 ἣκει-..Ληῖι
856 4607 1016 4626 -‘:_--_
1124 4614 1137 4626 ι
1200 4614 1210 4626 ι
1877 4625 1890 4626 γ
1947 4623 1957 4626 -
1996 4623 2005 4626 -

306 4596 505 4689 fiebat.
548 4601 1045 4689 pecrevitetiam.
1084 4596 1413 4689 utidu'mhrv—
1432 4596 1748 4689 presuinat

306 4667 433 4757 nisi
446 4673 669 4757 tantum
698 4674 946 4732 ministri
970 4667 1195 4757 altaris.
1222 4667 1739 4757 éimgéziféfé'iil

306 4738 369 4793 et
391 4739 433 4793 D
460 4758 470 4792 :
497 4741 769 4819 Rabanus
800 4752 1116 4809 monachus
1148 4753 1204 4809 in
1226 4738 1485 4816 scientia
1502 4738 1745 4819 litigii

308 4812 601 4892 rumpulli
628 4824 923 4892 secundus
952 4851 1007 4861 —-
1025 4824 1202 4880 misit.
1229 4841 1304 4883 ex
1318 4812 1738 4892 eodem—egi.

304 4880 366 4935 et
388 4899 409 4935 .-
439 4882 748 4944 Tractatus
780 4889 951 4947 etiam
979 4923 1049 4934 —-
1074 4880 1627 4961 θᾱὶᾱὶὶίὲἶάξέἶξῖ

149 4971 245 5025 14.
285 4972 373 5025 13.
406 4971 471 5025 Α.
506 4972 568 5026 Ι).
603 4977 726 5031 828.
762 4976 822 5032 In
855 4981 1092 5049 regione
1126 4986 1426 5045 Wasconia
1448 4994 1615 5048 trans
1638 4993 1743 5051 Ga-

76 5071 332 5115 ronnam
366 5057 423 5113 in
455 5074 604 5131 pago
646 5064 918 5133 Aginensi
960 5083 1241 5130 annonam
1283 5075 1355 5132 de
1396 5079 1539 5136 calo
1574 5083 1739 5153 quasi

1861 4623 2123 4683 Galliam.

1928 4713 2295 4786 Theophylus
2312 4715 2633 4787 imperator
2647 4721 3322 4797 Constantinopolitanus
3334 4732 3502 4807 obiit,

1856 4801 2026 4872 cujus
2050 4801 2205 4859 ﬁlius
2223 4804 2501 4861 Michabel
2527 4809 2791 4876 regnavit
2814 4812 2979 4867 annis
3001 4818 3096 4869 26.
3128 4817 3149 4839 '

1997 4908 2103 4963 Ἰ).
2149 4910 2208 4965 Ε.
2241 4909 2512 4968 addunt:
2538 4913 2658 4968 Rex
2701 4915 3009 4985 Bulgarum
3051 4920 3119 4974 ad
3163 4921 3502 4981 Christiani~

2067 4994 2254 5037 smum
2284 5010 2355 5022 -
2384 4987 2806 5052 perseveravit.
2836 5001 2912 5044 ex
2937 4990 3140 5059 Sigeb.
3174 5009 3230 5049 α.
3264 4998 3387 5051 8155.

1925 5089 1975 5142 4.
2012 5087 2075 5141 Α.
2110 5086 2173 5142 Ι).
2209 5090 2330 5146 844.
2378 5088 2596 5147 Bellum
2631 5090 2739 5147 fuit
2769 5091 2922 5150 inter
2952 5096 3280 5172 Pippinum,
3318 5101 3498 5162 lilium

75 5146 347 5219 pluviam
374 5146 747 5209 descendisse
772 5154 984 5228 ferunt,
1023 5159 1269 5218 similem
1296 5146 1605 5241 frumento,
1638 5171 1740 5229 sed
1850 5174 2101 5245 Pippini,
2132 5180 2190 5232 et
2219 5178 2512 5237 Karolum.

72 5234 387 5308 paululum
408 5238 676 5296 breviora
696 5256 763 5298 ac
779 5247 1120 5305 rotundiora
1136 5264 1316 5320 grana
1338 5255 1639 5331 habuisse,
1667 5260 1739 5318 de

1922 5268 1972 5319 7.
2008 5265 2072 5320 A.
2106 5266 2170 5322 Ι).
2203 5269 2326 5325 847.
2369 5270 2570 5327 Juditb
2604 5270 2695 5308 “3‘
2726 5254 3086 5350 imperatrix,
3132 5295 3278 5339 uxor
3318 5285 3500 5343 Lude-

1457 5409 1694 5468 VARIA‘I
1736 5417 2029 5475 LECTION
2034 5418 2133 5476 ES.

157 5513 255 5548 αττ
289 5514 388 5586 qui
440 5515 615 5573 etiam
665 5520 826 5576 ΙΙΙΙιιε
878 5524 987 5581 Leo
1037 5526 1234 5586 dictus
1283 5537 1391 5589 est.
1444 5549 1734 5610 superscr.
1770 5543 1812 5598 E
1844 5548 1891 5600 1.
1924 5543 2211 5618 recepitE
2239 5549 2292 5603 2.
2371 5545 2462 5583 “73
2489 5565 2736 5679 corpora
2767 5588 2836 5597 —-
2863 5566 2997 5615 sunt
3029 5563 3290 5641 erantet:

157 5587 279 5657 ijua
309 5591 470 5679 nam:
487 5589 914 5679 ’ςθγῦςξέηηίοοο
942 5611 1080 5679 raso
1116 5604 1191 5679 1.”
1242 5599 1333 5636 “7'
1361 5618 1411 5661 e.
1441 5610 1627 5666 sancti
1660 5612 1941 5679 Arnulphi
1964 5616 2253 5674 Mettis1b.
2334 5617 2425 5654 “9°
2454 5622 2588 5679 LXV
2620 5625 2711 5679 ΙΙΙ.
2738 5628 2800 5679 D.
2826 5629 2885 5679 E.
2965 5628 3055 5662 “81
3088 5648 3139 5679 in
3172 5664 3231 5674 -
3257 5634 3290 5679 C

83 5586 279 5668 (mjus
309 5591 460 5671 αηηὶ
487 5589 914 5687 ςθγῦῇἐηηὼοο
931 5611 1080 5687 ξαεο
1113 5604 1191 5687 1.”
1242 5586 1411 5661 “lie.
1441 5586 1941 5687 éé'ﬁéii'xiin‘liib'hi
1960 5586 2253 5674 ἦέῗιῖἓῖδ.
2334 5617 2425 5654 ¹¹⁸⁰
2454 5622 2588 5680 LXV

84 5658 160 5715 in
186 5659 470 5733 margine
500 5663 548 5717 1.
628 5659 721 5695 ³³⁸³
747 5665 893 5723 Haec
919 5668 1135 5727 desunt
1162 5675 1212 5729 5.

410 5756 671 5827 Ριπιοι..
720 5760 928 5827 CLIV.

3315 5563 3498 5633 plu-ra

2620 5625 2711 5682 ΙΙΙ.
2738 5628 2800 5684 D.
2825 5629 2885 5684 E.
2965 5628 3055 5662 “8‘
3088 5632 3141 5686 in
3172 5664 3231 5674 -
3257 5625 3492 5689 Galliam

3148 5800 3223 5858 28
