3952 6330
468 327 586 391 875

470 459 605 518 wici
635 457 869 530 prioris,
901 457 1071 515 obiit.

542 550 628 604 10.
663 548 725 601 Α.
756 545 820 602 D.
851 549 975 603 850.

612 636 636 658 '
659 637 720 708 D_.
774 635 833 708 Ε.
884 633 1120 708 addunt
1141 655 1162 692 .-
1191 634 1576 708 Gotescalcus
1613 636 1704 671 ¹¹³³
1735 639 1969 708 quidam
1999 639 2052 693 h.
2089 651 2120 693 a

684 704 922 777 Rabuno
943 705 1059 774 jam
1085 705 1342 776 archiep.
1377 708 1681 777 Mogontiae
1704 704 1974 764 ordinato
1995 724 2043 764 ι’.
2067 724 2117 764 c.

683 775 787 831 sed
817 805 887 814 —
921 790 1148 830 errore.
1185 789 1261 832 ea:
1291 775 1504 848 Sigei.
1541 795 1598 835 a.
1630 784 1760 836 849.

545 869 629 919 15.
665 865 729 918 Δ.
767 863 830 917 D.
865 866 988 919 855.
1026 865 1046 884 ⁸
1079 862 1362 919 ΔΕοοὶθείει
1405 865 1598 921 Sancti
1640 866 1860 936 Kyliani
1893 865 1948 920 in
1979 864 2125 920 Wir-

469 952 678 1021 ciburg
714 949 1054 1007 fulminibus
1086 958 1295 1008 exusta
1326 959 1437 1009 est.
1471 985 1530 994 —
1567 955 1876 1010 Lotharius
1905 953 1995 986 “3‘
2024 952 2126 1008 im-

472 1044 732 1112 perator,
791 1044 1034 1095 tonsura
1082 1043 1140 1094 et
1185 1041 1524 1098 monachico
1573 1042 1774 1098 habitu
1823 1044 2122 1112 suscepto,

471 1129 719 1186 Prumiae
756 1128 900 1184 obiit
939 1129 1038 1200 (ex
1058 1131 1123 1185 Α.
1151 1129 1340 1202 ιοὸ.);
1371 1131 1462 1187 cui
1494 1131 1800 1188 Lotharius
1819 1131 1974 1186 ﬁlius
1995 1145 2125 1187 suc-

469 1217 656 1274 cessit
687 1231 816 1273 cum
851 1217 1032 1271 fratre
1061 1217 1392 1273 Ludewico.
1423 1249 1490 1258 --
1521 1220 1742 1290 Corpus
1768 1218 1954 1275 sancti
1983 1220 2126 1274 Mar-

468 1305 577 1361 tini
609 1305 840 1362 levatur
871 1305 941 1361 de
975 1305 1218 1362 tumulo.

613 1397 636 1419 "
658 1395 719 1449 D.
750 1393 1110 1465 ﬂoridum:
1131 1395 1488 1465 Terremotu,
1522 1397 1674 1451 aeris
1707 1395 1940 1452 insolita
1970 1411 2124 1452 com-

684 1461 962 1532 motione,
1016 1465 1350 1520 turbinibus
1391 1461 1690 1522 ct'multis
1743 1467 2121 1523 incommodis

685 1535 950 1591 homines
990 1541 1371 1608 quassantur1
1412 1536 1652 1602 Quidam
1689 1552 1921 1608 quoque
1954 1539 2120 1608 homo

679 1611 1067 1679 -_mauente.
1099 1620 1174 1662 ιω
1191 1606 1398 1664 Sioeb.
1415 1649 1430 1677 ,
1455 1606 1784 1679 etpergwnt
1801 1606 2118 1664 {Ecclesia

684 1676 883 1746 etiam,
911 1676 1014 1732 etc.

545 1787 630 1838 17.
668 1781 834 1851 (σὴν.
881 1781 988 1852 W.)
1023 1782 1087 1837 Α.
1119 1783 1180 1836 D.
1213 1784 1336 1838 857.
1371 1787 1481 1839 Leo
1514 1797 1658 1855 papa
1693 1784 1992 1854 migravit;
2023 1783 2116 1839 cui

470 1868 820 1925 Benedictus
851 1883 996 1939 papa
1035 1873 1190 1925 104‘"
1222 1870 1565 1940 succedens,
1597 1877 1658 1926 et
1689 1871 1811 1943 ipse
1843 1886 1992 1928 anno
2021 1886 2116 1927 eo-

469 1955 599 2012 dem
631 1955 906 2012 decessit.
949 1956 1226 2027 Hiltigart
1253 1959 1451 2027 regina
1488 1959 1653 2014 obiit.

536 2046 622 2100 18.
658 2047 725 2100 A.
771 2045 834 2098 D.
883 2047 1006 2100 858.
1057 2045 1330 2102 Nicolaus
1380 2060 1523 2117 papa
1574 2051 1736 2102 105ull
1784 2045 2112 2115 ordinatus,

465 2131 618 2188 sedit
653 2145 834 2188 annos
863 2135 913 2186 9.

535 2223 628 2278 2-2.
659 2223 726 2277 Α.
758 2221 820 2276 D.
857 2222 981 2276 862.
1013 2222 1033 2243 ‘
1058 2221 1306 2277 Sanctus
1329 2221 1697 2292 Meginradus
1716 2223 1995 2280 heremita
2023 2239 2118 2280 oc-

463 2309 702 2366 ciditur.

607 2401 629 2422 ‘
654 2399 724 2454 D.
765 2397 988 2472 (initio)
1013 2399 1072 2454 et
1089 2399 1150 2453 E.
1178 2397 1330 2472 (ﬁne
1349 2400 1520 2472 anni)
1552 2399 1822 2458 addunt:
1843 2401 2116 2456 Rabanus

677 2467 1158 2540 archiepiscopus
1199 2467 1365 2524 Obiit.

537 2561 624 2614 25.
650 2557 713 2611 Α.
737 2556 798 2610 D.
821 2558 944 2611 865.
971 2555 1116 2612 Huni
1143 2555 1604 2613 Christianitatis
1625 2573 1832 2614 nomen
1852 2557 2115 2628 aggressi

467 2652 630 2702 sunt.

535 2738 624 2790 27.
662 2736 728 2790 A.
761 2735 823 2788 ι).
858 2737 980 2791 867.
1035 2734 1320 2805 Basylius,
1372 2735 1568 2790 occiso
1618 2734 1853 2791 domino
1887 2748 1993 2791 suo
2023 2735 2118 2789 Mi-

465 2821 730 2893 chahele,
767 2822 1032 2891 regnavit
1073 2837 1254 2878 annos
1283 2827 1370 2880 20.

534 2914 622 2967 28.
655 2912 720 2966 A.
759 2910 822 2965 D.
854 2913 977 2968 868.
1013 2911 1306 2968 Adrianus
1329 2926 1474 2982 papa
1499 2916 1659 2968 106°!
1683 2911 1833 2968 sedit
1855 2925 2040 2967 annos
2063 2916 2111 2966 5.

535 3002 620 3054 30.
661 3000 734 3069 (Α
764 2997 926 3070 Iob.)
961 3001 1024 3054 Α.
1061 3001 1123 3054 D.
1157 3003 1277 3056 870.
1314 3001 1642 3072 Lotharius,
1679 3002 1832 3058 filius
1863 3000 2116 3057 Lotharii

464 3085 857 3157 imperatoris,
921 3101 1053 3142 cum
1113 3085 1388 3157 legitimae
1449 3090 1614 3144 uxori
1673 3088 2120 3161 superduxisset

1629 328 2109 391 EKKEIIARDI
2155 327 2706 393 URAUGIENSIS

2148 465 2200 522 A

3739 337 3849 396 876

2448 469 2702 534 vastant,
2755 465 3139 539 sequiturque
3187 465 3372 539 fames
3412 471 3528 522 tam
3571 467 3774 539 valida,
3804 477 3859 526 ut

2452 537 2875 612 peneuterciam
2921 535 3143 612 partem
3185 535 3480 593 hominum
3512 535 3862 612 consumpse-

2447 605 2525 662 rit
2555 605 2644 639 1‘“
2673 621 2748 662 ea:
2781 605 2984 678 Sigeb.

2305 696 2392 748 36.
2425 697 2489 750 A.
2529 696 2590 750 D.
2621 699 2744 751 876.
2779 696 2800 717 ‘
2823 695 3168 751 Ludewicus
3201 695 3577 767 imperator“
3611 698 3766 754 obiit.

2377 783 2398 805 ‘
2668 783 2900 840 addunt
2935 801 2954 837 :
2997 785 3262 839 Cometes
3309 815 3378 824 —
3426 785 3750 855 vestigium.
3797 800 3862 842 ea:

2495 868 2590 909 me
2631 895 2644 908 .

2495 868 2644 924 (gen.

2376 941 2426 962 "
2448 940 2512 994 D.
2546 941 2870 1012 E.;add1mt
2887 961 2906 996 .-
2931 941 2986 997 in
3015 940 3200 997 italia.

2232 1046 2356 1092 Anni
2387 1045 2544 1093 Κποιὶ
2576 1048 2803 1108 junioris.

2306 1147 2355 1196 1.
2402 1143 2565 1198 Anno
2617 1143 2926 1200 Dominicae
2977 1143 3398 1200 incarnationis
3435 1146 3563 1215 877,
3611 1146 3682 1200 ab
3725 1147 3862 1202 Urbe

2232 1243 2372 1285 vero
2407 1229 2642 1286 condita
2683 1229 2990 1287 millesimo
3027 1235 3150 1301 628,
3196 1231 3460 1302 Karolus,
3497 1231 3695 1302 junior
3726 1235 3864 1290 (ilius

2232 1317 2544 1388 Ludewici,
2594 1319 2692 1388 qui
2744 1317 2852 1374 fuit
2903 1331 3082 1390 nepos
3131 1318 3324 1374 Karoli
3360 1323 3459 1374 76°
3497 1317 3588 1352 “3"
3627 1319 3751 1377 loco
3799 1322 3860 1377 ab

2234 1407 2514 1475 Augusto,
2549 1420 2793 1475 regnare
2822 1407 3022 1477 coepit,
3046 1419 3105 1462 et
3128 1422 3258 1462 cum
3286 1407 3567 1463 fratribus
3593 1409 3714 1465 suis
3740 1411 3861 1465 Kar-

2233 1491 2500 1550 lomanno
2541 1498 2598 1550 et
2641 1494 2950 1551 Ludewico
2995 1495 3159 1551 annis
3198 1500 3256 1550 11
3307 1496 3574 1566 regnavit
3611 1495 3857 1567 (θάλψαι.

2232 1582 2326 1636 SS.
2367 1583 2434 1652 Ιῐ,
2469 1583 2615 1653 314).
2663 1583 3005 1640 Ludewicus
3051 1585 3286 1655 quippe,
3339 1591 3403 1640 ut
3451 1585 3636 1656 aiunt,
3687 1587 3858 1643 tenuit

2233 1670 2712 1740 Ostrofranciam,
2743 1671 2988 1728 Karolus
3011 1671 3428 1740 Alamanniam,
3458 1671 3860 1731 Karlomannus

2233 1758 2792 1832 Bajoariamgcujus
2826 1759 2980 1816 filius
3011 1760 3286 1816 Arnolfus
3327 1762 3700 1832 postmodum
3728 1763 3861 1818 obti-

2233 1847 2356 1902 nuit
2398 1848 2807 1904 monarchiam.

2300 1939 2352 1990 2.
2389 1936 2562 2003 (ΟΙιν.
2615 1937 2736 2007 W.)
2769 1937 2832 1990 Α.
2868 1937 2929 1990 D.
2964 1939 3087 1992 878.
3123 1935 3369 2010 Kal-olus
3399 1953 3502 1992 rex
3535 1937 3860 2008 Galliarum,

2228 2029 2614 2092 cognomento
2697 2024 2924 2094 Calvus,
3007 2024 3188 2079 frater
3263 2025 3559 2082 Ludewici
3635 2027 3860 2083 secundi

2229 2111 2396 2168 obiit.

2300 2203 2350 2254 3.
2387 2203 2449 2254 A.
2484 2200 2549 2255 D.
2590 2205 2712 2256 879.
2767 2200 3112 2258 Ludewicus
3164 2201 3398 2272 Balbus,
3451 2201 3609 2258 illius
3659 2203 3859 2272 Karoli,

2227 2286 2393 2342 obiit.

2301 2378 2352 2431 4.
2383 2379 2448 2431 Α.
2480 2377 2541 2432 D.
2573 2375 2695 2432 880.
2731 2379 2752 2400 "
2783 2375 3146 2446 Ludewicus,
3181 2377 3362 2434 frater
3387 2377 3606 2448 Karoli,
3641 2379 3860 2434 vivente

2229 2464 2409 2519 fratre
2441 2478 2546 2520 suo
2577 2465 2945 2536 Karlmanno,
2979 2465 3299 2535 Bajoariam
3331 2467 3681 2536 ingreditur.
3716 2467 3864 2522 Karl-

2228 2567 2472 2609 mannus
2499 2553 2662 2608 obiit.

2371 2642 2393 2664 "
2416 2641 2478 2696 D.
2515 2641 2576 2696 E.
2609 2640 2848 2698 addunt
2868 2662 2888 2698 .-
2921 2641 3015 2698 Sol
3043 2673 3112 2682 —
3145 2648 3516 2714 apparerent.
3561 2656 3638 2700 ex
3671 2643 3858 2715 Sigeo.

2300 2733 2350 2784 5.
2395 2732 2458 2785 Α.
2503 2731 2564 2785 D.
2605 2734 2726 2788 881.
2786 2730 3032 2787 Karolus
3087 2731 3285 2802 junior
3340 2747 3472 2788 cum
3534 2746 3716 2790 uxore
3767 2747 3860 2789 sua

2229 2817 2556 2887 Bihegarda
2597 2817 2880 2888 imperiali
2923 2819 3328 2876 benedictione
3359 2819 3730 2877 sublimatur.

2299 2909 2350 2960 6.
2388 2909 2452 2960 A.
2488 2906 2548 2960 D.
2582 2909 2728 2962 882.‘
2753 2907 3098 2964 Ludewicus
3139 2922 3242 2964 rex
3282 2909 3661 2979 Francorum,
3695 2909 3864 2964 frater

2231 2993 2424 3050 Karoli
2457 2994 2830 3066 imperatoris
2853 2995 3015 3051 obiit.

2302 3089 2387 3139 10.
2430 3082 2691 3152 (Blcuna.
2728 3098 2766 3154 ι,
2801 3086 2878 3156 5.)
2917 3087 2982 3140 Α.
3021 3085 3084 3139 D.
3118 3088 3240 3141 886.
3278 3085 3448 3156 Outo,
3484 3086 3575 3143 vir
3605 3087 3863 3144 militaris

465 3173 662 3246 aliam,
711 3175 948 3230 Romam
1000 3181 1249 3232 vocatus
1287 3181 1400 3248 est,
1439 3176 1760 3247 nolensque
1793 3192 1956 3249 papa;
1986 3191 2120 3232 con-
2151 3175 2200 3238 C
2230 3175 2286 3226 et
2329 3177 2628 3243 strenuus,
2662 3188 2692 3228 a
2725 3173 3088 3244 principibus
3136 3173 3333 3230 Gallia:
3381 3189 3485 3232 rex
3533 3179 3772 3232 creatur
3815 3176 3862 3232 in

461 3264 703 3332 sentire,
761 3265 1304 3322 excommunicatus
1339 3270 1448 3336 est,
1501 3266 1700 3336 sicque
1732 3266 1788 3320 in
1821 3267 2118 3323 redeundo

463 3349 783 3408 Placentiae
819 3355 1088 3408 mortuus
1119 3357 1231 3408 est.
1259 3354 1282 3378 ⁶

609 3442 630 3464 ¹’
654 3441 716 3512 1).
751 3440 812 3512 E.
850 3440 1119 3512 addunt:
1146 3443 1326 3498 Antea
1371 3441 1587 3512 quippe
1626 3441 1982 3498 Guntharius
2014 3442 2120 3498 Co-

677 3510 958 3582 loniensis
1001 3517 1060 3566 et
1109 3510 1882 3582 Dietgaud‘us'Trcverensis
1931 3512 2119 3568 archi-

675 3581 955 3652 episcopi,
978 3596 1046 3637 eo
1077 3583 1231 3652 quod
1256 3581 1377 3639 ’sibi
1413 3583 1851 3638 consensissent
1880 3582 1936 3637 in
1965 3597 2116 3638 eom-

676 3651 850 3724 misso
865 3651 1186 3724 adulterio,
1224 3655 1471 3724 Romam
1501 3667 1646 3724 papa
1679 3651 1952 3708 Nicholao
1983 3669 2116 3708 exa-

675 3723 875 3778 minati
917 3727 975 3779 et
1015 3723 1288 3794 convicti,
1342 3723 1686 3795 episcopatu
1728 3754 1795 3764 -—
1835 3737 2112 3780 concessa

674 3799 786 3850 est.
822 3808 897 3850 ea:
923 3795 1126 3865 Sigeb.
1161 3809 1217 3852 α.
1252 3799 1376 3851 863.

533 3884 618 3938 32.
646 3883 713 3938 A.
731 3883 794 3936 Ι).
821 3885 946 3937 872.
971 3883 1264 3939 Johannes
1286 3897 1430 3954 papa
1450 3887 1611 3938 107m
1626 3882 2107 3950 ordinatur;‘.'1

462 3974 594 4041 post
626 3983 797 4040 quem
834 3970 1086 4027 Marinus
1117 3974 1307 4042 108“,
1349 3971 1636 4028 Adrianus
1675 3974 1862 4042 109“,
1906 3972 2114 4044 Agapi-

459 4063 558 4114 tus
587 4061 778 4126 110m,
813 4059 1296 4130 Basylius111u',
1331 4060 1660 4131 Stephanus
1688 4063 1876 4115 112W.

603 4147 710 4220 '6.
743 4147 855 4220 (in
899 4148 1308 4220 margineiet
1351 4149 1410 4203 E.
1468 4149 1701 4220 addunt
1740 4167 1760 4203 :
1805 4148 1890 4205 Ad
1941 4164 2108 4220 quem

671 4219 960 4276 Iohannes
995 4217 1048 4260 —'
1086 4217 1322 4275 libellis.
1357 4233 1432 4276 ex
1457 4219 1660 4291 Sigei).

603 4309 626 4330 "
652 4307 704 4378 1)
739 4307 824 4363 10.
868 4312 961 4378 11.
999 4305 1235 4378 addunt
1259 4325 1280 4362 :
1313 4303 1420 4373 Qui
1451 4321 1481 4363 a
1511 4307 1759 4378 quodam
1810 4309 2109 4366 toxicatus

673 4377 731 4434 et
773 4377 1002 4450 abalio
1041 4377 1251 4433 malleo
1287 4377 1842 4450 percussus,obiit-,
1884 4381 2110 4436 statim-

672 4463 788 4575 1que
824 4446 916 4482 αδδ
945 4462 1261 4530 percussor
1287 4446 1427 4521 'ejus
1468 4463 1498 4505 a
1540 4446 1699 4506 nullo
1738 4446 1900 4507 Iesus
1936 4451 2109 4507 mori-

701 4535 788 4578 ur.

532 4612 621 4666 35.
657 4606 832 4678 (0hr.
885 4606 992 4675 W.)
1025 4609 1090 4663 A.
1126 4608 1186 4663 D.
1221 4611 1347 4666 875.
1389 4607 1756 4680 Ludewicus,
1805 4609 1959 4666 illius
2007 4611 2110 4666 Lo-

461 4697 637 4754 tbarii
690 4695 1061 4767 imperatoris
1110 4697 1366 4769 itemque
1413 4697 1668 4754 Lotharii
1703 4698 1903 4768 frater,
1936 4698 2104 4772 obiit,

459 4791 517 4844 et
563 4785 808 4844 Karolus
855 4801 958 4843 rex
1005 4787 1242 4843 Romam
1290 4786 1559 4858 tendens,
1591 4801 1621 4842 a
1651 4785 1913 4843 Iohanne
1956 4802 2107 4860 papa

460 4873 780 4947 imperator
817 4872 1087 4931 efficitur.
1121 4876 1145 4899 "

602 4964 625 4986 '
648 4962 712 5018 Ι).
747 4962 808 5018 Ε.
839 4961 1112 5020 addunt:
1135 4960 1445 5018 Ludewico
1478 4961 1598 5031 regi
1619 4993 1688 5002 —
1708 4976 1822 5018 non
1853 4962 2100 5020 studuit.

671 5034 734 5089 In
790 5031 954 5089 Italia
1001 5063 1072 5073 —
1121 5036 1414 5090 narratur.
1468 5032 1760 5090 Plurimus
1807 5035 2107 5092 exercitus

673 5103 1043 5176 locustarum
1067 5117 1238 5176 senas
1269 5103 1390 5176 alas
1417 5117 1636 5176 sexque
1664 5103 1844 5176 pedes
1873 5109 1929 5160 et
1950 5105 2106 5176 duos

675 5173 882 5232 dentes
931 5173 1126 5248 lapide
1174 5173 1444 5233 duriores
1483 5173 1819 5233 habentium
1861 5175 2102 5234 Galliam

2231 3261 2448 3332 palatio
2482 3261 2840 3332 Compendii.
2877 3262 2980 3318 Hic
3009 3269 3236 3333 patrem
3276 3263 3482 3320 habuit
3511 3279 3587 3320 ex
3613 3265 3865 3336 equestri

2229 3349 2432 3405 ordine
2463 3350 2871 3421 Ruotpertum,
2911 3365 3079 3406 avum
3107 3366 3248 3406 vero
3283 3357 3588 3424 paternum
3619 3353 3869 3410 Witichi-

2229 3452 2362 3493 num
2387 3453 2458 3494 ex
2483 3438 2782 3494 Germania
2808 3439 3136 3510 profugum.
3170 3441 3331 3496 Hunc
3352 3445 3548 3496 autem
3573 3441 3791 3498 idcirco
3817 3441 3867 3497 in

2231 3541 2468 3596 regnum
2518 3533 2954 3599 promoverunt,
2999 3529 3132 3598 quia
3171 3527 3436 3598 Karolus,
3487 3528 3646 3586 ﬁlius
3681 3529 3864 3585 Karoli

2228 3613 2339 3686 “3°,
2374 3615 2604 3687 nepotis
2653 3616 2847 3671 Karoli
2898 3615 3056 3672 Calvi
3099 3616 3410 3673 Galliarum
3452 3617 3633 3688 regis,
3666 3619 3760 3675 cui
3789 3633 3868 3674 re-

2225 3718 2401 3774 gnum
2425 3705 2752 3760 debebatur
2777 3707 2837 3774 (ι,
2859 3707 2911 3778 4)
2934 3705 3031 3760 vix
3054 3705 3242 3761 adhuc
3264 3704 3513 3762 triennis
3534 3712 3688 3776 erat,
3715 3713 3868 3779 patre

2226 3793 2522 3863 defuncto,
2550 3807 2679 3849 cum
2704 3807 2848 3864 puer
2873 3794 3098 3850 biennis
3121 3794 3249 3863 fuit,
3280 3799 3466 3850 matre
3489 3795 3591 3850 vix
3612 3810 3721 3867 per
3742 3811 3866 3867 qua-

2225 3879 2550 3936 driennium
2581 3880 2922 3953 superstite.

2295 3974 2380 4026 11.
2436 3970 2603 4040 (Chr.
2679 3971 2784 4042 W.)
2839 3973 2902 4027 A.
2955 3973 3016 4026 Ι).
3069 3975 3191 4029 887.
3249 3969 3496 4029 Karolus
3554 3972 3866 4045 imperator

2221 4058 2392 4116 vivus
2425 4058 2642 4116 dimisit
2676 4073 2935 4128 regnum.
2960 4092 3021 4100 -
3049 4059 3316 4132 Basylius
3343 4059 3674 4132 imperator
3701 4077 3867 4133 regno

2223 4145 2499 4204 decessit.

2219 4274 2344 4322 Anni
2375 4273 2572 4322 Arnolii.

2294 4377 2346 4428 1.
2384 4373 2546 4427 Anno
2581 4370 2893 4428 Dominicae
2923 4369 3344 4428 incarnationis
3373 4373 3499 4443 888,
3535 4373 3718 4430 Urbis
3749 4388 3868 4431 con-

2222 4460 2360 4516 ditas
2415 4459 2724 4516 millesimo
2773 4463 2896 4529 639,
2946 4459 3242 4530 Arnolfus,
3292 4459 3446 4516 illius
3496 4461 3867 4521 Karlomanni

2137 4529 2191 4590 D
2223 4550 2420 4607 fratris
2468 4547 2660 4605 Karoli
2701 4548 2973 4621 junioris,
3017 4553 3114 4605 77°
3142 4529 3233 4582 “"5
3273 4549 3404 4606 loco
3456 4551 3532 4608 ab
3587 4556 3866 4624 Augusto,

2219 4654 2462 4710 regnum
2509 4638 2791 4710 suscepit,
2835 4637 3119 4710 annisque
3159 4643 3228 4694 12
3269 4640 3560 4712 regnavit,
3616 4642 3870 4714 quinque

2217 4743 2356 4786 vero
2401 4727 2726 4799 imperavit.
2773 4727 2947 4798 Cujus
2984 4742 3134 4784 anno
3175 4728 3362 4800 primo
3401 4730 3657 4789 Karolus
3699 4732 3873 4804 impe-

2218 4821 2381 4874 rator
2403 4815 2622 4888 junior,
2655 4815 2897 4874 dimisso
2924 4816 3090 4888 prius
3115 4817 3382 4888 imperio,
3407 4818 3582 4876 obiit.

2289 4907 2400 4962 Leo
2428 4909 2489 4962 et
2520 4904 2869 4976 Alexander,
2903 4903 3005 4960 ﬁlii
3038 4905 3272 4976 Basylii,
3308 4920 3555 4978 regnum
3589 4910 3872 4967 Constan-

2217 4994 2668 5066 tinopolitauum
2686 4996 2999 5051 tenuerunt
3018 4993 3182 5050 annis
3197 4997 3284 5065 22,
3309 4999 3514 5068 postea
3536 4997 3868 5056 Alexander

2216 5099 2365 5142 anno
2408 5097 2542 5154 uno,
2584 5081 2794 5138 deinde
2833 5083 3250 5140 Constantinus
3298 5085 3860 5158 Porphyrogenitus,

2215 5173 2422 5231 Leonis
2459 5172 2634 5243 ﬁlius,
2676 5171 2842 5230 annis
2873 5176 2906 5230 6
2943 5185 3074 5230 cum
3104 5176 3290 5230 matre
3331 5187 3437 5232 sua
3477 5175 3612 5247 Zoe,
3656 5179 3864 5250 postea

1835 5368 2070 5428 VABIE
2111 5369 2509 5430 LECTIONES.

531 5538 626 5579 “"
652 5545 1066 5622 Gothescalcus
1085 5549 1204 5608 Di.
1283 5547 1373 5622 *Ψ
1403 5549 1675 5610 Lotharin
1699 5549 1934 5622 Prunire
1967 5550 2098 5622 (sic)
2129 5553 2379 5622 mortuo,
2415 5544 2722 5622 Lotharius
2751 5543 2980 5622 illiust}.
3008 5618 3030 5622 _
3049 5542 3587 5622 _’_‘_’_‘_st_ati_mque-
3611 5542 3860 5605 moritur

453 5612 676 5676 desunt
703 5624 786 5682 11.
867 5617 958 5653 “"
983 5620 1486 5699 consumpsissem
1514 5623 1612 5680 D1.
1691 5620 1782 5655 ηδτ
1813 5612 2053 5677 LXXII).
2079 5615 2151 5676 'E.
2231 5619 2322 5653 “9‘
2347 5612 2414 5679 in
2446 5620 2564 5676 loco
2589 5630 2731 5680 raso
2759 5622 2810 5678 1.
2886 5614 2979 5658 ω’
3006 5617 3187 5680 LXXI.
3217 5617 3284 5680 D.
3314 5615 3386 5676 E.
