3952 6312
179 316 309 376 377

1083 317 1522 380 CHRONICA.
1558 355 1631 365 ——-
1664 318 2141 384 CHRONICON
2188 322 2714 386 UNIVEHSALE

3482 334 3599 392 878

261 452 560 505 Romanus
591 447 968 505 Armeniacus
1014 464 1144 506 cum
1193 451 1394 507 eodem
1452 451 1832 507 Constantino
1864 452 1917 511 A
1948 456 2215 522 cognato,
2250 468 2353 524 per
2385 453 2627 509 insidias
2660 459 3327 530 capereturcarcerique
3385 464 3596 519 manci-

183 540 357 593 aunis
387 542 474 607 20,
512 544 646 608 post
696 538 818 595 haec
869 537 1019 593 idem
1071 539 1487 596 Constantinus
1543 554 1673 596 cum
1716 539 1832 595 filio

182 643 298 682 suo
333 628 588 683 Romano
634 641 812 697 puero
845 626 1116 683 annis15.

256 718 510 784 (Lworn.
539 720 655 785 1,5,
710 718 818 787 13.)
882 716 1155 772 Arnolfus
1207 716 1402 787 itaque
1471 730 1575 771 rex
1626 722 1833 788 potens

181 805 633 875 principabatur
667 804 964 874 Bajoariis,
1011 805 1230 875 Suevis,
1294 806 1527 861 Francis
1579 806 1831 861 orienta-

179 893 360 962 libus,
395 900 450 947 et
489 897 617 964 post
649 896 892 947 mortem
936 892 1126 948 Karoli
1151 893 1308 948 Calvi
1332 893 1703 962 Lotharingis
1734 909 1832 951 auo

177 980 546 1052 dacibusque
576 982 919 1037 Saxonibus.
957 981 1057 1036 Cui
1086 982 1533 1052 Zuentebaldus,
1579 984 1830 1039 Marava-

175 1084 391 1125 norum
424 1068 560 1138 dux,
596 1068 849 1124 viriliter
880 1070 1244 1140 repugnavit.
1271 1072 1462 1141 Usque
1489 1071 1560 1125 ad
1581 1071 1705 1127 hac
1732 1085 1829 1125 au-

177 1163 298 1213 tem
317 1163 578 1229 tempora
619 1158 1000 1227 Ungariorum
1037 1172 1201 1228 gens,
1234 1158 1399 1228 cujus
1457 1172 1658 1214 omnes
1681 1172 1826 1229 pene

174 1247 449 1303 nationes
473 1250 731 1318 expertas
763 1246 1209 1314 suntseviciam,
1235 1246 1580 1317 quibusdam
1606 1246 1827 1303 difficil-

176 1335 335 1390 limis
391 1335 964 1406 interpositionibus,
1017 1349 1163 1406 quas
1211 1335 1479 1392 clusuras
1569 1336 1827 1393 nominat

172 1425 412 1494 vulgus,
440 1430 705 1496 separata
740 1428 924 1481 erata
981 1425 1168 1494 nobis,
1197 1432 1255 1481 ut
1280 1439 1466 1494 neque
1526 1423 1596 1480 ad
1657 1424 1826 1480 meri-

172 1514 406 1569 dianam
422 1528 611 1583 neque
640 1512 710 1568 ad
740 1512 1156 1570 occidentalem
1187 1512 1413 1584 plagam
1461 1513 1710 1569 exeundi
1747 1514 1826 1568 fa-

169 1601 456 1660 cultatem
481 1602 768 1658 habuerit.
808 1601 1080 1659 Arnolqu
1110 1602 1292 1671 igitur
1333 1617 1453 1672 rex,
1484 1616 1614 1659 cum
1646 1603 1824 1659 Zuen-

171 1690 473 1747 teboldum
506 1690 906 1762 supradictum
931 1706 1207 1762 superare
1259 1692 1530 1762 nequiret
1562 1691 1821 1763 depulsis

1896 566 1915 575 -ν
1948 544 2189 610 paretur
2221 560 2235 608 ;
2266 541 2320 595 in
2348 557 2461 612 quo
2496 546 2627 613 post
2651 542 3106 613 quinquennium
3132 546 3444 605 defunctus
3476 557 3590 622 est,

1945 642 2093 684 anno
2124 630 2287 698 regni
2312 630 2397 686 sui
2432 633 2542 694 36°,
2576 631 2713 686 vita:
2743 646 2881 687 vero
2913 635 3011 686 δίο
3051 632 3158 689 ιη’.
3212 635 3366 691 Idem
3401 642 3593 694 autem

1943 716 2188 773 Karolus
2218 731 2290 772 ex
2321 733 2524 773 sorore
2560 718 2860 774 Adelstani
2883 722 3035 790 regis
3064 722 3372 792 Anglorum
3414 726 3592 781 filium

1940 806 2273 875 procreavit
2301 807 2531 862 nomine
2564 806 3061 880 Ludewicum,qui
3100 810 3251 867 inter
3285 815 3595 883 perturba-

1941 892 2128 950 tiones
2162 895 2346 965 patris
2370 894 2687 951 infantulus
2709 896 2898 954 adhuc
2947 900 3355 956 transmarinis
3406 903 3588 972 parti-

1939 980 2047 1037 bus
2075 981 2357 1038 advectus
2390 983 2461 1038 ad
2497 985 2844 1040 avunculum
2894 987 3291 1057 Adelstanum,
3321 996 3452 1059 post
3498 1006 3595 1061 pa-

1938 1069 2049 1125 tris
2070 1085 2266 1146 necem
2290 1078 2349 1127 et
2379 1072 2645 1127 Ruodolfl
2681 1077 2924 1128 mortem
2950 1081 3255 1144 paternum
3280 1085 3333 1132 et
3368 1079 3589 1135 avitum

1938 1158 2089 1213 rexit
2120 1159 2445 1229 imperium.
2510 1160 2613 1216 Hic
2667 1160 2840 1215 etiam
2897 1177 2968 1218 ex
2998 1164 3297 1233 Gerbirga,
3330 1167 3587 1223 Heinrici

1937 1245 2224 1302 Saxonum
2254 1247 2419 1303 ducis
2448 1252 2506 1303 et
2542 1253 2744 1319 postea
2779 1250 2935 1317 regis
2970 1250 3107 1319 filia,
3132 1266 3336 1307 sorore
3351 1253 3583 1310 Ottonis

1936 1334 2141 1403 Magni,
2168 1350 2335 1405 quam
2359 1335 2468 1403 ωδ,
2499 1338 2759 1394 extincto
2790 1338 3103 1395 Gisilberto
3119 1339 3245 1407 ejus
3279 1342 3423 1411 viro,
3451 1358 3591 1399 con-

1930 1421 2124 1492 jugem
2155 1423 2341 1491 duxit,
2367 1424 2697 1481 Lotharium
2730 1426 2908 1481 filium
2962 1428 3209 1499 accepit,
3252 1430 3348 1499 qui
3402 1430 3458 1487 in
3489 1446 3582 1487 co-

1939 1510 2068 1566 dem
2104 1527 2280 1582 regno
2306 1514 2456 1583 patri
2490 1515 2795 1571 successit.

2009 1605 2090 1655 11.
2126 1605 2176 1655 3.
2213 1600 2385 1669 (σΙιν.
2415 1602 2589 1670 W.)A.
2626 1604 2686 1656 D.
2723 1606 2847 1659 899.
2884 1604 3080 1674 Magna
3115 1606 3294 1662 fames
3325 1605 3587 1665 homines

1937 1701 2000 1743 se
2023 1687 2263 1744 invicem
2295 1690 2603 1744 comedere
2632 1691 2946 1759 persuasit.

171 1782 324 1868 proh
357 1780 550 1836 dolor!
586 1780 676 1835 his
708 1780 1540 1850 munitionibus,Ungariorum
1564 1786 1819 1850 gentem,
1851 1808 1905 1868 Β
2010 1779 2094 1868 12.
2127 1774 2538 1868 4.‘(L_1u_urn.u,
2574 1782 2622 1841 1,
2649 1781 2727 1849 2.)
2888 1780 2949 1834 D.
3000 1785 3121 1836 900.
3174 1782 3447 1839 Arnolt‘us
3481 1784 3582 1840 im-

169 1867 460 1924 scclerum
519 1867 808 1939 cupidam,
868 1868 924 1923 in
984 1869 1261 1924 auxilium
1320 1875 1506 1939 vocat,
1534 1871 1582 1925 si
1614 1874 1820 1926 tamen

166 1956 451 2012 auxilium
482 1956 593 2013 dici
629 1960 843 2028 potest,
871 1957 1025 2027 quod
1045 1956 1216 2028 paulo
1241 1961 1480 2028 post,eo
1512 1958 1817 2028 moriente,

169 2060 303 2101 cum
335 2046 495 2115 genti
528 2061 667 2115 suae,
704 2052 820 2102 tum
852 2046 1068 2102 ceteris
1096 2045 1149 2100 in
1192 2046 1431 2102 meridie
1490 2060 1821 2117 occasuque

169 2134 521 2205 degentibus
550 2148 726 2204 grave
783 2135 1130 2205 periculum,
1177 2136 1349 2190 immo
1395 2134 1644 2191 exicium
1689 2134 1815 2191 fuit.

168 2223 408 2279 Devicto
426 2224 623 2293 itaque
643 2223 1344 2293 Zuenteboldo,Arnolfus
1367 2237 1571 2279 secure
1592 2223 1821 2294 potitur

168 2326 382 2380 regno;
416 2310 648 2379 ngarii
674 2324 810 2366 vero
841 2310 1093 2377 interim,
1120 2310 1432 2367 observato
1493 2308 1583 2343 “9°
1632 2310 1814 2381 exitu,

166 2399 667 2471 contemplatique
698 2400 1013 2469 regionem,
1051 2399 1263 2457 malum
1308 2399 1605 2469 cordibus,
1661 2400 1814 2471 quod

164 2494 302 2560 post
338 2488 392 2543 in
425 2487 736 2558 propatulo
768 2488 1061 2559 apparuit,
1094 2488 1599 2545 machinabantur.

231 2581 282 2632 2.
320 2576 486 2646 (Chr.
527 2576 634 2647 W.)
664 2579 721 2632 Α.
758 2579 818 2631 D.
852 2582 973 2634 889.
1005 2578 1309 2649 Liutperto
1371 2577 1815 2649 archiepiscopo

162 2664 489 2721 Sundcrold
527 2666 911 2721 successit.—
933 2670 1047 2722 Arn
1071 2666 1566 2735 Wirciburgensis
1588 2666 1814 2738 episco-

164 2769 272 2827 pus
300 2755 358 2809 in
392 2754 636 2809 Saxonia
670 2754 899 2811 occisus
922 2759 1011 2811 est
1044 2755 1198 2810 inter
1250 2755 1557 2812 missarum
1583 2755 1813 2812 sollem-

159 2843 275 2914 nia,
310 2842 469 2898 Sedit
494 2848 686 2897 autem
712 2856 893 2897 annos
917 2846 1001 2912 36,
1034 2858 1260 2899 menses
1297 2849 1348 2899 7.

227 2937 279 2987 3.
321 2933 381 2985 A.
410 2932 470 2986 D.
505 2934 629 2986 890.
693 2931 963 2988 Arnolqu
995 2945 1097 2986 rex
1131 2931 1455 2988 exercitum
1512 2933 1811 2988 Nortman-

157 3035 365 3077 norum
398 3019 636 3076 delevit.

226 3112 284 3165 4.
330 3111 394 3163 Α.
424 3110 482 3162 D.
510 3112 639 3166 891.
680 3108 1007 3180 Radispona
1034 3108 1300 3165 incendio
1330 3108 1559 3178 ﬂagrat.

1937 1865 2205 1933 perator'
2234 1863 2398 1934 obiit,
2435 1879 2679 1935 moxque
2704 1865 2907 1921 eodem
2940 1870 3372 1939 anno,Ungarii,
3400 1878 3586 1928 morte

1933 1951 2091 2008 illius
2123 1953 2605 2021 audita,collecto
2639 1968 2953 2025 permagno
2988 1957 3273 2026 exercitu,
3313 1959 3587 2016 Maravia-

1933 2053 2135 2096 norum
2163 2046 2412 2110 gentem,
2459 2056 2628 2113 quam
2664 2042 2892 2098 illorum
2922 2043 3140 2098 auxilio
3178 2045 3454 2102 Arnolqu
3487 2047 3586 2104 im-

1930 2131 2168 2198 perator
2199 2128 2306 2185 sibi
2326 2130 2689 2201 subdiderat,
2714 2130 3237 2203 iuvaduntsibiquc
3270 2135 3581 2192 vendicant

1931 2216 2327 2287 Bajoariorum
2360 2233 2591 2289 quoque
2624 2218 2767 2274 fines
2819 2226 3130 2291 occupant,
3190 2222 3437 2278 castella
3499 2224 3585 2279 di-

1928 2310 2128 2376 ruunt,
2161 2306 2458 2364 aacclesias
2491 2308 2605 2377 igni
2636 2309 3262 2380 consumqnt,p0pulos
3289 2310 3581 2384 jugulant,

1928 2395 1988 2448 et
2027 2398 2091 2449 ut
2139 2395 2321 2465 magis
2382 2396 2680 2467 magisque
2730 2396 3065 2466 timeantur,
3139 2397 3581 2457 interfectorum

1927 2495 2058 2538 sese
2091 2484 2371 2553 sanguine
2399 2489 2623 2555 potant.
3454 2534 3457 2537 .

2068 2572 2089 2595 ‘
2119 2572 2390 2628 Arnolqu
2423 2572 2741 2643 imperator
2765 2573 2937 2643 longa
2971 2603 3041 2616 -
3071 2575 3337 2633 moritur.
3393 2579 3464 2633 Ι).
3516 2579 3580 2635 Ε.

2137 2672 2212 2714 ea:
2236 2659 2440 2729 Sigeb.
2468 2675 2525 2716 α.
2564 2665 2686 2717 902.

1997 2747 2251 2811 (Ltuorn.
2289 2763 2326 2819 ι,
2360 2752 2448 2817 28,
2483 2753 2571 2819 29,
2603 2754 2689 2817 30,
2725 2753 2813 2818 36,
2841 2753 2928 2820 30,
2963 2753 3077 2822 31.)
3119 2751 3301 2821 Hujus
3364 2754 3583 2810 Arnolﬂ

1925 2836 2290 2906 temporibus
2325 2838 2613 2894 formosus
2645 2852 2792 2909 papa
2825 2839 3203 2894 vehementer
3236 2840 3581 2898 adflictaba-

1923 2929 2021 2980 tur
2049 2937 2079 2978 a
2111 2925 2397 2995 Romanis,
2431 2926 2599 2996 cujus
2631 2933 2689 2981 et
2716 2925 2953 2981 hortatu
3011 2926 3286 2984 Arnolqu
3342 2944 3446 2985 rex
3474 2931 3584 2986 Ro-

1923 3025 2069 3067 mam
2109 3012 2445 3069 advenerat.
2481 3015 2586 3081 Qui
2624 3014 2927 3084 iugressus
2958 3016 3180 3084 urbem,
3218 3016 3434 3074 multos
3470 3019 3578 3075 llo-

1921 3114 2219 3156 manorum
2257 3103 2548 3174 principes
2581 3103 2806 3158 obviam
2826 3102 2935 3159 sibi
2969 3109 3370 3175 properantes,
3397 3107 3570 3164 ulcis-

312 3163 535 3253 Wmux.
572 3213 608 3265 ι,
642 3200 754 3269 22.)
965 3163 972 3164 7
997 3163 1565 3253 893.'Svundero’ldus
1620 3197 1809 3253 archi-
1840 3163 1889 3226 θ’
1918 3189 2105 3244 cendo
2142 3163 2303 3261 papa:
2334 3163 2621 3259 injuriam,
2657 3190 2935 3247 decollari
2962 3163 3245 3263 precepit.
3278 3163 3578 3254 Causaau-

146 3287 473 3359 episcopus
500 3302 529 3341 a
556 3286 923 3342 Nortmannis
943 3285 1235 3342 occiditur
1268 3303 1281 3346 ;
1310 3301 1413 3357 pro
1455 3300 1569 3355 quo
1631 3287 1805 3342 Hatto

143 3375 479 3444 ordinatur,
524 3377 814 3431 obscurus
862 3373 1093 3445 quidem
1142 3388 1378 3445 genere,
1434 3375 1536 3430 sed
1594 3380 1804 3431 acutus

146 3464 405 3534 ingenio,
432 3471 489 3519 et
522 3464 618 3534 qui
652 3462 885 3520 diﬁlcile
915 3464 1352 3520 discerneretur
1381 3463 1583 3520 melior
1616 3464 1803 3520 consi-

144 3553 227 3609 lio
262 3554 417 3609 foret
440 3567 507 3608 an
546 3553 723 3623 pejor.

215 3647 269 3697 7.
300 3643 364 3697 Α.
404 3641 462 3695 Ι).
499 3642 621 3697 894.
648 3642 670 3663 ⁶

292 3733 312 3754 ⁸
343 3731 404 3785 Ι).
442 3731 500 3785 Ε.
528 3729 790 3786 addunt:
820 3728 1275 3787 Arnolfus““—
1309 3729 1793 3787 Lothariensium.

429 3832 505 3874 ex
526 3817 710 3889 Sigeb
733 3832 789 3876 α.
821 3821 943 3875 896.

210 3913 265 3967 8.
302 3907 597 3980 (σΙωπΠίῖ)
635 3913 695 3964 Α.
730 3909 790 3963 D.
852 3913 975 3967 895.
1042 3907 1315 3966 Arnolfus
1374 3908 1597 3965 Italiam
1656 3910 1793 3965 Bur-

132 3995 536 4068 gundiamque
559 3997 668 4053 sibi
701 3996 971 4067 subjecit.

131 4087 263 4135 Anni
298 4086 490 4149 imperii
521 4086 717 4134 Arnolﬁ.

207 4169 261 4221 9.
294 4169 342 4221 1.
376 4169 443 4223 A.
475 4166 537 4220 1).
574 4169 696 4223 896.
761 4165 1034 4222 Arnolfus
1077 4178 1181 4221 rex
1239 4165 1472 4221 Romam
1523 4165 1783 4235 veniens,

132 4256 460 4326 imperator
504 4254 772 4311 efficitur.

204 4342 389 4413 Hujus
411 4344 772 4413 temporibus
798 4344 1107 4400 Formosus
1128 4346 1255 4399 erat
1287 4356 1433 4414 papa
1470 4346 1644 4398 113‘".

203 4438 294 4490 10.
328 4436 379 4486 2.
410 4432 667 4501 (Ricasn.
702 4437 843 4502 1,12,
869 4433 1199 4504 sqq.)Anuo
1230 4430 1541 4488 Dominicae
1595 4432 1781 4489 incar-

1919 3280 2033 3331 tem
2057 3276 2374 3334 simultatis
2408 3280 2559 3334 inter
2591 3279 2877 3336 Romanos
2911 3286 2970 3335 et
3004 3281 3340 3338 Formosum
3372 3298 3571 3355 papam

1917 3364 2040 3421 haec
2073 3365 2177 3421 fuit
2219 3384 2232 3419 :
2294 3368 2550 3423 Formosi
2584 3368 2898 3425 decessore
2958 3370 3258 3438 defuncto,
3308 3373 3571 3441 quaedam

1912 3468 2050 3524 pars
2075 3454 2461 3511 Romanorum
2486 3456 2768 3527 Sergium,
2815 3456 3101 3528 quendam
3152 3460 3420 3517 Romanis
3451 3463 3573 3520 dia-

1910 3557 2118 3599 conum
2160 3545 2462 3616 :ecclesize,
2525 3560 2731 3617 papam
2790 3546 2898 3603 sibi
2962 3547 3242 3618 elegerat,
3304 3552 3568 3620 quaedam

1908 3646 2049 3688 vero
2081 3647 2219 3704 pars
2251 3648 2363 3690 non
2394 3635 2585 3690 intima
2616 3640 2753 3691 natu
2794 3637 3150 3706 Formosum,
3220 3638 3567 3700 Portuensis

1906 3719 2168 3777 civitatis
2194 3723 2552 3794 episc0pum,
2582 3738 2685 3795 pro
2712 3738 2844 3779 vera
2878 3724 3164 3793 religione
3204 3726 3564 3785 divinarum-

1908 3823 2020 3879 que
2060 3810 2490 3882 Scripturarum
2521 3817 2577 3867 et
2621 3811 3022 3868 doctrinarum
3069 3811 3317 3868 scientia
3356 3831 3561 3886 papam

1904 3897 2029 3953 ﬁeri
2047 3897 2524 3956 anhelabat.Cum
2544 3905 2736 3955 autem
2764 3899 2901 3954 ineo
2923 3905 3170 3971 esset,ut
3209 3901 3445 3971 Sergius
3470 3920 3561 3961 or-

1902 3983 2087 4040 dinari
2106 3986 2569 4057 debuisset,pars
2590 4002 2717 4057 quae
2743 3989 3019 4045 Formoso
3043 3990 3273 4047 favebat
3291 4005 3401 4046 non
3429 3991 3557 4050 sine

1898 4073 2178 4130 mediocri
2214 4075 2468 4131 tumultu
2509 4082 2569 4132 et
2598 4075 2806 4145 injuria
2849 4077 3109 4147 Sergium
3130 4080 3201 4135 ab
3249 4080 3419 4136 altari
3461 4095 3557 4137 ex-

1897 4164 2046 4236 pulit
2076 4166 2136 4220 et
2168 4164 2503 4221 Formosum
2539 4181 2742 4238 papam
2766 4168 3093 4225 constituit.
3120 4170 3283 4225 Unde
3303 4170 3554 4240 Sergius

1896 4253 2197 4311 descendit
2222 4255 2277 4308 in
2294 4254 2878 4327 Tusciam,quatenus
2896 4254 3193 4313 Adelberti
3216 4259 3545 4317 machionis

1894 4342 2612 4413 potentissimijuvaretur
2641 4359 2743 4416 per
2792 4346 3141 4418 potentiam.
3190 4347 3351 4414 Quod
3378 4354 3438 4405 et
3472 4349 3552 4405 fa-

1891 4436 2049 4487 ctum
2073 4436 2181 4488 est.
2217 4434 2354 4487 Nam
2384 4433 2652 4490 Formosa
2675 4433 2970 4504 defuncto,
2998 4439 3057 4491 et
3100 4436 3339 4492 Arnolfo
3369 4437 3423 4491 in
3453 4452 3550 4509 pa-

121 4520 388 4579 nationis
412 4524 536 4591 897,
573 4521 819 4578 Karolus
862 4522 978 4591 jam
1012 4521 1363 4593 quindennis
1422 4525 1661 4578 creatur
1720 4522 1777 4578 in
1808 4519 1861 4580 D
1895 4520 2001 4576 tria
2026 4521 2346 4578 miserabili
2372 4527 2576 4591 morte,
2612 4523 2836 4580 scilicet
2864 4524 3143 4580 vermium
3188 4539 3334 4594 quos
3369 4526 3541 4596 pedu-

122 4625 327 4680 regem
356 4610 553 4666 Galliae
605 4610 830 4667 Outone
888 4610 1076 4667 adhuc
1134 4611 1364 4667 vivente
1396 4614 1453 4665 et
1508 4609 1775 4680 injuriam

120 4699 568 4765 dissimulante;
597 4697 799 4755 eodem
856 4703 1048 4755 tamen
1089 4712 1238 4755 anno
1308 4697 1617 4755 defunctus
1657 4704 1769 4757 est.

117 4788 305 4859 Cujus
328 4788 576 4845 Outonis
608 4788 789 4844 frater
820 4789 1178 4860 Ruotpertus
1217 4801 1246 4843 a
1282 4787 1488 4844 Karolo
1513 4786 1627 4844 dux
1653 4788 1775 4845 Cel-

111 4878 253 4936 tica:
278 4878 562 4950 prelatus,
595 4892 724 4934 cum
750 4881 954 4950 postea
989 4892 1230 4948 regnum
1265 4876 1588 4948 affectarat,
1615 4892 1646 4933 a
1672 4878 1774 4934 mi-

110 4967 327 5025 litibus
354 4966 547 5024 Karoli
571 4967 917 5024 interfectus
948 4970 1059 5024 est.
1097 4966 1275 5037 Cujus
1306 4965 1461 5023 ﬁlius
1503 4966 1666 5036 Hugo
1696 4968 1771 5024 ob

109 5071 315 5115 necem
343 5056 529 5129 patris
562 5056 681 5126 regi
698 5069 928 5129 semper
958 5053 1494 5126 infensus,consilio
1524 5056 1645 5125 egit
1666 5070 1770 5128 per

110 5160 520 5220 quoscumque
566 5146 774 5217 potuit,
812 5152 874 5201 ut
902 5146 1247 5215 Ruodolfus,
1284 5144 1436 5201 illius
1494 5145 1765 5203 Richardi

108 5234 647 5307 Burgundionis,eo
668 5234 909 5291 multum
927 5234 1415 5303 reclamante,rex
1437 5239 1762 5307 crearetur,

1888 4610 2054 4666 culos
2077 4610 2277 4667 dicunt
2300 4615 2463 4667 tanta
2496 4612 2907 4681 scaturicione,
2944 4616 3009 4669 ut
3061 4611 3236 4669 nullis
3288 4613 3544 4671 medico-

1889 4713 2012 4756 rum
2043 4701 2202 4756 curis
2233 4700 2406 4756 minui
2435 4706 2692 4772 possent,
2727 4702 3011 4769 extincto,
3058 4700 3107 4756 is
3131 4701 3227 4770 qui
3290 4706 3417 4771 post
3443 4716 3540 4759 ne-

1884 4803 2009 4845 cem
2041 4790 2293 4846 Formosi
2311 4792 2670 4845 constitutus
2685 4794 2771 4845 est
2806 4788 3143 4861 expellitur,
3172 4790 3533 4861 Sergiusque

1881 4892 1989 4950 per
2010 4878 2389 4935 Adelbertum
2422 4893 2567 4949 papa
2601 4878 3004 4934 constituitur.
3034 4877 3139 4943 Qui
3167 4879 3533 4939 constitutus

1883 4971 1945 5023 ut
1971 4966 2203 5039 impius,
2228 4972 2560 5023 sanctarum
2584 4965 2985 5022 doctrinarum
3020 4965 3260 5035 inscius,
3300 4967 3535 5025 Formo-

1879 5069 2003 5112 sum
2037 5072 2069 5111 e
2107 5055 2418 5126 sepulchro
2462 5053 2691 5111 extrahi
2742 5059 2918 5125 atque
2978 5052 3034 5109 in
3094 5052 3234 5109 sede
3283 5054 3527 5113 Romani

1878 5144 2247 5216 pontiﬁcatus
2303 5143 2769 5200 sacerdotalibus
2823 5142 3195 5198 vestimentis
3256 5143 3525 5203 indutum

1876 5234 2055 5291 locari
2078 5233 2280 5304 sicque
2309 5231 2584 5290 decollari
2610 5232 2895 5304 precepit.
2932 5231 3034 5289 Cui
3083 5236 3141 5289 et
3165 5233 3249 5290 ait
3310 5252 3322 5289 :
3376 5236 3527 5296 Cum

105 5331 167 5383 et
217 5326 467 5383 Karolus
508 5337 611 5380 rex
659 5324 729 5380 ab
779 5323 1105 5396 Heriperto,
1181 5322 1439 5394 ejusdem
1507 5325 1763 5395 Hugonis
1871 5322 2227 5383 Portuensis
2277 5334 2433 5382 esse:
2470 5324 2791 5397 cpiscopus,
2854 5337 2962 5383 cwr
3007 5322 3355 5384 ambitionis
3403 5328 3525 5399 spi-

1471 5476 1707 5533 VARL'E
1748 5478 2148 5537 LECTIONES.

170 5621 264 5659 ³¹⁹⁰
292 5620 700 5679 servatocorr.
736 5618 1049 5676 observato
1077 5621 1125 5672 1.
1188 5615 1276 5650 “’1
1299 5615 1592 5675 Arnoldus
1621 5619 1721 5675 Di.
1753 5618 1843 5653 ιη’
1875 5620 2011 5676 LIII.
2050 5621 2139 5677 1b.
2179 5617 2269 5658 “9‘
2299 5632 2470 5691 quam
2498 5654 2557 5664 -
2612 5620 2914 5693 persuasit
2958 5619 3027 5679 in
3086 5620 3206 5681 loco
3253 5635 3394 5682 raso
3456 5628 3504 5679 1.
