3952 6318
171 323 293 389 881

1052 327 1492 397 CHRONICA.
1530 365 1609 381 —
1634 326 2112 396 CHRONICON
2155 333 2697 401 UNIVERSALE.

3462 342 3583 407 882

251 466 306 520 7.
344 463 407 520 Α.
436 462 495 521 D.
518 465 641 521 907.
668 464 864 536 Pugna
888 462 979 500 ¹¹⁰ί
1002 467 1154 524 inter
1168 466 1567 536 Adelbertum,
1591 467 1826 524 fratrem
1858 462 1918 529 Α
1947 470 2275 537 Suevia“°‘,
2310 470 2682 528 Eberhardus
2714 469 2805 505 “°'
2820 486 3014 529 comes
3045 475 3491 545 potentissimus
3523 476 3579 535 in

171 565 403 617 eorum,
437 557 494 609 et
528 554 955 618 Chuonradum,
990 557 1225 612 fratrem
1260 556 1555 614 Ludewici
1586 556 1829 628 impera-

173 640 474 706 ιρι-ἰδίως
509 642 565 698 in
599 657 708 714 qua
746 644 1124 701 Chuonradus
1156 646 1467 702 occiditur.

249 733 302 785 8.
335 734 397 787 Α.
426 732 485 786 D.
511 734 635 788 908.
663 732 984 789 Ruodolfus
1003 735 1315 806 episcopus
1332 732 1827 803 Wirciburgensis

174 820 346 876 obiit.
365 851 436 863 -ο
452 819 823 891 Adclbertus,
852 822 1090 892 perﬁdia
1117 825 1382 880 Hattonis
1403 822 1828 894 archiepiscopi

177 915 240 965 et
274 908 575 979 cujusdam
602 910 890 981 Luitpaldi
914 910 1213 983 deceptus,
1242 911 1553 967 Ludewico
1583 926 1717 980 rege
1741 910 1831 979 ju-

180 999 380 1068 bente,
417 997 763 1055 decolletur.
788 1030 869 1041 --
896 1000 1140 1070 Bajoarii
1192 1003 1261 1056 ab
1312 1000 1579 1069 [iugariis
1613 998 1831 1055 interﬁ-

49 1078 71 1101 ‘
180 1086 442 1142 ciuntur.

253 1178 306 1231 9.
337 1176 487 1230 A.D.
523 1179 644 1232 909.
699 1177 935 1247 Ungarii
991 1178 1294 1234 Saxoniam
1344 1181 1400 1233 et
1460 1175 1827 1246 Tburingiam

182 1270 440 1319 vastant.

258 1356 342 1408 10.
383 1355 444 1409 A.
478 1355 539 1409 D.
573 1357 695 1410 910.
756 1355 992 1425 Ungarii
1058 1355 1446 1411 Alemanmam
1489 1356 1725 1426 petunt.
1760 1382 1833 1394 —

181 1440 297 1497 Leo
328 1441 650 1512 imperator
683 1443 1118 1513 Constantinop.
1152 1443 1324 1499 obiit.

258 1533 348 1584 11.
388 1531 457 1584 A.
490 1531 557 1583 D.
587 1535 717 1586 911.
755 1532 953 1586 Franci
982 1534 1235 1602 pugnant
1259 1530 1685 1600 cumUngariis.

256 1624 346 1675 12.
385 1621 452 1674 Α.
486 1622 551 1674 l).
587 1623 715 1675 912.
752 1618 1093 1675 Ludewicus
1116 1634 1217 1674 rex
1244 1620 1504 1675 moritur.
1542 1619 1827 1690 Hicjuxta

182 1709 465 1778 quosdam
489 1707 960 1764 ultimusdicntur
979 1708 1319 1763 Karolorum
1341 1708 1493 1779 apud
1512 1707 1829 1763 orientales

1945 561 2203 630 Francia,
2231 559 2580 617 Gisilbertus
2604 558 2716 615 dux
2749 560 2802 615 in
2833 560 3231 631 Lotharingia;
3260 564 3410 621 inter
3433 581 3581 636 quos

1942 649 2247 706 Heinricus
2265 651 2549 706 Saxonum
2573 653 2629 705 et
2662 650 3080 720 Thuringorum
3115 650 3229 707 dux
3268 643 3581 725 prepotens

1942 736 2223 795 clarebat.
2257 737 2518 794 Secundo
2542 740 2732 794 autem
2765 739 2926 809 regni
2952 738 3077 809 ejus
3100 754 3249 796 anno
3276 742 3578 798 memorati

1945 826 2237 899 principes
2271 825 2402 882 huic
2435 825 2743 897 presertim
2779 826 3029 883 rebelles
3059 828 3399 901 extiterant,
3435 845 3581 901 quos

1942 914 2039 970 ille
2068 919 2184 970 tam
2218 915 2522 987 sapientia)
2552 916 2751 984 vigore
2784 931 2952 986 quam
2976 916 3337 974 fortitudinis
3370 920 3580 976 robore

1942 1003 2240 1075 superavit
2255 1018 2534 1075 suamque
2547 1004 2617 1059 ad
2637 1003 2973 1060 ﬁdelitatem
2992 1006 3283 1076 perduxit.
3303 1007 3581 1065 Arnolqu

1943 1096 2135 1149 autem
2159 1093 2334 1149 nimio
2356 1097 2580 1149 terrore
2603 1097 2860 1163 coactus,
2896 1109 3025 1150 cum
3050 1110 3230 1151 uxore
3253 1110 3319 1152 ac
3354 1096 3489 1152 ﬁliis
3506 1097 3577 1153 ad

1941 1183 2228 1253 Ungarios
2260 1182 2423 1253 fugit,
2459 1182 2656 1253 ibique
2677 1196 2858 1253 usque
2891 1182 2960 1238 ad
2995 1182 3215 1239 obitum
3251 1185 3578 1243 Chuonradi

1943 1272 2286 1343 permansit.

1942 1361 2063 1409 Anni
2096 1360 2393 1409 Chuonradi.

2016 1445 2063 1495 1.
2102 1440 2274 1509 (0hr.
2320 1440 2650 1512 W.)Primo
2688 1441 2817 1496 anni
2853 1440 3179 1497 Chuonradi
3213 1442 3366 1512 regis
3398 1444 3583 1514 Unga-

1945 1529 2012 1586 rii
2068 1531 2139 1585 ab
2198 1529 2526 1587 Alemannis
2555 1529 2645 1563 ¹²⁰⁶
2674 1535 2731 1585 et
2788 1529 3068 1599 Bajoariis
3121 1531 3284 1601 juxta
3347 1532 3583 1589 ﬁuvium

1943 1620 2123 1675 Enum
2155 1618 2263 1690 ¹²⁰⁷,
2300 1619 2396 1690 qui
2442 1620 2767 1689 vulgariter
2798 1621 2893 1675 Ine
2926 1619 3161 1689 dicitur,
3198 1620 3574 1678 occiduntur.

2013 1711 2071 1762 2.
2103 1708 2355 1777 (LIUDPR.
2378 1740 2446 1748 -
2471 1708 2609 1765 (ιἸιν.
2650 1709 2728 1764 W.
2774 1742 2795 1747 μ
2841 1708 3061 1764 Brcusn
3086 1724 3143 1775 ιι,
3180 1712 3397 1781 tsqq.).
3426 1712 3488 1765 A.
3517 1712 3579 1765 Ι).

185 1799 443 1853 Francos
488 1797 919 1867 imperantium,
950 1796 1112 1866 juxta
1148 1798 1427 1868 quosdam
1463 1813 1595 1852 vero
1616 1798 1831 1853 Chuon-
1862 1819 1912 1878 Β
1942 1799 2063 1852 914.
2093 1797 2345 1852 Predicti
2370 1797 2661 1868 principes
2677 1797 2794 1866 regi
2826 1796 3468 1854 rebellant.Ruodolfus
3484 1812 3585 1854 rex

181 1886 382 1951 rad'is,
402 1886 495 1956 qui
524 1891 648 1957 post
675 1900 803 1941 eum
822 1885 1148 1956 imperavit,
1169 1885 1407 1941 ultimus
1429 1890 1823 1955 computatur,

181 1989 211 2029 a
241 1974 455 2044 quibus
476 1972 821 2045 paterillius
850 1974 1250 2041 Chuonradus,
1285 1973 1381 2043 qui
1416 1975 1487 2028 ab
1515 1973 1827 2029 Adelbea-to

183 2062 533 2118 interfectus
555 2067 667 2127 est,
693 2062 801 2116 frat
818 2076 871 2116 ar
892 2062 1182 2117 Ludewici
1199 2062 1369 2131 hujus
1397 2062 1571 2116 fuisse
1595 2067 1676 2117 est
1694 2063 1828 2116 ima-

186 2155 303 2205 tur.
325 2151 433 2205 Sed
456 2149 629 2218 hujus
652 2149 1017 2206 diversitatis
1039 2163 1210 2205 error
1228 2150 1830 2220 seriptoribusregno-

187 2256 312 2295 rum
340 2241 681 2311 imputetur.
721 2239 888 2307 (WID.
917 2256 953 2309 ι,
981 2242 1092 2311 16.)
1132 2240 1475 2296 Ludewicus
1498 2240 1678 2310 igitur
1697 2255 1826 2296 cum

185 2330 513 2399 accepis-‘et
565 2343 798 2383 uxorem
847 2327 1076 2385 nomine
1124 2328 1520 2397 Mahthildam,
1569 2343 1828 2384 sororem

186 2417 476 2472 Brunonis
502 2429 569 2471 ac
620 2415 807 2485 magni
843 2415 1007 2471 ducis
1040 2416 1289 2483 Ottonis,
1318 2431 1425 2471 non
1462 2416 1661 2472 multis
1693 2421 1826 2487 post

186 2506 309 2562 haec
327 2505 553 2561 vixerat
576 2504 764 2560 annis.
799 2506 1011 2561 Horum
1036 2508 1202 2574 pater
1234 2509 1360 2560 erat
1390 2504 1696 2571 Luitolfus,
1732 2504 1827 2574 qui

186 2594 426 2649 Romam
466 2593 782 2664 profectus,
826 2592 1129 2649 transtulit
1178 2592 1308 2647 inde
1359 2592 1637 2662 reliquias
1668 2593 1830 2646 luno-

186 2682 366 2739 centii
402 2692 580 2752 papas.
616 2683 697 2737 Ex
731 2681 944 2752 quibus
974 2682 1123 2736 Brun
1166 2696 1294 2736 cum
1330 2681 1602 2737 ducatum
1636 2679 1832 2735 ammi-

189 2770 501 2827 nistrasset
536 2769 723 2826 totius
752 2769 1035 2837 Saxonize,
1074 2770 1240 2826 duxit
1272 2769 1594 2824 exercitum
1627 2771 1827 2824 contra

186 2861 398 2929 Danox,
432 2862 486 2914 et
521 2859 899 2915 inundatione
933 2858 1234 2930 repentina
1268 2858 1680 2926 circumfusus,
1718 2870 1829 2912 non

186 2948 413 3004 habens
435 2948 625 3005 locum
649 2949 965 3019 pugnandi,
1016 2948 1190 3019 periit
1213 2963 1342 3004 cum
1366 2948 1516 3003 omni
1541 2946 1825 3015 exercitu,

186 3037 378 3097 fratri.
415 3041 552 3092 natu
580 3035 809 3107 quidem
835 3035 1060 3105 minori,
1097 3037 1193 3091 sed
1221 3036 1373 3091 omni
1399 3035 1615 3091 virtute
1647 3032 1830 3090 multo

1947 1885 2219 1951 moritur;
2241 1891 2363 1957 post
2391 1901 2558 1957 quem
2579 1886 2725 1956 (231)
2746 1885 3107 1955 Ludewicus,
3136 1885 3328 1942 Karoli
3354 1886 3503 1941 ﬁlius
3528 1888 3582 1942 in

1941 1988 2180 2044 regnum
2239 1976 2424 2045 patris
2460 1975 2701 2030 consilio
2735 1974 2990 2044 llugonis
3023 1974 3208 2043 ducis,
3252 1974 3352 2030 ﬁlii
3411 1976 3587 2033 Ruct-

1944 2064 2115 2134 perti,
2142 2062 2627 2119 extransmarinis
2659 2062 2925 2133 partibus
2947 2064 3016 2118 ad
3035 2062 3250 2119 Callias
3280 2062 3587 2119 reducitur

1939 2153 2034 2208 cui
2066 2152 2214 2208 idem
2252 2154 2409 2221 llugo
2438 2155 2627 2207 tamen
2662 2155 2862 2222 postea
2898 2151 3265 2207 adversatur.
3294 2152 3409 2208 Hoc
3446 2155 3587 2207 tem-

1945 2255 2082 2313 pore
2113 2241 2365 2296 Marinus
2400 2255 2542 2311 papa
2582 2245 2737 2295 116ιιιδ
2767 2240 2992 2295 extitit.

2013 2334 2064 2385 3.
2097 2328 2262 2399 (Chr.
2304 2329 2409 2401 W.)
2437 2331 2507 2384 Α.
2537 2330 2606 2383 Ι).
2636 2331 2764 2383 915.
2803 2328 3036 2396 Ungarii
3065 2327 3456 2384 Alcmanniam
3493 2327 3589 2384 de-

1944 2422 2195 2472 vastant.
2233 2418 2406 2472 Hatto
2431 2416 2903 2488 archiepiscopus
2925 2414 3587 2485 1’°"obiit;cuilleriger

1947 2505 2227 2562 successit
2262 2504 2352 2538 “°’

2014 2599 2063 2648 5.
2099 2596 2159 2650 Α.
2190 2596 2248 2649 D.
2276 2598 2403 2650 917.
2448 2593 2713 2650 Salomon
2742 2594 3053 2665 episcopus
3090 2597 3298 2665 captus
3332 2597 3445 2664 est,
3478 2595 3589 2651 Un-

1941 2682 2087 2752 garii
2116 2682 2505 2737 Alamanniam
2531 2686 2713 2738 totam
2738 2684 2759 2705 ‘
2783 2683 2912 2752 igne
2935 2681 3202 2751 etgladio
3226 2686 3483 2738 vastant.

2103 2772 2124 2793 ‘
2152 2771 2347 2824 Totam
2383 2770 2759 2824 devastantes
2791 2783 2973 2837 usque
3007 2770 3074 2823 ad
3112 2768 3346 2824 Fuldam
3389 2783 3590 2839 pervc-

2158 2840 2349 2895 niunt.
2390 2842 2457 2895 D.
2500 2842 2566 2894 li.
2597 2853 2672 2895 ea:
2696 2839 2905 2909 Sigeb.
2944 2854 3001 2893 α.
3042 2843 3171 2894 917.

2014 2930 2070 2983 6.
2115 2932 2176 2984 Α.
2206 2930 2264 2983 D.
2287 2932 2409 2984 7I8.
2436 2929 2725 2997 Erkenger
2749 2927 2865 2983 dux
2886 2932 2942 2982 et
2972 2926 3302 2983 Berhtolfus
3321 2926 3587 2997 germani

1946 3018 2158 3075 fratres
2176 3016 2890 3073 decollantur.—.Basilea
2924 3017 2996 3071 ab
3036 3015 3301 3084 Ungariis
3335 3014 3591 3072 destrui-

187 3125 429 3197 potiori,
449 3124 784 3194 relinquens
808 3123 1107 3180 ducatum.
1137 3124 1272 3194 Regi
1301 3133 1492 3179 autem
1521 3123 1832 3179 Ludewico
1866 3169 1916 3229 Ο
1949 3113 2071 3165 ῐιιπ-
2612 3194 2620 3203 _
3481 3191 3491 3201 .

406 3228 409 3229 ,
506 3228 515 3229 ,
606 3218 645 3229 ,.
699 3212 775 3229 ην
834 3228 839 3229 ,
928 3228 943 3229 η
976 3227 983 3229 .
1014 3218 1050 3229 ,.
1196 3216 1259 3229 γι-
1290 3228 1315 3229 ,,
1370 3212 1407 3229 ,o
1463 3227 1479 3229 ξ
1528 3228 1536 3229 ,
1571 3228 1595 3229 η
1630 3211 1697 3229 ,2-
1742 3226 1799 3229 ..Α
2016 3201 2049 3229 Ἰ1
2095 3198 2119 3229 Δ
2171 3197 2215 3229 n
2262 3199 2366 3229 040
2410 3193 2644 3229 Unnomi
2670 3208 2775 3229 nan
2813 3192 3268 3229 Alnnannniomni
3308 3192 3491 3229 Alam“

182 3192 315 3271 cum
352 3192 462 3269 non
495 3192 650 3269 esset
698 3212 868 3281 ﬁlius,
924 3218 1057 3284 post
1083 3192 1325 3268 mort—em
1357 3212 1484 3281 ejus
1515 3211 1704 3268 omnis
1740 3226 1835 3283 po-
1866 3192 1916 3229 υ
2016 3201 2066 3251 7-
2087 3198 2149 3252 Α·
2171 3197 2234 3251 D-
2262 3199 2384 3251 919·
2410 3193 2644 3284 Ῑῖηὲπῖί
2670 3192 3274 3284 ΡθΓ-Μθηῖθηηῖθτη-υι
3303 3192 3588 3284 Αβεθοξθηᾌ

185 3302 361 3373 putus
394 3303 743 3358 Francorum
777 3305 951 3371 atque
1002 3300 1286 3356 Saxonum
1317 3302 1598 3371 querebat
1635 3298 1833 3355 Ottoni

184 3390 451 3446 diadema
474 3389 769 3461 imponere
794 3389 976 3459 regni,
995 3388 1098 3445 sed
1121 3389 1246 3460 ipse
1270 3389 1434 3459 quasi
1455 3388 1570 3457 jam
1600 3388 1836 3458 gravior

186 3478 501 3534 recusabat
515 3492 662 3533 onus
678 3477 903 3548 imperii
930 3478 1085 3548 ;ejus
1104 3483 1291 3532 tamen
1314 3477 1590 3532 consultu
1613 3478 1836 3534 Chuon-

185 3567 386 3631 radus,
415 3566 702 3636 quondam
727 3565 843 3621 dux
867 3566 1234 3634 Francorum,
1256 3565 1409 3621 ﬁlius
1432 3564 1529 3634 (ea:
1554 3565 1693 3622 0hr.
1728 3567 1835 3637 W.)

187 3653 351 3709 illius
383 3652 709 3709 Chuonradi
744 3667 910 3723 quem
950 3653 1301 3708 Adelbertus
1322 3652 1559 3721 occidit,
1599 3654 1838 3723 ungitur

182 3743 239 3799 in
266 3755 530 3811 regnum,
556 3756 737 3813 penes
766 3740 1037 3797 Ottonem
1073 3744 1264 3796 tamen
1291 3755 1574 3795 summu-ii
1611 3756 1841 3813 semper

185 3836 244 3887 et
276 3831 493 3902 ubique
525 3830 698 3885 ﬁebat
730 3829 1065 3901 imperium.
1107 3831 1275 3891 (Win.
1311 3844 1347 3897 ι,
1374 3832 1498 3900 17.)
1533 3830 1714 3885 Natus
1749 3842 1842 3891 est

187 3923 386 3974 autem
416 3918 598 3975 eidem
631 3918 829 3973 Ottoni
862 3917 1036 3987 ﬁlius,
1071 3917 1282 3973 mundo
1314 3917 1703 3986 necessarius,
1745 3932 1843 3988 op-

188 4007 375 4063 timus
395 4006 724 4073 Hcinricus,
750 4005 846 4078 qui
873 4005 1093 4077 primus
1115 4004 1298 4061 libera
1323 4007 1613 4074 potestate
1640 4018 1843 4074 regna-

186 4096 277 4151 vit
312 4094 365 4150 in
399 4096 680 4156 Saxonia;
730 4094 824 4151 cui
856 4098 1022 4165 pater
1052 4093 1303 4149 moriens
1360 4093 1547 4149 totius
1580 4092 1841 4149 Saxoniaa

191 4182 470 4240 ducatum
504 4183 760 4255 reliquit,
795 4180 1270 4251 Chuonradojam
1306 4180 1360 4236 in
1396 4195 1633 4251 regnum
1668 4180 1844 4237 subli-

191 4275 381 4329 mato.

264 4360 432 4429 (Chr.
472 4360 580 4433 W.)
606 4363 765 4417 Anno
788 4360 1097 4417 Dominicae
1136 4359 1557 4416 incarnationis
1580 4362 1703 4427 913,
1739 4361 1841 4415 Ur-

192 4449 287 4505 bis
318 4453 509 4504 autem
541 4448 793 4505 conditae
841 4447 1146 4504 millesimo
1176 4450 1299 4515 664,
1338 4446 1740 4507 Chuonradus.
1781 4448 1840 4501 ﬁ-

190 4537 314 4594 lius
344 4536 673 4593 Chuonradi
730 4551 898 4608 quem
932 4536 1282 4592 Adelbertus
1314 4535 1550 4604 occidit,
1596 4538 1839 4591 Franco-
1872 4524 1922 4582 Β

192 4641 323 4684 rum
354 4640 427 4682 ex
454 4639 668 4696 genere
691 4624 993 4695 oriundus,
1018 4624 1107 4680 vir
1138 4630 1415 4681 strenuus
1438 4624 1838 4695 bellorumque

191 4714 492 4772 exercicio
547 4714 777 4785 doctus,
811 4713 1061 4769 omnium
1116 4713 1424 4783 electione,
1456 4717 1554 4769 79°
1584 4712 1676 4745 ¹²⁰³
1709 4712 1839 4769 loco

197 4806 273 4861 ab
308 4805 595 4873 Augusto,
644 4815 882 4872 regnum
913 4802 1158 4873 accepit,
1188 4806 1245 4856 et
1276 4806 1310 4857 7
1341 4802 1506 4856 annis
1539 4801 1829 4872 regnavit.

195 4893 464 4961 (Inuera.
494 4906 552 4960 ll,
588 4894 674 4959 17,
710 4891 793 4957 18,
822 4892 931 4961 19.)
962 4889 1078 4946 Sub
1107 4904 1220 4960 quo
1255 4889 1646 4961 potentissimi
1688 4889 1839 4960 prin-

198 4980 367 5053 cipes
398 4982 569 5035 erant
620 4977 910 5034 Arnoldus
958 4977 1012 5033 in
1046 4977 1328 5048 Bajoaria,
1382 4976 1752 5033 Burchardus
1784 4978 1837 5032 in

1944 3283 2772 3354 transeuntes,Lotharingiam
2793 3282 3088 3337 invadunt.
3107 3312 3174 3321 --
3192 3280 3591 3337 Burchardus’

1947 3374 2063 3432 dux
2086 3372 2485 3431 constituitur.
2510 3404 2563 3412 —
2583 3371 2963 3428 Chuonradus
2994 3384 3093 3426 rex
3118 3370 3388 3436 moritur,
3415 3369 3586 3436 cujus

1947 3463 2191 3522 consilio
2220 3464 2276 3519 et
2312 3464 2590 3533 precepto
2619 3459 2925 3516 Heinricus
2956 3458 3072 3514 dux
3110 3458 3393 3525 Saxonize,
3430 3456 3588 3515 ﬁlius

1949 3551 2378 3619 Ottonisducis,
2411 3550 2467 3606 in
2483 3565 2722 3620 regnum
2747 3548 3091 3619 provehitur
3114 3547 3216 3618 (cf.
3246 3546 3447 3616 Νη).
3482 3546 3591 3603 Sed

1950 3642 2104 3713 quia,
2160 3639 2496 3697 Karolorum
2546 3640 2731 3709 stirpe
2763 3638 2819 3691 in
2862 3651 3038 3706 regno
3073 3637 3424 3691 Francorum
3455 3634 3594 3690 deﬁ-

1951 3731 2160 3800 ciente,
2179 3743 2417 3799 regnum
2447 3729 2560 3799 jam
2584 3726 2654 3783 ad
2670 3727 2924 3782 Saxones
2937 3738 3040 3795 per
3056 3723 3193 3777 llcin
3207 3722 3385 3778 ricum
3404 3726 3594 3777 trans-

1954 3818 2156 3887 fertur,
2173 3815 2568 3887 genealogiam
2595 3811 2935 3869 Karolorum
2956 3825 3129 3867 causa
3151 3809 3441 3865 memoriae
3465 3809 3596 3865 bre-

1953 3906 2102 3961 viter
2140 3903 2538 3976 depingamus,
2565 3900 2771 3956 dehinc
2796 3898 2866 3953 de
2888 3897 3111 3967 origine
3134 3896 3324 3967 gentis
3357 3896 3593 3951 Saxoni-

1953 4007 2056 4063 ca,
2080 3993 2249 4063 cujus
2270 3990 2464 4063 Opinio
2486 3988 2645 4044 varia
2683 3992 2793 4053 est,
2823 3986 3011 4057 aliqua
3037 3984 3459 4051 describamus,
3482 3984 3594 4038 sic-

1954 4097 2064 4154 que
2097 4081 2167 4138 ad
2201 4079 2435 4136 inicium
2467 4077 2631 4147 regni
2664 4074 3076 4147 portendamus
3097 4074 3120 4097 "
3144 4077 3202 4129 1.

2092 4168 2115 4191 ⁶
2158 4162 2252 4236 Β“.,
2280 4164 2362 4238 d._
2381 4180 2431 4219 c.
2466 4162 2679 4238 desunt
2698 4164 2783 4232 E.,
2813 4160 2918 4218 ubi
2938 4158 3251 4238 sequentia
3269 4157 3360 4215 ita
3396 4156 3598 4238 (’5'fo-

2163 4231 2291 4294 ιυψε
2326 4233 2667 4308 Cuonradus
2691 4246 2793 4308 rex
2814 4231 3072 4308 moriens
3096 4243 3289 4308 coram
3320 4231 3599 4308 principi-

2159 4310 2266 4365 bus
2300 4304 2463 4376 regni
2496 4319 2688 4374 r-gem
2732 4297 3596 4376 designat_Heinricuiii,_tilium

2157 4340 2705 4451 δῖῑρῖιῖξξίεςςοῖιῑίξδ
3015 4340 3327 4451 etiam.
3352 4340 3599 4451 in...

2157 4445 2732 4576 nulﬁdiempteratoris.
2763 4446 2897 4502 Tota
2917 4457 3052 4501 vero
3079 4439 3392 4500 Sitonum
3424 4439 3601 4495 histo-

2157 4533 2258 4576 ria
2362 4533 2422 4575 es
2461 4558 2476 4573 .

2155 4533 2258 4577 rm
2290 4533 2476 4576 αδδεδ.

2061 4596 2144 4647 '1.
2177 4597 2226 4647 5.
2261 4587 2572 4647 Addit/tos
2598 4600 2847 4645 versus.-

2383 4679 2572 4746 Reyes
2602 4675 2671 4732 de
2699 4676 2904 4746 styrpe
2933 4670 3170 4727 Ka/roli.

2028 4760 2227 4831 Stirps
2247 4756 2436 4831 Karoli
2464 4744 2651 4824 Magni
2680 4744 2912 4831 mundo,
2945 4746 3300 4831 venerabilis
3330 4744 3507 4816 omni,

2029 4820 2175 4887 Ante
2211 4829 2316 4886 fuit
2348 4827 2526 4895 clara,
2560 4820 2739 4895 coepit
2772 4822 2999 4895 domum
3026 4820 3154 4895 fore
3186 4831 3345 4873 rara.

2027 4904 2163 4958 Leto
2197 4890 2738 4967 delentepaulat'im
2773 4890 3132 4967 deﬁcientet
3183 4956 3193 4967 .
3263 4957 3275 4967 ι
3346 4956 3357 4966 ι

2028 4956 2325 5029 §uccessit
2359 4956 2579 5039 primus
2610 4961 2951 5021 Cucuradus
2982 4956 3231 5016 nominis
3262 4956 3463 5027 hujus.

1565 5093 1801 5150 VARIJE
1842 5086 2240 5149 LECTIONES.

270 5201 363 5237 “°‘
398 5215 585 5273 pugna
618 5199 1004 5273 committitur
1034 5204 1082 5255 5-
1162 5197 1253 5232 “°’
1283 5198 1318 5253 i-
1352 5205 1481 5273 erat
1512 5198 1641 5273 4-μὲ
1677 5196 2067 5273 οοωιιξίιιίηιν
2096 5192 2441 5273 {li-.10.“:
2482 5183 2590 5273 ,5"?
2633 5177 3225 5273 P§¥"':.P;§i-..”f‘
3254 5176 3606 5273 mihi???

195 5269 625 5348 επαθίὲηρἶιιε
648 5271 962 5348 recentiori
988 5283 1171 5348 meam
1201 5269 1422 5348 ινδιξ.

1533 5268 1623 5301 ¹²⁰⁵
1652 5267 1937 5325 evrardus
1968 5265 2046 5321 1b.

2151 5245 2243 5294 ί²⁰⁶
2274 5257 2595 5315 alamannia
2624 5269 2783 5314 corr.
2826 5250 3146 5309 alemannis
3186 5254 3241 5305 1.
3327 5245 3417 5283 m"
3447 5247 3602 5305 enim

194 5332 349 5405 ὥνῆ
378 5344 474 5401 eni
507 5342 586 5399 1b.
665 5339 755 5374 ⁸²⁰⁸
776 5355 826 5397 a.
860 5340 1224 5411 Mogontinus
1252 5345 1304 5396 5.
1382 5339 1473 5374 ¹²⁰⁹
1501 5355 1546 5397 s.
1579 5340 1840 5396 decimus
1871 5332 2351 5407 archiepiscopus
2384 5332 2441 5384 5.

1828 5460 2030 5519 ΝΟΤᾸΞ

270 5566 414 5639 i231)
442 5563 824 5623 Ekkehardus
856 5564 964 5623 hoc
1002 5564 1133 5623 loco
1162 5561 1470 5622 Rudolfum
1502 5576 1696 5633 regem
1732 5559 2085 5629 Burgundiaa
2128 5555 2302 5625 hujus
2334 5549 2584 5610 nominis
2616 5546 2865 5622 primum
2894 5551 2956 5604 et
2984 5542 3181 5604 Gallia
3212 5553 3407 5610 regem
3436 5550 3597 5593 eum-

200 5638 325 5695 dem
361 5638 570 5697 habet.
