3952 6314
150 326 276 391 885

1036 327 1472 397 CHRONICA.
1512 366 1584 379 —
1617 328 2092 397 CHRONICON
2138 332 2685 402 UNIVERSALE.

3446 341 3566 407 886

1403 746 1508 814 DE
1556 745 1884 815 ORIGINE
1934 744 2332 817 SAXONUM.

230 1049 489 1118 (Wioux.
523 1065 562 1120 ι,
596 1051 675 1121 2.)
707 1050 892 1122 Super
923 1050 1145 1119 origine
1174 1051 1368 1120 gentis
1396 1051 1683 1107 Saxonum
1712 1063 1807 1105 va-
1837 1045 1891 1107 A
1919 1053 2200 1108 secuntur
2232 1054 2441 1107 tamen.
2475 1051 2576 1107 Ille
2608 1057 2823 1123 autem,
2856 1058 3088 1125 sumpta
3124 1054 3320 1126 humo,
3356 1070 3461 1126 per
3492 1054 3577 1112 vi-

157 1139 242 1195 ria
290 1139 492 1209 Opinio
537 1143 644 1207 cst,
697 1139 828 1196 aliis
877 1139 1288 1195 estimantibus
1319 1140 1388 1196 de
1422 1139 1592 1195 Danis
1642 1140 1810 1193 Nort-

158 1228 508 1298 mannisque
533 1243 635 1285 eos
656 1228 936 1297 originem
967 1228 1227 1297 duxisse,
1264 1228 1391 1285 aliis
1414 1243 1570 1298 vero,
1598 1227 1813 1300 quibus

159 1319 215 1371 et
251 1318 423 1372 Greci
458 1318 795 1374 consentire
845 1317 1140 1385 dicuntur,
1184 1332 1284 1373 eos
1317 1316 1595 1387 reliquias
1628 1316 1809 1372 fuisse

158 1406 516 1462 Macedonici
539 1406 857 1474 exercitus,
890 1407 984 1476 qui
1010 1410 1251 1462 secutus
1276 1407 1535 1475 Magnum
1574 1405 1814 1461 Alexan-

160 1494 354 1562 drum,
392 1494 699 1549 immatnra
732 1493 913 1566 ipsius
947 1499 1131 1551 morte
1159 1510 1265 1566 per
1292 1498 1476 1550 totum
1500 1496 1700 1551 orbem
1735 1494 1812 1549 sit

158 1582 490 1653 dispersus.
548 1583 876 1639 invenimus
926 1590 1119 1640 autem
1152 1584 1205 1640 in
1236 1584 1472 1655 scriptis
1514 1584 1813 1655 cujusdam

158 1671 434 1739 (Transi.
468 1671 535 1727 ὧν.
571 1672 786 1742 Alea),
829 1672 1001 1742 quod,
1040 1672 1389 1744 antiquitate
1418 1673 1707 1740 tradente,
1745 1672 1814 1725 ab

154 1760 371 1828 Anglis
392 1761 697 1817 Britanniae
718 1761 920 1818 incolis
937 1762 1051 1817 sint
1072 1762 1312 1832 egressi,
1329 1768 1385 1817 et
1403 1778 1508 1833 per
1523 1762 1813 1818 Oceanum

156 1851 532 1920 navigantes,
568 1850 886 1906 Germaniae
921 1850 1222 1907 littoribus
1256 1851 1452 1906 studio
1477 1857 1535 1906 et
1560 1849 1816 1906 necessi-

156 1944 284 1996 tate
311 1939 739 2010 querendarum
773 1940 995 1996 sedium
1027 1940 1143 1995 sint
1174 1940 1428 2011 appulm,
1467 1940 1521 1995 in
1555 1940 1684 1995 loco
1718 1938 1816 2009 qui

154 2033 412 2084 vocatur
436 2028 775 2097 Hathuloga,
796 2044 863 2082 co
886 2032 1146 2098 tempore
1172 2044 1284 2098 quo
1302 2028 1690 2083 Theodericus
1715 2042 1817 2082 rex

156 2119 519 2172 Francorum
541 2119 741 2172 contra
759 2116 1146 2172 lrminfridum
1166 2116 1373 2173 ducem
1391 2117 1813 2186 Thuringornm

155 2205 470 2272 dimicans,
494 2210 709 2260 terram
733 2219 934 2261 eorum
953 2205 1272 2261 crudeliter
1298 2207 1451 2261 ferro
1477 2204 1729 2260 vastavit
1756 2210 1814 2259 ct

158 2293 302 2363 igni.
340 2293 512 2362 (Win.
542 2309 578 2363 ι,
613 2297 642 2348 3
671 2294 822 2365 sqq.)
857 2294 1111 2364 Cumque
1146 2294 1391 2365 primum
1426 2298 1601 2349 terra)
1633 2292 1818 2363 appli-

1919 1141 2080 1200 cinos
2110 1156 2284 1212 agros
2316 1155 2485 1212 quam
2517 1140 2795 1198 subtilius
2820 1142 3010 1213 potuit
3031 1157 3157 1199 eam
3181 1143 3484 1215 dispersit,
3514 1148 3576 1202 et

1918 1236 2243 1288 castrorum
2274 1231 2400 1287 loca
2430 1233 2759 1303 occupavit.
2796 1234 2863 1287 Ut
2899 1237 3091 1289 autem
3123 1233 3398 1290 viderunt
3432 1236 3581 1292 Thu-

1920 1320 2069 1390 ringi
2092 1326 2283 1377 castra
2311 1322 2620 1390 Saxonum,
2646 1318 3035 1377 intolerabilis
3057 1321 3180 1378 visa
3209 1326 3298 1377 est
3328 1322 3415 1378 eis
3439 1338 3575 1380 res:

1921 1415 2000 1479 et,
2038 1409 2230 1467 missis
2262 1410 2496 1481 legatis,
2529 1410 2839 1480 conquesti
2874 1413 3005 1465 sunt
3051 1411 3121 1466 de
3156 1410 3374 1467 foedere
3405 1416 3578 1484 rupto

1922 1515 1988 1555 ac
2010 1498 2230 1555 violato
2248 1503 2421 1570 pacto
2441 1513 2512 1554 ex
2533 1504 2695 1569 parte
2720 1500 3027 1554 Saxonum.
3058 1502 3315 1556 Saxones
3343 1515 3582 1573 respon-

1923 1587 2137 1643 derunt
2167 1602 2229 1644 se
2262 1588 2547 1644 hactenus
2590 1587 2777 1643 foedus
2820 1586 3239 1644 inviolabiliter
3280 1603 3578 1660 servasse,

1925 1680 2141 1732 terram
2181 1690 2320 1733 vero
2358 1676 2600 1747 proprio
2638 1690 2780 1732 auro
2819 1682 3215 1748 comparatam
3263 1693 3393 1734 cum
3439 1691 3581 1750 pace

1925 1764 2073 1819 velle
2104 1765 2371 1821 obtinere
2395 1768 2491 1820 aut
2518 1769 2679 1820 certe
2712 1764 2889 1821 armis
2923 1764 3260 1822 defendere.
3295 1766 3393 1823 His
3421 1766 3584 1823 audi-

1924 1852 2019 1922 tis,
2047 1853 2250 1910 incolae
2284 1859 2569 1925 ceperunt
2602 1868 2806 1910 aurum
2838 1854 3315 1924 Saxonicumjam
3344 1854 3584 1910 maledi-

1925 1955 2078 2009 cere,
2113 1945 2170 1997 et
2206 1958 2373 2012 quem
2408 1942 2578 2012 paulo
2611 1946 2744 1998 ante
2780 1940 3003 1997 felicem
3038 1942 3444 2012 predicabant,
3486 1959 3585 2000 au-

1926 2034 2144 2086 ctorem
2180 2029 2525 2101 perditionis
2557 2045 2677 2087 suze
2720 2034 2893 2100 atque
2929 2030 3184 2100 regionis
3218 2032 3575 2089 fatebantur.

1926 2120 2014 2173 Ira
2048 2118 2257 2174 deinde
2288 2119 2540 2185 accensi,
2572 2134 2687 2174 caec-
2708 2135 2726 2172 )
2759 2122 2941 2173 marte
2972 2119 3097 2174 sine
3126 2120 3332 2175 ordine
3363 2124 3423 2176 et
3455 2120 3581 2176 sine

1927 2205 2168 2262 consilio
2201 2207 2431 2263 irruunt
2468 2207 2522 2262 in
2554 2212 2767 2263 castra.
2804 2208 3060 2263 Saxones
3091 2222 3230 2265 vero
3260 2209 3451 2280 parati
3483 2210 3582 2265 ho-

1929 2300 2049 2351 stes
2081 2295 2381 2366 excipiunt
2415 2299 2828 2366 sternuntque,
2858 2300 2915 2351 et
2947 2296 3123 2357 rebus
3161 2312 3444 2368 prospere
3486 2312 3583 2366 ge-

156 2384 453 2450 cuissent,
500 2382 699 2438 incolae
740 2382 924 2454 ipsius
962 2386 1157 2453 terra),
1200 2383 1294 2453 qui
1327 2382 1603 2451 Thuringi
1640 2381 1815 2436 fuisse
1848 2404 1901 2462 Β
1931 2383 2057 2453 stis,
2093 2384 2358 2454 proxima
2387 2383 2767 2440 circumcirca
2801 2384 2929 2441 loca
2953 2384 3084 2455 jure
3116 2384 3249 2440 belli
3287 2384 3578 2441 obtinent.

160 2472 506 2542 traduntur,
527 2471 637 2527 adv
653 2476 839 2528 :ntum
859 2486 1056 2528 eorum
1075 2472 1336 2540 graviter
1363 2472 1634 2538 ferentes,
1659 2483 1816 2525 arma

160 2565 377 2616 contra
398 2574 499 2617 eos
519 2563 855 2625 moverunt;
879 2560 1135 2615 Saxones
1151 2574 1290 2614 vero
1310 2560 1522 2615 acriter
1542 2558 1819 2614 resisten-

163 2654 278 2717 tes,
308 2652 540 2720 portum
565 2648 974 2704 obtinuerunt.
1016 2647 1120 2704 Diu
1152 2647 1361 2704 deinde
1392 2648 1545 2703 inter
1569 2661 1631 2703 se
1657 2645 1821 2701 dimi-

161 2737 463 2807 cantibus,
495 2743 555 2793 et
586 2736 786 2793 multis
827 2736 958 2792 hinc
1001 2736 1132 2792 inde
1172 2735 1540 2805 cadentibus,
1582 2736 1817 2791 tandem

164 2826 438 2896 utrisque
488 2824 707 2897 placuit
739 2824 809 2881 de
839 2840 980 2897 pace
1030 2830 1319 2887 tractare;
1370 2824 1692 2895 initirmque
1724 2826 1813 2879 est

164 2915 358 2971 fwclus
396 2929 465 2970 eo
507 2918 698 2985 pacto,
732 2929 846 2985 quo
889 2914 1169 2969 haberent
1220 2916 1474 2970 Saxones
1524 2911 1812 2969 vendendi

160 3002 512 3072 emendique
543 3003 789 3074 copiam,
821 3007 1081 3059 ceterum
1107 3002 1177 3058 ab
1202 3003 1377 3071 agris,
1404 3017 1432 3057 a
1458 3002 1599 3057 cede
1633 3001 1814 3057 homi-

161 3107 298 3148 num
318 3094 497 3161 atque
516 3091 733 3162 rapinis
752 3091 1113 3147 abstinerent
1133 3107 1146 3154 ;
1163 3090 1446 3160 stetitque
1462 3089 1604 3146 illud
1625 3089 1812 3145 foedus

163 3180 589 3236 inviolabiliter
606 3179 803 3237 multis
821 3179 1045 3236 diebus.
1074 3181 1328 3250 Cumque
1352 3179 1678 3235 Saxonibus
1696 3178 1813 3248 jam

166 3268 484 3325 defecisset
509 3268 771 3339 pecunia,
793 3269 932 3339 quid
952 3272 1211 3324 emerent
1236 3273 1334 3323 aut
1358 3268 1673 3323 venderent
1700 3282 1813 3323 non

167 3356 477 3426 habentes,
519 3355 780 3413 inutilem
814 3356 923 3412 sibi
958 3371 1156 3428 pacem
1188 3371 1319 3412 esse
1352 3354 1621 3412 arbitrati
1655 3359 1811 3411 sunt.

167 3447 241 3500 Ea
261 3445 806 3517 igiturtempestate
822 3446 1066 3515 contigit
1083 3444 1510 3502 adolescentem
1530 3446 1815 3516 quendam

167 3533 372 3602 egredi
392 3533 462 3588 de
480 3533 748 3601 navibus,
775 3538 1077 3590 oneratum
1104 3532 1286 3589 multo
1305 3548 1467 3598 auro,
1490 3538 1698 3603 torque
1721 3548 1819 3589 au-

170 3636 293 3691 rea,
337 3620 626 3693 simulque
664 3622 911 3679 armillis
949 3621 1167 3678 aureis.
1210 3621 1309 3677 Cui
1349 3621 1553 3678 obvius
1586 3621 1818 3693 quidam

165 3710 245 3766 Th
257 3711 625 3779 uringorum:
647 3710 805 3776 Quid
820 3709 935 3767 sibi
952 3710 1099 3780 vult,
1118 3710 1324 3781 inquit,
1343 3710 1465 3767 tam
1484 3711 1694 3782 ingens
1714 3725 1819 3767 aa-

161 3815 306 3856 rum
328 3800 490 3857 circa
509 3799 1038 3871 tuamfamelieam
1064 3798 1315 3856 collum?
1345 3801 1702 3871 Emptorem,
1739 3800 1821 3855 in-

165 3889 320 3959 quit,
345 3901 579 3959 gruere;
603 3888 683 3945 ad
708 3888 875 3945 nihil
891 3888 1066 3945 aliud
1082 3887 1250 3945 istud
1269 3902 1485 3944 auram
1505 3902 1666 3959 gero.
1709 3889 1822 3954 Qui

161 3977 329 4033 enim
329 3976 506 4049 fame
511 3976 844 4047 periclitor,
866 3990 981 4047 quo
1000 3990 1148 4033 auro
1167 3976 1453 4033 delecter?
1478 3979 1545 4031 At
1568 3976 1665 4031 illo
1687 3992 1821 4047 qua-

165 4066 271 4122 lita
283 4070 397 4121 tem
420 4064 923 4135 quantitatemque
946 4065 1127 4135 precii
1150 4068 1422 4135 rogante:
1444 4065 1713 4137 Nullum,
1742 4066 1824 4121 in-

165 4154 299 4225 quit
324 4154 495 4222 Saxo,
529 4151 681 4211 mihi
709 4153 800 4210 est
820 4153 1144 4210 discrimen
1173 4153 1240 4209 in
1259 4152 1502 4224 precio;
1530 4153 1825 4225 quicquid

161 4241 345 4301 dabis
368 4241 616 4314 gratam
642 4241 844 4298 habeo.
880 4241 982 4298 llle
1009 4257 1148 4298 vero
1183 4241 1494 4298 subridens
1522 4261 1534 4296 :
1562 4241 1719 4308 Qaid
1745 4243 1822 4313 si,

167 4330 386 4402 inquit,
417 4330 487 4388 de
508 4331 750 4402 pulvere
774 4330 889 4387 ista
914 4331 1112 4388 sinam
1142 4330 1253 4387 tibi
1280 4330 1530 4401 implet)?
1561 4332 1698 4385 Erat
1730 4346 1827 4386 au-

165 4426 291 4477 tem
317 4418 576 4490 presenti
600 4418 728 4475 loco
749 4424 949 4489 egesta
974 4419 1185 4475 humus
1210 4418 1475 4490 plurima.
1512 4419 1656 4474 Saxo
1682 4415 1825 4473 nihil

166 4512 488 4564 cunctatus
537 4506 725 4578 aperit
774 4507 965 4563 sinum
996 4513 1056 4562 ct
1091 4507 1303 4578 accipit
1353 4506 1613 4576 humum,
1668 4506 1827 4562 illico

163 4596 464 4665 Thuringo
486 4594 728 4652 tradens
750 4610 984 4661 aurum;
1016 4595 1288 4666 letusque
1312 4596 1381 4651 ad
1406 4611 1545 4652 suos
1578 4600 1638 4651 nt
1667 4610 1826 4666 'rque

170 4684 347 4741 redit.
379 4683 652 4753 Thuringi
683 4683 1033 4753 Thuringum
1066 4682 1336 4740 laudibus
1371 4683 1440 4739 ad
1470 4684 1681 4740 coelum
1721 4683 1828 4738 tol-

172 4773 324 4844 lunt,
353 4773 452 4844 qui
478 4771 661 4829 nobili
685 4772 887 4827 fraude
909 4774 1187 4828 Saxonem
1210 4773 1545 4843 deceperit;
1571 4773 1829 4829 fortuna-

176 4869 422 4933 tumque
462 4875 593 4917 eum
638 4860 791 4916 inter
829 4875 1030 4916 omnes
1071 4859 1345 4916 mortales
1390 4861 1568 4917 fuisse
1601 4861 1696 4932 qui
1729 4862 1827 4916 vili

179 4950 379 5022 precio
404 4955 521 5005 tam
546 4949 750 5020 ingens
773 4963 975 5004 aurum
1004 4948 1350 5021 possederit.
1387 4951 1655 5004 Ceterum
1680 4950 1827 5006 certi

176 5040 248 5097 de
282 5038 553 5107 victoria,
579 5037 648 5092 de
679 5037 1002 5094 Saxonibus
1023 5036 1140 5107 jam
1170 5036 1333 5108 quasi
1367 5038 1823 5108 triumphabant.

1851 3759 1900 3822 C

1931 2471 2032 2527 Diu
2087 2472 2282 2542 itaque
2329 2487 2457 2528 cum
2493 2472 2564 2527 ab
2595 2472 2901 2529 alterutris
2948 2478 3261 2544 pugnatum
3313 2474 3487 2544 foret,
3522 2477 3580 2529 et

1927 2561 2199 2630 Thuringi
2233 2562 2489 2617 Saxones
2513 2560 2623 2617 sibi
2648 2561 2986 2632 superiores
3010 2562 3133 2618 fore
3157 2561 3452 2631 viderent,
3477 2577 3583 2633 per

1930 2649 2329 2706 internuncios
2362 2649 2655 2720 pacificari
2689 2665 2819 2705 cum
2854 2650 2940 2705 eis
2971 2654 3243 2720 querunt,
3276 2664 3497 2721 eosque
3524 2651 3579 2706 in

1928 2742 2084 2794 terra
2117 2752 2287 2807 quam
2319 2741 2673 2808 acceperunt
2706 2737 2915 2793 cedere
2947 2738 3297 2794 concedunt.

1998 2825 2090 2887 (θ.
2130 2825 2342 2883 Fraus.
2377 2840 2423 2882 ο.
2460 2828 2545 2882 19.
2579 2857 2647 2865 -
2676 2828 2821 2881 WID.
2861 2841 2895 2893 ι,
2932 2830 2964 2881 9
2995 2827 3161 2897 sqq.)
3207 2827 3284 2881 Eo
3314 2829 3582 2897 tempore

1926 2918 2156 2969 mortuo
2181 2913 2471 2970 Clodoveo
2492 2927 2628 2981 rege
2651 2915 3022 2983 Francorum,
3051 2918 3304 2983 quatuor
3329 2913 3430 2968 filii
3454 2914 3582 2984 ejus

1925 3018 2165 3074 regnum
2185 3003 2370 3073 ipsius
2386 3001 2674 3072 equaliter
2695 3001 3038 3059 diviserunt.
3064 3003 3144 3056 Ex
3163 3001 3376 3072 quibus
3396 3003 3584 3058 Theo-

1925 3091 2161 3149 dericus
2183 3106 2311 3147 cum
2341 3089 2700 3146 Austrasiam
2723 3089 3070 3160 accepisset,
3101 3090 3269 3161 cujus
3294 3090 3454 3159 regni
3487 3091 3586 3146 se'

1925 3182 2028 3238 des
2050 3178 2203 3252 apud
2226 3182 2562 3235 Mettensem
2590 3178 2694 3233 fuit
2719 3178 3038 3245 civitatem,
3078 3178 3312 3234 mittere
3342 3178 3582 3234 curavit

1925 3269 2274 3340 legationem
2292 3266 2363 3324 ad
2386 3267 2777 3324 Irminfridum
2804 3282 2997 3336 regem
3020 3267 3443 3338 Thuringorum
3471 3283 3581 3339 pro

1928 3373 2068 3430 pace
2098 3361 2154 3413 et
2186 3355 2520 3425 concordia,
2568 3355 2848 3411 mandans
2880 3355 2931 3411 ei
2964 3370 3076 3411 non
3113 3370 3172 3412 se
3214 3370 3430 3427 cupere
3466 3356 3579 3412 sibi

1926 3462 2060 3505 esse
2089 3447 2383 3503 dominum
2422 3445 2523 3503 sed
2557 3445 2824 3516 amicum,
2869 3461 2993 3501 non-
3022 3446 3438 3517 imperatorem
3479 3445 3583 3503 sed

1930 3536 2335 3608 propinquum,
2379 3534 2954 3606 propinquitatisque
2986 3535 3117 3604 jura
3157 3533 3582 3591 inviolabiliter

1928 3639 1989 3681 se
2012 3623 2162 3680 velle
2189 3636 2767 3680 servare—sororem
2788 3622 3003 3693 quippe
3021 3622 3359 3678 Theoderici
3382 3622 3584 3678 Irmin-

1932 3713 2118 3769 fridus
2149 3715 2489 3783 acceperat;
2512 3742 2579 3751 -
2602 3715 2829 3768 tantum
2856 3715 2969 3767 uta
2997 3710 3194 3782 populi
3233 3713 3581 3767 Francorum

1927 3801 2262 3868 concordia,
2282 3800 2377 3871 qui
2396 3815 2524 3856 eum
2546 3813 2738 3869 regem
2756 3799 3208 3861 constituerant,
3230 3814 3340 3854 non
3359 3799 3585 3855 discor-

1926 3889 2117 3960 daret,
2161 3888 2422 3958 rogabat.
2460 3887 2544 3942 Ad
2585 3887 2706 3943 haec
2747 3884 3116 3942 Irminfridus
3156 3901 3283 3942 cum
3333 3885 3582 3956 benigne

1932 3975 2315 4047 responderet
2361 3977 2712 4030 Francorum
2755 3977 2976 4029 statuta
3009 3973 3117 4029 sibi
3154 3973 3405 4044 placere,
3438 3988 3583 4044 pace

1931 4062 2279 4120 omnimodis
2300 4076 2363 4118 se
2387 4060 2669 4131 indigere,
2695 4074 2872 4132 super
2896 4060 3131 4130 negotio
3156 4061 3320 4132 regni
3348 4076 3585 4132 respon-

1931 4152 2151 4209 sionem
2181 4164 2344 4207 suam
2378 4149 2433 4205 in
2467 4149 2780 4206 amicorum
2813 4149 3170 4221 presentiam
3201 4164 3264 4207 se
3295 4150 3445 4206 velle
3478 4150 3585 4205 dif-

1936 4242 2106 4311 ferre,
2143 4238 2385 4296 audiens
2417 4238 2616 4309 regina
2648 4239 2902 4309 legatum
2935 4238 3136 4294 fratris
3169 4240 3584 4310 supervenisse

1932 4333 1991 4385 et
2008 4342 2186 4399 super
2203 4327 2436 4397 negotio
2454 4327 2614 4397 regni
2637 4342 2767 4384 cum
2789 4341 2923 4397 rege
2948 4327 3207 4384 locutum
3233 4327 3434 4395 fuisse,
3459 4328 3581 4396 egit

1934 4432 2063 4474 cum
2108 4416 2297 4485 lringo
2338 4414 2522 4471 milite
2555 4416 2729 4486 regis,
2763 4415 2859 4485 qui
2891 4418 3019 4472 erat
3052 4415 3141 4471 vir
3171 4415 3380 4486 audax,
3419 4416 3588 4472 fortis

1937 4518 2126 4576 manu,
2182 4519 2316 4561 acer
2366 4505 2617 4575 ingenio,
2671 4507 2880 4560 acutus
2927 4503 3194 4573 consilio,
3231 4504 3499 4575 pertinax
3528 4504 3587 4561 in

1937 4594 2115 4650 rebus
2138 4592 2399 4663 agendis,
2428 4593 2613 4650 facilis
2634 4592 2705 4648 ad
2730 4591 3028 4649 suadenda
3052 4606 3179 4662 quae
3200 4590 3400 4659 vellet,
3435 4593 3589 4649 unde

1936 4685 1997 4736 et
2027 4681 2278 4738 animum
2334 4681 2490 4751 regis
2525 4680 2635 4738 sibi
2676 4684 3050 4748 connexerat,
3096 4683 3159 4734 ut
3202 4678 3422 4749 pariter
3462 4681 3586 4750 regi

1939 4769 2252 4826 suaderent
2303 4784 2542 4839 regnum
2585 4768 2698 4823 sibi
2740 4767 2869 4837 jure
2902 4765 3260 4822 hereditario
3307 4765 3584 4837 cessisse,

1939 4861 2145 4928 utpote
2194 4871 2322 4927 quae
2373 4856 2484 4910 tilia
2532 4854 2688 4923 regis
2725 4856 2883 4909 esset
2917 4857 2977 4908 et
3009 4852 3244 4922 reginae,
3277 4851 3588 4908 Theoderi-

1940 4959 2072 5001 cum
2096 4958 2235 5000 vero
2277 4957 2443 5000 suum
2486 4955 2716 4999 servum
2759 4954 2912 5010 6880,
2945 4943 3240 5010 tamquam
3274 4954 3345 4995 ex
3376 4953 3589 4997 concu-

1943 5033 2073 5088 bina
2123 5034 2342 5101 natum,
2376 5035 2436 5087 et
2468 5029 2597 5086 ideo
2631 5027 2907 5085 indecens
2956 5028 3078 5084 fore
3130 5028 3370 5101 proprio
3415 5041 3589 5087 servo

176 5130 408 5185 Interea
461 5126 612 5183 Saxo
660 5126 924 5197 privatus
963 5141 1126 5196 auro,
1170 5129 1447 5181 oneratus
1479 5140 1616 5182 vero
1648 5128 1827 5184 multa
1861 5111 1912 5170 D
1944 5134 2149 5176 manus
2191 5133 2441 5190 unquam
2483 5120 2640 5174 ἀπε·
2677 5116 3024 5174 Convocatis
3054 5131 3194 5187 91‘80
3228 5116 3590 5190 Wineipibus

178 5217 374 5286 humo,
407 5214 717 5286 apprOpiat
749 5214 1010 5271 navibus.
1038 5215 1220 5271 Sociis
1242 5213 1422 5284 igitur
1443 5215 1495 5269 ei
1519 5230 1831 5272 occurren-

177 5303 337 5360 tibus
369 5308 430 5360 et
464 5301 603 5373 quid
644 5306 844 5371 ageret
885 5301 1345 5373 ammirantibus,
1381 5302 1476 5358 alii
1509 5302 1827 5359 amicorum

174 5406 304 5448 eum
332 5389 584 5446 irridere
606 5393 933 5461 cmperunt,
960 5389 1055 5446 alii
1082 5404 1348 5462 arguere,
1379 5405 1580 5448 omnes
1610 5391 1829 5461 pariter

173 5495 306 5536 eum
341 5480 632 5537 amentem
663 5475 1060 5535 crediderunt.
1089 5479 1161 5534 At
1183 5478 1300 5549 ille,
1334 5478 1628 5549 postulato
1659 5478 1830 5534 silen-

175 5570 259 5625 tio
275 5566 659 5639 :Seqaimini
672 5579 782 5635 me,
804 5566 1013 5636 inquit,
1035 5567 1243 5637 optimi
1256 5569 1547 5635 Saxones,
1569 5566 1629 5623 et
1639 5580 1831 5623 meam

172 5658 337 5716 vobis
350 5654 1263 5723 amentiamprobabitisutilem.
1283 5657 1355 5710 At
1372 5654 1471 5721 illi,
1495 5655 1626 5710 licet
1643 5653 1824 5720 dubii,

1942 5212 1996 5264 et
2033 5207 2386 5263 necessariis
2435 5206 2655 5277 amicis,
2716 5205 3083 5263 Irminfridus
3110 5206 3288 5262 verba
3322 5204 3497 5277 legati
3533 5206 3587 5262 in

1943 5295 2235 5369 presentia
2265 5309 2467 5352 eorum
2500 5294 2767 5352 contulit.
2806 5296 2877 5351 At
2900 5294 2983 5350 illi
3011 5294 3359 5351 unanimiter
3383 5295 3591 5352 suade-

1942 5389 2101 5456 bant,
2123 5398 2251 5455 quae
2269 5383 2428 5455 pacis
2445 5387 2504 5440 et
2524 5383 2850 5442 concordia
2874 5387 3009 5441 sunt
3033 5397 3162 5441 eum
3186 5382 3427 5455 sentire,
3454 5383 3587 5454 quia

1942 5476 2195 5547 impetus
2236 5474 2585 5530 Francorum
2617 5473 2768 5529 ferre
2802 5487 2912 5529 non
2946 5476 3178 5545 posset;
3211 5473 3458 5529 maxime
3490 5473 3589 5543 qui

1939 5563 2268 5620 acrioribus
2293 5562 2548 5619 hostium
2571 5561 2749 5618 armis
2769 5575 2841 5618 ex
2863 5561 2974 5618 alia
3000 5564 3167 5634 parte
3197 5565 3585 5633 premeretur.

1941 5652 2097 5721 [ring
2116 5666 2273 5721 vero,
2290 5649 2525 5707 lascivae
2546 5648 2807 5707 mulieris
2824 5649 3196 5706 satisfaciens
3213 5650 3382 5715 votis,
3402 5644 3584 5701 suasit
