3952 6318
373 352 487 420 891

1528 342 2011 415 EKKEHARDI
2055 340 2302 406 URAUt
2319 343 2612 408 iIENSlS

3661 344 3784 410 892

378 489 466 548 nis
495 487 802 546 Unstrodas
833 485 1256 557 dirimuntur,a
1281 486 1680 560 septentrione
1699 482 2010 542 veroNort-
2039 475 2096 536 A
2125 477 2332 536 rabilia
2365 495 2642 538 vanarum
2668 481 3158 554 supersticionum
3176 481 3641 556 genera,quibus
3681 481 3786 540 im-

377 592 638 648 mannos,
663 580 870 648 gentes
898 575 1314 645 ferocissimas,
1349 576 1421 631 ab
1469 578 1603 632 ortu
1645 577 1837 629 autem
1869 568 2012 626 solis

379 665 714 733 Obodritos,
738 669 796 723 et
827 666 899 721 ab
922 680 1135 722 occasu
1170 665 1423 734 Friesos,
1457 679 1487 720 a
1533 662 1744 734 quibus
1778 660 1901 717 sine
1933 657 2017 714 in-

380 746 751 804 termissione
780 744 871 801 vel
931 745 1148 803 fcedere
1180 745 1270 802 vel
1339 742 1774 800 concertatione
1819 739 2015 795 ﬁnium

378 850 614 892 suorum
647 834 840 906 spacia
875 834 1207 890 necessario
1267 833 1602 890 tuebantur.
1659 832 1831 886 Erant
1863 827 2016 884 enim

381 923 627 994 inquieti
663 923 834 979 nimis
856 926 913 979 et
939 923 1314 978 ﬁnitimorum
1340 922 1580 977 sedibus
1615 917 1831 987 infesti,
1859 915 2015 972 domi

379 1028 518 1070 vero
534 1013 722 1084 pacati
739 1017 797 1068 et
811 1012 1023 1067 civium
1042 1011 1399 1068 utilitatibus
1414 1010 1639 1082 placida
1659 1006 2017 1077 benignitate

379 1101 775 1170 consulentes,
803 1101 1038 1170 generis
1060 1116 1290 1171 quoque
1313 1116 1378 1156 ac
1407 1097 1736 1154 nobilitatis
1751 1110 1869 1151 suae
1889 1109 2020 1165 pro-

379 1189 735 1246 vidissimam
759 1204 955 1246 curam
980 1189 1285 1257 habentes,
1305 1203 1406 1244 nec
1427 1187 1590 1241 facile
1613 1184 1748 1240 ullis
1775 1183 2017 1238 aliarum

379 1279 638 1346 gentium
672 1277 763 1334 vel
789 1277 898 1332 sibi
925 1277 1262 1332 inferiorum
1305 1275 1570 1331 conubiis
1623 1272 1841 1340 infecti,
1891 1286 2020 1342 pro-

382 1366 562 1438 priam
595 1369 652 1422 et
677 1367 961 1423 sinceram
986 1369 1282 1422 ettantum
1309 1364 1396 1419 sui
1425 1362 1669 1418 similem
1691 1365 1923 1429 gentem
1945 1361 2021 1414 fa-

379 1468 512 1509 cere
539 1453 733 1510 conati
765 1459 919 1510 sunt.
957 1453 1118 1508 Unde
1167 1451 1400 1507 habitus
1436 1463 1663 1520 quoque
1687 1463 1754 1503 ac
1804 1447 2020 1516 magni-

383 1541 522 1598 tudo
537 1557 843 1612 corporum
869 1539 1756 1610 comarumquecolor,tanquam
1784 1537 1838 1591 in
1857 1540 2020 1591 tanto

383 1645 622 1686 numero
644 1631 957 1698 hominum,
987 1629 1132 1684 idem
1153 1644 1296 1700 pene
1312 1628 1602 1683 omnibus.
1641 1625 1901 1691 Quatuor
1919 1625 2024 1694 igi-

384 1723 480 1773 tur
510 1718 1024 1786 ditferentiasgens
1051 1718 1144 1772 illa
1173 1717 1225 1772 in
1258 1731 1472 1785 genere
1497 1715 1721 1778 habuit,
1743 1713 2020 1769 nobilium

2125 567 2316 640 pliciti
2343 571 2714 642 tenebantur,
2730 573 3198 644 obscrvaverint,
3217 578 3514 644 pretereo;
3540 572 3669 629 haac
3687 585 3783 629 ve-

2127 672 2192 714 ro
2209 657 2338 714 ideo
2351 660 2812 730 commemoravi,
2831 676 2945 732 quo
2963 661 3221 733 prudens
3236 660 3423 718 lector
3437 662 3722 731 agnoscat
3751 673 3784 716 a

2127 747 2362 816 quantis
2403 761 2668 806 errorum
2692 749 2954 806 tenebris
2977 763 3080 822 per
3103 749 3201 806 Dei
3219 749 3467 820 gratiam
3499 747 3791 806 sintlibe-

2128 835 2241 891 rati
2277 835 2408 908 ;qui
2426 837 2994 907 erant,sicutomnes
3019 839 3287 896 nationes
3303 838 3672 895 Germaniam
3699 837 3789 893 in-

2129 922 2413 994 colentes,
2446 929 2501 980 et
2540 928 2740 981 natura
2792 927 3016 983 feroces
3037 931 3092 983 et
3118 925 3303 982 cultui
3330 926 3661 983 daemonum
3682 925 3790 982 de-

2131 1010 2233 1066 diti
2269 1027 2538 1084 veraeque
2561 1015 3342 1086 religionieontrarii,neque
3359 1014 3555 1071 divina
3589 1028 3784 1086 neque

2129 1099 2376 1156 humana
2403 1103 2538 1172 juro
2571 1103 2904 1172 transgredi
2965 1104 3236 1160 illicitum
3259 1103 3351 1160 vel
3395 1104 3786 1160 inhonestum

2133 1195 2422 1260 putantes.
2456 1191 2616 1247 Unde
2647 1193 2859 1248 factum
2893 1197 2980 1248 est
3015 1193 3168 1263 quod
3203 1209 3334 1248 cum
3353 1192 3616 1248 ﬁnitimis
3633 1192 3783 1262 suis,

2131 1282 2186 1333 et
2223 1279 2466 1336 maxime
2488 1295 2616 1337 cum
2640 1281 2892 1351 Francis,
2921 1281 3058 1338 lites
3105 1288 3282 1352 atque
3311 1280 3649 1338 discordias
3684 1281 3786 1336 ha-

2135 1367 2509 1438 bebant,quia
2569 1369 2847 1426 suberant
2897 1385 3087 1428 causae
3134 1385 3263 1440 qua:
3293 1371 3541 1426 cottidie
3582 1385 3788 1442 pacem

2135 1457 2479 1526 perturbare
2538 1463 2830 1528 poterant,
2867 1459 3096 1515 termini
3144 1458 3422 1516 videlicet
3473 1461 3789 1516 amborum

2138 1560 2279 1614 pene
2303 1546 2516 1617 ubique
2552 1547 2604 1602 in
2628 1547 2878 1618 planicie
2908 1549 3191 1618 contigui,
3211 1553 3411 1620 preter
3431 1563 3613 1618 pauca
3634 1548 3789 1618 loca,

2137 1633 2188 1689 in
2224 1635 2436 1705 quibus
2464 1635 2553 1692 vel
2588 1637 2774 1693 saltus
2809 1637 3100 1708 magnivel
3130 1637 3408 1694 montium
3439 1638 3580 1710 juga
3611 1637 3794 1694 inter-

2139 1724 2324 1794 posita
2351 1730 2729 1795 utrorumque
2761 1732 3111 1796 agroscerto
3133 1725 3317 1782 limite
3343 1725 3788 1794 disterminant,

383 1806 606 1862 scilicet
645 1821 706 1862 ac
751 1806 1088 1874 liberorum,
1135 1805 1476 1860 libertorum
1493 1809 1668 1874 atque
1692 1817 2018 1871 servorum,
2053 1834 2106 1894 Β
2138 1811 2194 1868 in
2223 1813 2433 1882 quibus
2465 1813 2638 1870 ccdcs
2671 1819 2730 1870 et
2755 1814 2972 1885 rapimB
3005 1819 3181 1884 atque
3213 1814 3479 1871 incendia
3522 1814 3792 1872 vicissim

383 1900 441 1949 et
475 1896 528 1950 id
555 1895 782 1963 legibus
817 1893 1102 1949 ﬁrmatum
1135 1898 1242 1962 est,
1299 1892 1542 1949 utnulla
1588 1907 1721 1964 pars
1763 1891 1818 1946 in
1849 1906 2024 1962 copu-

386 1983 572 2039 landis
598 1983 884 2051 conjugiis
901 1983 1150 2054 proprim
1169 1982 1349 2038 sortis
1377 1981 1654 2037 terminos
1681 1981 2018 2050 transferat,

385 2073 484 2129 sed
517 2071 730 2127 nobilis
762 2071 1010 2127 nobilem
1036 2071 1208 2127 ducat
1229 2085 1465 2126 uxorem
1491 2074 1547 2125 et
1576 2069 1724 2126 liber
1757 2069 2020 2137 liberam,

386 2159 633 2216 libertus
661 2160 1051 2229 conjungatur
1075 2159 1302 2215 libertae
1333 2163 1392 2214 et
1433 2173 1640 2214 servus
1688 2156 1931 2214 ancillze.
1968 2157 2022 2211 Si

387 2265 522 2305 vero
553 2249 842 2320 quispiam
877 2249 1081 2305 horum
1116 2249 1223 2305 sibi
1247 2263 1357 2304 non
1387 2252 1802 2318 congruentem
1854 2250 1909 2302 et
1931 2261 2026 2315 ge-

386 2353 523 2394 nere
553 2339 1007 2409 prestantiorem
1033 2337 1268 2394 duxerit
1298 2353 1556 2406 uxorem,
1583 2353 1711 2392 cum
1737 2336 1872 2391 vitae
1905 2350 2025 2392 suae

386 2425 594 2483 damno
625 2430 952 2498 componat.
984 2426 1228 2496 Legibus
1259 2427 1434 2483 etiam
1469 2425 1537 2481 ad
1566 2425 1880 2481 vindictam
1914 2440 2027 2480 ma-

387 2515 729 2572 lefactorum
755 2515 991 2586 optimis
1013 2517 1348 2584 utebantur,
1385 2515 1629 2571 etmulta
1656 2513 1816 2570 utilia
1851 2517 2026 2584 atque

389 2604 708 2660 secundum
737 2603 923 2674 legem
954 2609 1178 2660 naturae
1203 2604 1446 2661 honesta
1472 2604 1526 2658 in
1571 2619 1790 2659 morum
1837 2602 2029 2673 probi-

390 2697 508 2748 tate
540 2691 889 2748 studuerunt
921 2693 1156 2762 habere,
1181 2708 1307 2763 qua:
1330 2693 1414 2749 eis
1439 2693 1509 2748 ad
1561 2706 1756 2747 veram
1784 2691 2028 2747 beatitu-

388 2779 580 2836 dinem
614 2781 1051 2852 promerendam
1084 2781 1368 2852 proﬁcere
1421 2781 1772 2852 potuissent,
1801 2781 1847 2836 si
1881 2779 2029 2835 noti-

387 2869 532 2927 cian‘
562 2870 650 2926 sui
682 2871 968 2928 creatoris
983 2871 1284 2927 haberent.
1305 2870 1785 2927 Colueruntenim
1806 2885 1906 2924 eos
1930 2868 2025 2940 qui

388 2963 592 3016 natura
619 2975 729 3015 non
753 2965 922 3016 erant
950 2959 1050 3029 dii,
1093 2959 1456 3029 maximeque
1495 2958 1860 3027 Mercurium,
1932 2957 2024 3014 cui

385 3047 566 3103 certis
597 3047 804 3104 diebus
828 3048 1093 3105 humanis
1117 3062 1347 3118 quoque
1377 3046 2026 3104 hostiislitabant.Dcos

388 3150 525 3192 suos
557 3151 742 3208 neque
768 3135 1002 3208 templis
1043 3135 1342 3192 includere
1371 3151 1559 3206 neque
1609 3134 1708 3191 ulli
1764 3136 2025 3191 humanae

385 3313 648 3370 vinitatis
679 3312 902 3368 licitum
961 3313 1230 3368 arbitrati
1286 3315 1443 3383 sunt,
1489 3313 1651 3368 lucos
1693 3328 1758 3367 ac
1791 3326 2028 3368 nemora

383 3404 800 3458 consecrantes
815 3401 1169 3470 deorumque
1198 3400 1531 3457 nominibus
1545 3399 2031 3472 appellantes,se-

387 3494 611 3547 cretum
637 3487 780 3545 illud
803 3488 927 3545 sola
953 3489 1278 3546 reverentia
1310 3489 1884 3560 contemplabantur.
1923 3491 2034 3545 Au-

388 3577 572 3650 spicia
596 3580 656 3632 et
685 3581 878 3632 sortes
903 3591 1070 3647 quam
1090 3576 1333 3633 maxime
1362 3577 2034 3646 observabant,quarum

385 3665 1010 3722 sortiumconsuetudo
1036 3665 1284 3738 simplex
1315 3665 1705 3734 erat.Virgam
1735 3664 2035 3734 frugifera:

385 3754 580 3811 arbori
597 3753 850 3810 decisam
867 3753 919 3809 in
937 3755 1208 3811 surculos
1231 3755 1860 3826 amputabant,eosque
1882 3753 2040 3810 notis

385 3842 734 3913 quibusdam
755 3842 1045 3900 discretos
1091 3858 1268 3915 super
1310 3841 1623 3899 candidam
1681 3845 1904 3896 vestem
1958 3845 2040 3897 te-

389 3946 545 3990 mere
573 3946 639 3988 ac
659 3931 898 3987 fortuito
921 3933 1293 4002 spargebant.
1319 3932 1446 3986 Mox
1469 3929 1518 3986 si
1540 3928 1775 4001 publica
1808 3929 2042 3986 consul-

387 4020 534 4077 tatio
567 4021 693 4087 fuit,
720 4019 995 4076 sacerdos
1028 4018 1306 4090 populi,si
1341 4017 1587 4089 privata,
1625 4018 1748 4088 ipse
1776 4019 2042 4084 paterfa-

389 4107 604 4178 milias,
669 4112 942 4179 precatus
989 4109 1136 4164 Deos
1179 4107 1501 4177 caelumque
1550 4106 1874 4178 suspiciens
1930 4110 2048 4163 ter-

387 4195 654 4266 singulos
709 4195 866 4267 tulit,
914 4195 1278 4265 sublatisque
1318 4195 1638 4252 secundum
1693 4194 2042 4266 impressam

397 4286 570 4340 antea
610 4288 805 4342 notam
839 4285 1263 4355 interpretatus
1283 4287 1373 4339 est
1403 4301 1418 4350 ;
1444 4283 1569 4339 etsi
1596 4283 2040 4355 prohibuerunt,

393 4371 551 4429 nulla
581 4372 652 4431 de
683 4375 884 4431 eadem
911 4386 972 4428 re
997 4373 1122 4442 ipsa
1155 4371 1249 4427 die
1272 4371 1638 4428 consultatio
1659 4376 1808 4436 erat;
1842 4373 1889 4428 si
1920 4387 2045 4444 per-

395 4460 628 4518 missum
679 4465 792 4532 est,
844 4464 1157 4517 eventuum
1216 4460 1405 4517 adhuc
1461 4460 1601 4518 ﬁdes
1665 4461 2038 4530 exigebatur.

2140 1901 2263 1957 ﬁeri
2280 1917 2390 1957 non
2411 1903 2738 1958 cessabant.
2758 1902 2982 1969 Quibus
2999 1902 3140 1960 adeo
3159 1903 3360 1960 Franci
3383 1907 3519 1959 sunt
3537 1902 3790 1970 irritati,

2140 1995 2199 2045 ut
2233 2004 2341 2044 non
2369 1991 2483 2061 jam
2532 1989 2992 2048 vicissitudinem
3041 1989 3313 2061 reddere,
3375 1990 3480 2046 sed
3513 1995 3795 2061 apertum

2138 2082 2341 2133 contra
2364 2093 2465 2135 eos
2491 2078 2886 2134 deliberarent
2925 2077 3137 2135 bellum
3167 2078 3524 2151 ,susciperc.
3581 2080 3798 2137 Susce-

2141 2169 2298 2237 ptum
2319 2166 2612 2236 estigitur
2664 2172 2865 2222 contra
2918 2182 3020 2223 eos
3078 2166 3314 2236 bellum,
3370 2167 3526 2238 quod
3582 2182 3795 2238 magna

2139 2257 2518 2326 utrorumque
2575 2256 2966 2324 animositate,
2995 2255 3212 2326 majore
3261 2261 3452 2312 tamen
3495 2257 3796 2312 Saxonum

2138 2342 2366 2412 damno,
2395 2359 2496 2416 per
2523 2344 2833 2400 continuos
2857 2348 2925 2400 3O
2955 2359 3136 2400 annos
3157 2345 3492 2414 gerebatur.
3535 2345 3793 2400 Poterat

2140 2431 2425 2502 siquidem
2457 2433 2633 2488 citius
2649 2433 2818 2502 ﬁniri,
2852 2433 3204 2490 siSaxonum
3231 2433 3471 2505 perﬁdia
3490 2433 3597 2489 hoc
3627 2437 3795 2504 pate-

2139 2527 2320 2577 retur.
2340 2520 2805 2592 Diﬁlcilequippe
2821 2521 2980 2577 dictu
2996 2527 3104 2592 est,
3148 2521 3420 2592 quotiens
3435 2521 3698 2591 superati
3714 2535 3790 2576 ac

2137 2609 2432 2680 supplices
2451 2609 2713 2679 regisese
2728 2609 3034 2678 dederunt,
3055 2610 3336 2680 imperata
3373 2610 3639 2666 facturos
3667 2609 3799 2680 pol-

2140 2697 2286 2755 liciti
2320 2703 2476 2767 sunt,
2500 2697 2735 2754 obsides
2759 2699 2854 2769 qui
2901 2699 3341 2770 imperabantur
3395 2697 3621 2768 absque
3645 2697 3796 2754 dila-

2140 2788 2295 2844 tione
2327 2787 2634 2857 dcderunt,
2661 2786 2884 2857 legatos
2928 2787 3023 2858 qui
3095 2787 3482 2844 mittebantur
3510 2801 3801 2854 suscepe-

2139 2875 2748 2946 runt,aliquotiensita
2771 2875 2976 2931 domiti
2997 2879 3053 2930 et
3077 2873 3346 2943 emolliti,
3365 2879 3430 2930 ut
3469 2879 3647 2930 etiam
3661 2875 3800 2931 cul-

2138 2965 2258 3017 tum
2283 2961 2604 3018 daemonum
2638 2961 3004 3017 dimittereet
3033 2960 3378 3017 Christianae
3419 2959 3696 3030 religioni
3725 2975 3799 3017 se

2138 3050 2390 3106 subdere
2405 3049 2552 3106 velle
2579 3049 3008 3120 promitterent;
3025 3050 3126 3106 sed
3152 3049 3302 3106 sicut
3330 3048 3398 3104 ad
3425 3049 3549 3106 haec
3573 3049 3770 3106 facien
3789 3069 3810 3079 ·

388 3150 525 3192 suos
557 3151 742 3208 neque
768 3136 1002 3208 templis
1043 3136 1342 3192 includere
1371 3151 1559 3206 neque
1609 3136 1708 3191 ulli
1764 3136 2025 3191 humanae
2088 3191 2103 3214 ,
2139 3139 2207 3193 da
2228 3137 2582 3210 aliquotiens
2615 3137 2895 3208 proni,sic
2914 3136 3200 3193 adeadem
3223 3137 3617 3208 pervertenda
3637 3151 3799 3194 sem-

388 3225 607 3296 speciei
641 3225 965 3281 assimilare
999 3240 1102 3295 pro
1127 3224 1523 3294 magnitudine
1554 3228 1610 3281 et
1645 3223 2028 3294 dignitatedi-
2059 3193 2106 3248 (‘
2142 3241 2243 3296 per
2277 3227 2438 3282 fuere
2484 3225 2820 3296 precipites;
2865 3240 2972 3281 nec
3036 3223 3202 3281 facile
3251 3227 3342 3280 est
3385 3225 3690 3293 estimare,
3716 3224 3795 3280 ad

2142 3241 2243 3298 per
2277 3227 2438 3282 fuere
2484 3225 2820 3296 precipites;
2865 3240 2972 3281 nec
3036 3223 3202 3281 facile
3251 3227 3342 3280 est
3385 3225 3690 3293 estimare,
3716 3224 3795 3280 ad

2141 3321 2334 3372 utrum
2360 3314 2560 3370 horum
2588 3313 2878 3370 faciliores
2903 3313 3020 3370 dici
3052 3313 3248 3370 verius
3267 3312 3794 3384 possint.Frondo-

2144 3403 2222 3460 sis
2235 3401 2938 3472 arboribusfontibusque
2953 3401 3386 3457 venerationem
3402 3399 3772 3458 exhibebant
3787 3445 3802 3470 ,

2147 3495 2417 3546 truncum
2433 3505 2664 3561 quoque
2681 3489 2819 3559 ligni
2843 3503 2951 3546 non
2971 3493 3163 3560 parvae
3185 3487 3610 3558 magnitudinis
3631 3489 3692 3544 in
3717 3489 3798 3545 al-

2147 3583 2266 3635 tum
2293 3582 2553 3634 erectum
2573 3579 2682 3635 sub
2704 3577 2837 3634 divo
2855 3576 3340 3648 colebant,patria
3356 3591 3489 3634 eum
3505 3575 3710 3648 lingua
3727 3578 3804 3633 Ir-

2150 3665 2358 3722 minsul
2387 3665 2771 3738 appellantes,
2798 3666 2950 3738 quod
2969 3665 3167 3722 Latine
3199 3665 3418 3722 dicitur
3441 3663 3803 3723 universalis

2149 3755 2438 3824 columna,
2474 3755 2637 3825 quasi
2666 3755 2966 3811 sustinens
2995 3753 3202 3811 omnia.

2223 3843 2812 3915 (Elau.VitaKar.c.
2847 3847 2924 3914 1.)
2955 3843 3138 3913 Igitur
3192 3841 3468 3900 defuncto
3525 3841 3800 3914 Pippino,

2153 3931 2272 4003 qui,
2337 3931 2806 4000 llildericorege,
2842 3931 2896 3986 in
2939 3946 3053 4002 quo
3087 3930 3536 4000 Merivingorum
3572 3929 3800 3987 ﬁnitum

2153 4019 2594 4090 estimperium,
2651 4019 2918 4090 deposito
2950 4018 3085 4076 etin
3109 4019 3528 4076 monasterium
3603 4019 3799 4090 misso,

2159 4108 2379 4181 primus
2403 4123 2474 4164 ex
2502 4108 2758 4180 prefecto
2790 4107 2936 4164 aulae
2956 4121 3059 4180 per
3081 4108 3492 4164 auctoritatem
3505 4107 3801 4164 Zachariae

2157 4195 2393 4252 Romani
2445 4195 2738 4268 pontiﬁcis
2780 4194 3168 4252 monarchiam
3229 4195 3390 4266 regni
3442 4195 3801 4252 Francorum

2158 4286 2317 4343 solus
2336 4285 2611 4356 obtinuit,
2631 4283 2875 4342 Karolus
2899 4285 3054 4342 ﬁlius
3075 4283 3203 4354 ejus
3227 4284 3650 4356 successit,qui
3671 4299 3802 4342 con-

2160 4379 2246 4430 tra
2279 4377 2536 4431 Saxones
2557 4375 2792 4444 bellum,
2819 4373 2973 4446 quod
3000 4375 3164 4445 quasi
3183 4373 3590 4430 intermissum
3617 4371 3802 4446 patris

2156 4464 2283 4535 ejus
2307 4468 2493 4520 morte
2507 4463 2834 4532 videbatur,
2862 4461 3134 4533 repetivit
3155 4460 3253 4532 (cf.
3287 4476 3514 4534 supra.,
3543 4476 3597 4518 a.
3652 4462 3800 4530 758.)

396 4549 597 4607 Avium
615 4549 1151 4621 voccsvolatusque
1173 4549 1874 4622 interrogare,proprium
1907 4564 2042 4620 gen-
2072 4543 2126 4606 D
2157 4553 2602 4621 (E<Emu.Ann.
2637 4555 2693 4606 et
2743 4551 2978 4608 Transl.
3011 4551 3078 4608 S.
3114 4551 3236 4621 Al.)
3269 4551 3442 4606 Pater
3497 4550 3660 4606 enim
3682 4550 3800 4619 ejus

395 4637 651 4696 tisillius
672 4643 798 4696 erat
826 4653 1136 4709 ;equorum
1179 4652 1408 4708 quoque
1442 4638 1705 4710 presagia
1761 4653 1825 4694 ac
1852 4643 2042 4696 motus

393 4727 1044 4799 experirihinnitusque
1065 4739 1132 4782 ac
1159 4726 1422 4782 fremitus
1445 4728 1910 4796 obscrvare,nec
1936 4727 2038 4784 ulli

397 4815 658 4888 auspicio
686 4814 868 4884 major
889 4813 1034 4871 ﬁdes
1060 4814 1472 4884 adhibebatur,
1531 4829 1640 4870 non
1677 4814 1867 4870 solum
1887 4816 2041 4886 apud

400 4904 648 4978 plebem,
672 4904 774 4960 sed
807 4903 982 4960 etiam
1012 4904 1164 4976 apud
1196 4918 1490 4975 proceres.
1512 4905 1650 4959 Erat
1683 4908 1744 4959 et
1779 4902 1889 4958 alia
1945 4905 2044 4960 ob-

402 4992 660 5050 servatio
673 4991 1209 5064 auspiciorum,quo
1222 4991 1493 5049 solebant
1515 4996 1765 5048 eventus
1782 4993 2043 5063 gravium

402 5081 716 5152 explorare
747 5080 1055 5146 bellorum;
1088 5080 1216 5150 ejus
1249 5079 1474 5136 scilicet
1533 5080 1744 5151 gentis,
1770 5095 1900 5136 cum
1933 5095 2044 5151 qua

405 5167 740 5225 bellandum
757 5168 883 5238 fuit,
899 5168 1192 5241 captivum
1209 5183 1443 5240 quoquo
1467 5167 1636 5224 modo
1656 5168 2046 5242 interceptum

405 5255 741 5313 cumelecto
753 5255 1118 5329 popularium
1140 5271 1378 5314 suorum
1400 5255 1610 5328 patriis
1633 5271 1920 5328 quemque
1962 5270 2051 5312 ar-

408 5343 978 5414 miscommiltere,et
993 5344 1296 5402 victoriam
1315 5343 1489 5416 hujus
1505 5343 1594 5400 vel
1613 5344 1774 5402 illius
1791 5345 1844 5400 in
1865 5345 2053 5416 previ-

407 5429 604 5487 dentia
635 5429 1184 5499 habere.Quomodo
1202 5435 1395 5488 autem
1414 5432 1599 5490 certis
1651 5432 1880 5504 diebus,
1919 5449 2050 5490 cum

409 5521 507 5574 aut
538 5516 676 5573 luna
707 5517 1013 5577 inchoatur
1034 5525 1133 5578 aut
1166 5519 1462 5590 impletur,
1485 5521 1726 5590 agendis
1759 5523 1937 5578 rebus
1957 5538 2060 5578 au-

415 5602 869 5674 spicatissimum
903 5605 1134 5662 inicium
1161 5607 1544 5674 crediderint,
1571 5613 1631 5663 et
1660 5607 1773 5664 alia
1804 5609 2060 5666 innume-

2155 4641 2319 4714 prius
2350 4655 2450 4697 eos
2477 4644 2785 4711 superatos
2816 4644 3209 4695 trecentorum
3227 4653 3514 4709 equorum
3549 4653 3658 4710 per
3693 4637 3803 4694 sin-

2153 4729 2323 4800 gulos
2345 4744 2528 4786 annos
2558 4729 2783 4785 tributo
2814 4728 3100 4784 multavit.
3136 4729 3270 4784 Post
3287 4733 3635 4785 renovatum
3676 4740 3798 4784 cum

2152 4818 2236 4874 eis
2257 4833 2287 4874 a
2321 4815 2530 4874 Karolo
2562 4816 2778 4873 bellum
2796 4816 2893 4873 vix
2925 4815 3077 4871 ullus
3091 4819 3333 4872 exactus
3362 4819 3453 4871 est
3477 4829 3670 4871 annus
3693 4827 3798 4886 quo

2155 4921 2265 4963 non
2298 4907 2369 4962 ab
2391 4905 2476 4962 eis
2525 4905 2674 4962 facta
2707 4905 2781 4961 sit
2815 4904 2968 4976 pacti
3003 4902 3354 4975 permutatio
3387 4921 3402 4970 ;
3437 4903 3545 4959 sed
3578 4915 3800 4972 magna-

2157 4995 2386 5051 nimitas
2409 4994 2564 5064 regis
2584 5007 2650 5050 ac
2685 4996 2964 5065 perpetua
2993 4995 3110 5046 tam
3133 4991 3188 5046 in
3246 4989 3512 5072 adversis
3543 5005 3718 5062 quam
3748 4989 3797 5043 in

2158 5083 2455 5156 prosperis
2477 5080 2808 5138 constantia
2830 5080 3041 5138 mentis
3058 5078 3211 5136 nulla
3227 5093 3428 5135 eorum
3444 5077 3800 5134 mutabilita-

2159 5178 2217 5227 te
2236 5169 2326 5226 vel
2351 5169 2500 5226 vinci
2521 5172 2752 5240 poterat
2793 5166 2970 5223 vclab
2990 5167 3080 5222 his
3112 5165 3421 5236 defatigari
3465 5179 3598 5236 quae
3633 5178 3800 5233 agere

2160 5257 2599 5330 coeperat.Nam
2629 5269 2920 5327 nunquam
2951 5270 3052 5312 eos
3108 5251 3516 5324 hujuscemodi
3583 5250 3798 5322 aliquid

2165 5349 2574 5418 perpetrantes
2603 5344 2834 5417 impune
2860 5344 3012 5400 ferre
3035 5357 3243 5415 passus
3273 5339 3534 5416 est,quin
3567 5339 3799 5410 autipse

2166 5449 2270 5508 per
2297 5449 2360 5490 se
2390 5435 2568 5490 ducto
2597 5437 2696 5490 aut
2733 5447 2834 5504 per
2853 5431 3099 5489 comites
3116 5445 3258 5488 suos
3316 5428 3498 5486 misso
3529 5427 3796 5485 exercitu

2169 5521 2466 5594 perﬁdiam
2499 5535 2700 5578 eorum
2724 5518 3112 5576 ulcisceretur
3132 5523 3193 5574 et
3245 5515 3594 5586 condignam
3629 5515 3702 5570 ab
3721 5512 3799 5570 eis

2174 5623 2397 5682 poenam
2418 5609 2701 5679 exigeret,
2725 5621 2912 5677 usque
2934 5606 3092 5675 dum,
3107 5605 3375 5662 omnibus
3407 5603 3506 5674 qui
3529 5603 3800 5660 resistere
