3952 6312
113 364 243 433 898

1002 363 1442 429 CHRONICA.
1476 400 1556 413 —-
1584 364 2055 430 CHRONICON
2105 368 2654 436 UNIVERSALE.

3411 376 3528 442 894

104 501 389 564 solebant
412 499 742 573 proﬂigatis
764 504 822 556 et
857 497 914 557 in
931 504 1461 571 suampotestatem
1488 498 1767 570 redactis,
1802 516 1857 575 Α
1891 501 2171 559 desolata:
2206 509 2517 562 testantur.
2553 507 2617 561 Ili
2650 506 2824 564 etiam
2858 522 2888 564 a
2930 508 3271 568 Dalmantiis
3300 511 3525 569 evocati

108 592 321 649 decem
355 590 512 647 milia
563 591 858 647 hominum
905 606 977 646 ex
1025 592 1117 646 his
1148 590 1242 661 qui
1278 595 1553 659 utrasque
1614 589 1771 660 ripas

111 680 305 739 Albiae
322 678 578 736 fluminis
602 680 956 749 incolebant,
984 696 1109 737 cum
1129 679 1411 736 uxoribus
1431 684 1489 734 et
1512 678 1772 749 parvulis

114 769 434 826 transtulit
466 773 521 825 et
547 770 654 826 huc
685 773 861 839 atque
886 769 1022 825 illuc
1058 784 1160 840 per
1183 768 1421 823 Galliam
1454 772 1510 822 et
1545 767 1775 822 Germa-

110 859 270 916 niam
308 858 651 916 multimoda
698 858 987 914 divisione
1039 857 1371 923 distribuit;
1403 860 1771 925 tractumque

111 963 218 1021 per
244 952 337 1003 tot
361 963 546 1004 annos
563 948 777 1003 bellum
802 961 867 1003 ea
884 946 1219 1002 conditione
1246 948 1475 1001 constat
1502 959 1628 999 esse
1651 942 1772 997 fini-

111 1041 261 1101 tum,
299 1040 383 1106 ut,
418 1036 647 1105 ahjecto
684 1036 1007 1092 daemonum
1042 1034 1222 1101 cultu,
1261 1032 1604 1089 Christiana;
1642 1030 1772 1085 reli-

108 1124 313 1195 gionis
337 1130 700 1180 sacramenta
721 1123 1110 1193 susciperent.
1143 1121 1305 1187 Quod
1332 1126 1387 1175 et
1418 1122 1631 1174 factum
1656 1124 1765 1173 est.

110 1215 388 1273 Witikint
416 1227 667 1282 quoque,
690 1212 787 1281 qui
817 1212 967 1266 inter
982 1226 1081 1267 eos
1096 1216 1153 1265 et
1172 1210 1440 1265 claritate
1465 1207 1698 1276 generis
1713 1210 1771 1261 et

109 1320 294 1378 opum
325 1300 707 1373 amplitudine
730 1300 1041 1369 eminebat,
1064 1304 1119 1353 et
1153 1299 1246 1369 qui
1272 1297 1529 1368 perfidia;
1568 1310 1770 1351 eorum

113 1400 330 1452 auctor
360 1396 421 1448 et
446 1390 713 1445 incentor
744 1388 1073 1444 indefessus
1102 1393 1250 1455 erat,
1278 1388 1346 1441 ad
1381 1386 1550 1440 fidem
1580 1383 1769 1438 Karoli

110 1488 327 1556 sponte
352 1480 616 1547 veniens,
644 1478 793 1548 apud
819 1477 1111 1532 Tiniacum
1141 1476 1473 1545 baptizatus
1501 1478 1556 1528 et
1579 1488 1607 1527 a
1633 1486 1771 1541 rege

110 1574 188 1628 de
224 1573 387 1627 fonte
415 1572 725 1638 susceptus
755 1571 880 1627 est;
918 1566 1116 1635 sicque
1158 1563 1404 1619 Saxonia
1442 1567 1560 1617 tota
1604 1575 1772 1631 supe-

115 1666 248 1717 rata
273 1663 335 1715 et
368 1657 629 1726 subjecta
681 1661 790 1710 est.
846 1655 1027 1723 llujus
1079 1651 1376 1708 Witikindi
1431 1650 1582 1705 filius
1626 1649 1772 1717 Wig-

116 1752 362 1817 bertus,
389 1745 727 1802 Cbristianze
750 1743 1050 1812 religionis
1073 1741 1269 1797 cultor
1298 1741 1563 1808 devotus,
1593 1738 1770 1793 filium

114 1836 484 1911 procreavit,
512 1848 679 1904 quem
716 1832 1103 1887 Waltbertum
1127 1830 1390 1894 vocavit;
1426 1828 1521 1899 qui
1555 1830 1611 1880 et
1645 1827 1772 1896 ipse
1805 1865 1857 1924 Β

110 1928 185 1983 ab
211 1925 459 1982 infantia
485 1922 810 1991 religiosus,
838 1936 965 1976 cum
999 1921 1187 1975 factus
1218 1924 1376 1974 esset
1400 1918 1505 1987 vir,
1540 1918 1773 1971 Romam

112 2030 296 2073 causa
331 2013 617 2069 orationis
647 2016 703 2067 et
740 2009 1119 2079 reliquiarum
1172 2007 1658 2078 acquirendarum
1698 2009 1779 2057 te-

113 2102 308 2159 tendit
331 2101 444 2169 “3‘,
472 2114 803 2171 corpusque
829 2098 1016 2153 sancti
1055 2096 1384 2163 Alexandri,
1413 2094 1511 2149 filii
1557 2097 1777 2149 sanctze

115 2190 466 2257 Felicitatis,
489 2189 777 2257 integrum
803 2186 1142 2256 accipiensa
1163 2200 1306 2256 papa
1336 2188 1473 2239 tunc
1496 2180 1780 2251 temporis

118 2282 332 2349 Leone,
388 2278 443 2333 in
485 2276 785 2332 Saxoniam
817 2274 1029 2330 detulit
1076 2280 1134 2329 et
1178 2273 1235 2328 in
1267 2272 1399 2328 loco
1434 2271 1529 2342 qui
1563 2270 1782 2325 dicitur

110 2365 669 2436 Wihaltingobuson
704 2363 937 2419 locavit.

186 2459 273 2513 Ex
303 2454 569 2524 ejusdem
604 2452 901 2508 Saxonicze
924 2450 1119 2521 gentis
1145 2450 1337 2521 stirpe
1364 2448 1452 2504 vir
1486 2446 1699 2503 nobilis
1718 2449 1777 2524 et

116 2522 577 2620 permagnificus
607 2547 698 2597 est
727 2555 1025 2610 egressus,
1064 2538 1295 2594 nomine
1341 2536 1646 2603 Luitolfus,
1681 2522 1777 2604 qui

123 2644 183 2692 et
211 2636 340 2707 ipse
364 2632 667 2701 religionis
691 2630 879 2699 gratia
904 2631 1139 2684 Romam
1167 2627 1486 2698 profectus,
1504 2624 1656 2680 beati
1683 2638 1778 2694 pa-

130 2721 555 2796 paalnnocentii
574 2719 853 2789 reliquias
871 2718 1000 2772 inde
1017 2717 1278 2772 adduxit.
1303 2718 1467 2787 (Win,
1485 2731 1521 2778 ι,
1540 2713 1771 2782 thqq.)

131 2814 234 2871 Hic
270 2810 477 2868 habuit
515 2809 664 2864 filios
687 2807 851 2877 duos,
878 2809 1202 2862 Prunonem
1227 2810 1285 2860 et
1309 2806 1609 2868 Ottoncm;
1637 2817 1774 2871 quo-

124 2918 254 2959 rum
291 2900 480 2971 major
504 2900 676 2966 Brun,
699 2911 827 2952 cum
865 2894 1044 2950 totius
1074 2894 1336 2949 Saxonize
1361 2893 1631 2949 ducatum
1662 2905 1775 2944 am-

131 2990 555 3055 ministrasset,
583 2985 902 3043 exercitum
928 2987 1127 3040 contra
1150 2986 1339 3038 Danos
1367 2982 1552 3052 duxit,
1581 2980 1775 3051 ibique

128 3079 389 3147 occisus,
426 3078 700 3131 ducatum
726 3073 892 3129 fratri
915 3072 1111 3128 Ottoni
1136 3072 1394 3142 reliquit.
1420 3071 1519 3127 llis
1539 3074 1663 3124 erat
1688 3084 1777 3125 so-

128 3184 227 3225 ror
252 3165 485 3223 nomine
506 3164 788 3233 Luitgart,
819 3177 988 3233 quam
1014 3161 1358 3217 Ludewicus
1380 3175 1479 3215 rex
1501 3159 1653 3215 filius
1676 3161 1778 3214 Ar-

126 3257 265 3314 nolfi
294 3252 691 3325 imperatoris,
718 3265 954 3308 uxorem
978 3249 1283 3320 duxit,sed
1305 3263 1417 3304 non
1441 3248 1538 3304 diu
1576 3252 1777 3319 postea
1809 3218 1857 3277 Ο

130 3346 303 3401 vixit.
343 3342 506 3408 Quod
560 3341 683 3396 sine
734 3338 871 3395 filiis
904 3342 1155 3407 mortuo,
1212 3337 1399 3393 omnis
1430 3339 1777 3393 Francorum

133 3436 549 3500 Saxonumque
599 3428 848 3499 populus
878 3426 1063 3484 voluit
1096 3426 1291 3482 Ottoni
1352 3425 1483 3482 duci
1518 3425 1779 3480 diadema

131 3524 440 3594 imponere
492 3518 676 3587 regni.
732 3516 896 3583 Quod
930 3531 1060 3572 cum
1117 3515 1215 3570 ille
1252 3514 1560 3585 quasijam
1618 3512 1780 3568 senio

131 3609 375 3682 gravior
405 3609 731 3676 recusaret,
754 3605 882 3674 ejus
905 3604 1177 3661 consultu
1203 3602 1584 3660 Chuonradus
1616 3603 1786 3656 Fran-

129 3714 340 3758 corum
377 3697 495 3753 dux
521 3695 757 3765 ungitur
780 3694 835 3749 in
860 3709 1076 3764 regem,
1098 3707 1319 3750 summa
1340 3698 1528 3748 tamen
1555 3705 1786 3762 semper

131 3794 195 3845 et
225 3787 447 3857 ubique
509 3784 617 3840 fuit
666 3798 842 3854 penes
902 3783 1189 3838 Ottonem.
1237 3783 1417 3837 Natus
1473 3784 1561 3836 est
1594 3783 1785 3835 autem

132 3876 334 3932 eidem
386 3872 587 3928 Ottoni
633 3871 787 3926 filius
820 3870 1045 3926 nomine
1076 3870 1397 3940 Heinricus,
1434 3870 1530 3939 qui
1566 3868 1787 3939 primus

134 3964 328 4020 libera
378 3963 670 4032 potestate
703 3959 969 4029 regnavit
1004 3959 1061 4013 in
1110 3959 1377 4014 Saxonis.
1430 3957 1536 4024 Qui
1570 3972 1698 4012 eum
1732 3956 1787 4011 in

136 4052 403 4125 primeva
431 4054 607 4105 aetate
638 4048 789 4103 omni
839 4047 1123 4103 virtutum
1174 4061 1390 4116 genere
1418 4047 1596 4102 vitam
1628 4059 1789 4101 suam

135 4142 487 4208 cxornaret,
505 4138 672 4210 pater
685 4136 811 4205 ejus
832 4135 1036 4192 videns
1070 4136 1438 4207 prudentiam
1456 4133 1792 4191 adolescen-

138 4225 568 4300 tis,reliquitei
592 4224 915 4281 exercitum
947 4224 1793 4293 adversusDalmantiam,con-

139 4315 564 4388 traquamipse
597 4313 696 4371 diu
712 4312 1001 4369 militavit.
1038 4312 1497 4370 Dalmantiivero
1515 4313 1793 4384 impetum

140 4404 315 4461 illius
338 4404 489 4459 ferre
504 4417 618 4459 non
641 4401 1347 4473 valentes,couduxerunt
1368 4402 1651 4459 adversus
1664 4415 1794 4456 eum

142 4497 397 4563 Avares,
420 4507 566 4563 quos
587 4492 758 4548 modo
790 4506 1064 4548 vocamus
1101 4490 1403 4561 Ungarios,
1431 4491 1549 4563 qui,
1582 4495 1646 4547 ut
1674 4489 1798 4561 qui-

1893 606 2154 659 magnam
2187 592 2409 649 cladem
2462 596 2515 651 in
2550 596 2789 653 Saxonia
2827 598 3109 667 fecerunt,
3173 598 3529 671 multamque

1885 680 2122 751 predum
2160 682 2547 740 abduxerunt.

1954 768 2139 837 Igitur
2165 776 2333 841 pater
2357 770 2445 805 1³³⁸
2472 774 2673 844 patriae
2706 790 3066 847 magnusque
3106 777 3223 834 dux
3267 778 3404 834 Otto
3433 778 3529 835 de-

1886 857 2142 927 functus,
2178 858 2395 916 illustri
2426 868 2480 917 et
2515 863 2817 932 magnifico
2855 865 2970 921 filio
3002 881 3109 922 suo
3142 867 3411 923 Heinrico
3446 872 3531 924 to-

1882 945 2001 1000 tius
2026 945 2284 1004 Saxoniaa
2310 949 2584 1006 ducatum
2611 951 2867 1022 reliquit.
2887 954 3001 1009 Rex
3023 970 3214 1010 autem
3239 956 3529 1013 Chuonra-

1885 1031 2012 1102 dus,
2032 1050 2161 1091 Clllll
2188 1052 2324 1107 sepe
2350 1045 2633 1109 expertus
2653 1041 2859 1098 fuisset
2886 1043 3165 1099 virtutem
3188 1044 3319 1099 novi
3339 1045 3523 1114 ducis,

1883 1121 2107 1176 veritus
2128 1127 2213 1178 est
2236 1124 2286 1178 ei
2305 1127 2674 1183 committere
2699 1145 2921 1184 onmem
2949 1134 3302 1200 potestatem
3320 1132 3522 1201 patris.

1883 1207 2006 1273 Quo
2042 1209 2251 1265 factum
2285 1218 2373 1267 est
2407 1218 2470 1269 ut
2526 1216 2897 1272 offensionem
2958 1217 3286 1273 incurreret
3347 1219 3529 1275 totius

1882 1298 2179 1352 exercitus
2213 1301 2498 1358 Saxonici.
2538 1306 2789 1369 Quorum
2824 1307 3048 1363 vultum
3076 1323 3213 1376 erga
3245 1322 3307 1363 se
3336 1312 3529 1363 auste-

1885 1385 2094 1440 riorem
2121 1402 2219 1441 rex
2246 1404 2508 1459 cernens,
2536 1407 2639 1448 nec
2662 1394 2864 1450 ducem
2889 1412 3088 1452 eorum
3117 1396 3349 1467 publico
3376 1396 3528 1451 bello

1884 1489 1945 1529 se
1972 1490 2139 1544 posse
2163 1484 2470 1536 conterere
2495 1496 2596 1551 pre
2625 1483 2920 1538 innumera
2946 1486 3243 1540 exercitus
3268 1484 3531 1540 multitu-

1883 1562 2015 1617 dine
2040 1566 2429 1635 perpendens,
2446 1570 2562 1637 egit
2584 1576 2642 1625 ut
2662 1586 2895 1641 quoque
2912 1573 3530 1629 modointerﬁceretur

1884 1649 2037 1721 dolo,
2073 1654 2142 1707 ad
2178 1653 2281 1709 hoc
2317 1656 2553 1723 habens,
2592 1664 2651 1713 ut
2705 1661 2908 1731 fertur,
2964 1662 3207 1717 maxime
3259 1660 3527 1717 idoneum

1885 1739 3009 1817 Mogontimesedis1.!pisc0pum,nomine
3028 1750 3530 1819 lIattonem,cujus

1886 1828 2130 1885 consilio
2155 1835 2209 1885 et
2230 1832 2583 1890 Adelhertus
2604 1837 2671 1890 Ba
2685 1837 3101 1905 bcnbergensis
3119 1838 3401 1909 deceptus
3416 1842 3523 1893 est.

1888 1916 1988 1971 ilic
2022 1919 2346 1988 predictum
2376 1922 2578 1979 ducem
2614 1941 2887 1993 agressus
2918 1927 3071 1993 dolo,
3109 1928 3243 1982 fecit
3273 1928 3324 1982 ei
3358 1926 3530 1981 fabri-

1888 2006 2007 2061 cari
2034 2012 3157 2078 torquemauream.etinvitavitcuinad
3177 2015 3525 2083 convivium,

1891 2107 2003 2162 quo
2036 2097 2259 2165 magnis
2289 2099 2359 2152 ab
2388 2116 2457 2154 eo
2494 2104 2830 2158 muneribus
2863 2104 3269 2159 honoraretur.
3302 2104 3528 2159 interea

1890 2184 2151 2251 pontifex
2172 2189 2578 2246 considerandi
2596 2193 2791 2262 operis
2812 2193 2998 2261 gratia
3026 2193 3322 2260 ingressus
3347 2191 3417 2246 ad
3434 2206 3532 2245 au-

1890 2269 2129 2341 rificem,
2157 2276 2400 2346 visaque
2427 2283 2652 2349 torque,
2684 2281 3251 2350 ferturingemuisse.
3272 2278 3531 2335 Gemitus

1890 2373 2121 2416 causam
2146 2378 2274 2420 eum
2306 2368 2528 2423 aurifex
2550 2370 2920 2439 requisisset,
2950 2370 3247 2441 res'pondit
3274 2368 3405 2438 quia
3436 2382 3534 2436 op-

1887 2447 2013 2502 timi
2049 2451 2273 2522 sibique
2301 2457 2588 2512 carissimi
2627 2458 2756 2527 viri,
2791 2458 3011 2515 scilicet
3052 2457 3301 2515 lleinriei
3345 2455 3531 2524 ducis,

1889 2539 2169 2605 sanfs'uiue
2199 2544 2442 2613 torques
2474 2545 2570 2600 illa
2604 2546 2843 2602 deberet
2872 2548 3140 2617 intingui.
3173 2545 3409 2602 Aurifex
3438 2559 3535 2598 au-

1887 2623 2005 2680 dita
2031 2628 2263 2685 silentio
2288 2634 2453 2702 texit,
2472 2639 2529 2688 et
2552 2650 2730 2704 opere
2756 2636 3018 2705 perfecto
3043 2652 3108 2690 ac
3134 2635 3381 2701 reddito,
3403 2631 3537 2686 mis-

1885 2712 2103 2770 sionem
2138 2720 2306 2788 petiit
2338 2726 2397 2777 et
2430 2723 2690 2792 accepit;
2725 2724 3082 2793 obviansque
3108 2725 3239 2780 duci
3273 2723 3433 2779 eunti
3460 2719 3530 2776 ad

1884 2818 1947 2859 ea
1980 2808 2231 2875 negotia,
2262 2810 2535 2866 indicavit
2561 2812 2611 2867 ei
2644 2828 2771 2881 qum
2796 2812 3037 2868 audivit.
3067 2815 3197 2883 Ipse
3223 2818 3417 2869 autem
3445 2828 3536 2868 ve-

1884 2893 2184 2951 hementer
2219 2898 2401 2955 iratus
2434 2904 2600 2955 vocat
2636 2899 2890 2969 legatum
2928 2902 3258 2971 pontificis,
3297 2900 3392 2971 qui
3418 2901 3535 2970 jam

1886 2983 2110 3054 pridem
2143 2985 2342 3043 aderat
2375 2988 2656 3044 invitandi
2687 3003 2817 3045 eum
2847 2989 3057 3059 gratia,
3094 2994 3152 3045 et
3178 2991 3256 3045 ait
3295 3009 3306 3043 :
3354 2989 3530 3059 Vade,

1887 3072 1983 3129 die
1997 3073 2270 3145 Hattom‘,
2288 3077 2435 3147 quia
2450 3078 2665 3134 durius
2687 3078 2901 3135 collum
2916 3078 3539 3151 nongeritHeinricus

1887 3163 2449 3234 quamAaelbertas,
2468 3166 2683 3235 etquia
2696 3165 2913 3223 melius
2927 3168 3053 3223 rati
3064 3180 3269 3223 sumus
3282 3165 3441 3223 domi
3453 3180 3538 3222 se-

1889 3249 2023 3305 dere
2052 3250 2112 3306 et
2136 3252 2205 3307 de
2235 3254 2363 3323 ejus
2391 3256 2645 3311 servicz‘o
2705 3256 2985 3323 tractare,
3017 3270 3200 3326 quam
3225 3254 3539 3311 comitatus

1890 3340 2083 3396 nostri
2104 3342 2491 3399 multitudine
2509 3356 2635 3398 eum
2653 3357 2930 3415 gravare.
2957 3345 3023 3399 Et
3047 3344 3243 3400 statim
3269 3356 3542 3400 reversus

1894 3428 2084 3483 omnia
2119 3443 2247 3499 qua:
2275 3430 2425 3499 juris
2476 3431 2664 3502 ipsius
2696 3436 2865 3489 erant
2897 3433 2952 3488 in
2987 3432 3139 3489 omni
3174 3432 3416 3488 Saxonia
3450 3430 3538 3489 vel

1892 3516 2199 3586 Thuringia
2249 3519 2590 3590 occupavit;
2628 3520 3023 3577 Burchardum
3056 3536 3285 3592 quoque
3316 3524 3375 3577 et
3410 3521 3544 3576 Baro

1896 3603 2122 3675 donem,
2161 3621 2405 3676 quorum
2438 3607 2588 3665 alter
2619 3623 2799 3677 gener
2852 3610 3010 3679 regis
3042 3614 3189 3679 erat,
3225 3610 3281 3665 in
3313 3612 3539 3665 tantum

1895 3692 2117 3763 afflixit,
2156 3698 2215 3748 ut
2246 3699 2405 3750 terra
2454 3696 2733 3752 cederent
2781 3712 3099 3766 eorumque
3134 3696 3542 3767 possessiones

1900 3770 2021 3852 ipse
2047 3781 2329 3838 militibus
2355 3784 2477 3839 suis
2504 3789 2657 3840 totas
2678 3784 2987 3841 divideret.
3016 3787 3189 3840 flatto
3205 3793 3397 3840 autem
3420 3784 3540 3856 epi-

1898 3885 2113 3941 scopus
2146 3870 2349 3927 videns
2381 3872 2504 3928 suis
2533 3871 2956 3928 calliditatibus
2988 3873 3155 3927 finem
3187 3872 3538 3943 impositum,

1900 3958 2071 4026 nimia
2090 3959 2424 4015 tristiciaac
2442 3961 2641 4017 morbo
2660 3960 2878 4031 pariter
2893 3975 3005 4017 non
3030 3965 3160 4032 post
3181 3960 3392 4016 multos
3416 3959 3543 4017 dies

1899 4048 2225 4118 confectus,
2254 4047 2496 4103 interiit.
2524 4050 2777 4105 Fuerunt
2796 4049 2971 4105 etiam
2992 4050 3088 4120 qui
3109 4049 3390 4119 dicerent,
3409 4048 3540 4118 quia

1904 4134 2139 4191 fulmine
2189 4138 2381 4191 tactus
2425 4137 2670 4208 ejusque
2730 4136 2848 4194 ictu
2883 4137 3226 4208 dissolutus,
3267 4142 3397 4209 post
3427 4143 3545 4193 ter-

1902 4224 2052 4280 eium
2076 4223 2225 4281 diem
2249 4224 2575 4282 defecisset.
2596 4227 2921 4283 Rexautem
2948 4227 3101 4284 misit
3124 4228 3363 4284 fratrem
3379 4240 3545 4283 suum

1904 4313 2301 4370 Eberhardum
2336 4328 2465 4370 cum
2514 4315 2780 4373 exercitu
2814 4316 2885 4373 ad
2918 4316 3335 4374 devastandam
3374 4315 3549 4372 Saxo-

1907 4401 2077 4458 niam.
2114 4401 2220 4467 Qui
2252 4402 2606 4474 appropians
2632 4404 2760 4461 urbi
2786 4419 2914 4475 quae
2947 4405 3167 4463 dicitur
3189 4403 3545 4473 Heresburg,

1908 4492 2178 4561 superbe,
2214 4494 2273 4547 ut
2319 4492 2580 4563 tradunt,
2625 4491 2857 4550 locutus
2890 4497 3001 4564 est,
3056 4491 3208 4564 quod
3240 4491 3399 4548 nulla
3431 4490 3551 4546 sibi

142 4584 284 4641 dam
318 4585 547 4655 putant,
599 4580 861 4652 reliquiae
921 4586 1057 4637 sunt
1112 4583 1430 4650 Hunorum,
1495 4580 1612 4651 qui,
1649 4584 1713 4636 ut
1741 4579 1796 4633 in
1828 4574 1880 4633 D
1910 4594 2049 4635 cura
2076 4579 2254 4649 major
2278 4584 2456 4649 esset,
2479 4596 2649 4651 quam
2682 4582 2838 4652 quod
2868 4584 3123 4638 Saxones
3142 4596 3246 4651 pro
3273 4578 3453 4635 muris
3487 4592 3549 4635 se

144 4672 469 4729 Gothorum
500 4670 719 4741 legitur
742 4670 1021 4741 hysteria,
1053 4670 1277 4740 egressi
1311 4685 1338 4725 a
1366 4669 1587 4738 Gothis,
1617 4668 1797 4725 multa

149 4760 305 4817 mala
336 4760 663 4816 inferebant
692 4760 967 4828 gentibus
1002 4758 1285 4828 finitimis,
1328 4773 1472 4828 quos
1506 4761 1800 4829 postremo

147 4848 506 4907 Pannoniam
566 4847 960 4904 inhabitantes
991 4847 1240 4904 Karolus
1287 4847 1526 4917 Magnus
1559 4845 1797 4915 devicit,

150 4942 237 5007 et,
275 4940 336 4991 ut
371 4935 611 5005 dicitur,
643 4950 673 4991 a
722 4941 1003 4992 consueta
1034 4941 1296 5006 gentium
1349 4933 1802 5006 depopulatione

153 5026 379 5097 ingenti
399 5023 552 5081 vallo
566 5024 986 5081 circumclusos
1011 5023 1510 5095 probibuit,~quod
1533 5038 1679 5093 opus
1703 5024 1804 5077 Ar-

156 5113 354 5172 nolfus
385 5113 703 5184 imperator
734 5112 1049 5183 destruxit,
1082 5126 1300 5183 eosque
1325 5117 1526 5167 contra
1560 5112 1805 5167 Zuente-

149 5200 400 5258 Voldum
417 5201 844 5257 Maravarorum
862 5215 1055 5270 regem
1073 5200 1127 5255 in
1150 5198 1429 5257 auxilium
1445 5198 1555 5254 sibi
1577 5198 1800 5254 eduxit.

157 5289 266 5358 Qui
287 5288 499 5346 deinde
528 5292 801 5359 quantam
843 5293 1095 5357 stragem
1121 5291 1511 5359 quantamque
1537 5286 1805 5356 injuriam

157 5380 513 5435 Francorum
539 5390 717 5445 regno
731 5376 994 5444 fecerint,
1026 5378 1198 5433 urbes
1226 5391 1292 5432 ac
1320 5375 1586 5445 regiones
1619 5375 1808 5431 adhuc

1910 4669 2220 4724 ostendere
2253 4683 2363 4723 non
2390 4670 2693 4738 auderent,
2731 4685 2843 4740 quo
2874 4685 3002 4725 cum
3032 4669 3117 4724 eis
3141 4668 3419 4724 dimicare
3460 4681 3555 4737 po-

1914 4758 2140 4813 tuisset.
2161 4756 2362 4813 Adhuc
2385 4772 2572 4813 sermo
2597 4758 2649 4812 in
2673 4772 2773 4813 ore
2798 4756 2955 4814 illius
2976 4761 3123 4825 erat,
3140 4760 3198 4811 et
3222 4770 3360 4813 ecce
3386 4756 3557 4811 Saxo-

1910 4859 2014 4900 nes
2047 4845 2100 4900 ei
2129 4848 2515 4901 occurrerunt
2549 4843 2796 4900 miliario
2830 4859 2942 4900 uno
2983 4846 3055 4900 ab
3089 4844 3260 4909 urbe;
3294 4843 3557 4914 initoque

1913 4932 2253 5003 certamine,
2275 4938 2434 4989 tanta
2449 4932 2589 4989 cede
2614 4932 2813 4988 Franci
2839 4929 3066 4988 multati
3082 4936 3215 4988 sunt
3235 4935 3298 4988 ut
3319 4946 3350 4989 a
3366 4931 3556 4987 mimis

1914 5020 2361 5092 declamaretur,
2398 5021 2493 5077 ubi
2537 5026 2735 5077 tantus
2790 5019 2888 5076 ille
2920 5020 3183 5078 infernus
3240 5025 3423 5092 esset,
3458 5024 3553 5092 qui

1917 5113 2135 5166 tantam
2167 5123 2447 5165 caesorum
2483 5108 2914 5166 multitudinem
2937 5123 3150 5179 capere
3172 5114 3391 5182 posset.
3428 5111 3561 5167 Fra-

1918 5203 2009 5253 ter
2028 5201 2219 5253 autem
2252 5197 2405 5266 regis
2438 5212 2467 5253 a
2510 5197 2720 5255 timore
2775 5198 3055 5256 absentiae
3087 5200 3371 5256 Saxonum
3422 5199 3563 5256 libe-

1918 5290 2082 5343 ratus
2100 5288 2213 5353 est,
2241 5284 2371 5356 quia
2396 5300 2496 5341 eos
2520 5288 2575 5341 et
2602 5290 2910 5357 prcscntes
2926 5286 3074 5343 vidit
3095 5291 3155 5343 et
3177 5289 3249 5344 ab
3272 5287 3418 5360 ipsis
3445 5292 3565 5343 tur-

1919 5375 2073 5445 piter
2135 5374 2365 5440 f‘ugatus
2398 5372 2686 5429 discessit.
2750 5375 3006 5433 Audiens
3032 5380 3224 5431 autem
3287 5391 3383 5432 rex
3418 5374 3564 5430 male

1515 5500 1750 5553 VARle
1808 5498 2211 5553 LECTlONES.

228 5597 321 5633 ιω
351 5600 503 5653 [tum
534 5596 782 5652 tetendit
817 5598 936 5654 loco
966 5611 1122 5655 raso.

1205 5594 1295 5629 ¹²³⁸
1329 5600 1891 5667 patre—magnoque
1921 5595 2071 5667 duce
2105 5596 2321 5651 Ottone
2351 5593 2645 5665 defuncto,
2680 5595 2911 5653 illuster
2943 5600 2999 5652 et
3035 5597 3376 5667 magnificus
3412 5594 3565 5649 filius

158 5686 301 5732 suus
332 5667 999 5729 Heinricus—ducatum
1031 5664 1368 5739 (suscepit?)
1399 5680 1550 5723 corr.
1586 5666 1654 5722 ut
1682 5664 1905 5722 editam
1935 5665 2025 5722 est
2052 5669 2105 5722 l.
