3952 6342
411 323 529 393 895

1562 309 2044 383 EKKEHARDI
2083 307 2640 378 URAUGIENSIS

3715 315 3859 380 896

421 465 738 540 pugnatum
762 479 790 522 a
817 463 1016 537 fratre,
1041 465 1392 534 congregata
1409 461 1794 520 omnivirtute
1809 463 2052 518 Franco-
2084 465 2133 524 Α
2172 451 2424 509 lacrimis
2457 452 2710 509 omnium
2745 453 3116 510 Francorum.
3155 449 3404 524 (Wmux.
3438 465 3478 523 ι,
3508 465 3562 508 c.
3584 454 3689 522 25,
3717 453 3852 524 26.)

423 569 570 625 rum,
633 555 889 626 perrexit
918 553 987 610 ad
1051 555 1460 626 requirendum
1520 551 1870 610 Heinricum.
1931 551 2053 618 Quo

422 648 725 715 comperto
757 644 811 699 in
867 644 1127 716 presidio
1181 644 1344 700 urbis
1375 659 1501 714 quae
1557 643 1774 698 dicitur
1805 643 2052 710 Gruona,

427 733 733 803 temptavit
749 733 889 790 illud
903 734 1239 805 obpugnare
1263 733 1601 804 presidium.
1625 734 1694 787 Et
1709 731 1877 788 missa
1897 731 2059 802 prius

423 820 712 890 legatione
745 838 849 893 pro
881 828 1197 894 Spontanca
1231 821 1548 888 deditione,
1583 821 1826 892 spondet
1860 835 1922 878 se
1954 835 2058 892 per

424 909 531 966 hoc
548 910 660 966 sibi
674 911 917 968 amicum
935 911 1268 980 affuturum,
1289 926 1402 967 non
1416 912 1640 966 hostem
1656 913 2052 982 experturum.

429 999 573 1055 Huic
598 999 874 1069 legationi
902 1000 1216 1055 intervenit
1239 999 1565 1057 Dietmarus
1591 999 1662 1056 ob
1686 998 2055 1056 orientalium

425 1088 710 1144 Saxonum
728 1089 1008 1160 parte,vir
1023 1089 1344 1160 disciplina)
1364 1089 1629 1145 militaris
1643 1088 2054 1158 peritissimus,

426 1176 624 1233 varius
655 1178 1019 1248 consilioque
1051 1192 1308 1248 magnus,
1339 1181 1396 1235 et
1430 1177 1525 1248 qui
1554 1177 1874 1234 calliditate
1906 1176 2060 1246 inge-

427 1265 545 1321 nita
577 1266 791 1324 multos
841 1268 1115 1324 mortales
1147 1271 1470 1338 superaret.
1508 1267 1610 1322 llic
1641 1267 2058 1337 superveniens

429 1353 637 1423 legatis
681 1355 836 1425 regis
897 1355 1286 1428 prescntibus,
1325 1357 1646 1424 interrogat
1703 1356 1930 1424 (lucem,
1961 1355 2055 1411 ubi

425 1441 602 1498 vellet
618 1444 937 1500 exercitum
956 1445 1178 1500 metari.
1203 1447 1270 1499 At
1287 1444 1503 1510 illejam
1525 1459 1834 1515 persuasus
1851 1443 2060 1500 cedere

429 1531 683 1601 Francis,
711 1533 937 1602 accepit
962 1533 1249 1600 fiduciam,
1275 1533 1515 1588 audiens
1541 1532 1610 1588 de
1632 1532 1914 1602 exercitu,
1939 1547 2062 1589 cre-

426 1619 660 1675 densita
677 1636 806 1678 esse
825 1639 838 1681 :
870 1621 1196 1676 Dietmarus
1212 1637 1346 1677 vero
1363 1621 1494 1678 ficte
1518 1621 1899 1691 loquebatur;
1930 1635 2058 1676 eum

427 1707 680 1778 quinque
703 1709 1267 1765 enimtantmmnodo
1287 1709 1428 1765 viris
1447 1714 1700 1766 venerat.
1719 1711 1796 1764 De
1823 1723 2060 1764 numero

427 1800 616 1850 autem
633 1795 921 1865 legionum
945 1799 1281 1854 sciscitante
1301 1798 1464 1867 duce,
1483 1799 1551 1853 ad
1570 1803 1640 1853 30
1673 1797 2060 1867 ferelegiones

427 1899 485 1938 se
519 1884 844 1956 producere
879 1902 1046 1956 posse
1078 1887 1394 1956 respondit.
1431 1889 1512 1942 Ita
1547 1887 1731 1944 delusi
1768 1886 1940 1955 legati
1974 1901 2062 1941 re-

425 1973 612 2040 gressi
637 1978 773 2028 sunt
799 1975 865 2029 ad
893 1990 1105 2044 regem.
1132 1975 1284 2030 Vicit
1301 1991 1440 2030 vero
1460 1975 1592 2031 illos
1615 1975 1937 2032 calliditate
1959 1989 2058 2031 sua

425 2060 772 2132 Dietmarus,
809 2078 954 2132 quos
983 2064 1107 2135 ipse
1131 2065 1248 2120 dux
1283 2065 1434 2120 ferro
1465 2064 1696 2119 vincere
1729 2079 1836 2120 non
1874 2063 2062 2134 potuit

427 2147 750 2206 Hoinricus.
769 2153 905 2206 Nam
930 2152 1334 2208 antelucanum
1361 2152 1585 2209 relictis
1601 2153 1814 2209 castris
1835 2152 2058 2223 Franci,

427 2237 828 2310 unusquisque
859 2240 1034 2297 rediit
1071 2243 1125 2295 in
1157 2255 1280 2298 sua.

499 2325 754 2395 (lnunpn.
797 2343 856 2397 ιι,
886 2330 1000 2401 20.)
1059 2329 1312 2399 Septimo
1347 2333 1538 2384 autem
1599 2343 1746 2384 anno
1779 2328 1939 2398 regni
1975 2329 2062 2385 sui

429 2413 811 2472 Chuonradus
853 2417 1448 2489 rexegrotarecoepit,
1485 2418 1857 2488 scntiensque
1897 2433 2066 2474 voca-

427 2501 606 2558 tionis
623 2509 990 2576 sumtempus
1021 2506 1240 2577 adesse,
1287 2506 1580 2578 principes
1600 2506 1780 2574 regni,
1817 2511 2066 2577 excepto

429 2589 719 2660 Heinrieo,
737 2595 1102 2664 convocavit,
1121 2600 1294 2652 etcos
1317 2595 1394 2651 ita
1409 2595 1706 2651 convenit:
1735 2595 2067 2652 Vocationis

425 2692 566 2736 mea
597 2685 820 2752 tempus
878 2696 1148 2754 agnosco,
1201 2683 1272 2747 et,
1307 2685 1381 2740 ut
1403 2683 1668 2752 cernitis,
1706 2685 1904 2754 presto
1934 2683 2025 2740 est
2043 2700 2069 2752 ,-

421 2767 678 2840 proinde
716 2785 928 2842 pacem
975 2772 1465 2843 concordiamyue
1491 2786 1594 2828 eos
1618 2773 1838 2830 sectari
1887 2773 2068 2828 etiam

429 2856 730 2928 etiamque
745 2873 906 2928 rogo.
930 2858 1029 2917 ille
1059 2860 1352 2918 nominem
1381 2862 1647 2930 exeunte,
1673 2860 1846 2918 nulla
1864 2874 1964 2917 cos
1981 2873 2069 2916 re-

421 2947 658 3017 gnandi
687 2947 934 3006 ambitio
965 2950 1336 3020 inﬂammet;
1368 2951 1736 3019 Heinricum,
1758 2950 2070 3006 Santonum

435 3035 703 3108 Thurina
713 3051 991 3108 aramque
1003 3037 1203 3095 ducem
1208 3038 1496 3109 prudenti
1499 3039 1638 3095 ssim
1647 3053 1739 3094 um
1749 3052 1868 3109 ,νεα
1875 3053 1962 3094 em
1975 3039 2074 3094 eli-

423 3125 552 3196 gite
563 3125 980 3196 dominumque
992 3127 1350 3196 constituite,
1361 3127 1414 3184 is
1427 3128 1581 3183 enim
1594 3127 1683 3185 est
1705 3128 2070 3198 etsapientia

2166 543 2236 598 Ut
2262 557 2400 612 ergo
2425 557 2524 599 rex
2549 542 2620 597 im
2631 540 3266 613 peravit,Eberhardus
3292 539 3627 598 Heinricum
3653 541 3850 612 adiit,

2167 645 2345 703 seque
2374 647 2500 689 cum
2553 632 2820 688 omnibus
2844 630 3140 688 thesauris
3169 629 3252 686 illi
3311 630 3578 700 tradens,
3617 643 3847 702 pacem

2165 736 2292 778 cum
2319 736 2386 777 eo
2434 721 2589 791 fecit,
2621 719 3058 792 amiciciamque
3090 720 3218 791 ejus
3259 719 3610 792 promeruit,
3650 734 3848 790 quam

2168 809 2422 866 fideliter
2470 808 2948 880 familiariterque
2979 823 3160 880 usque
3219 807 3274 864 in
3308 807 3477 863 finem
3531 808 3845 864 obtinuit.

2167 899 2384 956 Deinde
2414 899 2784 969 congregatis
2819 897 3182 970 principibus
3210 900 3267 952 et
3299 900 3437 954 natu
3472 895 3846 966 majoribus,

2167 989 2464 1045 exercitus
2483 991 2831 1044 Francorum
2862 987 2915 1042 in
2948 987 3076 1044 loco
3107 986 3202 1058 qui
3233 985 3450 1042 dicitur
3472 985 3844 1054 Friteslare,

2170 1077 2493 1149 designavit
2525 1093 2654 1133 eum
2684 1091 2877 1147 regem
2911 1091 3104 1133 coram
3139 1075 3291 1132 omni
3318 1075 3534 1149 populo
3569 1075 3846 1131 Franco-

2170 1183 2293 1224 rum
2328 1172 2502 1237 atque
2535 1168 2840 1222 Saxonum.

2168 1257 2291 1305 Anni
2323 1257 2554 1304 Heinrici.

2245 1336 2475 1391 1.Anno
2505 1333 2920 1392 “’7Dominicze
2955 1331 3517 1403 inearnationisQQO,
3554 1333 3630 1389 ab
3663 1331 3844 1388 Urbe

2171 1423 2405 1479 condita
2438 1423 2745 1480 millesimo
2793 1427 2914 1493 671,
2951 1422 3275 1494 Heinricus,
3309 1435 3521 1492 genere
3551 1421 3737 1491 Saxo,
3776 1419 3846 1474 ﬁ-

2171 1511 2286 1568 lius
2315 1512 2544 1569 Ottonis
2591 1512 2776 1578 ducis,
2810 1515 2907 1568 80°
2937 1509 3030 1544 ³³³⁸
3061 1511 3188 1567 loco
3218 1511 3290 1566 ab
3323 1513 3607 1579 Augusto,
3643 1508 3710 1565 in
3746 1522 3846 1564 re-

2169 1615 2342 1669 gnum
2375 1601 2631 1670 eligitur,
2655 1600 3035 1670 regnavitque
3059 1599 3224 1656 annis
3256 1602 3338 1654 17.
3375 1598 3472 1669 (cf.
3513 1596 3656 1654 Chr.
3703 1595 3838 1665 ιν.)

2173 1689 2273 1744 llic
2307 1705 2434 1745 cum
2470 1705 2577 1745 non
2611 1691 2854 1745 haberet
2899 1689 3145 1758 gratiam
3179 1685 3504 1743 Chuonradi
3539 1685 3705 1754 regis
3737 1683 3838 1740 sui

2173 1776 2514 1846 decessoris,
2539 1783 2778 1850 propter
2792 1793 3014 1834 morum
3033 1777 3383 1849 probitatem
3399 1774 3696 1845 animique
3713 1773 3770 1829 vi
3783 1787 3842 1828 r—

2091 1839 2143 1898 B
2177 1870 2356 1922 tutem
2382 1839 2661 1924 idem-rex
2689 1868 2740 1922 in
2767 1839 3054 1925 extremis
3075 1865 3220 1935 suis,
3255 1867 3316 1922 ut
3349 1862 3680 1934 predictum
3708 1867 3836 1931 est,

2173 1957 2552 2028 pretermisso
2575 1957 2751 2012 fratre
2777 1955 3030 2028 proprio,
3047 1955 3200 2011 hunc
3221 1952 3420 2023 elegit,
3437 1954 3495 2007 et
3523 1955 3582 2007 ut
3607 1951 3684 2006 ab
3707 1965 3841 2005 om-

2173 2045 2344 2101 nibus
2365 2044 2416 2100 id
2435 2051 2707 2114 ageretur
2725 2041 3420 2117 prineipibus,consilium
3442 2039 3625 2096 dedit.
3645 2039 3832 2107 (Win.

2173 2149 2208 2202 ι,
2235 2138 2322 2200 26,
2356 2137 2471 2206 27.)
2505 2134 2606 2190 Cui
2638 2149 2766 2189 cum
2828 2132 3026 2190 unctio
3057 2135 3113 2188 et
3146 2131 3406 2187 diadema
3439 2127 3765 2184 offerretur
3800 2141 3836 2180 a

2174 2237 2398 2278 summo
2433 2223 2724 2294 pontilice,
2777 2221 2871 2292 qui
2904 2236 2972 2276 eo
3022 2224 3288 2291 tempore
3317 2217 3635 2286 Herigerus
3667 2217 3835 2284 erat,

2173 2326 2282 2366 non
2301 2311 2664 2381 sprevit,nec
2682 2317 2870 2366 tamen
2895 2308 3160 2378 suscepit
3179 2306 3700 2376 :Satis,inqulens,
3717 2304 3841 2360 mi-

2173 2401 2270 2458 clti
2289 2402 2392 2469 est,
2417 2400 2486 2456 ut
2500 2414 2608 2471 pre
2626 2400 2956 2470 majoribus
2969 2399 3117 2454 meis
3132 2411 3244 2454 rea:
3255 2397 3426 2454 dicar
3439 2395 3500 2450 et
3519 2395 3833 2464 designer,

2175 2487 2384 2545 dicina
2408 2489 2702 2545 annuente
2720 2487 3037 2558 vestraque
3054 2486 3318 2558 pietate;
3333 2497 3518 2556 penes
3545 2484 3839 2538 meliores

2171 2591 2309 2634 vero
2333 2578 2500 2634 nobis
2529 2579 2729 2634 unctio
2760 2592 2830 2634 ac
2851 2576 3130 2634 diadema
3154 2575 3270 2644 sit;
3293 2572 3456 2630 tanto
3480 2573 3702 2628 honore
3720 2585 3838 2628 nos

2174 2665 2550 2724 arbitramur
2571 2667 2865 2739 indiguus.
2883 2666 3109 2722 Placuit
3133 2665 3245 2720 iste
3271 2676 3459 2720 sermo
3487 2674 3682 2716 coram
3707 2657 3830 2715 uni-

2173 2769 2340 2810 versa
2377 2757 2768 2826 multitudine,
2803 2761 2858 2811 et
2893 2755 3122 2812 dextris
3148 2754 3202 2809 in
3237 2751 3446 2808 cmlum
3473 2747 3706 2816 levatis,
3731 2762 3836 2803 no-

2175 2860 2302 2900 men
2339 2846 2470 2902 novi
2507 2845 2658 2915 regis
2686 2845 2939 2902 clamore
2971 2841 3164 2898 valido
3189 2840 3520 2896 salutantes
3555 2838 3835 2906 frequen-

2177 2938 2404 2995 tabant.
2432 2935 2687 3006 (luunrn.
2716 2949 2775 3003 ιι,
2799 2937 2886 2988 50.
2913 2964 2980 2974 —
3001 2933 3240 2988 Blcusn.
3269 2945 3305 2998 l,
3334 2927 3444 2997 47.)
3469 2928 3588 2982 Hoc
3615 2923 3832 2979 ordine

2179 3041 2279 3083 rex
2314 3026 2501 3080 factus
2532 3022 2836 3079 Hoinricus
2882 3020 3145 3092 perrexit
3191 3033 3319 3076 cum
3351 3015 3504 3072 omni
3535 3013 3828 3070 comitatu

2179 3131 2283 3172 suo
2306 3113 2374 3170 ad
2396 3111 2764 3184 pugnandum
2799 3114 3000 3165 contra
3034 3106 3430 3164 Burchardum
3453 3103 3660 3160 ducem
3697 3101 3831 3158 Ala-

423 3191 1256 3284 pollensetjustieseceritatis
1285 3191 1533 3272 censura
1546 3191 1878 3272 abundans.
1897 3217 2063 3286 (Wm.
2101 3195 2150 3258 Ο
2179 3203 2443 3271 ῐηδηηῖὲθ,
2469 3201 2634 3271 cuius
2660 3199 2831 3254 ﬁliam
2857 3197 3057 3254 habuit
3084 3209 3321 3286 ιικρνθεη
3346 3191 3832 3286 ΒΒ⁰⁶9¹Γ¹¹ΨΕῘῘ

433 3315 468 3366 l,
492 3302 606 3372 25.)
639 3301 860 3366 Quibus
892 3303 946 3358 in
981 3303 1100 3359 haec
1132 3303 1306 3360 verba
1340 3303 1862 3373 consentientibus,
1898 3308 2068 3359 vocat

435 3389 670 3445 fratrem
687 3405 848 3447 suum
874 3391 1170 3447 Eberhard
1183 3407 1295 3462 um,
1329 3391 1527 3462 sicque
1544 3391 1860 3462 alloquitur
1876 3391 2066 3448 illum:

430 3477 657 3545 Sentio,
682 3478 913 3548 frater,
953 3493 1046 3536 me
1083 3479 1314 3538 diutius
1343 3481 1522 3538 istam
1540 3481 1721 3538 vitam
1744 3481 1938 3538 tenere
1957 3495 2072 3536 non

427 3566 852 3637 posse;idcirco
865 3569 1398 3627 considerationem
1412 3569 1500 3626 tui
1515 3569 1975 3641 habeto,etquod
1991 3569 2073 3626 ad

435 3653 489 3710 te
498 3657 1198 3728 maximerespicitpmni
1213 3657 1580 3716 Francorum
1590 3673 1772 3729 regno
1784 3657 2011 3716 consuli
2018 3657 2070 3713 to

432 3755 577 3812 meo,
594 3743 820 3813 fratris
833 3745 940 3816 tui,
967 3747 1320 3803 intendenda
1341 3748 1608 3806 consilio.
1627 3746 1966 3804 Suntnobis
1986 3761 2074 3805 co-

429 3831 546 3902 pice
557 3833 850 3892 exercitus
862 3835 1264 3906 congregandi
1277 3837 1458 3907 atque
1471 3835 2076 3905 ducendi,sunturbes

433 3920 670 3977 etarma
685 3935 815 3978 cum
824 3923 1133 3994 regalibus
1162 3924 1451 3996 insigniis
1465 3925 1697 3982 etomne
1709 3923 1866 3994 quod
1902 3924 2076 3982 decus

433 4009 667 4080 regium
677 4010 1138 4082 deposcitpreter
1144 4013 1465 4084 fortunam
1477 4013 1748 4070 etmores.
1783 4011 2068 4072 Fortuna.

437 4097 1192 4167 frater,cumnobilissimis
1203 4100 1464 4158 moribus
1475 4101 1760 4158 Heinrico
1775 4101 1958 4158 cedit:
1987 4115 2076 4159 re-

435 4199 571 4242 rum
573 4185 698 4256 pub
707 4185 957 4243 licarum
967 4201 1195 4246 summa
1213 4201 1376 4246 secus
1394 4189 1669 4245 Saxones
1686 4189 1789 4245 est.
1805 4189 2078 4260 Sumptis

437 4273 630 4342 igitur
641 4274 739 4332 his
751 4275 980 4348 insigni
987 4277 1058 4348 is,
1069 4277 1274 4333 lancea
1285 4275 1580 4334 scilicetet
1597 4276 1863 4334 armillis
1875 4279 2079 4335 aureis

435 4375 568 4418 cum
587 4363 844 4420 clamide
853 4352 1400 4434 etreterumytadio
1411 4377 1619 4436 regum
1636 4379 1708 4422 ac
1719 4364 2074 4436 diademate,

435 4449 520 4507 ito
541 4451 624 4507 ad
643 4451 1014 4523 Heinricum,
1032 4453 1567 4526 pacemquefrcito
1590 4469 1717 4512 cum
1739 4468 1821 4524 eo,
1853 4455 1924 4510 ut
1949 4467 2082 4510 eum

2177 3289 2690 3362 gundio,qui(232)
2724 3291 2853 3358 post
2904 3284 3370 3341 interfectionem
3388 3278 3699 3350 Ruotperti
3732 3274 3829 3310 “3’

2179 3381 2334 3450 regis
2367 3377 2702 3445 Galliarum,
2736 3375 2922 3448 patris
2955 3372 3213 3443 Hugonis
3236 3370 3424 3437 ducis,
3453 3367 3654 3424 fratris
3682 3380 3831 3422 vero

2180 3465 2532 3525 Outonismo
2549 3466 2724 3535 regis,
2760 3465 2832 3520 ab
2855 3463 3104 3518 inimicis
3154 3459 3346 3517 Karoli
3388 3457 3545 3528 regis
3578 3469 3680 3512 rex
3710 3454 3831 3510 ele-

2177 3561 2348 3612 vatus
2371 3560 2480 3625 est,
2507 3555 2663 3610 sicut
2693 3557 2750 3610 et
2788 3554 3152 3623 Ruotpertus
3179 3550 3458 3605 decessor
3478 3545 3624 3615 ejus.
3653 3544 3824 3614 (Νη).

2183 3646 2220 3702 l.
2263 3645 2324 3716 l.)
2355 3643 2723 3699 Burchardus
2741 3656 2880 3697 vero
2904 3640 3043 3709 dux,
3066 3638 3203 3694 licet
3227 3640 3385 3692 esset
3409 3631 3832 3691 bellatorinto-

2183 3732 2468 3800 lerabilis,
2491 3731 2751 3786 sentiens
2775 3733 2988 3796 tamen,
3017 3741 3146 3784 cum
3169 3723 3338 3781 valde
3361 3720 3621 3796 prudens
3642 3723 3827 3780 esset.

2183 3819 2660 3891 congressionem
2679 3817 2835 3887 regis
2862 3831 2924 3872 se
2937 3815 3230 3872 sustinere
3246 3827 3358 3868 non
3375 3824 3568 3882 posse,
3583 3805 3830 3863 tradidit

2185 3913 2234 3968 ei
2263 3909 2640 3980 semetipsum
2665 3921 2792 3962 cum
2811 3903 3101 3962 universis
3118 3901 3362 3958 urbibus
3381 3902 3440 3954 et
3467 3895 3680 3968 populo
3695 3909 3823 3963 suo,

2258 4000 2473 4071 (Lturn.
2501 4013 2560 4068 ιι,
2584 3996 2698 4066 21.)
2737 3993 2950 4050 Eodem
2995 3995 3258 4061 tempore
3283 3987 3449 4059 [Ann.
3484 3987 3547 4040 D.
3582 3987 3702 4039 921.
3738 3982 3824 4052 Ε.)

2187 4089 2460 4148 Arnolfus
2483 4088 2599 4144 dux
2619 4101 2748 4142 cum
2764 4097 2948 4140 uxore
2971 4085 3029 4137 et
3049 4079 3182 4135 filiis
3207 4079 3278 4135 ab
3300 4075 3552 4147 Ungaria
3575 4073 3823 4130 rediens.

2184 4178 2501 4236 honorifice
2526 4192 2553 4232 a
2580 4173 2862 4245 Bajoariis
2885 4168 3227 4241 suscipitur,
3245 4181 3350 4223 nec
3371 4165 3560 4222 solum
3587 4160 3829 4234 suscipi-

2189 4274 2303 4335 tur,
2321 4267 2418 4323 sed
2437 4264 2611 4322 etiam
2626 4267 2688 4320 ut
2707 4277 2808 4318 rex
2824 4261 2920 4318 fiat
2952 4259 3328 4315 vehementer
3340 4256 3413 4310 ab
3427 4253 3512 4310 eis
3525 4254 3819 4309 exoratur.

2187 4361 2308 4414 Rex
2341 4358 2531 4411 autem
2563 4350 2869 4408 Hoinricus
2899 4362 3027 4404 cum
3060 4347 3216 4402 inter
3242 4358 3443 4400 omnes
3473 4340 3636 4410 regni
3681 4338 3825 4410 prin-

2189 4448 2351 4518 cipes
2384 4443 2488 4502 sibi
2531 4440 3008 4510 obtemperantes
3044 4433 3340 4492 Arnolfum
3370 4431 3559 4488 solum
3595 4427 3826 4518 resiste-

423 4539 786 4612 fwderatum
805 4515 1329 4612 possis'liabere‘in
1337 4515 1709 4614 perpetuum.
1749 4515 1907 4610 Quid
1923 4544 2080 4600 enim
2109 4545 2161 4606 D
2191 4515 2262 4594 re
2281 4535 2570 4601 cerneret,
2599 4527 2851 4586 collecto
2877 4524 3142 4614 exercitu
3176 4520 3495 4614 pre‘valido,
3513 4515 3825 4614 lfajoaria‘m

436 4641 667 4686 necesse
705 4630 809 4700 est,
838 4629 908 4684 ut
936 4628 1122 4686 cadat
1121 4631 1380 4702 populus
1399 4631 1762 4689 Francorum
1789 4631 1974 4687 tecum
1993 4645 2081 4688 co-

433 4729 565 4771 ram
587 4717 684 4772 eo?
709 4717 846 4786 Ipse
867 4717 1025 4772 enim
1043 4731 1178 4774 cere
1195 4731 1308 4775 rea:
1343 4719 1530 4776 eritet
1567 4719 1890 4791 imperator
1902 4733 2080 4790 popu-

437 4803 978 4861 loru/mmuttorum.
1009 4806 1310 4878 llisdietis,
1336 4807 1516 4864 frater
1547 4807 1858 4864 lacrimans
1871 4822 1932 4863 se
1947 4822 2080 4864 eon-

436 4894 656 4950 sentire
688 4894 1010 4965 respondit.
1038 4897 1178 4952 Post
1204 4895 1325 4952 hinc
1358 4913 1460 4952 rex
1486 4896 1754 4966 moritur,
1789 4895 1878 4951 vir
1913 4896 2078 4953 fortis

439 4983 495 5036 et
531 4986 756 5052 potens,
781 4981 933 5038 domi
971 4982 1292 5055 militiaque
1320 4983 1596 5055 Optimus,
1623 4983 1896 5054 largitate
1925 4999 2079 5040 sere-

440 5083 551 5125 nus
578 5073 637 5124 et
668 5071 918 5128 omnium
979 5071 1259 5128 virtutum
1296 5071 1558 5142 insigniis
1612 5071 1835 5137 clarus;
1869 5073 2078 5144 sepeli-

2191 4622 2462 4691 tetendit,
2495 4631 2743 4688 eumque
2771 4615 2933 4686 juxta
2958 4611 3238 4683 quosdam
3263 4608 3432 4679 (Win.
3463 4609 3499 4664 Ι.
3527 4606 3597 4680 l.)
3630 4607 3684 4662 in
3707 4619 3827 4677 pre-

2190 4713 2340 4771 sidio
2373 4709 2537 4768 urbis
2593 4703 2930 4774 Ratisponaa
2979 4699 3243 4764 obsedit;
3277 4695 3433 4768 quod
3478 4694 3578 4750 ille
3609 4693 3822 4761 videns,

2191 4814 2371 4872 seque
2403 4796 2525 4867 regi
2561 4793 2840 4851 resistere
2864 4803 2973 4846 non
2999 4787 3260 4844 sufﬁcere
3287 4783 3682 4856 perpendens,
3706 4796 3828 4854 por-

2188 4891 2268 4947 tis
2299 4885 2520 4960 apertis
2547 4895 2823 4954 egressus
2851 4883 2945 4936 est
2975 4875 3044 4932 ad
3103 4886 3319 4944 regem,
3357 4872 3600 4928 tradens
3630 4873 3826 4927 semet-

2189 4981 2377 5052 ipsum
2401 4989 2531 5032 cum
2550 4969 2704 5028 omni
2727 4982 2908 5038 regno
2943 4981 3068 5035 suo,
3095 4967 3152 5020 et
3175 4960 3494 5052 honorifice
3515 4963 3824 5052 susceptus

2187 5049 2260 5126 ab
2278 5082 2368 5136 eo,
2386 5063 2606 5122 amicus
2629 5057 2784 5128 regis
2807 5053 3140 5128 appellatus
3153 5055 3261 5108 est.
3281 5049 3524 5116 Quidam
3555 5049 3824 5122 [Sequen-

442 5159 654 5228 turque
687 5159 742 5214 in
766 5159 1005 5218 civitate
1029 5177 1129 5218 sua
1159 5136 1541 5231 Wilinaburg,
1589 5177 1719 5218 eum
1751 5136 1978 5219 merere
2009 5178 2076 5219 ac
2165 5152 2486 5227 tiadesunt
2525 5149 2610 5220 E.]
2651 5161 2794 5204 vero
2810 5145 3072 5202 scribunt
3095 5142 3352 5212 (Inuera.
3381 5139 3420 5194 ι.
3441 5138 3510 5210 ι),
3533 5136 3687 5208 quod
3717 5149 3819 5191 non

1801 5285 2038 5342 VARIE
2079 5278 2475 5342 LECTIONES.

515 5393 608 5431 ⁸³⁸⁷
626 5395 842 5470 Pera“
858 5399 920 5456 Ε.
997 5399 1088 5436 ωε
1116 5401 1210 5461 ita
1237 5402 1420 5461 etiam
1447 5403 1506 5458 [δ.
1539 5400 1742 5458 LXXII.
1768 5401 2060 5457 E.I.xxv.
2099 5401 2170 5459 Α.
2195 5399 2263 5456 δν.
2343 5393 2433 5429 ω’
2465 5386 2690 5464 ruperti
2722 5385 2812 5444 ιδ.
2894 5381 2986 5417 ιιιο
3017 5377 3241 5438 ottonis
3275 5376 3360 5435 1b.

2023 5521 2226 5582 NOTIE
2240 5561 2256 5577 .

517 5629 666 5699 (232)
697 5632 1071 5696 Ekkehardus
1098 5653 1298 5697 errore
1325 5637 1604 5707 singulari
1637 5651 1806 5707 reges
1837 5651 2064 5696 comvos
2100 5631 2384 5694 Rudolfos
2417 5625 2771 5700 Burgundiae
2795 5626 2851 5682 et
2885 5618 3085 5679 Gallia
3115 5616 3272 5674 inter
3301 5628 3364 5673 se
3393 5611 3716 5673 confundit.
