3952 6308
83 342 212 403 897
982 343 1427 409 CHRONICA.
1459 380 1531 392 --
1560 342 2036 407 CHRUNICON
2089 338 2634 404 UNIVEHSALE.
3398 346 3516 407 898
3544 356 3551 365 ‘

79 490 319 548 passus
349 474 428 532 sit
464 474 743 532 Arnolqu
793 476 1105 549 prestolari
1153 478 1463 536 adventum
1506 480 1659 550 regis
1698 479 1755 535 in
1787 514 1839 575 Α
1870 492 2076 534 norum
2108 474 2408 532 Germania
2438 478 2562 530 tota
2596 472 2890 530 Ludewici
2932 489 3169 544 regnum
3201 482 3347 532 erat.
3382 480 3515 537 Hac

77 563 392 635 Bajoaria,
413 564 540 635 sed,
561 564 828 621 collectis
851 566 1061 635 quibus
1083 568 1275 637 potuit
1298 568 1500 639 copiis,
1527 568 1756 624 obviam
1787 562 1839 575 ”
1871 565 2081 620 divisio
2138 564 2291 620 inter
2339 578 2439 620 eos
2492 564 2641 618 facta
2698 562 3115 619 inviolabiliter
3170 568 3512 639 permansit,

75 651 133 708 ei
174 652 557 724 processerit
589 659 662 707 ad
694 668 962 724 pugnam.
1011 655 1267 725 Cumque
1308 656 1363 711 in
1395 671 1463 711 eo
1505 658 1661 712 esset
1698 659 1757 711 ut
1874 668 2179 723 quousque
2205 653 2336 722 jure
2368 650 2723 707 hereditario
2766 651 2888 708 hac
2920 667 3097 721 regna
3130 653 3317 708 omnia
3351 653 3519 711 cede-

78 738 325 796 bellum
351 740 502 795 inire
526 740 832 809 deberent,
861 756 963 795 rex
988 741 1313 813 lleinrieus,
1344 743 1507 800 utvir
1527 744 1762 815 sapiens
1870 745 2003 795 rent
2052 739 2283 809 Karolo,
2336 737 2629 795 Ludewici
2679 737 2818 808 ﬁlio,
2851 738 2948 809 qui
2980 743 3105 795 erat
3140 739 3293 796 filius
3323 740 3517 797 Karoli

78 832 143 883 et
173 827 367 883 Deum
395 826 629 897 timens,
651 830 917 897 cogitans
935 844 1004 884 ex
1032 834 1278 900 utraque
1302 835 1466 903 parte
1490 832 1759 888 damnum
1871 833 2257 898 cognomento
2308 827 2485 883 Calvi.
2540 826 2623 882 Ad
2654 827 2807 884 hunc
2837 830 3031 899 itaque
3081 828 3372 899 Karolum,
3423 830 3516 887 cui

82 915 500 986 inreparabile
529 930 703 987 posse
738 914 1029 984 accidere,
1065 919 1326 989 Aruolfo,
1356 924 1419 975 ut
1441 920 1602 976 solus
1630 935 1759 977 cum
1873 916 2126 973 diximus
2149 931 2324 987 regna
2346 918 2597 972 cessisse
2618 930 2721 987 per
2740 916 3145 987 hereditatem,
3172 918 3403 988 quidam
3428 918 3518 974 vir

83 1003 227 1060 solo
281 1002 579 1074 loquatur,
633 1005 967 1061 denunciat.
1004 1006 1110 1071 Qui
1144 1012 1357 1078 putans
1387 1023 1450 1064 se
1480 1009 1654 1065 acciri
1689 1009 1761 1065 ad
1874 1005 2103 1061 nomine
2134 1006 2285 1062 Outo
2309 1020 2378 1061 cx
2401 1005 2789 1061 orientalibus
2811 1005 3047 1060 Francis
3071 1006 3248 1076 venit,
3272 1011 3331 1062 et
3356 1008 3424 1062 ab
3447 1022 3518 1063 eo

84 1092 410 1163 singulare
440 1097 762 1157 certamen,
797 1094 868 1148 ad
909 1094 1241 1151 condictum
1276 1096 1440 1152 solus
1474 1098 1757 1169 pervenit.
1875 1098 2208 1164 susceptus,
2234 1110 2363 1150 cum
2388 1099 2549 1149 esset
2569 1093 2656 1149 vir
2678 1094 2848 1149 fortis
2865 1097 2921 1149 et
2943 1094 3217 1165 prudens,
3241 1096 3357 1164 egit
3383 1110 3520 1151 eon-

86 1182 290 1248 Quem
321 1180 652 1251 Heinricus,
700 1187 763 1237 ut
791 1187 917 1237 erat
952 1182 1211 1254 prudens
1244 1184 1433 1240 animo
1462 1190 1521 1241 et
1554 1191 1762 1256 potens
1872 1182 2008 1237 silio
2032 1197 2158 1252 suo,
2188 1186 2400 1238 utcum
2429 1181 2602 1237 Danis
2632 1186 3010 1253 pugnaretur,
3044 1182 3140 1251 qui
3169 1181 3285 1250 jam
3316 1183 3517 1240 multis

87 1269 365 1340 eloquio,
419 1270 695 1340 prudenti
746 1284 1015 1326 sermone
1065 1270 1404 1342 alloquitur,
1458 1273 1763 1345 increpans

89 1373 234 1414 eum
257 1372 367 1414 cur
389 1357 489 1413 Dei
514 1357 866 1415 ordinationi
902 1360 1231 1431 resisteret,
1266 1377 1395 1417 cum
1422 1377 1485 1418 se
1514 1362 1585 1418 ab
1608 1362 1762 1418 omni

92 1446 327 1520 populo
352 1445 442 1479 ¹²⁴⁸
465 1447 716 1504 electum
740 1448 939 1518 sciret,
963 1450 1116 1520 quod
1145 1450 1253 1506 nisi
1278 1452 1392 1506 Deo
1419 1451 1763 1522 disponente

93 1550 217 1591 non
271 1535 477 1603 fieret;
530 1536 820 1593 afﬁrmans
864 1538 998 1607 quia
1032 1538 1078 1594 si
1120 1537 1372 1610 populus
1404 1554 1568 1610 aque
1602 1538 1764 1595 illum

94 1624 504 1680 communiter
526 1623 771 1694 eligeret
796 1638 860 1680 se
884 1626 1029 1695 fore,
1056 1626 1153 1695 qui
1179 1626 1401 1696 primus
1424 1627 1479 1682 in
1502 1626 1629 1697 ejus
1651 1626 1766 1683 ele-

94 1712 308 1769 ctione
337 1714 721 1779 acelamaret;
754 1713 955 1783 sicque
995 1714 1238 1785 cepioso
1280 1715 1508 1771 dicendi
1552 1730 1765 1786 ngeere

95 1801 369 1857 animum
410 1800 536 1871 ejus
578 1799 934 1873 demulccns,
974 1802 1046 1858 ad
1089 1818 1227 1859 suos
1262 1804 1455 1860 rediit.
1491 1804 1766 1861 Arnolqu

1876 1268 2040 1325 annis
2072 1270 2331 1325 Lotharii
2355 1284 2594 1339 regnum
2614 1271 2920 1326 vexabant.
2957 1271 3212 1339 Cumque
3234 1285 3519 1341 pugnare-

1878 1361 1973 1413 tur
2002 1374 2132 1414 cum
2154 1359 2261 1428 eis,
2289 1373 2400 1415 una
2423 1358 2515 1413 die
2538 1373 2608 1414 ex
2628 1359 2715 1415 eis
2739 1365 2972 1414 centum
3004 1357 3160 1413 milia
3192 1372 3340 1414 casa
3372 1359 3520 1415 refe-

1877 1450 2087 1501 runtur
2111 1446 2278 1516 (W11).
2307 1447 2343 1503 ι.
2367 1448 2430 1519 ι).
2460 1448 2541 1501 Ex
2558 1446 2666 1503 hoc
2686 1445 2781 1501 ille
2802 1447 2953 1503 Outo
2978 1446 3172 1502 clarus
3192 1451 3251 1502 et
3275 1445 3520 1515 insignis

1878 1531 2203 1589 habebatur
2234 1538 2291 1588 et
2317 1549 2347 1589 a
2372 1548 2507 1603 rege
2540 1534 2851 1604 secundus,
2886 1550 3017 1590 cum
3042 1534 3261 1589 adeum
3293 1534 3520 1590 veniret

1880 1634 1992 1675 uno
2023 1624 2246 1675 tantum
2280 1620 2515 1676 servulo
2544 1623 2754 1678 comite
2785 1625 3116 1677 contentus.
3152 1621 3401 1678 Moriens
3424 1637 3523 1678 au-

1881 1713 1993 1763 tem
2028 1708 2274 1766 Karolus
2305 1710 2531 1780 rogavit
2573 1710 2857 1767 Outonem
2891 1710 3156 1766 beneficii
3188 1712 3277 1767 sui
3311 1726 3520 1767 memo-

1879 1812 1999 1853 rem
2032 1800 2177 1869 fore,
2211 1803 2271 1856 ut
2305 1798 2761 1856 misericordiam
2785 1800 2895 1856 sibi
2919 1815 2950 1856 a
2975 1815 3037 1855 se
3061 1800 3365 1870 prestitam
3398 1800 3517 1856 filio

98 1903 347 1961 quoque
379 1889 612 1945 rediens
644 1890 715 1945 ad
749 1906 890 1947 suos
928 1889 1206 1947 indicavit
1242 1892 1327 1948 eis
1360 1893 1612 1949 Ileinrici
1646 1908 1765 1950 ser-
1795 1864 1848 1924 Β
1878 1900 2005 1956 δυο,
2038 1887 2086 1942 εί
2117 1893 2478 1958 nasceretur,
2513 1901 2627 1943 ηοη
2660 1891 2929 1956 negaret;
2962 1902 3091 1941 nam
3123 1886 3276 1943 ﬁlius
3302 1888 3354 1942 ei
3382 1903 3520 1943 ῐιοη·

101 1992 335 2033 mones.
370 1976 477 2043 Qui
508 1977 781 2034 dixerunt
814 1993 1013 2035 verum
1043 1994 1175 2035 esse
1201 1980 1353 2051 quod
1386 1981 1652 2037 audirent
1678 1997 1764 2039 sa-

102 2066 394 2138 pientiam
416 2081 524 2138 per
545 2065 908 2123 Salomonem
934 2068 1174 2139 dixisse,
1204 2084 1306 2141 per
1330 2069 1511 2141 ipsam
1535 2070 1764 2127 scilicet

103 2169 281 2225 reges
310 2168 557 2223 regnare
597 2160 656 2210 et
696 2156 1017 2226 prudentes
1052 2156 1354 2227 justiciam
1396 2158 1761 2227 discernere;

102 2257 299 2314 neque
327 2243 481 2299 enim
506 2243 561 2298 in
584 2243 711 2314 ejus
743 2244 1030 2301 electione
1062 2246 1245 2302 totius
1280 2246 1477 2318 populi
1507 2248 1760 2304 animum

105 2331 237 2387 fieri
266 2346 463 2401 unum,
489 2331 596 2388 nisi
623 2332 772 2389 hunc
791 2347 819 2388 a
840 2335 955 2390 Deo
978 2339 1274 2391 constaret
1298 2335 1584 2404 electum;
1612 2337 1764 2393 unde

106 2419 223 2475 sibi
248 2434 481 2492 aquum
513 2422 840 2493 bonumque
870 2422 1079 2493 videri,
1115 2428 1175 2479 ut
1208 2438 1236 2479 a
1267 2425 1484 2481 ceteris
1515 2440 1625 2481 non
1651 2425 1768 2482 dis-

108 2509 403 2579 sentiens,
423 2510 577 2566 hunc
596 2524 790 2580 regem
815 2511 1083 2581 eligeret,
1103 2527 1168 2568 ea
1191 2517 1381 2568 tamen
1406 2513 1761 2585 conditione,

106 2597 156 2655 si
188 2597 304 2654 sibi
335 2598 443 2655 hoc
479 2599 630 2669 quod
673 2598 1015 2669 decessores
1044 2601 1172 2671 ejus
1199 2617 1313 2657 non
1346 2602 1601 2659 habuere
1630 2618 1763 2659 con-

107 2686 372 2754 cederet,
420 2687 666 2759 scilicet,
706 2695 768 2745 ut
801 2688 986 2747 totius
1028 2689 1308 2759 Bojoaria
1341 2690 1430 2722 ¹²⁴²
1460 2691 1768 2763 pontifices

113 2788 237 2833 sua
270 2776 547 2846 potestati
588 2777 976 2849 subjacerent,
1022 2794 1253 2849 unoque
1285 2779 1580 2849 defuncto,
1625 2780 1768 2836 alte-

116 2878 247 2921 rum
282 2862 557 2921 ordinare
577 2865 686 2921 sibi
711 2865 935 2922 liceret.
970 2867 1254 2924 Conivens
1282 2868 1460 2938 1gitur
1484 2868 1615 2924 huic
1637 2883 1768 2926 suo-

116 2967 248 3009 rum
272 2951 542 3024 consilio,
568 2954 732 3011 miles
750 2956 1005 3012 Heinrici
1027 2956 1296 3027 efficitur,
1317 2957 1466 3013 etab
1484 2972 1575 3028 eo,
1604 2963 1663 3014 ut
1686 2958 1770 3013 di-

116 3044 278 3097 ctum
297 3042 413 3111 est,
427 3042 725 3099 concessis
744 3043 853 3098 sibi
877 3044 1058 3100 totius
1072 3043 1347 3113 Bajoaria
1370 3045 1765 3117 pontificibus,

118 3129 463 3185 honoratur.
487 3129 589 3187 llic
604 3137 694 3187 est
715 3132 990 3189 Arnolfus
1009 3132 1128 3204 illc,
1149 3149 1326 3204 super
1344 3135 1513 3205 cujus
1532 3135 1770 3192 denota-

1878 1976 2012 2032 dum
2032 1979 2179 2046 erat,
2200 1976 2303 2031 sed
2327 1976 2518 2046 regina
2543 1990 2833 2047 pregnans
2856 1975 3043 2030 adhuc
3070 1975 3174 2031 fuit
3198 1976 3517 2032 secundum

1877 2062 2154 2133 quosdam
2188 2063 2358 2133 (W11).
2395 2063 2431 2119 ι.
2471 2063 2547 2131 ι);
2580 2062 2675 2116 alii
2712 2064 2969 2132 (111011311.
2999 2077 3034 2125 1,
3062 2064 3114 2133 4)
3148 2077 3286 2118 vero
3318 2062 3517 2119 dicunt

1876 2151 2028 2220 quod
2056 2149 2175 2219 jam
2202 2150 2320 2205 fere
2356 2151 2582 2207 biennis
2608 2150 2780 2205 fuerit
2807 2149 2980 2205 filius.
3021 2150 3184 2221 (W111.
3215 2151 3252 2206 ι.
3281 2151 3346 2221 l.)
3379 2152 3521 2205 Mor-

1874 2242 1978 2295 tuo
2002 2243 2195 2295 autem
2220 2239 2448 2308 Karolo,
2482 2242 2632 2294 Outo
2658 2238 2836 2294 lilium
2859 2237 2987 2307 ejus
3008 2245 3068 2293 et
3092 2253 3270 2307 regno
3299 2238 3520 2309 pariter

1874 2331 1932 2381 et
1967 2326 2196 2381 nomine
2237 2332 2480 2395 paterno
2512 2324 2862 2389 declaravit;
2904 2324 3004 2379 sed
3038 2324 3313 2380 Arnolqu
3346 2324 3523 2394 impe-

1875 2420 2054 2483 rator,
2091 2414 2187 2483 qui
2222 2413 2493 2469 Karolum
2537 2413 2821 2468 seniorem
2847 2412 2918 2467 de
2942 2410 3242 2467 Germania
3274 2411 3519 2483 expulit,

1874 2506 2011 2573 post
2041 2507 2285 2556 mortem
2328 2501 2454 2571 ejus
2490 2516 2657 2557 omne
2699 2515 2940 2570 regnum
2973 2500 3159 2571 ipsius
3189 2499 3296 2555 sibi
3331 2499 3527 2555 vendi-

1876 2591 2049 2646 cavit.
2090 2591 2231 2645 Huic
2263 2590 2414 2645 Outo
2437 2596 2496 2644 et
2520 2589 2783 2644 diadema
2817 2594 2875 2643 et
2907 2594 3208 2659 sceptrum
3238 2594 3296 2643 et
3325 2595 3522 2644 cetera

1879 2678 2094 2749 regalia
2128 2683 2463 2734 ornamenta
2508 2678 2745 2747 obtulit,
2790 2692 3147 2746 regnumque
3187 2677 3399 2731 domini
3432 2676 3523 2733 sui

1876 2767 2065 2838 gratia
2116 2765 2486 2837 imperatoris
2536 2764 2753 2821 Arnolli
2798 2765 3072 2819 obtinuit.
3111 2766 3175 2819 Et
3209 2766 3315 2820 hoc
3356 2765 3524 2833 juxta

1880 2855 2243 2927 quorundam
2271 2855 2614 2910 relationem
2639 2853 2806 2921 (W111.
2836 2852 2876 2906 ἰ.
2902 2852 2977 2923 ί);
3004 2851 3097 2908 alii
3127 2852 3447 2922 (R1cusn.1,
3471 2855 3525 2924 4)

1878 2959 2019 3000 vero
2044 2944 2263 3013 dicunt,
2298 2958 2426 2998 cum
2461 2946 2700 3014 propter
2724 2940 3022 2995 infantiam
3046 2940 3209 3010 pueri
3236 2939 3528 3011 principes

1882 3033 2054 3088 mmia
2090 3047 2284 3089 rerum
2319 3031 2591 3102 cupidine
2624 3044 2754 3086 sese
2787 3028 2975 3100 preire
3007 3027 3414 3083 contenderint
3439 3043 3528 3085 re-

1882 3135 2024 3190 sque
2050 3135 2188 3176 suas
2214 3126 2387 3192 prout
2412 3118 2660 3189 quisque
2686 3120 2914 3189 poterat
2937 3116 3331 3185 dilataverint,
3358 3130 3525 3172 nemo

122 3217 279 3274 tione
308 3221 515 3274 sancto
549 3219 859 3277 Oudalrieo
890 3203 1184 3294 episcopo,
1224 3203 1282 3278 ut
1314 3223 1369 3278 in
1403 3203 1553 3280 libro
1582 3240 1683 3294 ges

2009 3225 2023 3263 )
2055 3209 2210 3277 regis
2240 3215 2601 3280 provectum,
2634 3221 2800 3261 nemo
2829 3205 2988 3274 regni
3020 3203 3261 3259 tutelam
3286 3204 3533 3275 quasie-
3565 3228 3570 3234 -

122 3320 249 3362 rum
277 3307 404 3377 ejus
436 3306 672 3378 legitur,
703 3316 976 3366 ostensus
1006 3314 1095 3366 est
1125 3310 1356 3379 gladius
1386 3312 1507 3368 sine
1537 3312 1766 3385 capulo,

121 3394 214 3465 qui
243 3409 345 3452 rex
367 3394 491 3451 ﬁeri
517 3395 734 3452 frustra
755 3397 1015 3469 cupiens,
1038 3398 1271 3455 invasor
1291 3400 1453 3469 regni
1471 3400 1690 3471 extitit,
1711 3406 1768 3457 et

121 3498 229 3555 pro
253 3483 361 3540 hac
384 3484 699 3540 ambitione
723 3485 1045 3544 destructis
1069 3487 1374 3558 aeclesiis,
1399 3504 1597 3546 earum
1621 3490 1775 3546 redi-

121 3586 221 3637 1us
251 3571 537 3629 militibus
570 3572 694 3630 suis
716 3573 771 3629 in
796 3574 1137 3632 beneficium
1170 3577 1483 3633 concessit.
1521 3576 1692 3646 (W11).
1730 3593 1768 3648 1,

124 3663 212 3728 27,
233 3662 322 3730 28,
342 3662 458 3730 29.)
484 3661 605 3716 Rex
626 3667 820 3717 autem
846 3664 1151 3720 Heinricus
1174 3665 1245 3720 de
1269 3665 1361 3720 die
1385 3665 1440 3720 in
1467 3666 1618 3721 diem
1642 3681 1774 3737 pro-

126 3746 330 3803 ficiens
357 3751 417 3804 et
444 3764 737 3820 crescens,
773 3752 1077 3807 robustior
1098 3759 1154 3808 et
1178 3752 1393 3809 clarior
1425 3753 1770 3810 habebatur.

128 3836 385 3907 Cumque
437 3852 677 3908 regnum
719 3840 791 3895 ab
832 3844 1305 3898 antecessoribus
1352 3843 1478 3899 suis
1515 3857 1585 3899 ex
1621 3843 1774 3907 omni

131 3930 295 3997 parte
329 3927 634 3984 confusum
666 3928 938 3985 civilibus
971 3930 1142 3986 bellis
1165 3934 1221 3986 et
1248 3931 1511 3987 externis
1542 3931 1778 4002 collige-

130 4017 239 4083 ret,
262 4014 601 4086 paeiflearet
624 4021 681 4072 et
707 4016 1011 4088 adunaret,
1034 4019 1196 4089 signa
1223 4020 1404 4076 movit
1424 4026 1627 4076 contra
1653 4021 1780 4077 Gal-

132 4100 263 4158 liam
282 4107 338 4158 et
367 4102 617 4160 Lotharii
638 4120 901 4175 regnum.
927 4106 1236 4165 Lotharius
1256 4113 1447 4165 autem
1471 4120 1596 4165 erat
1623 4110 1779 4166 illius

132 4188 555 4261 primogenitus
575 4192 870 4251 Ludewici
890 4195 1278 4267 imperatoris,
1299 4212 1547 4269 amagno
1570 4198 1780 4255 Karolo

132 4279 270 4338 nati.
308 4280 448 4338 Huic
481 4286 647 4337 erant
681 4283 894 4341 fratres
923 4285 1204 4357 Pippinus
1238 4286 1408 4358 (233),
1445 4288 1690 4344 Karolus
1721 4292 1781 4345 et

135 4369 494 4427 Lndewicus.
538 4372 655 4427 Sub
687 4372 778 4428 his
810 4374 1091 4432 fratribus
1130 4376 1345 4432 bellum
1390 4377 1672 4433 famosum
1705 4378 1784 4433 fa-

132 4462 288 4517 ctum
312 4464 400 4516 est
426 4460 480 4515 in
510 4461 872 4534 Phontinieh,
909 4469 1217 4537 antequam
1253 4466 1465 4523 divisio
1500 4466 1662 4537 regni
1686 4467 1784 4524 fie-

1884 3299 1980 3367 rit,
2004 3298 2228 3367 hocquo
2249 3300 2559 3352 cernentes
2578 3296 2781 3350 hostes
2803 3308 3041 3363 regnum
3064 3292 3317 3363 undique
3337 3293 3530 3349 incur-

1884 3388 2164 3457 saverint,
2189 3385 2481 3458 principes
2502 3384 2734 3440 tandem
2760 3399 2866 3455 pro
2889 3385 2999 3439 hoc
3022 3382 3301 3453 doluisse,
3321 3397 3530 3439 conve-

1885 3476 2231 3546 nientesque
2263 3476 2319 3529 in
2354 3489 2548 3542 unum,
2592 3472 2723 3544 quia
2763 3488 2909 3543 puer
2942 3472 3127 3527 adhuc
3158 3472 3256 3526 vix
3287 3470 3531 3528 triennis

1885 3570 2033 3635 erat,
2071 3566 2354 3620 Outonem
2386 3569 2627 3636 propter
2657 3562 3004 3633 sapientiam
3035 3566 3094 3615 et
3127 3560 3530 3617 fortitudinem

1888 3668 2050 3709 suam
2075 3653 2146 3707 ad
2168 3652 2449 3708 tuendum
2481 3666 2721 3719 regnum
2753 3649 3063 3718 delegisse,
3099 3663 3210 3703 non
3240 3653 3300 3705 ut
3335 3649 3533 3705 deser-

1886 3749 2066 3811 tores,
2092 3740 2194 3796 sed
2219 3740 2376 3796 velut
2409 3740 2661 3795 hostium
2695 3738 2965 3793 incursus
2996 3737 3385 3806 indignantes.
3418 3736 3529 3791 Sed

1891 3831 2022 3903 quia
2047 3831 2197 3885 Outo
2221 3830 2438 3884 dicitur
2461 3842 2701 3897 regnum
2725 3827 2915 3897 ipsum
2936 3828 3007 3880 ab
3024 3826 3262 3880 Arnolfo
3286 3825 3530 3897 impera-

1890 3925 2020 3975 tore
2052 3918 2401 3987 obtinuisse,
2424 3915 2555 3971 indc
2582 3930 2763 3986 usque
2787 3914 2959 3970 hodie
2991 3916 3159 3985 (W10.
3186 3913 3225 3968 ι.
3252 3914 3318 3985 l.)
3349 3919 3538 3970 certa-

1893 4024 2021 4064 men
2054 4014 2142 4062 cst
2170 4006 2240 4061 de
2264 4020 2445 4075 regno
2475 4004 2645 4076 stirpi
2681 4003 2873 4060 Karoli
2895 4008 2956 4059 et
2980 4003 3238 4075 posteris
3268 4002 3535 4075 Outonis,

1892 4102 2255 4154 concertatio
2288 4110 2519 4166 quoque
2547 4094 2783 4163 regibus
2808 4092 3247 4162 Karolingorum
3272 4096 3331 4147 et
3354 4091 3542 4148 orien-

1896 4186 2095 4242 talium
2114 4186 2467 4241 Francorum
2487 4198 2663 4255 super
2684 4198 2862 4253 regno
2885 4180 3158 4237 Lotharii.
3182 4179 3429 4251 (R1cn.1,
3453 4183 3538 4250 12,

1897 4280 1983 4346 13,
2010 4279 2096 4346 14,
2125 4279 2209 4346 15,
2235 4277 2389 4346 sqq.)
2423 4274 2508 4329 Ob
2538 4272 2693 4344 quod
2714 4276 2770 4328 et
2797 4271 3101 4329 Heinricus
3122 4284 3228 4326 rex
3250 4270 3429 4327 movit
3452 4283 3545 4326 ca-

1896 4370 2017 4421 stra
2049 4368 2255 4420 contra
2286 4363 2578 4433 Karolum,
2605 4361 2871 4431 eumjam
2895 4359 3244 4432 quindennis
3274 4358 3549 4417 sublima-

1899 4458 2063 4510 retur
2090 4453 2146 4507 in
2180 4468 2443 4524 regnum,
2478 4451 2721 4523 ejusque
2752 4452 2951 4523 sepius
3001 4448 3147 4506 fudit
3194 4448 3539 4520 exercitum,

133 4552 243 4604 ret.
264 4549 438 4606 Facta
462 4555 657 4606 autem
679 4550 988 4624 divisione,
1011 4535 1257 4627 Piﬁppino
1280 4556 1463 4613 cessit
1487 4535 1694 4627 flispau

1983 4543 2160 4614 ritque
2202 4545 2436 4601 fortuna
2477 4543 2684 4600 fortem
2722 4540 2930 4598 virum.
2969 4540 3192 4597 Outone
3220 4543 3414 4596 autem
3447 4535 3544 4594 de-

133 4636 341 4694 Karolo
382 4653 625 4709 regnum
668 4642 992 4711 Aquitania
1034 4649 1093 4700 et
1136 4645 1485 4714 Wasconia;
1530 4647 1602 4702 ab
1634 4646 1786 4703 occi-

135 4726 303 4785 dente
344 4729 566 4785 habens
604 4733 917 4789 terminum
950 4734 1331 4793 Barcelonam
1369 4737 1658 4810 Hispania
1690 4753 1785 4795 ur-

136 4817 283 4886 bem,
320 4819 392 4875 ab
424 4818 694 4890 aquilone
737 4822 1130 4883 Britannicum
1166 4841 1343 4897 mare,
1376 4827 1449 4883 ad
1482 4827 1784 4884 meridiem

128 4904 264 4976 juga
297 4906 547 4979 Alpium,
599 4910 668 4965 ad
722 4911 1007 4968 orientem
1058 4914 1268 4971 Masam
1318 4915 1574 4973 fluvium.
1627 4915 1789 4972 Inter

134 4994 342 5051 Masam
388 5011 525 5052 vero
566 4998 801 5055 fluvium
834 5005 889 5056 et
924 5002 1183 5058 Rhenum
1227 5004 1502 5062 Lothario
1543 5020 1786 5076 regnum

134 5084 308 5141 cessit
331 5100 463 5142 cum
487 5085 677 5158 Italia,
704 5102 874 5158 quam
897 5090 1131 5146 vivente
1162 5093 1329 5162 patre
1362 5094 1674 5162 regendam
1697 5109 1792 5152 ac-

135 5173 309 5246 cepit.
344 5176 388 5229 A
413 5173 611 5230 Rheno
634 5180 828 5231 autem
850 5192 1038 5248 usque
1061 5177 1132 5233 ad
1157 5178 1301 5235 fines
1324 5179 1543 5237 Ylliriei
1566 5186 1626 5238 et
1648 5183 1793 5238 Pan-

135 5262 343 5333 nonia,
400 5261 650 5319 Odoram
702 5278 934 5337 quoque
981 5267 1218 5325 fluvium
1259 5274 1318 5325 et
1356 5270 1641 5327 terminos
1686 5272 1793 5329 Da-

1899 4633 2049 4690 cimo
2076 4649 2224 4691 anno
2258 4634 2420 4706 regni
2452 4632 2539 4691 sui
2569 4631 2868 4701 defuncto,
2904 4628 3218 4685 Galliarum
3251 4627 3547 4699 principes

1900 4722 2093 4780 animo
2115 4728 2172 4780 et
2198 4728 2566 4780 sacramento
2594 4721 2801 4779 annexi
2825 4723 2957 4776 sunt
2983 4718 3217 4787 Karolo,
3241 4728 3465 4772 necnon
3487 4720 3549 4771 et

1901 4814 2287 4886 Ruotpertus,
2316 4813 2563 4870 Outonis
2584 4812 2742 4883 regis
2767 4808 3025 4867 defuncti
3048 4808 3249 4877 frater,
3275 4805 3363 4862 vir
3386 4803 3551 4861 indu-

1903 4904 2106 4973 strius,
2150 4917 2279 4960 sese
2309 4902 2392 4957 illi
2424 4901 2707 4973 subdidit,
2753 4916 2922 4973 quem
2962 4898 3060 4954 ille
3100 4896 3307 4953 ducem
3349 4892 3550 4949 Gallia

1904 4992 2138 5049 Celtica
2169 4992 2433 5065 prefccit.
2469 4993 2725 5064 Cumque
2748 4992 2864 5061 jam
2889 4994 3009 5048 fere
3029 4992 3220 5045 totum
3241 4984 3554 5057 colligeret

1904 5099 2168 5155 regnum,
2204 5084 2383 5156 capit
2418 5082 2704 5155 quendam
2745 5085 3113 5153 Haganonem
3141 5094 3215 5136 ex
3246 5074 3555 5133 mediocri-

1907 5178 2017 5232 bus
2065 5173 2353 5232 extollere
2390 5179 2450 5229 et
2490 5188 2668 5245 supra
2709 5186 2910 5229 omnes
2952 5171 3245 5243 principes
3284 5167 3551 5238 diligere,

1907 5264 2051 5323 adeo
2082 5269 2166 5335 ut,
2201 5262 2573 5335 magnatibus
2606 5261 2935 5334 quibusque
2975 5259 3181 5331 procul
3218 5252 3556 5315 absistenti-

1499 5385 1737 5443 VARIE
1777 5383 2181 5447 LECTIONES.

204 5446 292 5483 ““
323 5461 623 5521 superscr.
662 5453 712 5508 i.
792 5450 884 5484 ω’
923 5451 1018 5511 ita
1052 5458 1101 5509 1.

1728 5544 1932 5601 ΝΟΤΛΕ
1947 5588 1959 5600 .

207 5636 358 5711 (233)
394 5634 593 5693 Verba
625 5634 802 5696 latius
833 5639 1026 5712 posita
1055 5639 1433 5699 Ekkehardus
1464 5641 1799 5701 Widukindi
1830 5641 2156 5701 narrationi
2188 5639 2433 5712 adjecit;
2467 5637 2541 5695 cf.
2574 5651 2774 5710 supra.
