3952 6328
435 286 554 344 899

1597 275 2076 336 EKKEHAHDI
2127 276 2676 343 URAUGIENSIS

3735 281 3862 341 900

437 414 566 482 bus,
600 413 723 484 ipse
757 411 916 480 regio
946 409 1116 465 lateri
1149 409 1310 466 solus
1341 408 1576 466 hereret
1610 408 1906 480 multaque
1930 408 2075 479 regii
2109 410 2160 470 A
2193 411 2420 467 vocavit
2448 413 2516 468 ad
2541 428 2605 468 se
2628 412 3032 480 ClSilel‘tulll,
3066 411 3158 466 cui
3191 410 3559 482 principatus
3590 409 3858 482 regionis

429 503 582 574 juris
605 500 676 558 ad
698 513 864 556 suum
889 500 984 570 jus
1013 503 1402 570 rctorqueret.
1439 498 1596 554 Unde
1630 499 1906 570 primates
1935 498 2080 554 indi-

433 591 614 662 gnati,
654 604 785 646 cum
826 587 1162 644 nullatenus
1207 593 1448 658 possent
1480 603 1609 642 eum
1641 589 1713 642 ab
1747 587 1904 642 illius
1938 587 2079 642 dile-

436 681 629 738 ctione
653 682 942 744 avertere,
970 677 1293 747 querebant
1320 675 1478 730 illum
1504 677 1574 732 de
1599 691 1776 744 regno
1802 675 2072 744 abjiecre.

435 767 610 824 Multa
637 770 832 836 itaque
856 765 1141 820 adversus
1163 779 1293 820 eum
1320 763 1526 831 moliti,
1554 764 1624 819 ad
1651 765 1916 820 ultimum
1948 779 2080 819 con-

436 861 744 922 venerunt,
771 855 1274 924 Ruotpertumque
1299 853 1524 922 ducem,
1553 853 1788 909 fratrem
1815 853 2074 922 Outonis,

438 957 633 1013 regem
666 941 1120 997 constituerunt.
1158 939 1452 996 Adversus
1484 954 1652 1010 quem
1677 940 1810 996 dum
1836 941 2079 996 Karolus

437 1031 652 1089 bellum
686 1034 1048 1102 prepararet,
1075 1035 1131 1084 et
1158 1029 1212 1084 in
1238 1043 1483 1101 pugnam
1509 1030 1902 1097 convenirent,
1930 1029 2081 1084 occi-

438 1136 540 1178 sus
559 1125 651 1176 est
675 1121 1057 1188 Iluotpertus,
1091 1121 1148 1172 et
1172 1133 1240 1172 ex
1265 1120 1430 1188 parte
1451 1118 1578 1187 ejus
1603 1120 1794 1186 11349,
1820 1132 1890 1172 ex
1914 1120 2080 1188 parte

437 1223 577 1265 vero
607 1206 797 1262 Karoli
830 1209 988 1261 7118.
1031 1207 1217 1275 (Rion.
1255 1221 1313 1275 11,
1354 1211 1398 1274 1,
1431 1207 1507 1274 2.)
1543 1206 1702 1273 Hugo
1733 1219 1889 1274 vero,
1926 1205 2081 1262 illius

440 1295 770 1366 Rnotperti,
803 1293 990 1350 adhuc
1017 1293 1382 1359 adolescens,
1425 1292 1544 1362 egit
1585 1292 1733 1363 apud
1779 1307 2082 1362 quoscum-

439 1401 552 1456 que
578 1385 786 1456 potuit,
815 1383 1174 1452 maximeque
1198 1382 1348 1452 apud
1377 1381 1744 1437 Heribertum
1767 1387 2077 1450 cognatum

439 1487 626 1542 suum,
681 1487 776 1542 qui
827 1475 955 1526 erat
1003 1484 1151 1525 unus
1198 1484 1268 1525 ex
1319 1469 1704 1538 magnatibus,
1743 1473 1801 1524 ut
1839 1470 1892 1524 in
1925 1469 2080 1539 deje-

439 1562 690 1618 ctionem
715 1558 907 1616 Karoli
941 1558 1068 1614 loco
1099 1557 1283 1628 patris
1316 1557 1406 1612 sui
1438 1557 1586 1612 alius
1619 1573 1718 1612 rex
1751 1563 2075 1625 crearetur,

439 1665 503 1706 se
526 1651 711 1721 ipsum
735 1663 872 1705 vero
896 1647 1220 1718 promoveri
1253 1645 1510 1716 nolebat,
1541 1645 1672 1716 quia
1698 1647 1881 1717 patris
1903 1647 2079 1704 inter-

425 1739 603 1794 fectio
627 1737 771 1794 illud
796 1736 1211 1826 dissnadebat.
1229 1735 1414 1826 Igitur
1442 1735 1785 1826 con-vocatis
1805 1735 2078 1826 principi-
2103 1766 2158 1826 B

433 1829 561 1896 bus,
583 1826 949 1893 Ruodolfnm,
968 1824 1237 1879 Richardi
1265 1823 1691 1892 Burgundionis
1711 1823 1910 1893 ﬁlium,
1928 1824 2074 1879 satis

427 1929 500 1974 eo
523 1915 893 1983 reclamante,
931 1928 1122 1982 regem
1147 1912 1535 1981 constituunt,
1563 1912 1746 1968 virum
1771 1917 2071 1968 strenuum

427 2007 488 2060 et
511 2003 854 2059 liberalibus
879 2001 1438 2070 artibnsernditum,
1469 2001 1563 2072 qui
1598 2001 1768 2072 (234),
1803 2005 1862 2057 ut
1895 2016 2072 2071 supra

431 2092 650 2148 dictum
682 2097 771 2148 est
803 2089 914 2159 ωδ,
951 2090 1046 2158 (cf.
1080 2090 1158 2146 ib.
1185 2105 1224 2160 1,
1249 2093 1360 2160 47.)
1393 2091 1711 2145 Burchardi
1747 2091 1914 2146 ducis
1946 2091 2074 2146 Ala-

427 2180 672 2236 manniae
697 2179 870 2235 ﬁliam
898 2179 1124 2234 nomine
1151 2179 1438 2243 Bcrtham,
1470 2177 1582 2234 sibi
1603 2178 1922 2248 copulavit,
1951 2178 2073 2248 qui-

427 2283 538 2340 que
560 2273 690 2340 post
709 2269 781 2324 ab
801 2267 1018 2323 Italicis
1039 2266 1324 2332 adversus
1351 2267 1758 2334 Berengarium
1784 2267 2070 2322 seniorem

424 2363 692 2426 vocatus,
711 2356 810 2412 illo
829 2357 1161 2426 interfecto,
1183 2371 1319 2426 regn
1332 2373 1420 2412 um
1441 2355 1618 2411 Italia:
1633 2357 1970 2426 aliquandiu
1983 2357 2072 2390 ³³⁸⁸

424 2445 636 2515 tenuit,
658 2446 865 2514 donec,
889 2459 1093 2500 socero
1113 2459 1219 2500 suo
1241 2445 1295 2499 in
1318 2444 1591 2500 auxilium
1614 2451 1816 2500 contra
1837 2444 2069 2500 eosdem

426 2535 538 2592 sibi
572 2534 760 2590 denuo
795 2533 1144 2589 resistentes
1176 2537 1382 2588 vocato
1415 2533 1742 2602 ibidemque
1771 2535 1842 2589 ab
1873 2533 1958 2589 eis
1993 2534 2072 2589 in-

423 2623 692 2692 terfecto,
737 2623 962 2677 Italiam
1006 2621 1266 2691 reliquit,
1310 2627 1367 2676 et
1414 2622 1799 2690 Bnrgundiam
1843 2623 2064 2678 revisit.

424 2713 588 2781 Hugo
625 2726 763 2766 vero
805 2725 1000 2766 comes
1046 2709 1470 2765 Arelatensium
1505 2711 1577 2764 ab
1609 2709 1770 2765 Italis
1804 2717 2066 2780 vocatus,

423 2813 666 2869 regnum
696 2799 943 2870 accepit,
979 2799 1034 2853 in
1055 2814 1167 2868 quo
1191 2797 1369 2852 ﬁlium
1395 2813 1466 2852 ex
1492 2813 1671 2853 uxore
1707 2814 1807 2854 sua
1840 2815 2070 2856 nomine

423 2885 586 2958 Alda,
638 2887 707 2942 de
757 2887 1268 2942 Ostrofrancorum
1317 2885 1502 2956 stirpe
1550 2883 1661 2955 "‘5,
1714 2889 2065 2956 procreavit,

423 2992 591 3050 quem
624 2981 685 3031 et
719 2974 1048 3030 [.otharium
1089 2975 1317 3028 vocavit
1355 2973 1732 3043 adultumqne
1766 2958 1961 3044 regem
1997 2978 2072 3032 fe-

419 3065 532 3132 cit;
568 3063 668 3120 sed
708 3065 991 3118 ambobus
1034 3069 1238 3132 postea
1283 3061 1486 3132 pulsis,
1533 3063 1935 3134 Berengarins,
1974 3065 2069 3135 qui

421 3159 624 3226 postea
663 3153 1002 3220 Babenberg
1031 3151 1378 3220 deportatus
1402 3149 1478 3205 ibi
1505 3149 1812 3207 defunctus
1843 3158 1948 3222 est,
1986 3169 2072 3208 re-

419 3242 618 3314 gnavit
651 3240 742 3309 (cf.
785 3242 1016 3295 Liuorn.
1052 3253 1111 3307 11,
1147 3241 1217 3292 60
1246 3253 1407 3308 sqq.,
1444 3254 1524 3308 111,
1562 3244 1622 3294 13
1657 3255 1811 3310 sqq.,
1854 3245 1936 3311 16,
1969 3246 2068 3309 '20;

418 3347 496 3401 ιν,
517 3335 580 3398 2;
605 3345 656 3398 ν,
679 3332 748 3382 27
772 3331 948 3399 sqq.).
983 3329 1169 3395 (R1011.
1199 3342 1234 3396 1,
1264 3331 1351 3397 47,
1385 3329 1496 3398 65.)
1533 3329 1816 3384 Iluodolfo
1851 3335 2068 3400 autem,

417 3421 482 3477 ut
516 3417 733 3475 dictum
775 3421 886 3485 est,
922 3416 974 3470 in
1009 3430 1245 3484 regnum
1287 3415 1480 3471 Karoli
1528 3416 1863 3486 sublimato,
1913 3418 2076 3479 Ileri-

418 3509 624 3565 bertus
661 3505 964 3578 predictus
992 3505 1236 3560 consilio
1267 3505 1524 3574 Ilugonis
1555 3507 1787 3575 cognati
1817 3507 1925 3576 sui,
1963 3507 2068 3563 ﬁlii

415 3594 756 3667 Ruotperti,
797 3591 1066 3648 Karolum
1109 3592 1245 3648 dolo
1287 3593 1464 3663 cepit,
1506 3609 1754 3664 eumque
1787 3595 1843 3650 in
1875 3600 2072 3669 custo_

417 3684 570 3742 diam
595 3683 819 3756 posuit;
856 3681 912 3737 in
946 3696 1056 3752 qua
1079 3685 1138 3737 et
1162 3681 1336 3738 vitam
1372 3683 1554 3738 ﬁnivit
1589 3681 1685 3752 (cf.
1713 3685 1860 3739 W111.
1889 3700 1923 3754 1,
1953 3688 2068 3759 30),

413 3773 624 3831 Habuit
659 3779 851 3829 autem
887 3770 1067 3826 ﬁlium
1099 3771 1328 3827 nomine
1356 3771 1729 3827 Ludewicum
1761 3788 1833 3828 ex
1861 3789 2070 3830 sorore

411 3861 712 3920 Adelstani
757 3860 914 3929 regis
957 3859 1342 3928 Britanorum,
1379 3874 1548 3928 quem
1582 3859 1636 3914 in
1670 3861 2066 3931 perturbatio-

410 3949 500 4009 nis
531 3965 651 4006 suae
681 3949 935 4021 procella
969 3949 1292 4005 transmisit
1328 3948 1400 4003 ad
1431 3940 1675 4003 eundem
1709 3950 2063 4007 avunculum

412 4054 614 4105 suum;
664 4039 817 4095 unde
861 4044 998 4109 post
1047 4043 1293 4094 mortem
1327 4036 1592 4093 Ruodolﬁ
1628 4039 1783 4108 regis
1815 4041 2062 4097 consilio

413 4128 671 4200 Hugonis
703 4129 953 4200 predicti
985 4128 1282 4197 reduetus,
1317 4142 1556 4197 regnum
1590 4130 1774 4200 patris
1807 4131 2058 4201 recepit;

409 4218 503 4276 cui
526 4222 718 4274 tamen
742 4217 892 4272 idem
916 4219 1079 4286 Hugo
1103 4217 1219 4272 dux
1244 4219 1446 4286 postea
1479 4217 1804 4273 rebellavit.

485 4308 654 4377 ἂνω.
682 4321 719 4377 1,
745 4307 858 4378 30.)
888 4304 1194 4360 Ileinricus
1224 4310 1416 4360 autem
1451 4321 1556 4362 rex
1584 4305 1827 4364 audiens
1859 4322 2054 4364 casum

412 4395 627 4468 Karoli,
661 4395 916 4466 dolebat,
949 4394 1327 4465 humanaeque
1364 4395 1774 4454 mutabilitatis
1800 4413 2051 4454 commu-

2195 504 2432 569 paterna
2461 501 2836 557 successione
2857 501 3058 570 cessit,
3090 513 3338 569 eumque
3365 499 3700 555 venientem
3726 508 3856 557 arte

2191 588 2424 658 cepitet
2451 591 2560 645 sub
2585 589 2848 646 custodia
2875 589 2997 658 regi
3025 588 3296 644 Heinrico
3324 588 3676 644 transmisit.
3716 589 3856 644 Erat

2191 682 2383 731 autem
2420 677 2774 733 Gisilbertus
2807 677 2987 732 nobili
3020 690 3236 746 genere
3260 690 3327 731 ac
3359 676 3576 732 familia
3607 676 3851 747 antiqua

2192 768 2362 821 natus
2432 765 2611 831 Quem
2661 781 2762 822 rex
2811 766 2958 821 satis
3007 765 3177 821 laetus
3227 765 3506 836 suscepit,
3560 765 3698 835 quia
3749 780 3856 836 per

2193 853 2380 924 ipsum
2415 855 2601 911 solum
2633 859 2820 911 totum
2851 854 3105 910 Lotharii
3140 869 3380 924 regnum
3413 869 3474 910 se
3507 854 3852 911 habiturum

2191 943 2515 998 arbitratus
2547 949 2657 999 est.
2707 944 2920 999 Deinde
2957 943 3163 998 videns
3203 941 3639 998 adolescentem
3678 941 3852 997 valde

2193 1030 2566 1101 industrium,
2589 1047 2802 1101 genere
2823 1046 2884 1087 ac
2912 1036 3207 1102 potestate
3231 1030 3570 1101 divitiisque
3593 1030 3846 1100 clarum,

2193 1116 2518 1174 liberaliter
2545 1134 2674 1174 eum
2699 1119 2874 1190 coepit
2910 1119 3146 1189 habere,
3173 1133 3240 1174 ac
3263 1125 3562 1189 postremo
3597 1117 3850 1190 despon-

2191 1210 2314 1262 sata
2337 1207 2447 1262 sibi
2469 1207 2582 1262 ﬁlia
2609 1223 2711 1263 sua
2739 1207 2966 1262 nomine
2993 1207 3292 1276 Gerbirga,
3315 1207 3597 1262 affinitate
3621 1207 3850 1277 pariter

2191 1300 2248 1350 et
2299 1295 2562 1351 amicicia
2604 1296 2794 1364 junxit
2845 1311 2974 1352 cum
3032 1295 3164 1365 sibi,
3222 1295 3532 1364 sublegato
3587 1294 3639 1350 ei
3694 1295 3846 1350 omni

2192 1384 2445 1439 Lotharii
2481 1399 2678 1453 regno.
2717 1386 2786 1440 Et
2817 1385 2925 1440 hoc
2953 1385 3116 1454 juxta
3161 1383 3619 1455 descriptionem
3655 1383 3850 1453 cujus-

2193 1473 2319 1528 dam
2358 1474 2618 1528 monachi
2652 1473 3022 1529 Corbeicnsis
3051 1471 3160 1543 1’“,
3195 1475 3266 1528 de
3298 1471 3522 1540 origine
3555 1472 3844 1528 Saxonum

2192 1567 2248 1616 et
2285 1576 2480 1630 regum
2513 1563 2714 1618 horum
2748 1567 2934 1632 gestis
2967 1561 3306 1617 scribentis.
3343 1563 3445 1616 Est
3467 1566 3664 1617 autem
3698 1559 3846 1616 alius

2192 1650 2422 1720 quidam
2447 1652 2972 1723 hysteriographus
3007 1650 3318 1722 (Brem-111.),
3352 1656 3617 1720 tempora
3648 1650 3840 1706 Karoli

2192 1739 2383 1809 hujus,
2434 1739 2602 1810 cujus
2657 1739 2990 1795 memoriam
3054 1754 3155 1810 pre
3215 1739 3480 1794 manibus
3537 1739 3840 1807 habemus,

2189 1842 2545 1898 suorumque
2575 1843 2980 1884 successorum
3013 1828 3302 1897 digerens,
3332 1827 3427 1898 qui
3452 1825 3684 1894 scribit,
3710 1840 3845 1883 eun-

2189 1915 2315 1971 dem
2367 1917 2757 1973 Giselbertum
2813 1917 2987 1972 ﬁliam
3039 1917 3290 1972 lleinrici
3347 1916 3610 1986 duxisse,
3660 1917 3822 1988 prius

2187 2019 2356 2074 quam
2384 2019 2487 2060 rex
2509 2005 2695 2073 ﬁeret,
2731 2005 2862 2060 dum
2897 2004 3086 2061 adhuc
3118 2005 3393 2060 ducatum
3425 2003 3846 2060 amministras-

2185 2098 2295 2162 set,
2325 2109 2629 2164 ipsumque
2659 2093 2986 2149 Ilcinricum
3011 2108 3040 2148 a
3066 2093 3274 2150 Karolo
3299 2095 3577 2150 ducatum
3606 2092 3846 2148 Saxoni-

2183 2197 2314 2238 cum
2349 2181 2666 2252 accepisse,
2703 2186 2761 2237 et
2794 2197 2925 2238 eum
2955 2197 3020 2238 ac
3053 2183 3464 2252 Ruotpertum,
3501 2181 3598 2251 qui
3635 2187 3841 2252 postea

2185 2285 2286 2324 rex
2325 2271 2514 2326 factus
2545 2277 2656 2335 est,
2692 2271 2844 2325 inter
2879 2269 3190 2341 principes,
3234 2271 3330 2340 qui
3359 2284 3389 2325 a
3421 2284 3562 2339 rege
3595 2273 3842 2340 propter

2182 2359 2574 2428 Haganoncm,
2609 2363 2668 2414 ut
2703 2358 3031 2429 predictum
3075 2363 3187 2428 est,
3221 2359 3579 2428 defecerant,
3617 2357 3838 2428 primos

2182 2447 2382 2502 fuisse.
2421 2448 2509 2503 Sic
2542 2448 2692 2502 enim
2727 2447 2868 2502 dicit
2893 2446 2954 2516 (1,
2984 2450 3070 2518 14)
3097 2466 3110 2500 :
3139 2465 3167 2497 «
3195 2445 3375 2502 Gallia
3411 2445 3632 2502 Celtica
3665 2446 3841 2502 Ruct-

2183 2540 2352 2606 perto
2401 2535 2634 2604 collata,
2700 2535 2947 2591 Karolus
2998 2535 3301 2591 Saxoniam
3351 2534 3600 2590 secedit.
3665 2535 3840 2604 Cujus

2183 2625 2358 2679 urbes
2381 2625 2666 2694 sedesque
2690 2623 2882 2693 regias
2908 2623 3293 2694 perlustrans,
3329 2623 3490 2679 nullo
3515 2623 3835 2680 resistente

2181 2712 2456 2784 obtinuit,
2485 2713 2561 2766 ibi
2587 2728 2818 2783 quoque
2851 2713 3199 2783 Heinricum,
3235 2712 3398 2782 regio
3428 2726 3649 2782 genere
3678 2711 3839 2766 incli-

2181 2805 2302 2856 tum
2338 2816 2402 2856 ac
2435 2801 2568 2856 inde
2608 2803 2917 2858 oriundum
2969 2803 3196 2871 ducem,
3249 2801 3522 2857 omnibus
3574 2801 3773 2857 donat.
3809 2821 3834 2852 η

2183 2889 2248 2944 Et
2275 2894 2401 2960 post
2429 2905 2608 2960 pauca
2633 2891 2782 2962 (23:5)
2811 2909 2822 2944 :
2857 2892 3132 2946 «Interea
3159 2889 3472 2946 Galliarum
3497 2889 3749 2946 urbibus
3772 2905 3835 2945 ac

2181 2977 2411 3048 oppidis
2445 2979 2688 3032 ﬁrmiter
2735 2979 3014 3048 obtentis,
3047 2994 3175 3034 cum
3209 2978 3504 3050 paschalis
3547 2977 3838 3034 sollemni-

2185 3071 2275 3122 tas
2307 3066 2652 3136 immineret,
2687 3066 3032 3136 Aquisgrani
3068 3067 3282 3138 palatio
3315 3083 3418 3122 rex
3443 3081 3580 3122 sese
3614 3068 3835 3138 recepit

2185 3155 2276 3224 (cf.
2314 3154 2390 3210 ib.
2419 3169 2456 3222 1,
2490 3159 2594 3226 16).
2631 3155 2751 3210 Iluc
2781 3169 2852 3209 ex
2883 3155 3036 3209 omni
3071 3155 3251 3210 Gallia
3285 3155 3588 3226 principes
3621 3155 3836 3210 conﬁu-

2185 3247 2318 3310 unt;
2341 3243 2453 3298 huc
2476 3243 2650 3297 etiam
2677 3242 3000 3299 mediocres
3021 3243 3202 3300 multo
3225 3244 3422 3299 favore
3444 3244 3834 3309 conveniunt;

2185 3337 2385 3387 assunt
2415 3337 2474 3386 et
2505 3331 2702 3400 duces,
2741 3348 2810 3386 ex
2849 3333 3092 3388 Saxonia
3134 3331 3365 3403 quidem
3399 3332 3733 3402 IIeinricus,
3765 3347 3835 3388 ex

2185 3419 2364 3475 Gallia
2405 3422 2783 3490 Ruotpertus.
2819 3421 3071 3476 Cottidie
3103 3436 3276 3477 secus
3310 3421 3464 3476 fores
3499 3421 3648 3490 regii
3678 3421 3834 3476 cubi-

2182 3508 2298 3564 culi
2323 3515 2586 3574 manent;
2611 3509 2852 3565 cottidie
2874 3524 3171 3578 egressum
3199 3510 3352 3578 regis
3375 3524 3405 3565 a
3429 3509 3832 3580 penetralibus

2183 3599 2331 3653 aulae
2380 3598 2802 3668 prestolantur.
2855 3599 2992 3654 Cum
3037 3613 3175 3654 vero
3217 3598 3437 3654 nullum
3472 3599 3562 3653 eis
3597 3599 3670 3654 ab
3701 3612 3835 3670 rege

2182 3702 2522 3757 responsum
2557 3702 2658 3758 per
2691 3687 2816 3742 dies
2856 3691 3108 3756 quatuor
3139 3687 3400 3756 daretur,
3437 3687 3746 3744 Heinricus
3778 3686 3830 3742 id

2182 3777 2590 3832 molestissime
2616 3776 2822 3845 ferens,
2849 3776 3067 3832 dixisse
3092 3777 3297 3847 fertur,
3335 3781 3432 3831 aut
3458 3777 3828 3846 Haganonem

2180 3867 2528 3935 quandoque
2568 3880 2696 3920 cum
2742 3865 2950 3921 Il'r‘urolo
2989 3869 3388 3935 regnaturum,
3421 3869 3524 3920 aut
3557 3864 3824 3921 Karolum

2177 3967 2305 4008 cum
2355 3955 2662 4022 Ilaganone
2693 3952 2764 4008 ad
2799 3969 2992 4009 rerum
3037 3953 3501 4010 mediocritatem
3551 3952 3826 4009 deventu-

2175 4057 2332 4108 rum;
2366 4041 2788 4112 indignansque
2812 4057 2945 4112 rege
2969 4042 3302 4098 inconsulto
3327 4041 3626 4098 discessit.
3665 4041 3822 4108 Quod

2173 4146 2277 4186 rex
2305 4131 2553 4185 moleste
2595 4131 2788 4186 ferens
2817 4147 2946 4187 eum
2978 4146 3256 4187 revocare
3295 4131 3594 4202 cupiebat,
3629 4136 3689 4186 et
3719 4145 3820 4202 pro

2171 4218 2277 4274 hac
2301 4234 2362 4274 re
2386 4219 2896 4288 metropolitanum
2942 4219 3313 4276 Remensium
3345 4219 3658 4276 Ileriveum
3690 4219 3821 4274 diri-

2168 4309 2362 4377 gebat.
2401 4308 2660 4379 (B1cnsn.
2692 4323 2736 4378 1,
2762 4311 2974 4380 22-24.)
3009 4309 3186 4378 Cujus
3219 4308 3518 4365 luculenta
3550 4313 3614 4364 et
3642 4307 3815 4364 amica

2169 4397 2433 4452 oratione
2468 4411 2786 4468 persuasus
2827 4395 2944 4452 dux
2973 4397 3280 4454 Heinricus
3307 4398 3376 4453 ad
3413 4411 3612 4466 regem
3646 4394 3810 4464 redit,

412 4499 542 4543 nem
575 4484 916 4541 ammiratus
956 4487 1046 4537 est
1089 4482 1400 4553 fortunam,
1445 4483 1846 4556 judicavitqne
1879 4486 2054 4542 absti-
2083 4473 2136 4534 D
2170 4485 2469 4556 multoque
2502 4485 2836 4542 ambitionis
2867 4486 3084 4542 honore
3107 4492 3242 4542 ante
3264 4500 3397 4542 eum
3422 4485 3739 4554 admissus,
3763 4483 3813 4538 in

411 4587 552 4632 nere
584 4573 816 4646 quidem
839 4573 912 4629 ab
935 4571 1130 4642 armis,
1165 4587 1365 4628 verum
1397 4574 1592 4644 potius
1618 4577 1745 4629 arte
1777 4589 2053 4646 superan-

409 4665 516 4724 dos
543 4663 774 4738 putavit
805 4661 1204 4734 Lotharingos,
1231 4661 1363 4734 quia
1385 4677 1528 4733 gens
1551 4663 1707 4718 varia
1734 4667 1860 4719 erat
1885 4668 1942 4719 et
1966 4679 2054 4720 ar-

409 4754 570 4814 tibus
603 4757 862 4824 assueta,
899 4751 1068 4809 bellis
1097 4756 1362 4824 prompta
1397 4751 1742 4823 mobilisque
1764 4754 1836 4809 ad
1858 4768 2052 4810 rerum

407 4845 721 4900 novitates.
756 4843 893 4898 Erat
924 4855 992 4898 eo
1021 4845 1284 4913 tempore
1323 4839 1555 4912 quidam
1584 4840 1655 4896 de
1690 4842 2053 4914 Lotharingis

410 4933 640 4990 nomine
673 4931 1016 5004 Cristianus,
1051 4931 1149 5002 qui
1177 4930 1379 4986 videns
1401 4929 1523 5000 regi
1547 4930 1814 4988 Heinrico
1844 4938 2050 4990 cuncta

407 5035 691 5095 prospere
747 5021 977 5090 cedere,
1037 5019 1312 5091 quesivit,
1373 5019 1660 5091 quomodo
1715 5021 1867 5094 apud
1921 5038 2051 5080 eum

407 5111 613 5184 majori
636 5111 1028 5168 honoraretur
1046 5108 1236 5181 gratia
1264 5129 1276 5165 :
1300 5115 1356 5166 et
1391 5109 1658 5168 simulata
1690 5112 2048 5190 inﬁrmitate,

2170 4576 2448 4647 precipuo
2479 4575 2683 4645 gratiae
2733 4575 2861 4632 loco
2907 4575 3357 4632 familiarissime
3404 4575 3712 4646 recipitur.
3757 4573 3811 4641 (1,

2167 4668 2281 4736 34.)
2313 4666 2428 4720 Hac
2455 4669 2810 4736 tempestate
2832 4665 3169 4735 Ragenerus
3193 4665 3282 4721 vir
3305 4663 3539 4734 nobilis,
3567 4663 3812 4735 partium

2165 4753 2359 4810 Karoli
2403 4753 2727 4810 ﬁdissimus
2765 4759 2950 4824 tutor,
2995 4754 3166 4810 ﬁnem
3197 4755 3334 4810 vitze
3364 4753 3619 4824 accepit,
3654 4751 3809 4820 cujus

2164 4843 2426 4914 exequiis
2453 4842 2702 4900 Karolus
2735 4842 3032 4910 interfuit;
3073 4843 3280 4914 hisque
3323 4842 3604 4916 peractis,
3639 4839 3809 4897 Gisel-

2167 4933 2354 5004 berto,
2406 4931 2532 5002 ejus
2582 4931 2698 4988 tilio
2737 4931 2856 5002 jam
2905 4931 3126 5003 adulto,
3178 4941 3487 5006 paternum
3536 4932 3804 4988 honorem

2164 5039 2361 5082 coram
2411 5022 2774 5096 principibus
2813 5022 2909 5094 qui
2941 5023 3350 5078 conﬂuxerant
3395 5019 3802 5078 liberalissime

2163 5113 2430 5173 contulit.
2463 5113 2524 5186 (1,
2551 5117 2616 5170 35
2639 5117 2794 5186 sqq.)
2815 5115 2920 5170 Hic
2942 5128 3074 5171 cum
3095 5117 3258 5170 esset
3280 5111 3494 5185 opibus
3517 5116 3580 5167 et
3601 5120 3801 5182 genere

1769 5224 2006 5284 VARUE
2045 5227 2338 5288 LECTION
2345 5225 2444 5282 ES.

475 5311 568 5350 “‘3
594 5328 886 5392 superscr.
921 5322 972 5376 1-
1049 5316 1140 5356 ιω
1171 5317 1508 5391 aliquandiu
1546 5325 1596 5378 1.
1675 5319 1766 5356 1’“
1790 5337 2082 5398 superscr.
2117 5334 2168 5384 1.
2247 5323 2338 5358 ¹¹⁴⁶
2371 5320 2541 5380 Corb.
2576 5319 2878 5378 Witikindi
2908 5319 3139 5376 nomine
3170 5320 3270 5374 D1.

1993 5423 2214 5482 NOTE.

476 5497 628 5581 (233$)
672 5505 900 5581 Iterum
929 5506 1328 5581 __Ekkehard_us
1375 5523 1580 5581 magno
1628 5525 1829 5570 errore
1869 5528 1964 5570 res
2013 5529 2044 5570 a

396 5569 1022 5678 regibusBurgundiaa
1049 5585 1104 5634 et
1139 5577 1338 5636 Galliae
1365 5569 1565 5650 gestas
1585 5581 1682 5638 uni
1708 5569 1934 5642 tribuit.

2227 5512 2376 5638 (235)
2404 5510 2543 5578 Quae
2569 5511 2918 5590 sequuntur,
2945 5507 3003 5564 in
3024 5505 3256 5566 Ricberi
3279 5509 3448 5565 textu
3470 5504 3795 5563 desideran-

2227 5599 2283 5638 r:
2313 5596 2386 5638 ο.
2423 5581 2839 5638 praefationem.

2155 5581 2283 5655 tur;
2313 5581 2386 5642 cf.
2420 5581 2839 5655 pretationem.
