3952 6310
101 323 219 383 909

100 454 378 515 omnibus
416 454 679 525 ejuseem
717 451 976 509 civitatis
1012 450 1463 507 habitatoribus.
1500 452 1612 506 Pro
1643 466 1754 521 qua
1794 464 1847 523 Α

102 544 550 618 presumptione
583 540 1032 612 condempnavit
1070 555 1198 595 eum
1233 543 1466 596 centum
1496 540 1760 610 talentis,

101 648 427 704 omnesque
453 631 769 703 principes,
807 629 905 699 qui
938 629 1009 683 ad
1046 628 1153 683 hoc
1187 643 1315 683 cum
1343 628 1626 696 juvabant
1649 626 1761 695 “3°,

101 723 404 779 dedecore
453 734 659 776 canum
711 733 859 787 quos
888 718 1198 788 portabant
1245 731 1430 786 usque
1461 716 1532 770 ad
1561 717 1764 771 urbem

105 813 332 882 regiam
357 824 485 881 quae
526 808 745 864 dicitur
773 806 1157 875 Magedcburg
1178 804 1197 837 ι
1225 804 1289 860 δι.
1324 806 1485 860 Unde
1516 818 1766 859 commo-

105 909 201 956 tus
232 897 629 965 Eberhardus,
682 895 875 965 junxit
910 909 970 949 se
1003 894 1345 963 Dankmaro,
1399 893 1764 962 collectaque

102 989 299 1048 valida
322 1002 517 1053 manu,
543 988 845 1057 obpugnat
886 983 1221 1054 praesidium
1241 984 1393 1053 quod
1415 983 1632 1039 dicitur
1665 984 1765 1036 Ba-

105 1079 270 1136 diliki
296 1075 411 1140 “3’,
446 1076 500 1130 in
536 1090 649 1145 quo
681 1076 806 1128 erat
844 1072 1168 1141 Heinricus,
1197 1071 1376 1125 frater
1400 1071 1575 1139 regis,
1603 1070 1764 1139 juve-

102 1170 199 1225 nis
230 1166 324 1200 ¹³³³
357 1165 548 1222 adhuc
586 1181 599 1229 ;
637 1163 890 1232 dataque
922 1159 1206 1215 militibus
1234 1161 1356 1216 suis
1388 1161 1565 1230 preda
1597 1161 1761 1215 urbis

102 1256 215 1325 ³³³⁸,
255 1254 501 1311 abduxit
556 1264 750 1306 secum
801 1249 1130 1303 Heiuricnm
1183 1250 1346 1318 quasi
1379 1248 1491 1303 vile
1552 1249 1763 1305 manci-

106 1348 286 1419 pium.
326 1342 543 1399 Dehine
573 1338 666 1373 1³³⁵
694 1338 868 1409 coepit
902 1338 1260 1392 Dankmarus
1288 1336 1377 1369 1³³⁸
1400 1338 1599 1392 urbem
1635 1352 1763 1407 quae

107 1435 334 1491 dicitur
383 1429 703 1499 Hereburg,
760 1426 1029 1497 seditque
1080 1426 1133 1480 in
1186 1440 1271 1496 ea,
1306 1431 1364 1480 et
1417 1425 1598 1480 multa
1631 1426 1763 1481 inde

108 1522 382 1579 exercuit
430 1517 756 1575 latrocinia.
805 1517 922 1570 Rex
957 1519 1146 1570 autem
1198 1514 1330 1569 licet
1383 1514 1600 1570 invitus
1631 1528 1760 1569 cum

108 1629 159 1667 m
172 1612 302 1668 ulto
315 1610 595 1666 comitatu
613 1605 870 1677 perrexit
887 1604 1042 1672 illuc,
1061 1604 1129 1658 ad
1154 1603 1575 1674 reprimendam
1602 1604 1759 1658 illius

108 1699 506 1755 insolentiam.
559 1695 727 1750 Cives
773 1697 966 1749 autem
1030 1693 1189 1747 urbis
1217 1691 1476 1760 ejusdem
1538 1691 1759 1762 apertis

108 1788 311 1861 portis
341 1786 788 1842 introduxerunt
834 1781 1156 1837 exercitum
1189 1780 1364 1849 regis.
1400 1780 1757 1835 Dankmarus
1787 1818 1839 1875 B

103 1893 249 1934 vero
276 1875 572 1944 fugiensin
586 1872 907 1928 {ecclesiam
933 1870 1086 1926 beati
1105 1870 1257 1923 Petri
1276 1868 1548 1939 apostoli,
1571 1872 1757 1923 stans-

108 1965 401 2037 quejuxta
427 1963 632 2029 altare,
660 1959 946 2031 depositis
969 1959 1221 2028 desuper
1236 1957 1433 2026 armis,
1461 1970 1489 2010 a
1508 1957 1755 2026 quodam

108 2070 215 2126 per
241 2055 557 2108 fenestram
582 2065 611 2105 a
636 2054 801 2117 tergo
825 2048 1123 2119 perfossus
1141 2051 1247 2102 est.
1265 2045 1639 2126 Eberhardus
1663 2061 1759 2101 au-

106 2124 224 2190 tem
256 2132 590 2188 Heiuricum
638 2129 844 2184 habuit
875 2142 1088 2182 secum.
1145 2126 1251 2191 Qui
1284 2124 1526 2180 audiens
1558 2139 1757 2180 necem

105 2219 439 2289 Dankmari,
477 2220 699 2273 fractus
730 2217 917 2271 animo
940 2215 1334 2286 prosternitur
1365 2229 1471 2269 suo
1502 2214 1754 2285 captivo,

102 2312 336 2368 veniam
364 2308 509 2382 petit
531 2321 597 2363 ac
621 2306 893 2377 nequiter
915 2303 1262 2374 promeruit,
1290 2317 1354 2358 ea
1381 2303 1602 2359 scilicet
1627 2318 1760 2359 con-

105 2400 353 2469 ditione,
381 2400 676 2454 utcontra
701 2394 994 2450 dominum
1027 2398 1086 2448 et
1111 2394 1344 2447 fratrem
1372 2408 1536 2448 suum
1563 2407 1757 2448 secum

103 2490 331 2545 faceret
373 2485 859 2556 conjurationem,
894 2488 950 2538 et
995 2483 1043 2538 si
1078 2482 1199 2538 fieri
1236 2484 1453 2553 posset,
1488 2482 1614 2552 ipse
1647 2482 1787 2536 sibi.

101 2592 385 2635 coronam
416 2577 760 2647 imponeret.
798 2572 1104 2628 lleinricus
1132 2587 1271 2628 vero
1294 2586 1362 2626 eo
1385 2576 1646 2641 tempore
1679 2572 1761 2626 ni-

107 2668 223 2723 mis
248 2664 593 2723 adolescens
617 2668 813 2719 eratet
835 2660 1449 2732 regnandicupiditate
1476 2661 1757 2716 fervebat.

105 2757 370 2825 (Ltcnrn.
406 2769 479 2823 1v,
520 2757 607 2823 20,
640 2754 754 2823 22.)
789 2751 1161 2806 Eberhardus
1195 2763 1332 2804 sane
1367 2749 1756 2805 Giselbertum

103 2843 595 2912 Lotharingorum
616 2839 820 2896 ducem
837 2855 864 2895 a
890 2836 977 2870 ³³³⁷
998 2837 1152 2907 regis
1171 2836 1449 2891 ﬁdelitate
1464 2835 1758 2905 disjunxe-

102 2936 221 3002 rat,
244 2931 413 3002 cujus
435 2930 724 2999 adjutorio
748 2928 869 2997 regi
893 2942 1005 2982 non
1032 2926 1254 2981 modice
1283 2924 1619 2979 resistebat.
1649 2924 1755 2989 Qui

102 3020 478 3076 Giselbertus
507 3032 849 3089 quamquam
883 3030 1145 3071 sororem
1178 3014 1329 3083 regis
1347 3013 1587 3068 haberet
1620 3028 1760 3069 uxo-

103 3124 250 3177 rem,
300 3108 503 3164 maluit
552 3110 744 3161 tamen
778 3110 836 3160 et
864 3104 985 3175 ipse
1042 3103 1397 3174 suscipiendi
1459 3103 1617 3172 regni
1651 3118 1755 3174 spe

103 3198 233 3267 regi
258 3193 348 3228 ί³³⁸
370 3196 670 3265 resistere,
715 3172 989 3264 qnam—ei,
1028 3198 1093 3247 ut
1125 3172 1429 3260 debuerat,
1464 3172 1754 3262 adjutorio
1787 3172 1836 3235 C

103 3300 258 3343 esse.
323 3284 618 3339 Habuerat
650 3286 841 3338 autem
881 3296 979 3337 rex
1025 3279 1333 3336 nonnullas
1392 3295 1669 3335 mammas
1696 3285 1754 3336 et

105 3372 459 3431 fortissimas
488 3372 706 3442 copias,
741 3371 1145 3426 Herimannum
1177 3368 1405 3424 scilicet
1437 3368 1754 3424 Suevorum

106 3465 319 3520 ducem
364 3462 720 3530 fratremque
771 3459 898 3529 ejus
932 3459 1216 3515 Outonem
1249 3462 1424 3527 atque
1468 3456 1757 3513 Chuonra-

103 3554 243 3610 dum
278 3549 367 3583 “3°
389 3549 727 3620 cognomine
761 3547 1109 3619 Sapientem.
1147 3547 1252 3612 Qui
1288 3545 1551 3616 quamvis
1581 3546 1757 3602 affini-

102 3642 250 3696 tatis
273 3638 363 3670 ί³⁴⁰
385 3639 536 3693 linea
553 3636 889 3692 Eberhardo
905 3637 1310 3705 jungerentur,
1329 3636 1758 3690 malueruntta-

103 3726 424 3796 menjnste,
444 3726 489 3781 si
507 3724 829 3780 necessitas
848 3723 1166 3792 ingrueret,
1191 3723 1492 3792 cumjusto
1510 3737 1643 3792 rege
1665 3739 1759 3778 oc-

99 3818 401 3885 cumbere,
421 3828 589 3884 quam
612 3828 742 3868 cum
777 3811 1208 3881 consanguineo
1226 3809 1541 3880 1minjuste
1558 3812 1758 3866 trium-

103 3906 307 3976 phare.
347 3901 721 3958 Eberhardus
750 3901 949 3971 itaque
973 3900 1113 3955 bant
1142 3914 1314 3955 secus
1344 3899 1529 3955 valuit
1554 3897 1647 3930 ¹³⁴²
1669 3900 1758 3953 Gi-

103 3993 433 4049 selbertum
469 4006 498 4045 a
532 3990 686 4059 regis
721 3988 831 4044 fide
859 3988 1186 4057 sejungere,
1214 3986 1398 4042 donec
1430 3988 1481 4041 ei
1515 3988 1756 4057 promit-

104 4084 285 4149 teret,
316 4094 377 4135 se
427 4077 588 4134 illum
621 4092 815 4146 regem
866 4077 1190 4140 facturum;
1227 4075 1588 4131 Giselbertus
1616 4091 1754 4133 vero

102 4168 442 4226 lleinricum
465 4167 570 4223 hac
603 4166 936 4223 voluitarte
960 4164 1050 4197 “‘3
1072 4164 1362 4234 decipere,
1391 4168 1452 4219 ut
1483 4164 1616 4219 dum
1650 4179 1756 4220 suo

100 4257 405 4329 adjutorio
428 4271 621 4326 regem
650 4256 933 4321 vinceret,
961 4255 1083 4326 ipse
1108 4253 1270 4322 regni
1302 4252 1509 4309 solium
1532 4253 1753 4309 obtine-

99 4353 235 4414 ret;
268 4360 468 4402 verum
510 4344 882 4400 Eherbardus
926 4343 1096 4412 longe
1143 4342 1315 4398 aliter
1343 4341 1752 4413 disposuerat;

98 4435 293 4492 voluit
314 4435 488 4503 enim,
508 4433 661 4490 sin“
678 4448 870 4503 regem
886 4437 1082 4504 posset
1120 4431 1449 4501 devincere,
1475 4437 1755 4501 utrosque

997 317 1435 379 CHRONICA.
1470 354 1543 363 —
1588 316 2071 381 CHRONICON
2115 320 2647 381 UNIVERSALE

3404 322 3524 383 910

1950 450 2117 531 (ινφ.
2156 467 2216 520 ιι,
2258 451 2365 523 15.)
2393 452 2576 521 Igitur
2615 451 2920 508 lleinricus
2953 451 3165 507 ardens
3196 454 3522 524 cupiditate

1879 540 2176 609 regnandi,
2227 540 2459 595 celebre
2492 540 2581 572 ¹³⁴⁶
2610 540 2936 595 convivium
2992 540 3126 595 fecit
3160 541 3212 595 in
3262 542 3390 597 loco
3423 545 3520 614 qui

1879 628 2094 684 dicitur
2118 630 2481 699 Salaveldon,
2507 634 2565 685 et
2602 645 2730 684 cum
2750 634 2909 685 esset
2941 645 3179 697 magnus
3200 645 3265 685 ac
3291 635 3517 702 potens,

1877 716 2182 785 majestate
2214 722 2273 771 et
2307 722 2599 787 potestate
2626 715 2713 749 13”
2745 716 2948 786 regali,
2973 716 3241 787 plurimis
3272 720 3521 789 plurima

1877 806 2132 874 donavit,
2167 810 2225 861 et
2260 806 2528 861 factionis
2562 805 2962 874 hujuscemodi
3003 807 3194 861 socios
3215 807 3322 863 sibi
3356 811 3430 864 ob
3462 808 3520 864 id

1877 893 2157 964 plurimos
2204 893 2558 949 conciliavit.
2606 896 2857 962 (Lmnrn.
2897 909 2969 964 Iv,
3004 899 3090 950 23.
3134 898 3370 952 —Wm.
3410 898 3446 955 Ζ.
3476 899 3514 954 l.

1875 1013 1941 1021 -—-
1968 982 2194 1037 facere.
2233 982 2269 1038 Ζ.
2298 982 2375 1053 Ζ.)
2401 982 2538 1036 Dein
2562 981 2651 1013 ³³⁸⁸
2683 984 2981 1052 profectus
3006 983 3058 1038 in
3092 985 3518 1057 Lotharingiam

1876 1069 1944 1125 ad
1970 1070 2360 1126 Giselbertum
2379 1070 2466 1103 ¹³⁴⁹
2486 1070 2687 1126 ducem
2716 1070 2975 1140 Belgica),
2994 1088 3122 1127 eum
3151 1074 3277 1143 ipso
3300 1078 3518 1146 pariter

1874 1162 1933 1212 et
1957 1158 2291 1213 Eberhardo
2326 1158 2539 1214 bellum
2576 1158 2741 1212 fratri
2770 1159 2947 1229 coepit
2984 1175 3314 1229 preparare.
3353 1165 3515 1230 Quod

1874 1260 2003 1303 cum
2036 1246 2156 1315 regi
2191 1250 2348 1301 esset
2393 1247 2751 1317 nunciatum,
2801 1246 3049 1318 primum
3098 1264 3209 1305 non
3241 1254 3514 1326 credidit,

1876 1334 1975 1389 sed
2013 1350 2145 1388 mox
2175 1335 2554 1404 eertificatus,
2606 1340 2843 1389 econtra
2895 1343 3168 1406 preperat
3202 1338 3293 1372 ί³⁵⁰
3324 1340 3515 1414 laetus,

1875 1437 1984 1477 non
2008 1438 2205 1478 eorum
2241 1423 2615 1479 multitudine
2648 1425 2913 1493 territus,
2952 1426 3052 1480 sed
3088 1427 3140 1481 in
3174 1429 3271 1483 Dei
3298 1432 3516 1500 pietate

1874 1512 2145 1568 confisus.
2184 1514 2437 1582 Cumque
2469 1512 2538 1568 ad
2586 1513 2845 1569 Rhenum
2880 1514 2968 1545 1’“
2998 1531 3126 1571 cum
3161 1519 3285 1573 suis
3320 1535 3518 1590 perve-

1873 1600 2079 1669 nisset,
2111 1600 2344 1669 jamque
2375 1600 2464 1632 ¹³⁵²
2495 1602 2730 1657 fluvium
2777 1602 2865 1657 sui
2915 1609 3273 1662 transmeare
3306 1612 3517 1681 cmpis-

1871 1693 2018 1757 sent,
2076 1689 2381 1745 lleinricus
2434 1705 2563 1744 cum
2597 1690 2718 1744 suis
2752 1696 3047 1761 insz-rato
3077 1693 3132 1749 in
3166 1700 3327 1751 tanta
3380 1700 3517 1756 vici-

1872 1777 2054 1832 nitate
2085 1783 2231 1846 erat,
2286 1776 2438 1846 quod
2493 1778 2685 1833 abhis
2738 1779 2921 1834 videri
2949 1780 3066 1848 jam
3102 1780 3192 1813 13”
3251 1792 3505 1856 poterat.

1869 1866 2149 1935 Perpanci
2201 1866 2450 1935 denique
2484 1866 2554 1920 de
2614 1866 2857 1923 navibus
2903 1871 3147 1941 egressi,
3207 1873 3298 1928 vix
3330 1890 3513 1946 equos

1869 1954 2182 2009 ascendere
2209 1969 2453 2023 seseque
2479 1952 2564 1985 ¹³⁵⁴
2598 1955 2771 2010 armis
2795 1956 3036 2011 induere
3070 1965 3361 2031 poterant,
3383 1979 3513 2019 cum

1869 2040 2131 2110 legiones
2147 2042 2409 2098 adversae
2434 2057 2545 2097 non
2580 2044 2930 2099 nunciantur
2952 2046 3273 2119 venientes,
3296 2052 3397 2105 Sed
3434 2052 3515 2107 in-

1871 2130 2020 2186 tuitu
2056 2132 2182 2200 ipso
2226 2137 2548 2186 cernuntur
2590 2135 2914 2202 prcsentes.
2954 2134 3121 2202 (Win.
3157 2152 3216 2205 ll,
3253 2140 3362 2203 17.)
3394 2141 3515 2194 Rex

1869 2222 2060 2274 autem
2095 2219 2149 2273 in
2197 2219 2381 2274 altera
2415 2223 2580 2289 parte
2639 2220 2892 2275 fluminis
2948 2237 3080 2277 cum
3140 2224 3513 2283 multitudine

1871 2306 2057 2362 adhuc
2078 2321 2317 2363 manens
2343 2312 2402 2362 et
2431 2308 2553 2364 bzec
2584 2308 2837 2379 intuens,
2869 2310 3126 2366 dolorem
3150 2313 3321 2368 animi
3354 2321 3513 2373 metu

1868 2395 2137 2466 corporis
2170 2410 2283 2451 non
2315 2397 2564 2465 celabat,
2598 2412 2667 2452 eo
2707 2399 2860 2467 quod
2889 2413 2997 2454 non
3033 2400 3306 2457 adessent
3339 2418 3513 2461 naves

1870 2497 1974 2553 per
2007 2498 2152 2553 quas
2177 2485 2437 2541 Rhenum
2458 2488 2878 2543 transcendere
2904 2493 3131 2558 posset:
3153 2505 3257 2547 nec
3280 2497 3513 2565 tempus

1872 2569 2161 2625 subitanei
2213 2572 2551 2642 certaminis
2585 2573 2639 2627 in
2674 2574 2954 2629 ulteriore
3001 2576 3124 2646 ripa
3155 2580 3514 2637 constitutos

1874 2657 2028 2712 aliud
2061 2658 2287 2713 sinebat
2319 2660 2599 2729 cogitare,
2633 2661 2742 2715 nisi
2777 2667 2876 2717 aut
2907 2678 3101 2718 coram
3132 2666 3402 2723 hostibus
3423 2684 3516 2725 ca-

1871 2744 2007 2801 dere
2053 2747 2287 2816 debere,
2342 2754 2441 2804 aut
2483 2752 2643 2804 certe
2695 2751 2872 2805 armis
2928 2753 3103 2806 vitam
3166 2753 3502 2813 defendere.

1870 2834 2126 2905 (LIUDPR,
2151 2835 2189 2890 ἰ.
2216 2837 2279 2905 l.)
2319 2837 2684 2893 Recordatus
2717 2838 2911 2907 itaque
2935 2840 3133 2909 populi
3156 2843 3376 2898 Domini
3402 2844 3509 2916 ηδε,

1870 2923 1967 2992 qui
1991 2936 2384 2994 repugnantes
2399 2925 2509 2981 sibi
2525 2925 2915 2981 Amalechttas
2933 2928 3298 2986 orationibus
3312 2933 3509 3004 Moysi,

1871 3012 2023 3067 servi
2044 3012 2167 3081 Dei,
2196 3013 2432 3081 devicit,
2451 3014 2721 3084 protinus
2736 3014 2806 3069 de
2836 3029 2987 3085 equo
3003 3016 3322 3089 descendit,
3346 3020 3515 3077 lacri-

1871 3114 2145 3170 mansque
2180 3117 2308 3157 cum
2354 3102 2504 3157 omni
2557 3102 2772 3173 populo
2820 3107 2950 3159 ante
2995 3104 3274 3177 lanceam,
3312 3107 3366 3162 in
3400 3123 3511 3178 qua

1870 3190 2173 3246 vietoriosi
2204 3191 2376 3261 clavi,
2412 3192 2678 3247 manibus
2711 3192 3070 3263 pedibusque
3103 3195 3512 3270 Redemptoris

1870 3279 2052 3335 nostri
2098 3280 2269 3350 aﬂixi,
2319 3286 2486 3335 erant
2533 3279 2624 3313 ³⁸⁵⁸
2682 3281 2909 3351 inclusi,
2971 3297 3101 3338 sese
3156 3292 3503 3354 prostravit.

1871 3370 2258 3438 Quantunquc
2283 3369 2425 3437 justi
2452 3369 2557 3425 virl
2595 3371 2804 3441 oratio,
2833 3373 3152 3429 secundum
3178 3377 3331 3445 quod
3351 3381 3515 3436 Jaco-

1873 3459 1982 3514 bus
2010 3459 2109 3528 ait,
2146 3458 2355 3529 valeat,
2384 3473 2478 3514 res
2511 3460 2813 3515 manifesta
2849 3461 3135 3531 probavit.
3174 3467 3350 3533 (Win.
3394 3469 3430 3524 l.
3462 3471 3505 3525 ἰ.

1868 3549 2187 3604 —Lmnrn.
2215 3547 2342 3619 1.1.)
2388 3549 2452 3602 Hi
2485 3563 2729 3619 namque
2761 3550 2858 3620 qui
2890 3550 2945 3604 in
2976 3551 3100 3622 ripa
3136 3553 3404 3611 ulteriori
3428 3556 3517 3592 "‘7

1870 3641 2053 3706 erant,
2072 3636 2332 3692 sarcinas
2357 3642 2411 3691 et
2438 3637 2847 3707 impedimenta
2874 3642 3185 3708 quiequein
3207 3641 3391 3699 locum
3417 3646 3512 3715 qui

1872 3724 2087 3780 dicitur
2108 3726 2328 3780 Xantus
2353 3724 2443 3757 1³⁵⁸
2472 3725 2969 3795 transmittebant,
2996 3741 3242 3798 seseque
3267 3732 3512 3789 invicem

1870 3813 2164 3869 cohortati
2194 3812 2303 3882 ‘3”,
2340 3813 2542 3867 hostes
2590 3812 2860 3882 precipiti
2896 3829 3076 3870 cursu
3126 3815 3505 3878 invadebant.

1871 3902 2038 3972 (Win.
2078 3902 2113 3956 ἰ.
2152 3902 2215 3973 ί.)
2252 3902 2508 3973 Cumque
2555 3907 2711 3955 esset
2745 3900 2965 3970 piscina
3019 3903 3169 3959 inter
3201 3905 3305 3961 hos
3334 3905 3424 3940 “‘0
3454 3923 3515 3964 et

1870 3992 2091 4059 hostes,
2126 3990 2382 4044 Saxones
2408 3988 2497 4021 13“
2529 3989 2697 4044 divisi
2722 3987 2831 4057 “6’,
2869 4005 2976 4045 una
3010 4007 3145 4061 pars
3169 4007 3240 4048 ex
3269 3994 3515 4054 adverso

1869 4079 1985 4136 ruit
2029 4079 2085 4134 in
2117 4078 2315 4135 hostes
2368 4077 2473 4146 “’63,
2504 4078 2687 4133 altera
2733 4078 3058 4148 insequitur
3083 4096 3111 4135 a
3145 4087 3333 4153 tergo,
3368 4089 3426 4139 et
3456 4087 3512 4142 in

1869 4167 2060 4224 medio
2084 4167 2284 4223 hostes
2303 4166 2725 4237 obprimentes,
2761 4167 2927 4237 pauci
2952 4169 3327 4227 vehementer
3350 4189 3517 4243 urge-

1870 4257 2004 4313 bant
2037 4255 2256 4326 plures.
2285 4256 2478 4325 Ncque
2501 4255 2649 4309 enim
2700 4256 3046 4311 nostratium
3073 4274 3243 4329 supra
3279 4268 3513 4318 centum

1869 4350 2125 4401 armatos
2159 4345 2338 4401 fuisse
2373 4343 2733 4414 perhibetur,
2774 4344 3024 4401 hostium
3057 4362 3196 4403 vero
3228 4350 3370 4405 satis
3403 4366 3517 4408 ma-

1868 4451 2018 4506 gnus
2050 4440 2176 4489 erat
2218 4434 2532 4491 exercitus.
2583 4433 2692 4488 Sed
2725 4450 2853 4489 cum
2884 4449 2911 4489 a
2943 4434 3031 4467 “‘6‘
3066 4438 3253 4493 fronte
3293 4439 3517 4508 pariter

103 4539 291 4596 regno
310 4522 821 4597 privareilludque
855 4520 1543 4593 sibiusurpare,sicutex
1560 4520 1756 4576 verbis
1786 4527 1839 4587 D
1870 4529 1929 4579 et
1962 4538 1991 4578 a
2018 4529 2182 4592 tergo
2206 4528 2575 4593 urgerentur,
2595 4537 2704 4592 qua
2728 4528 2893 4593 parte
2921 4525 3280 4594 potissimum
3307 4542 3517 4585 cavere

103 4615 314 4686 ipsius,
360 4628 488 4684 quae
521 4612 695 4685 paulo
713 4617 1021 4684 antequam
1045 4612 1416 4669 occideretur
1438 4611 1603 4666 uxori
1637 4624 1756 4666 sua:

99 4703 360 4773 dixerat,
394 4717 706 4773 possumus
736 4701 1027 4759 conicere.
1063 4701 1242 4767 Quam
1280 4700 1414 4757 dum
1448 4700 1669 4757 foveret
1701 4699 1758 4756 in

102 4791 272 4849 sinu:
305 4791 666 4861 Joczmda/re,
701 4791 908 4861 inquit,
949 4792 1257 4863 z‘ngremio
1290 4788 1380 4823 ¹³⁴⁶
1408 4791 1663 4861 comitis,
1692 4790 1762 4847 in

102 4879 274 4940 brevi
306 4881 588 4940 laetatura
616 4883 684 4938 in
711 4880 1085 4954 amplexibus
1112 4883 1293 4952 regis.

1873 4612 2237 4682 debuissent,
2272 4612 2328 4667 in
2363 4618 2634 4684 promptu
2690 4626 2802 4665 non
2834 4618 2986 4666 erat.
3046 4614 3307 4682 (lnunrn.
3346 4616 3392 4672 ι.
3435 4618 3513 4684 ι.)

1869 4702 2025 4771 Rege
2050 4701 2247 4771 itaque
2278 4704 2501 4769 orante,
2524 4713 2651 4756 cum
2671 4712 2741 4752 ex
2766 4698 3094 4755 suisnullus
3115 4702 3511 4774 occumberet,

1872 4790 2075 4847 hostes
2105 4803 2306 4845 omnes
2338 4788 2393 4844 in
2428 4788 2616 4857 fugam
2646 4787 2916 4841 conversi
2947 4791 3103 4858 sunt,
3138 4788 3516 4861 nonnullique

1873 4894 2074 4937 eorum
2104 4893 2210 4938 cur
2260 4877 2525 4948 fugerent
2567 4875 2935 4945 ignorabant,
2984 4876 3252 4947 quoniam
3285 4877 3516 4947 quidem

1484 5053 1720 5110 VARUE
1753 5053 2151 5111 LECTIONES.

181 5193 277 5229 13”
310 5193 587 5265 adjuvant
620 5197 669 5248 5.

101 5281 347 5324 cmarus
381 5262 441 5320 'D
478 5270 527 5319 1.
559 5263 795 5336 sapius.
902 5262 1191 5336 “ﬁdaest
1236 5269 1326 5320 10.
1368 5270 1457 5320 11.

100 5338 199 5372 ¹³⁴⁰
229 5333 769 5406 consanguinitatis
800 5340 859 5392 ὅ.
945 5333 1034 5368 1³⁸³
1066 5337 1383 5405 sanguineo
1412 5341 1489 5392 9η.
1530 5343 1618 5394 10.
1664 5333 1744 5393 Μ’.

99 5412 212 5467 D1.
270 5408 363 5443 ‘3“
420 5404 551 5465 sinu
593 5412 643 5464 2.
704 5404 827 5479 “f1,
864 5406 1072 5465 crebre
1128 5404 1227 5463 Di.
1286 5407 1375 5441 ¹³⁴τ
1429 5414 1576 5479 etp.

751 5191 840 5225 1³³1
874 5191 1263 5252 magedehure
1295 5195 1394 5249 D1.
1448 5192 1538 5227 1³³²
1570 5196 1761 5252 badiki
1790 5200 1839 5252 2-

1569 5266 1659 5299 "”
1688 5267 1888 5338 speuei
1940 5281 2085 5323 corr.
2122 5279 2224 5334 spe
2255 5261 2336 5317 rei
2370 5262 2411 5315 D
2443 5266 2491 5316 1.

1569 5343 1618 5392 ’3.
1664 5343 1744 5392 11.
1834 5336 1923 5370 ¹³⁴²
1956 5336 2158 5392 maluit
2188 5339 2265 5388 90.
2343 5330 2432 5365 13‘“
2465 5334 2491 5385 h

1664 5353 1744 5393 11.
1834 5353 1923 5370 *ιη’
1956 5353 2158 5392 malum.
2188 5353 2265 5388 υυ.
2343 5353 2432 5365 ιντν
2465 5353 2517 5385 ιι.
2555 5353 2612 5387 v.
2655 5353 2704 5386 ξι.
2750 5353 3080 5387 lleinricum
3114 5353 3188 5387 υίο.
3251 5353 3341 5366 ""
3363 5353 3521 5391 αϐϐεςι

1638 5409 1856 5466 desunt
1878 5410 1974 5463 D1.
2032 5406 2121 5439 ¹³⁴⁸
2172 5404 2379 5460 deinde
2411 5405 2469 5456 2.
2501 5402 2590 5433 ‘3"
2647 5401 3015 5470 gisilbertum
3067 5404 3164 5457 D1.
3214 5404 3521 5462 interdum

2357 5188 2446 5223 ιδεμ
2478 5189 2643 5247 deest
2666 5194 2748 5245 9°.
2779 5186 2871 5221 ³³³³
2899 5187 3108 5245 deinde
3137 5193 3189 5245 2.
3257 5188 3349 5223 ωδο
3380 5190 3518 5247 dan-

2579 5259 2671 5293 ¹⁸³⁹
2701 5259 3062 5316 chunradum
3096 5262 3137 5314 D
3172 5266 3224 5316 1.
3261 5264 3509 5333 saepius.

2579 5348 2612 5387 ν.
2655 5346 2704 5386 a.
2750 5332 3080 5387 lleinricum
3114 5336 3188 5387 9".
3251 5332 3525 5390 ““deest

3418 5348 3491 5391 988

1920 5194 2011 5227 1333
2039 5191 2199 5250 deest
2226 5195 2284 5246 2.

2343 5330 2432 5365 13‘“
2465 5334 2517 5385 h.
2555 5347 2612 5387 v.
2655 5346 2704 5386 a.
2750 5332 3080 5387 lleinricum
3114 5336 3188 5387 9".

101 5480 201 5554 9f?
229 5484 513 5554 preparat
570 5480 715 5554 D_1_:_
743 5476 850 5554 “ff
918 5493 1119 5536 renum
1147 5482 1279 5534 D1.
1346 5473 1691 5554 sapies?“
1748 5485 1979 5554 tamque
2030 5481 2124 5533 ιιι.
2168 5474 2268 5554 ’.³⁸³κῖ
2309 5474 2598 5554 jamhon
2646 5474 2913 5554 Dl.‘non
2969 5475 3078 5554 93.“
3107 5473 3203 5554 ηεξ
3254 5490 3407 5554 sese.
3438 5480 3513 5554 9°.

101 5552 195 5625 9‘"
229 5547 457 5625 'pefgit
496 5547 716 5625 76,13“
743 5550 1068 5625 afﬂixerant
1097 5547 1596 5625 9°.A_e_ra_ntaﬂiixi
1646 5556 1704 5625 5.

1746 5549 1835 5583 1³⁵⁷
1887 5541 1943 5606 i1.
1972 5565 2025 5605 r.
2077 5555 2125 5604 5.
2179 5545 2269 5580 1³⁵⁸
2296 5541 2541 5601 sanctus
2570 5548 2620 5599 2.
2649 5547 2857 5600 zantus
2885 5548 2960 5599 9°.
2988 5541 3078 5577 “‘9
3115 5544 3408 5602 exhortati
3440 5548 3515 5602 9°.

102 5624 198 5659 ί⁸⁸⁰
237 5614 452 5682 hostes
486 5624 539 5679 2.
572 5619 665 5655 ‘3“
739 5623 940 5680 saxoni
1020 5621 1064 5674 D
1096 5626 1145 5702 1ζ
1180 5620 1271 5657 ίδ⁶²
1319 5620 1503 5677 divisa
1543 5626 1617 5679 9°.
1676 5620 1765 5655 1³⁸³
1835 5636 1882 5678 ι·.
1919 5621 1975 5677 in
2012 5621 2066 5676 h.
2098 5636 2187 5678 ex.
2211 5634 2259 5676 a.
2313 5623 2370 5675 ὅ.
2402 5614 2491 5650 1³⁸⁸
2557 5619 2649 5674 10.
2716 5620 2803 5673 11.
