3952 6306
443 409 559 476 911

1613 397 2095 468 EKKEHARDI
2141 393 2692 465 URAUGIENSIS

3737 395 3854 467 912

446 561 549 621 pre
582 544 877 620 paucitate
932 539 1022 578 1⁸⁸⁸
1051 541 1252 600 hostes
1311 540 1688 612 insequentes
1741 539 1941 594 videre
1975 551 2089 592 non
2118 549 2174 608 Α
2205 535 2665 606 deserentesque
2701 548 2916 606 regem,
2949 535 3096 591 clam
3121 529 3351 592 domum
3381 533 3710 608 redierunt,
3736 529 3852 594 Fri-

445 642 739 709 poterant.
769 636 937 702 (Win.
973 634 1016 690 l.
1055 633 1132 703 ι.)
1182 633 1260 686 Ex
1324 629 1535 685 nostris
1565 628 1740 682 etiam
1771 627 1931 681 fuere
1991 623 2090 694 qui

443 725 659 782 Gallica
685 724 880 792 lingua
916 721 1074 792 loqui
1096 720 1380 785 sciebant,
1413 717 1508 786 qui
1531 716 1787 772 clamore
1815 714 1872 769 in
1903 711 2084 769 altum

445 813 661 869 Gallice
685 807 1210 880 levato,exhortati
1236 810 1369 861 sunt
1394 803 1762 859 adversarios
1783 801 1856 857 ad
1875 801 2084 869 fugam.

443 900 534 957 Illi
557 899 743 956 socios
766 897 1096 968 bujusmodi
1119 895 1440 950 clamantes
1463 891 1755 960 arbitrati,
1786 890 1996 958 fugam,
2023 890 2086 944 ut

441 987 753 1044 clamatum
782 991 895 1055 est,
946 984 1218 1040 inierunt.
1255 983 1511 1052 (LIUDPR,
1547 980 1584 1034 ί.
1621 979 1687 1050 l.)
1717 978 1881 1034 Cesis
1912 975 2089 1046 igitur

443 1075 730 1148 plurimis,
778 1072 1086 1130 Heinricus
1121 1071 1494 1126 vehementer
1526 1068 1582 1122 in
1615 1065 1852 1122 brachio
1880 1062 1970 1097 ¹³⁶⁶
1999 1067 2088 1119 est

443 1178 781 1236 percussus,
812 1166 868 1218 ct
903 1173 1248 1232 quamquam
1289 1157 1485 1213 lorica)
1518 1154 1771 1226 triplicis
1803 1151 2088 1209 fortitudo

443 1266 626 1323 usque
658 1252 729 1308 ad
782 1263 1017 1306 carnem
1063 1262 1174 1302 non
1209 1246 1548 1302 admitteret
1575 1243 1732 1299 ensis
1763 1241 1850 1274 “‘7
1879 1241 2084 1308 aciem,

443 1339 699 1413 pondere
724 1344 913 1396 tamen
941 1335 1338 1408 percussionis
1360 1333 1586 1390 acerbae
1617 1330 1915 1386 brachium
1939 1329 2086 1386 adeo

441 1412 536 1461 ί⁸⁶⁸
561 1430 651 1484 est
685 1412 740 1482 in
772 1425 1012 1481 livorem
1058 1436 1423 1490 conversum,
1449 1425 1512 1476 ut
1532 1418 1709 1475 nullis
1731 1417 2086 1474 medicorum

439 1517 602 1574 curis
635 1516 713 1571 ita
746 1513 962 1570 mederi
998 1514 1214 1583 posset,
1243 1510 1378 1580 quin
1403 1513 1527 1565 toto
1556 1507 1657 1562 illo
1679 1521 1829 1563 anno
1853 1519 2088 1577 percur-

439 1609 606 1662 rente
630 1602 889 1660 dolorem
932 1615 1199 1670 maguum
1231 1598 1496 1654 sentiret.
1534 1597 1702 1664 (Win.
1731 1611 1789 1665 ιι,
1823 1598 1888 1650 18
1919 1595 2086 1665 sqq.)

441 1692 683 1760 Quidam
707 1706 778 1748 ex
798 1688 1108 1758 Thuringis
1132 1687 1360 1742 nomine
1375 1685 1498 1742 Teti
1533 1683 1822 1740 mandavit
1855 1682 1927 1738 ad
1963 1697 2089 1753 pre-

443 1781 630 1836 fectos
655 1779 908 1848 urbium,
935 1792 1062 1848 quzc
1085 1775 1330 1832 erantin
1351 1775 1576 1830 oriente
1603 1771 1786 1845 partis
1811 1769 2084 1839 Heinrici,

437 1868 508 1925 de
532 1867 778 1926 victoria
803 1867 976 1936 regis,
995 1870 1055 1921 et
1079 1865 1212 1936 quia
1230 1864 1354 1936 ipse
1372 1863 1673 1920 Heinricus
1693 1860 2005 1916 cecidisset
2028 1858 2083 1914 in

440 1956 616 2028 bello,
649 1957 888 2027 egitque
917 1953 1152 2024 callide,
1177 1960 1243 2010 ut
1272 1967 1470 2009 omnes
1493 1966 1554 2008 se
1584 1951 1888 2006 traderent
1907 1949 2082 2018 regias

435 2043 735 2116 potestati.
759 2043 876 2114 Ipsi
901 2047 1094 2099 autem
1126 2041 1254 2097 dua:
1281 2039 1678 2096 tantummodo
1709 2053 1782 2094 ex
1813 2036 2084 2093 omnibus

437 2134 832 2188 remanserant
852 2131 1046 2199 urbes,
1064 2129 1403 2197 Meresburg
1421 2126 1578 2181 1met
1595 2124 1944 2194 Schidingon
1969 2123 2078 2177 ατο.

435 2218 542 2286 Qui
566 2219 808 2276 audiens
839 2218 910 2274 de
933 2217 1263 2273 defectione
1289 2216 1518 2272 urbium
1549 2229 1804 2284 suarum,
1838 2214 2083 2270 fractus-

436 2322 546 2378 que
572 2307 789 2362 recenti
832 2304 922 2338 ¹⁸⁷¹
946 2305 1102 2374 regis
1142 2304 1410 2373 victoria,
1447 2319 1576 2359 cum
1605 2317 1808 2358 novem
1836 2300 1926 2334 “7'
1957 2306 2083 2356 tan-

432 2399 558 2450 tum
581 2393 822 2449 armatis
847 2393 961 2448 iter
982 2392 1250 2464 arripuit,
1273 2390 1820 2461 Saxoniamquejam
1855 2389 2080 2446 tardius

433 2481 655 2552 adiens,
679 2482 878 2538 urbem
903 2478 1347 2550 Meresburg‘m
1369 2479 1668 2549 ingressus
1689 2482 1798 2534 est.
1827 2477 1951 2544 Quo
1977 2493 2079 2533 rex

433 2574 756 2642 comperto,
801 2575 858 2626 et
892 2569 1016 2640 ipse
1056 2584 1328 2625 reversus
1358 2574 1468 2637 est,
1504 2568 1843 2638 urbemque,
1879 2567 1935 2622 in
1966 2581 2078 2636 qua

437 2658 620 2714 frater
650 2662 800 2728 erat,
833 2657 1084 2714 obsedit.
1111 2655 1214 2712 llle
1236 2661 1428 2712 autem
1453 2671 1581 2712 cum
1607 2670 1714 2711 non
1736 2661 1942 2727 posset
1965 2656 2078 2712 for-

434 2745 570 2802 tiori
588 2744 892 2815 resistere,
910 2750 1042 2817 post
1057 2745 1204 2800 duos
1220 2745 1398 2799 ferme
1413 2758 1661 2813 menses,
1674 2743 1890 2799 tradita
1908 2743 2073 2813 urbe,

430 2848 704 2905 egressus
732 2839 823 2891 est
854 2835 924 2890 ad
974 2847 1189 2903 regem.
1225 2833 1330 2888 Cui
1379 2831 1530 2888 datae
1563 2836 1700 2888 sunt
1733 2831 1978 2888 induciae
2009 2832 2078 2886 30

432 2921 676 2990 dierum,
712 2921 986 2991 quatinus
1037 2934 1167 2976 eum
1202 2919 1486 2974 militibus
1518 2919 1628 2974 sibi
1662 2919 2078 2976 coherentibus

431 3009 730 3066 secederet
755 3024 783 3064 a
801 3008 1068 3077 Saxonia,
1094 3008 1145 3064 si
1168 3008 1262 3063 cui
1283 3023 1422 3062 vero
1442 3007 1670 3062 illorum
1697 3021 1888 3076 regem
1913 3007 2076 3063 adire

431 3097 716 3170 placeret,
741 3097 924 3152 venia:
949 3096 1137 3152 locum
1161 3095 1424 3151 habt-ret.
1455 3095 1761 3150 lleinricus
1781 3095 1978 3166 itaque
2001 3093 2081 3149 di-

427 3185 673 3241 scedens
695 3199 725 3240 a
750 3184 1020 3250 Saxonis,
1036 3181 1445 3238 Lothariosm‘
1469 3181 1678 3238 iterum
1693 3181 1858 3253 adiit,
1875 3187 2075 3239 etcum

431 3273 582 3330 duce
605 3271 935 3328 Giselberto
965 3269 1319 3341 aliquamdiu
1343 3270 1572 3326 mansit.

507 3414 678 3484 (WID.
704 3427 762 3483 ιι,
794 3414 907 3484 22.)
925 3413 1141 3469 Iterum
1165 3411 1402 3468 ducitur
1423 3411 1722 3468 exercitus
1758 3414 1964 3467 contra
1989 3411 2078 3466 Gi-

436 3509 844 3580 selbertum,et
867 3510 1056 3566 omnis
1069 3509 1229 3580 regio
1242 3510 1368 3580 ejus
1393 3508 1703 3578 subjacens
1722 3507 1966 3580 imperio
1988 3506 2080 3540 ¹⁸⁷⁸

436 3597 551 3668 igni
568 3597 1243 3668 traditur,obsessusque
1260 3597 1311 3651 in
1328 3595 1576 3652 castello
1590 3593 2075 3666 Kievermont“"°,

435 3684 590 3758 quod
620 3689 710 3742 est
736 3687 1147 3757 Capra-mons,
1171 3685 1410 3756 elapsus
1434 3685 1566 3754 fuga
1597 3683 1728 3740 inde
1761 3683 2081 3754 proficisci-

430 3780 546 3831 tur.
567 3775 635 3830 Et
684 3788 812 3830 cum
841 3773 1085 3830 obsidio
1113 3772 1202 3806 ³³³⁷⁷
1223 3772 1565 3829 diﬂlcultate
1596 3771 1854 3828 locorum
1879 3785 2080 3842 parum

432 3861 801 3934 procederet,
851 3865 1082 3919 vastata
1104 3861 1360 3932 undique
1381 3859 1642 3930 regione,
1695 3873 1970 3916 reversus
1987 3864 2080 3916 est

430 3949 487 4005 in
519 3949 843 4005 Saxoniam.

503 4091 758 4162 (Lwnrn.
794 4105 867 4159 iv,
913 4091 1030 4162 26.)
1064 4090 1168 4146 Est
1206 4093 1402 4146 autem
1449 4088 1505 4144 in
1547 4087 1799 4144 confinio
1832 4086 2080 4145 Alsaciaa

430 4177 739 4234 castellum
771 4177 1058 4234 vocabulo
1077 4175 1336 4246 Brisahc,
1364 4175 1434 4232 de
1458 4190 1571 4247 quo
1593 4176 1778 4232 omnis
1809 4175 2082 4246 adjacens

431 4278 614 4335 pagus
632 4263 962 4336 appellatur
986 4262 1418 4332 Bricahcgowe,
1445 4262 1597 4332 quod
1623 4263 1811 4319 fertur
1833 4262 1970 4318 olim
1990 4262 2081 4297 “7°

432 4351 615 4408 fuisse
635 4351 867 4409 illorum
891 4350 990 4423 qui
1012 4348 1716 4420 Harelungidicebantur;
1736 4355 1871 4406 tunc
1886 4353 2078 4407 autem

431 4440 714 4511 temporis
763 4445 891 4496 erat
949 4438 1007 4494 in
1039 4437 1264 4494 ditione
1305 4437 1660 4507 Eberhardi;
1694 4439 1750 4494 in
1811 4453 1924 4510 quo
1957 4439 2079 4510 ipse

427 4541 668 4584 suorum
701 4527 1134 4585 multitudinem
1162 4527 1357 4600 posuit
1389 4526 1658 4599 militum,
1693 4543 1938 4600 quorum
1963 4532 2080 4584 ter-

2201 623 2400 679 derico
2423 622 2669 680 subdole
2702 623 2779 678 ibi
2794 627 3152 693 remanente,
3179 629 3241 679 ut
3265 623 3573 680 ferturm’.
3601 627 3850 683 Eratau-

2200 715 2316 768 tem
2347 713 2496 768 idem
2545 712 2876 769 Fridericus
2905 727 3220 769 successor
3247 712 3558 770 Hildiberti
3596 715 3849 786 predicti

2199 800 2386 856 sancti
2409 801 2540 872 viri,
2563 805 2624 856 et
2646 801 2792 871 ipse,
2812 805 3088 871 quantum
3112 800 3184 857 ad
3211 801 3847 873 humanumjudicium,

2200 887 2368 943 bonis
2389 889 2666 958 operibus
2683 887 2942 958 deditus,
2959 887 3066 944 nisi
3084 888 3237 959 quod
3261 889 3738 946 adversariorum
3753 891 3852 946 do~

2199 975 2334 1030 mini
2359 976 2449 1032 sui
2483 977 2639 1046 regis
2669 977 2902 1033 favebat
2937 977 3237 1047 partibus;
3263 977 3417 1048 quod
3439 977 3676 1048 quidem
3703 979 3848 1034 fama

2201 1063 2401 1122 multis
2423 1063 2885 1135 commendabat,
2921 1065 3046 1136 ipse
3079 1080 3218 1122 vero
3250 1065 3404 1122 omni
3437 1067 3646 1122 annisu
3677 1081 3852 1138 nega-

2199 1152 2314 1209 bat.
2353 1154 2550 1223 (Lwor
2579 1171 2631 1210 κ.
2667 1155 2704 1210 l.
2745 1153 3029 1225 l.)Milites
3044 1169 3184 1210 vero
3213 1169 3369 1224 regis
3400 1154 3850 1214 considerantes

2196 1242 2533 1311 pentificum
2581 1242 3035 1306 discessionem.
3071 1242 3394 1298 suadebant
3423 1244 3500 1314 ei,
3535 1247 3596 1300 ut
3627 1249 3690 1300 et
3724 1245 3850 1316 ipse

2197 1331 2502 1386 Saxoniam
2519 1329 2960 1402 repetens,hanc
2977 1329 3281 1387 desereret
3297 1331 3854 1402 regionem.Quibus

2197 1431 2296 1474 rex
2310 1418 2762 1491 imperterritus,
2781 1424 2840 1476 ut
2859 1421 2887 1475 J
2894 1418 3039 1476 udas
3057 1419 3404 1476 Machabeus
3417 1421 3540 1477 suis
3554 1421 3850 1492 quondam

2197 1503 2316 1560 “8°:
2340 1509 2559 1579 Nolite,
2585 1507 2686 1577 ait,
2716 1508 2872 1565 talia
2896 1507 3081 1578 loqui,
3103 1508 3165 1564 et
3193 1509 3249 1566 si
3270 1509 3857 1581 dppropinguacerit

2197 1594 2422 1666 tempus
2436 1596 2722 1666 nostrum,
2747 1595 3079 1653 moriamur
3097 1609 3292 1654 omnes
3312 1597 3379 1654 in
3398 1596 3636 1668 virtute,
3657 1598 3722 1654 et
3735 1613 3853 1655 non

2195 1683 2532 1755 inferamus
2551 1683 2776 1742 crimen
2806 1683 3025 1756 gloriae
3043 1685 3262 1743 nostra
3277 1704 3304 1756 ,-
3331 1686 3548 1744 melius
3569 1687 3661 1744 est
3693 1687 3852 1743 enim

2193 1785 2301 1842 pro
2327 1787 2469 1830 cera
2487 1773 2753 1844 justicia
2777 1774 3024 1830 mortem
3068 1771 3292 1844 subire,
3323 1788 3511 1845 quam
3537 1775 3850 1847 fugiendo

2199 1861 2454 1931 turpiter
2480 1864 2692 1919 vivere.
2729 1863 2829 1918 His
2859 1866 2919 1918 et
2951 1861 3083 1918 aliis
3129 1861 3350 1918 talibus
3405 1863 3583 1920 dictis
3612 1878 3730 1920 non
3761 1878 3852 1920 so—

2199 1946 2315 2005 lum
2343 1965 2445 2007 eos
2476 1965 2506 2006 a
2541 1951 2689 2020 fuga
2730 1951 3034 2023 proposito
3063 1951 3381 2022 revocavit,
3415 1967 3617 2009 verum
3670 1953 3852 2008 etiam

2197 2039 2661 2096 vehementerut
2695 2044 3023 2110 pugnarent
3055 2040 3350 2097 animavit.

2265 2182 2521 2250 (Liunra.
2555 2197 2628 2253 iv,
2663 2184 2779 2256 27.)
2805 2185 3010 2240 Comes
3031 2182 3264 2254 quidam
3287 2198 3419 2240 cum
3441 2197 3511 2239 eo
3534 2188 3674 2242 tunc
3697 2189 3849 2254 erat,

2192 2271 2362 2342 cujus
2383 2270 2632 2327 militum
2658 2271 2970 2328 multitudo
2995 2271 3152 2341 regis
3170 2271 3352 2327 aciem
3384 2271 3846 2330 condecorabat.

2193 2359 2293 2415 Hic
2322 2358 2527 2415 videns
2547 2359 2931 2430 plurimorum
2950 2359 3022 2416 ab
3047 2359 3135 2394 ι⁸⁸¹
3156 2374 3294 2430 rege
3323 2359 3735 2432 defectionem,
3763 2378 3852 2420 re-

2195 2448 2434 2518 putabat
2460 2462 2674 2518 secum,
2691 2447 2872 2504 nichil
2886 2448 2996 2506 sibi
3014 2452 3154 2505 tunc
3169 2463 3200 2504 a
3221 2463 3355 2519 rege
3381 2449 3579 2520 negari
3598 2454 3850 2523 propter

2191 2535 2503 2592 instantem
2519 2537 2955 2607 necessitatem,
2975 2538 3316 2608 rogavitque
3339 2538 3462 2595 suis
3479 2552 3847 2610 suorumque

2188 2624 2395 2680 usibus
2416 2624 2660 2680 concedi
2675 2625 2973 2681 abbaciam
2996 2626 3590 2683 Lauresheimensem.
3608 2629 3730 2684 Rex
3745 2641 3844 2684 au-

2186 2711 2672 2783 temintelligens,
2706 2712 2842 2783 quid
2868 2712 3194 2784 peticioilla
3211 2713 3615 2786 portenderet,
3664 2716 3718 2771 ei
3757 2730 3850 2772 eo.

2187 2815 2307 2856 ram
2323 2800 2594 2857 omnibus
2616 2801 2696 2856 ait
2726 2820 2738 2854 :
2775 2799 3040 2859 Obadire
3059 2801 3287 2872 oportet
3298 2803 3419 2858 Deo
3435 2816 3582 2874 mag
3591 2804 3648 2860 is
3664 2817 3847 2874 quam

2187 2888 2541 2946 hminibus.
2574 2889 2721 2954 Quis
2732 2890 2890 2946 enim
2900 2903 3116 2948 sanum
3128 2888 3220 2922 1'"
3237 2891 3480 2963 sapiens
3501 2891 3774 2962 ignorat,
3792 2893 3847 2948 te

2187 2973 2442 3032 [necnon
2463 2975 2808 3033 humilitate
2832 2977 3177 3048 peticionis,
3219 2976 3326 3034 sed
3362 2978 3846 3036 comminationis

2187 3064 2546 3120 auctoritate
2565 3063 3150 3136 dixissemcriptum
3168 3067 3285 3122 est:
3301 3065 3547 3123 «Nolite
3564 3067 3844 3124 sanctum

2187 3151 2334 3208 dare
2354 3151 2619 3209 canibus.
2642 3170 2671 3205 ››
2692 3151 2858 3217 Quod
2874 3155 3152 3224 quamvis
3171 3153 3586 3225 spiritualiter
3605 3153 3843 3212 intelle-

2109 3255 2159 3318 C
2179 3240 2441 3311 gendum
2456 3239 2809 3310 predicetm',
2835 3253 2938 3310 ego
2963 3241 3160 3296 tamen
3183 3240 3668 3298 sanctumme1m
3679 3244 3845 3299 cani-

2189 3325 2294 3384 bus
2324 3327 2470 3384 dare
2469 3328 2704 3398 judico,
2743 3331 2798 3385 si
2835 3329 3332 3386 monasteriorum
3363 3329 3611 3402 predia,
3655 3344 3846 3402 qua

2185 3415 2494 3487 religiosis
2542 3417 2694 3473 ciris
2748 3416 2980 3473 tradita
3035 3417 3194 3487 sunt,
3249 3419 3372 3474 Deo
3425 3416 3844 3476 militantibus

2189 3504 2378 3560 tulero
2391 3503 2650 3561 etseculo
2659 3502 3067 3562 militantibus
3081 3505 3406 3562 tradidero.
3421 3504 3558 3563 Tibi
3568 3520 3707 3564 vero
3719 3506 3844 3564 tam

2183 3591 2761 3664 procaciterinjusta
2777 3593 3030 3664 petenti,
3050 3592 3159 3650 sub
3184 3593 3518 3652 testimonio
3553 3595 3738 3652 totius
3743 3610 3842 3668 po-

2185 3679 2338 3750 puli,
2353 3693 2458 3737 nec
2486 3679 2594 3736 hoc
2607 3694 2712 3738 nec
2739 3681 2916 3738 aliud
2941 3695 3211 3754 unquam
3224 3682 3428 3740 teame
3457 3683 3841 3755 accepturum

2191 3767 2328 3825 testi
2319 3767 2575 3840 προλεί
2589 3767 2700 3824 tibi
2711 3769 2876 3826 cordi
2888 3771 3116 3826 estcum
3127 3769 3338 3827 ceteris
3350 3770 3704 3842 inﬁdelibus
3714 3785 3844 3829 aea

2193 3857 2340 3927 lare,
2355 3857 2580 3928 quanto
2591 3857 2792 3927 citius,
2811 3857 2974 3915 tanto
3001 3858 3237 3916 melius.
3264 3858 3364 3916 His
3377 3857 3476 3914 ille
3490 3859 3734 3931 auditis,
3753 3875 3843 3916 ru-

2192 3945 2332 4002 bore
2355 3945 2630 4017 perfusus
2664 3945 2736 4001 ad
2783 3946 2958 4018 pedes
2980 3946 3135 4016 regis
3159 3947 3402 4018 corruit,
3441 3961 3691 4019 seseque
3711 3963 3843 4021 pec-

2191 4047 2354 4090 casse
2379 4048 2576 4090 coram
2608 4033 2878 4091 omnibus
2909 4034 3199 4106 paenituit.

2264 4174 2518 4244 (Llunrn.
2556 4190 2627 4245 IV,
2657 4178 2746 4245 28,
2777 4175 2892 4247 29.)
2934 4174 3308 4232 Eberhardus
3342 4179 3539 4233 autem
3571 4181 3631 4234 et
3661 4177 3810 4234 Gisel

2193 4263 2416 4332 bertus,
2434 4262 2736 4319 audientes
2751 4277 2942 4332 regem
2961 4278 3090 4320 esse
3105 4263 3162 4318 in
3180 4264 3450 4335 partibus
3463 4263 3554 4299 ¹³⁸⁸
3569 4265 3832 4332 Alsaciaa,

2190 4350 2440 4408 collecto
2461 4365 2777 4422 permagno
2803 4350 2894 4384 ³³³⁸
2916 4351 3199 4423 exercitu,
3225 4351 3457 4410 alveum
3479 4353 3666 4410 Rheni
3687 4351 3832 4426 apud

2192 4438 2594 4497 Andernacum
2609 4442 2938 4511 transeunt,
2957 4440 3232 4512 regisque
3256 4439 3348 4480 1’“
3369 4439 3578 4500 ﬁdeles
3597 4441 3833 4498 circnm-

2191 4543 2420 4601 quaque
2453 4527 2720 4584 demoliri
2749 4529 3096 4600 procedunt.
3131 4529 3286 4585 Outo
3319 4527 3414 4563 “'7
3443 4545 3609 4600 sane,
3659 4530 3830 4586 frater

351 4597 361 4607 ’
429 4629 563 4672 rore
593 4631 709 4673 non
739 4615 928 4673 solum
953 4597 1214 4686 magnam
1240 4621 1464 4688 partem
1496 4597 1737 4687 prefatae
1762 4617 2077 4687 provincias
2108 4613 2160 4674 D
2194 4597 2630 4674 lleriinannii’”
2644 4597 2812 4673 duc—is
2840 4617 3178 4690 Suevorum,
3196 4631 3421 4675 necnon
3434 4597 3830 4674 et‘WChuon-

427 4703 542 4760 sibi
559 4704 924 4774 vendicahat,
944 4719 1144 4760 verum
1161 4705 1340 4760 etiam
1361 4704 1742 4761 circumcirca
1765 4703 1968 4760 fideles
1989 4719 2077 4761 re-

426 4791 520 4862 gis
551 4791 761 4848 misere
801 4790 1267 4862 laniabat.(Win.
1293 4807 1354 4862 ιι,
1379 4791 1798 4848 24.-Ι..ισυι›ιι.
1835 4792 1872 4850 ι.
1892 4792 1957 4864 l.)
1992 4793 2076 4848 Ad

428 4881 582 4951 quod
603 4880 986 4939 obsidendum
1021 4896 1122 4937 rex
1150 4881 1451 4953 profectus
1473 4895 1604 4937 cum
1626 4885 1822 4936 castra
1856 4881 2078 4953 posuis-

428 4973 541 5039 set,
573 4969 844 5042 consilio,
894 4976 958 5026 ut
991 4971 1196 5040 fertur,
1257 4969 1556 5042 Friderici,
1615 4970 1961 5040 Mogontinze
1990 4986 2080 5028 se-

427 5057 520 5112 dis
547 5057 998 5130 archiepiscopi,
1051 5073 1124 5114 ex
1176 5057 1547 5130 poniiﬁeibus
1606 5057 1796 5129 multi,
1833 5059 1964 5116 fixis
2021 5059 2078 5117 in

425 5144 675 5203 circuitu
691 5147 965 5203 tentoriis
979 5144 1083 5202 sed
1097 5150 1272 5205 noctu
1286 5146 1571 5220 relictis,a
1586 5146 1698 5204 fide
1712 5147 2074 5222 defecerunt,

2195 4703 2368 4760 radus
2397 4709 2782 4775 cognomento
2813 4704 3055 4778 Sapiens
3085 4705 3232 4778 ipsis
3263 4706 3320 4762 in
3339 4706 3614 4778 partibus
3638 4709 3832 4774 erant;

2191 4795 2291 4852 sed
2323 4794 2454 4866 quia
2474 4809 2672 4852 eorum
2695 4795 2880 4867 cepiae
2901 4796 3150 4852 istorum
3172 4795 3362 4868 cepiis
3385 4796 3642 4869 impares
3662 4795 3828 4852 exsti-

2190 4887 2403 4953 terant,
2439 4883 2529 4940 his
2571 4897 2885 4940 occurrere
2915 4883 3312 4955 trepidabant,
3347 4898 3454 4941 eos
3483 4888 3678 4942 tamen
3704 4897 3824 4942 cum

2189 4971 2394 5045 spoliis
2409 4969 2608 5028 multis
2638 4972 2955 5028 redeuntes
2995 4973 3250 5044 pone1m
3279 4973 3643 5030 secutisunt.
3675 4973 3828 5030 Cum.

2189 5074 2300 5133 que
2334 5057 2630 5133 paululum
2655 5060 3103 5132 processissent,
3129 5059 3362 5132 quidam
3388 5061 3671 5118 sacerdos
3692 5061 3826 5116 ﬂens

2191 5153 2249 5205 et
2272 5147 2541 5219 hejulans
2559 5146 2650 5182 1'"
2672 5148 2760 5204 eis
2783 5148 3073 5216 obviavit;
3100 5149 3620 5224 interrogatusque
3638 5150 3707 5206 ab
3727 5147 3824 5216 eis,

1785 5272 2022 5330 VARIE
2061 5272 2462 5332 LECTIONES.

497 5359 670 5424 1""b.
705 5383 760 5441 p.
795 5383 935 5442 p._v.
967 5374 1022 5442 ti.
1099 5367 1192 5404 1⁸⁸⁸
1223 5369 1277 5426 in
1315 5369 1469 5442 b.__y.
1501 5374 1560 5426 5.
1645 5367 1736 5404 “‘7
1767 5385 1825 5428 a.
1858 5371 2074 5428 ferrum
2113 5371 2204 5431 vel
2241 5385 2292 5428 θ.
2322 5386 2374 5428 a.
2407 5376 2456 5427 5.
2536 5368 2628 5404 1⁸⁸⁸
2654 5370 2820 5428 deest
2845 5372 2896 5442 5,.
2919 5440 2937 5442 ξ
2975 5369 3066 5442 ιω
3094 5371 3440 5442 merseburg
3459 5375 3512 5428 5.
3568 5369 3688 5442 77","
3713 5383 3817 5442 scy-

428 5434 641 5515 dingon
670 5434 903 5515 2',_:‘_"’_‘
943 5440 1108 5498 deest
1147 5443 1208 5515 4.
1234 5447 1285 5497 5.
1364 5439 1614 5515 ‘f‘finoie
1645 5442 1779 5515 D__1.

425 5509 553 5573 ejus
581 5515 640 5564 2.
715 5509 806 5544 “7'
836 5510 1224 5567 kivermontD
1258 5518 1314 5568 1.
1389 5511 1478 5546 ¹⁸⁷⁷

424 5571 512 5605 ¹ί³¹
539 5589 569 5630 a
593 5581 642 5634 4.
677 5585 730 5636 5.
808 5579 900 5612 ηδ’
929 5595 1067 5637 sane
1095 5585 1146 5662 2.
1227 5579 1319 5614 ⁸³⁸³
1347 5597 1436 5638 me
1467 5571 1524 5638 εἴ
1545 5587 1595 5638 5.
1685 5581 1775 5616 m‘
1807 5583 1862 5638 in
1985 5571 2199 5644 essebis.
2309 5581 2400 5617 ¹⁸⁶⁵
2426 5597 2635 5665 magno
2665 5586 2740 5638 9°.

424 5641 538 5698 udo
567 5649 629 5702 9b
700 5647 793 5684 ³³⁸⁸
822 5649 1124 5707 hermanm
1157 5654 1214 5707 4.
1255 5655 1313 5707 5.
1397 5651 1490 5687 “‘9
1519 5652 1683 5711 deest
1705 5657 1757 5710 2.
1839 5652 1882 5688 ι’
1956 5655 2119 5714 deest
2145 5655 2208 5713 9b
2281 5651 2374 5688 ¹⁸⁹¹
2398 5654 2628 5711 eiulans
2655 5654 2702 5710 D
2730 5657 2758 5714 1

424 5641 538 5698 udo
567 5649 629 5702 9b
700 5647 793 5684 ³³⁸³
822 5649 1124 5707 hermanni
1157 5654 1214 5707 4.
1255 5655 1313 5707 5.
1397 5651 1490 5687 “‘9
1519 5652 1683 5711 deest
1705 5657 1757 5710 2.
1839 5652 1882 5688 ι’

1023 6254 1090 6272 ..ι

1142 6165 1188 6270 1

1864 5442 1956 5475 ³³⁷⁸
2005 5445 2314 5512 mersburg
2337 5447 2397 5512 5,.
2425 5443 2700 5512 mesburg
2729 5449 2786 5497 4.
2873 5440 2964 5475 “7‘
2994 5441 3360 5512 lotharingos
3390 5440 3476 5500 9°.
3559 5441 3648 5476 ¹³⁷⁸
3678 5457 3729 5498 s.
3764 5441 3806 5493 i.

1507 5511 1768 5584 presidio
1789 5516 1840 5584 2.
1905 5512 1996 5547 "7'
2017 5513 2180 5572 deest
2196 5511 2436 5584 9°.’__‘_’_"
2468 5511 2738 5570 ferunt2.
2766 5513 2954 5584 fertUD
2989 5517 3035 5569 1.
3082 5511 3197 5584 7"”
3221 5511 3407 5570 ludas

3436 5528 3604 5585 φφ.
3628 5525 3743 5585 s._n.
3765 5513 3812 5585 5.

2309 5581 2400 5654 ξφ
2426 5597 2635 5652 magno
2665 5586 2740 5638 9°.
2845 5582 2938 5618 ³³⁸⁸
2968 5583 3124 5654 regis
3157 5588 3248 5640 10.
3290 5588 3383 5640 11.
3454 5581 3470 5585 ⁷
3504 5581 3596 5618 ³³⁸⁷
3623 5582 3728 5640 ode
3755 5584 3808 5637 2.
