3952 6310
185 319 320 387 918

1074 314 1514 384 CHRONICA.
1553 352 1620 366 -
1659 309 2136 381 CHRONICON
2178 313 2724 381 UNIVERSALE.

3490 307 3610 378 914

171 456 341 515 unde
363 452 593 514 veniret
615 457 713 513 aut
736 469 843 513 cur
864 451 1033 511 fleret
1057 472 1070 510 :
1093 452 1180 513 Ab
1206 453 1368 524 istis,
1404 452 1610 525 inquit,
1638 451 1844 523 predo-
1870 448 1928 510 A
1960 451 2373 508 Germanorum
2405 449 2648 509 victoria
2682 463 2836 521 aegre
2867 453 3218 522 sustentata,
3263 455 3454 509 tamen
3485 450 3608 510 eni-

168 545 362 604 nibus
390 559 577 603 unum
600 545 987 616 paupertatis
1013 558 1155 601 mea
1180 544 1465 601 solatium
1482 543 1641 615 quod
1659 541 1845 599 habui

170 636 457 692 ablatum
480 634 573 691 est
579 634 938 707 fumantem.
964 633 1143 701 Quem
1164 648 1292 690 cum
1315 633 1772 701 interrogarent,
1797 645 1845 715 si

174 723 576 781 Giselbcrtum
597 727 656 778 et
675 721 1073 777 Eberhardum
1102 720 1343 777 vidisset
1366 725 1466 777 aut
1489 720 1588 777 ubi
1607 722 1805 775 essent
1829 751 1840 787 ε

177 814 456 883 Cunctis,
493 811 594 881 ait,
629 825 757 868 cum
773 811 971 882 predd
1000 810 1275 867 Rhenum
1301 806 1695 878 transmissis,
1728 808 1847 879 ipsi

172 902 300 960 soli
332 915 468 958 cum
494 900 623 958 suis
654 899 873 968 electis,
920 899 1081 972 quod
1107 913 1213 955 nec
1242 898 1379 955 bene
1409 898 1635 965 certat,
1654 896 1846 953 cibum

171 990 451 1063 capiunt.
492 991 606 1045 Hoc
640 988 724 1043 illi
755 987 1083 1055 audientes,
1119 1002 1342 1044 summa
1376 1002 1505 1042 cum
1538 986 1844 1044 celeritate

176 1094 366 1151 super
398 1093 501 1135 eos
533 1078 787 1147 irruunt,
827 1091 1072 1149 moxque
1111 1076 1484 1132 Eberhardus
1519 1075 1844 1143 occiditur;

180 1168 557 1225 Ciselbertus
592 1166 643 1221 in
680 1166 957 1221 fluentum
1003 1180 1153 1235 equo
1196 1164 1510 1237 prosiliens
1544 1164 1714 1220 undis
1754 1178 1845 1222 su-

182 1256 540 1324 bmergitur,
593 1268 736 1325 quas
789 1254 921 1324 quia
972 1253 1288 1309 ebsorbere
1338 1268 1447 1309 non
1500 1253 1688 1324 potuit
1730 1250 1842 1323 ³³⁸⁸,

179 1345 373 1401 anima
392 1341 727 1411 recedente,
750 1340 995 1407 defecit;
1022 1345 1353 1398 ceterorum
1377 1356 1516 1397 vero
1535 1340 1730 1398 nullus
1747 1354 1845 1398 au-

185 1434 359 1504 fugit,
389 1435 526 1505 quin
552 1440 650 1489 aut
678 1432 843 1487 \ivus
866 1433 1177 1501 caperetur
1200 1434 1297 1486 aut
1320 1429 1514 1500 gladio
1545 1433 1843 1486 truncare-

186 1526 305 1579 tur.
350 1523 530 1593 Cujus
557 1521 639 1577 rei
675 1519 919 1576 nuncius
949 1533 1077 1575 cum
1111 1518 1232 1588 regi
1261 1518 1427 1589 juxta
1469 1518 1842 1574 consuetudi-

180 1625 316 1666 nem
341 1625 505 1666 mane
526 1610 593 1666 ad
619 1607 969 1676 accclesiam,
996 1621 1122 1678 quae
1143 1605 1312 1676 longe
1331 1620 1361 1662 a
1380 1605 1593 1663 castris
1614 1606 1837 1677 aberat,

179 1698 453 1753 tendenti
484 1701 846 1765 occurreret,
882 1709 1013 1751 mox
1046 1694 1115 1750 de
1144 1710 1294 1766 equo
1325 1694 1645 1765 descendit,
1683 1709 1839 1751 sese-

1961 541 2091 597 tuit.
2126 542 2263 595 Nam
2287 556 2416 598 cum
2441 540 2570 598 dum
2594 539 2793 596 tereiaa
2824 555 3023 597 eorum
3056 541 3197 596 fusae
3225 540 3510 611 jacerent,
3543 545 3603 598 et

1958 629 2328 687 Giselbcrtus
2351 644 2490 687 suos
2512 629 2801 686 defecisse
2821 627 2965 684 adeo
2985 627 3095 699 “0°,
3118 629 3487 687 adversarios
3509 646 3605 687 au-

1954 723 2072 775 tem
2105 717 2307 775 illesos
2336 718 2745 787 arbitraretur,
2774 716 2827 773 in
2853 721 3012 773 tanta
3039 718 3381 775 confusione
3407 733 3599 776 rerum

1958 808 2090 878 fuga
2124 806 2447 880 periculum
2478 807 2725 863 evadere
2757 806 3077 877 nitebatur,
3114 807 3170 862 in
3206 807 3602 879 fluentumque

1955 912 2107 967 eque
2141 896 2415 967 prosiliit.
2452 896 2559 962 Qui
2602 911 2731 952 cum
2776 895 3029 951 fluminis
3076 895 3318 966 pelagus
3362 900 3602 953 enatare

1953 999 2069 1043 non
2094 988 2312 1057 posset,
2339 984 2391 1040 vi
2417 984 2700 1041 undarum
2725 983 2815 1017 ¹⁴⁰¹
2836 984 3051 1053 victus,
3084 985 3254 1055 periit
3287 999 3601 1042 sessorem-

1953 1087 2066 1146 que
2090 1074 2393 1131 immersit.
2422 1076 2495 1130 At
2514 1073 2702 1144 Belgae
2726 1073 3026 1129 interitum
3052 1073 3215 1130 ducis
3238 1074 3595 1145 ignorantes,

1952 1163 2097 1220 totis
2120 1162 2345 1221 viribus
2366 1162 2771 1233 decertabant,
2796 1166 3071 1233 tantoque
3094 1167 3339 1232 egerunt
3361 1164 3594 1234 robore,

1950 1252 2135 1310 donec
2166 1257 2302 1325 post
2330 1252 2718 1308 execrabilem
2762 1251 3360 1322 innumerabilemque
3400 1251 3598 1308 interi-

1950 1347 2093 1412 tum,
2127 1356 2323 1397 eorum
2360 1342 2456 1413 qui
2490 1341 2683 1399 relicti
2718 1342 2943 1398 fuerant
2970 1340 3065 1396 alii
3090 1343 3463 1412 caperentur,
3498 1340 3596 1396 alii

1952 1430 2007 1486 in
2041 1430 2277 1486 fluvium
2319 1430 2819 1501 demergerentur.
2874 1429 3222 1486 Ludewicus
3260 1433 3452 1487 autem
3495 1442 3598 1486 rex

1951 1518 2339 1576 Giselbcrtum
2362 1519 2685 1575 extinctum
2711 1519 3101 1590 comperiens,
3129 1518 3366 1575 multam
3393 1518 3444 1574 in
3470 1517 3596 1589 ejus

1949 1623 2085 1665 casu
2130 1608 2560 1664 miserationem
2598 1607 2834 1673 habuit;
2878 1608 3291 1679 profectusque
3324 1607 3377 1663 in
3411 1606 3597 1677 Belgi-

1951 1711 2096 1767 cam,
2151 1710 2390 1753 uxerem
2436 1697 2564 1767 ejus
2611 1696 2967 1765 Gerbirgam,
3022 1695 3255 1751 Ottonis
3306 1710 3589 1766 sororem,

181 1801 324 1857 que,
361 1801 489 1841 cum
521 1785 776 1841 lacrimis
808 1787 925 1839 Dee
956 1783 1178 1854 gratias
1210 1798 1408 1854 agens,
1435 1783 1489 1838 in
1515 1784 1834 1839 orationem
1866 1804 1920 1864 Β
1949 1785 2221 1857 conjugio
2251 1784 2436 1841 duxit.
2473 1787 2588 1840 [iac
2617 1784 2941 1840 occasionis
2971 1783 3334 1855 diversitate,
3368 1800 3481 1841 uno
3507 1787 3593 1840 ta-

180 1874 386 1937 dedit;
423 1888 532 1945 qua
584 1872 838 1945 expleta,
891 1872 1100 1929 itinere
1147 1877 1341 1943 coepto
1389 1872 1459 1927 ad
1509 1871 1835 1928 aecelesiam

181 1963 505 2035 pertendit.

263 2061 528 2129 (Βιοιιειι.
577 2058 720 2132 [236]
753 2075 811 2130 ιι,
849 2063 933 2129 17,
968 2061 1055 2128 18,
1092 2060 1203 2130 19.)
1236 2058 1416 2129 Hujus
1444 2061 1638 2114 tamen
1669 2073 1838 2115 even-

184 2154 308 2205 tum
345 2149 428 2204 rei
461 2148 714 2205 Gallicus
747 2148 843 2203 ille
874 2147 1148 2219 scriptor,
1182 2148 1349 2218 cujus
1382 2147 1651 2219 superius
1685 2162 1837 2204 men-

182 2235 408 2290 tionem
440 2235 548 2290 feci
582 2234 692 2305 m3,
728 2233 899 2290 aliter
933 2239 1150 2304 narrat,
1185 2234 1263 2289 ita
1286 2232 1375 2266 “9‘
1399 2233 1599 2289 dicens
1633 2253 1644 2288 :
1683 2258 1705 2283 α
1734 2234 1837 2289 Lu-

178 2322 580 2393 dewicus‘39",
600 2322 791 2379 Karoli
818 2322 993 2393 filius,
1014 2322 1110 2393 qui
1137 2321 1635 2379 detransmarinis
1661 2322 1836 2391 parti-

180 2412 301 2468 bus
327 2417 637 2467 revecatus
666 2416 803 2468 tunc
836 2409 1100 2480 regnavit
1125 2410 1179 2464 in
1205 2409 1404 2480 Gallia,
1436 2425 1564 2465 cum
1597 2412 1833 2479 Hugonc

178 2499 485 2571 Cisalpine
519 2498 779 2571 principe
810 2498 866 2553 in
899 2512 1045 2570 page
1077 2497 1306 2554 Alsacio
1347 2496 1552 2568 Belgas
1584 2498 1834 2553 exteriu-

178 2603 301 2656 res,
333 2588 428 2658 qui
456 2588 525 2643 ad
551 2602 609 2643 se
633 2588 885 2643 nondum
917 2592 1215 2656 venerant,
1250 2587 1629 2657 assciscebat,
1655 2592 1713 2641 et
1736 2587 1830 2657 qui

177 2675 425 2731 Ottonis
443 2676 707 2747 partibus
728 2676 989 2731 favebant
1013 2675 1166 2731 ultra
1189 2675 1446 2731 Rhenum
1469 2676 1665 2745 fugere
1683 2690 1835 2732 cem-

178 2764 468 2836 pellebat.
525 2765 898 2821 Presenserat
949 2764 1160 2819 etenim
1202 2762 1313 2834 ηπ,
1362 2764 1632 2820 Ottenem
1685 2764 1832 2821 velle

180 2855 482 2925 Belgicam
507 2855 561 2912 in
587 2870 752 2912 suum
779 2856 876 2926 jus
906 2856 1348 2924 transfundere;
1382 2857 1533 2914 unde
1555 2862 1613 2912 et
1636 2861 1835 2915 trucu-

180 2944 411 2999 lentius
435 2947 640 3000 centra
663 2943 823 2999 illum
849 2945 1096 3015 agitans,
1125 2945 1474 3016 quicumque
1497 2944 1655 3001 illius
1680 2946 1834 3002 vide-

183 3033 409 3088 bantur
426 3046 455 3086 a
480 3031 703 3101 Belgica
728 3033 1084 3102 exturbavit,
1112 3032 1206 3102 qui
1226 3048 1365 3089 vero
1387 3034 1494 3090 sibi
1512 3034 1835 3091 consentie-

1950 1888 2077 1929 men
2110 1873 2272 1929 exitii
2303 1872 2394 1907 ¹⁴⁰²
2426 1874 2556 1943 fine,
2599 1888 2795 1928 necem
2831 1872 2997 1928 ducis
3029 1877 3276 1943 uterque
3319 1873 3587 1945 scriptor

1949 1961 2204 2018 Gallicus
2242 1962 2469 2018 scilicet
2506 1967 2562 2017 et
2604 1961 2941 2031 Saxenieus,
2975 1962 3269 2027 testatur;
3304 1975 3482 2032 penes
3514 1960 3593 2017 le-

1946 2055 2168 2106 ctorem
2202 2065 2339 2107 vero
2371 2051 2504 2120 erit,
2538 2050 2628 2106 cui
2665 2050 2842 2119 magis
2874 2050 3174 2107 credatur.

2018 2149 2273 2217 (LIUDPR.
2306 2163 2381 2217 iv,
2417 2151 2501 2216 30,
2538 2151 2625 2218 31,
2667 2151 2755 2212 32,
2792 2148 2904 2220 33.)
2946 2148 3061 2203 Hoc
3104 2147 3159 2203 in
3198 2144 3289 2181 ¹⁴⁰³
3326 2153 3591 2220 tempore

1948 2234 2297 2293 Bertheldus
2321 2234 2410 2268 ¹⁴⁰⁶
2436 2234 2824 2305 Bajoariorum
2858 2241 2994 2305 dux,
3032 2234 3250 2291 Arnolfl
3284 2235 3453 2292 ducis
3481 2235 3591 2291 fra-

1946 2328 2054 2395 ter,
2079 2324 2169 2381 vir
2185 2329 2483 2393 strenuus,
2506 2328 2632 2381 toto
2656 2325 2956 2381 conamine
2982 2325 3211 2381 favebat
3234 2325 3388 2395 regis
3413 2326 3592 2397 parti-

1946 2414 2071 2470 bus.
2089 2413 2300 2470 Velens
2321 2413 2516 2483 itaque
2537 2427 2658 2483 rex,
2675 2417 2737 2469 ιιι
2759 2412 3238 2484 quemadmodum
3258 2412 3590 2471 tribulatio-

1945 2504 2035 2558 nis
2067 2502 2386 2574 preteritie,
2422 2502 2499 2557 ita
2530 2506 2586 2556 et
2620 2502 2849 2559 lteticize
2890 2502 3182 2573 presentis
3213 2502 3377 2559 fieret
3411 2503 3591 2575 parti-

1944 2605 2105 2662 ceps,
2124 2589 2391 2661 sequenti
2415 2588 2612 2645 statim
2633 2590 2725 2646 die
2748 2596 2809 2645 ut
2827 2590 2897 2645 de
2917 2596 3104 2646 morte
3125 2589 3591 2648 adversariorum

1944 2677 2185 2747 audivit,
2227 2681 2442 2749 quanta
2482 2690 2620 2747 erga
2661 2692 2720 2733 se
2760 2677 3038 2734 Dominus
3079 2678 3305 2749 fecerit,
3348 2678 3592 2736 directis

1944 2767 2171 2823 nunciis
2212 2765 2262 2822 ei
2306 2765 2567 2838 aperuit;
2600 2769 2660 2821 et
2698 2765 2965 2836 quoniam
3005 2766 3294 2837 conjugali
3337 2768 3589 2825 conubio

1943 2855 2174 2913 minime
2200 2856 2527 2925 tenebatur,
2553 2854 2606 2910 in
2632 2858 3001 2925 augmentum
3028 2854 3257 2912 laetioias
3281 2855 3592 2912 demanda-

1946 2946 2023 3001 vit
2046 2945 2524 3015 sub'juramente,
2543 2946 2605 2999 ιιι
2621 2942 2668 2998 si
2685 2956 2944 2999 sororem
2963 2957 3144 3013 suam,
3164 2942 3387 3000 scilicet
3404 2944 3590 3000 Gisel-

1947 3034 2096 3091 berti
2128 3032 2381 3102 viduam,
2430 3035 2628 3103 posset
2660 3030 2895 3099 habere,
2921 3045 3044 3086 eam
3072 3031 3341 3103 cenjugie
3363 3031 3471 3089 sibi
3496 3030 3589 3065 απ

178 3120 351 3189 bant,
376 3119 617 3176 consilio
636 3121 944 3177 Giselbcrti
966 3120 1133 3177 ducis
1157 3119 1399 3190 Belgicae
1420 3128 1474 3177 et
1497 3122 1832 3180 Theoderici
1865 3159 1914 3223 Ο
1943 3122 2266 3195 cepularet,
2313 3121 2361 3178 si
2405 3135 2544 3177 vero
2590 3121 2699 3177 hoc
2749 3119 2937 3176 minus
2986 3119 3357 3191 procederet,
3412 3119 3585 3177 filiam

178 3209 445 3279 comitis,
496 3212 861 3265 sacramento
912 3209 1022 3265 sibi
1074 3209 1457 3279 astringebat.
1510 3211 1646 3267 Otto
1694 3226 1832 3269 vero

178 3297 398 3368 Belgas
447 3298 812 3369 comperiens
858 3312 886 3354 a
926 3312 990 3354 se
1030 3298 1314 3355 defecisse
1354 3303 1414 3354 et
1462 3300 1531 3355 ad
1574 3300 1835 3357 Ludewi-

179 3403 322 3443 cum
353 3385 445 3420 ²³⁹⁷
481 3387 854 3457 confluxisse,
895 3387 1091 3442 Rheno
1136 3387 1499 3459 transmisso,
1547 3388 1833 3459 Belgicam

180 3490 322 3532 cum
356 3474 620 3532 exercitu
652 3475 997 3546 ingreditur,
1039 3476 1281 3546 ejusque
1315 3475 1439 3532 loca
1474 3476 1721 3548 plurima
1755 3478 1835 3534 in-

180 3563 417 3620 cendiis
446 3578 512 3619 ac
543 3563 762 3635 ingenti
790 3563 969 3635 preda
1003 3563 1289 3620 devastat.
1324 3564 1630 3623 Nitebatur
1658 3567 1829 3638 enim,

181 3651 309 3707 acsi
326 3666 400 3707 ex
417 3649 507 3685 ¹³⁹⁸
526 3656 764 3723 paterna
792 3651 1108 3706 traditione
1133 3652 1402 3723 princeps
1423 3652 1542 3709 fieri
1566 3654 1828 3724 Belgicae.

180 3740 245 3794 id
276 3753 417 3795 vero
438 3743 642 3795 contra
668 3739 764 3809 jus
794 3753 965 3808 agerc
987 3739 1510 3811 calumpniabatur,
1546 3755 1675 3798 cum
1708 3742 1834 3812 ejus

183 3832 361 3900 pater
410 3831 650 3899 propter
698 3827 1032 3884 Sclaverum
1082 3826 1515 3885 infestationem
1570 3832 1833 3889 Saxoniae

182 3920 437 3987 tantum,
454 3931 580 3988 quae
599 3920 690 3972 est
708 3930 844 3987 pars
866 3917 1202 3987 Germaniae,
1225 3916 1343 3973 dux
1358 3918 1717 3976 constitutus
1735 3920 1830 3992 sit,

181 4021 255 4062 co
284 4004 437 4076 quod
462 4004 726 4074 Karolus,
750 4003 1042 4061 Ludewici
1068 4009 1253 4077 pater,
1276 4006 1367 4062 cui
1398 4022 1585 4063 rerum
1611 4023 1832 4063 summa

179 4092 535 4162 debebatur,
556 4094 695 4147 tunc
718 4091 904 4147 adhuc
930 4092 983 4147 in
1008 4092 1175 4148 cunis
1200 4092 1443 4162 vagiret.
1470 4093 1704 4149 Multam
1732 4094 1837 4151 ita-

178 4196 298 4253 que
346 4180 581 4253 predam
617 4181 754 4235 Otto
787 4179 1105 4251 abducens,
1158 4183 1418 4237 Rhenum
1467 4182 1724 4239 transiit.
1762 4186 1835 4240 At

184 4268 559 4327 Giselbcrtus
591 4268 705 4325 dux
740 4269 1044 4325 dedecoris
1069 4269 1335 4339 injuriam
1361 4269 1544 4327 ultum
1568 4271 1651 4327 ire
1678 4273 1834 4329 festi-

180 4372 355 4424 nans,
372 4357 621 4415 collecte
638 4358 922 4427 exercitu,
944 4363 1078 4429 post
1100 4358 1323 4414 hostem
1345 4358 1653 4431 accelerat,
1681 4365 1832 4417 tran-

182 4448 459 4518 siensque
483 4447 764 4517 Rhenum,
789 4451 1000 4502 terram
1025 4447 1181 4502 illam
1206 4446 1329 4503 sele
1357 4452 1522 4505 tenus
1546 4448 1829 4507 incendiis

1944 3212 2448 3286 ipsiusGiselberti
2468 3227 2538 3269 ex
2557 3212 2758 3268 eadem
2780 3226 2984 3267 serere
3002 3226 3104 3268 sua
3122 3212 3398 3283 genitam,
3417 3225 3588 3284 quam

1946 3318 2122 3375 penes
2144 3316 2205 3359 se
2227 3301 2498 3371 habebat,
2529 3302 2646 3355 fere
2671 3301 2784 3371 jam
2810 3298 3084 3371 nubilem,
3110 3300 3161 3356 ei
3182 3299 3452 3371 jungeret
3476 3298 3586 3357 ¹⁴⁰⁰.

1944 3390 2068 3457 Quo
2092 3388 2313 3459 audite,
2337 3386 2794 3445 Bertholdus“°7
2814 3388 3091 3445 immense
3108 3392 3201 3443 est
3220 3387 3434 3458 gaudio
3457 3387 3593 3446 affe-

1944 3485 2093 3551 ctus,
2110 3480 2405 3551 elegitque
2425 3478 2677 3536 nendum
2699 3477 2951 3535 nubilem
2975 3478 3172 3550 potius
3190 3477 3367 3536 filiam
3385 3492 3590 3551 exspe-

1941 3574 2123 3637 ctare,
2152 3582 2321 3639 quam
2347 3573 2608 3634 matrem,
2636 3582 2763 3637 quae
2780 3566 2897 3636 jam
2921 3570 3220 3639 nupserat,
3252 3566 3479 3625 tollere.

2019 3656 2348 3713 Fridericus
2391 3656 2567 3726 igitur
2607 3654 3104 3725 archiepiscopus,
3152 3659 3215 3711 ut
3253 3655 3589 3728 infidelitas,

1944 3760 2113 3817 quam
2137 3743 2369 3801 occulte
2391 3744 2683 3813 gestabat,
2717 3743 2949 3798 cunctis
2971 3747 3221 3814 pateret,
3248 3742 3449 3800 decem
3473 3744 3596 3801 die-

1946 3833 2052 3890 bus
2083 3838 2216 3888 ante
2261 3846 2458 3888 ncccm
2493 3830 3028 3901 pronominaterum
3060 3828 3335 3887 discessit
3364 3845 3395 3887 a
3428 3846 3589 3904 rege,

1943 3920 2405 3992 Mogontiamquc
2427 3919 2695 3975 concitus
2718 3918 2955 3974 veniens
2975 3916 3085 3989 ¹⁴⁰⁶,
3108 3917 3185 3973 nil
3207 3917 3286 3973 ibi
3307 3924 3590 3992 moratus,

1944 4012 2252 4066 Metensem
2279 4008 2477 4065 urbem
2503 4005 2675 4073 adiit;
2698 4006 3071 4077 disposuerat
3092 4006 3243 4062 enim
3263 4006 3591 4081 fieinricus,

1946 4101 2125 4155 frater
2156 4096 2331 4167 regis,
2365 4095 2750 4152 redeuntibus
2774 4094 3111 4152 Eberharde
3143 4100 3201 4151 et
3236 4095 3587 4169 Giselbcrte,

1943 4202 2072 4244 eum
2115 4186 2318 4243 eodem
2364 4184 2656 4241 Friderice
2687 4183 2818 4240 istic
2847 4184 3170 4241 exercitum
3207 4198 3588 4258 congregare,

1943 4277 2140 4347 sicque
2190 4274 2310 4345 regi
2346 4274 2400 4330 in
2432 4273 2657 4330 Alsacia
2706 4274 2960 4329 manenti
3014 4272 3227 4329 bellum
3278 4274 3590 4333 maximum

1946 4379 2279 4439 preparare.
2315 4365 2568 4434 Cumque
2592 4362 2692 4419 illo
2719 4363 2986 4419 tenderet
3017 4363 3167 4420 idem
3197 4363 3590 4436 archiepisco-

1945 4470 2070 4528 pus,
2094 4456 2387 4526 inspcrate
2409 4456 2786 4509 occurrentes
2810 4452 2860 4508 ei
2886 4451 3077 4509 nuncii
3103 4456 3346 4509 mortem
3364 4452 3479 4524 jam
3503 4468 3595 4510 se-

181 4536 523 4608 ingentibus
551 4540 766 4606 vastat,
801 4542 1193 4592 armentorum
1221 4537 1397 4592 etiam
1429 4537 1830 4611 pecudumque
1860 4516 1912 4576 D
1944 4516 2075 4616 pius
2105 4516 2532 4598 nominaterum
2557 4541 2609 4596 ci
2636 4540 3061 4597 indicaverunt.
3088 4540 3214 4607 Quo
3236 4516 3437 4597 audite
3457 4557 3593 4599 cen-

180 4625 427 4700 predam
448 4624 676 4680 nimiam
697 4625 995 4681 exercitus
1013 4629 1328 4696 congregat
1349 4630 1409 4682 et
1427 4626 1682 4683 abducit.
1708 4630 1829 4684 .lam

182 4730 330 4773 vero
362 4715 570 4770 flumen
605 4713 830 4783 ingredi
867 4714 1166 4784 parabant,
1201 4718 1258 4769 et
1298 4728 1435 4770 ecce
1468 4714 1606 4771 Otto
1639 4714 1730 4749 ¹³⁰⁹
1760 4732 1832 4772 ex

180 4811 311 4864 tota
326 4804 571 4861 Saxenia
586 4802 861 4860 collectas
878 4804 1077 4875 cepias
1097 4804 1562 4863 accelerantibus
1583 4805 1827 4864 induxit.

181 4895 379 4965 Belgae
402 4894 599 4962 itaque
617 4907 745 4948 cum
768 4891 912 4948 duce
931 4907 1038 4948 suo
1058 4892 1459 4950 indubitanter
1484 4895 1827 4967 renitentes,

177 4998 317 5043 cum
351 4981 653 5038 Germanis
676 4996 847 5037 secus
873 4982 1078 5037 flumen
1110 4982 1292 5052 signis
1323 4983 1552 5040 infestis
1584 4983 1833 5054 ingrcssi

181 5076 345 5142 sunt,
372 5077 432 5127 et
453 5086 524 5127 ex
550 5074 799 5140 utraque
828 5076 993 5141 parte
1026 5070 1189 5126 multi
1221 5071 1559 5128 funduntur.
1595 5071 1717 5138 Qua
1740 5074 1832 5129 die

1942 4634 2242 4689 sternatus
2263 4630 2473 4699 animo,
2496 4628 2631 4700 quid
2657 4634 2857 4697 ageret
2882 4628 3205 4697 ignorabat.
3233 4629 3462 4685 Interea
3487 4645 3593 4686 rex

1943 4720 2228 4776 Alsaciam
2288 4718 2586 4786 deserens,
2653 4715 2948 4770 Franciam
3006 4716 3351 4787 occupabat.
3408 4716 3586 4786 Cujus

1941 4813 2097 4865 metu
2138 4806 2442 4877 Megentiaz
2474 4804 2633 4861 cives
2665 4803 2988 4873 perterriti,
3024 4803 3364 4859 redeuntem
3398 4804 3589 4862 archi-

1941 4896 2277 4970 episcopum
2301 4894 2453 4950 intra
2479 4892 2639 4949 urbis
2663 4891 2868 4945 mmnia
2901 4905 3009 4947 non
3041 4891 3389 4964 suscipiunt.
3425 4892 3588 4950 Unde

1945 4987 2159 5044 factum
2182 4987 2292 5054 est,
2320 4987 2382 5039 ιιι
2409 4996 2517 5038 non
2546 4979 2727 5036 multo
2751 4983 2884 5050 post
2907 4994 2937 5034 a
2961 4980 3208 5051 quedam
3240 4980 3396 5050 regis
3429 4981 3588 5038 fideli

1941 5078 2151 5146 captus
2197 5076 2253 5128 et
2300 5070 2351 5126 in
2395 5069 2483 5126 sui
2527 5067 2878 5140 prcsentiam
2929 5068 3162 5140 ductus,
3211 5068 3500 5127 custodiae
3535 5070 3590 5128 in

1545 5161 1780 5218 VARle
1822 5162 2222 5220 LECTIONES.

257 5247 350 5282 1³⁸³
383 5249 615 5319 poterat
666 5251 715 5319 5.
814 5245 904 5319 ξ³⁹³
937 5245 1180 5303 fecimus
1221 5251 1296 5303 9ο.

1401 5247 1490 5281 ¹³⁹⁶
1521 5249 1685 5307 deest
1726 5255 1810 5307 10.
1862 5258 1948 5306 11.

180 5316 403 5390 erati:
472 5316 563 5390 1W
587 5317 969 5385 luedcwigum
995 5321 1045 5372 5.
1071 5319 1129 5374 et
1146 5318 1492 5390 itdrswpius.
1570 5318 1662 5353 ‘3”
1689 5320 1853 5378 deest
1872 5324 1990 5378 D1.

2056 5246 2542 5319 1mluodewicus
2575 5249 2631 5319 5ζ
2740 5242 3011 5319 ¹³ῗέριιῇιιι
3057 5250 3111 5319 5.
3164 5260 3408 5319 presens
3438 5246 3592 5306 enim

2071 5320 2161 5353 ¹³⁰⁰
2190 5323 2325 5376 ext.
2355 5319 2407 5373 S.
2436 5318 2573 5372 Otto
2601 5316 2639 5369 D
2666 5319 2707 5370 l.
2789 5314 2880 5348 “0°
2908 5315 3069 5373 deest
3086 5320 3137 5371 2.
3164 5314 3177 5319 ⁷
3217 5316 3306 5350 ¹⁴⁰¹
3337 5318 3393 5373 in
3436 5319 3591 5375 unda

180 5397 236 5448 2.
320 5389 410 5422 ¹⁶⁰²
440 5387 605 5445 exitu
635 5393 685 5443 2.
721 5391 795 5442 9C.
834 5392 917 5443 10.
952 5390 993 5443 ι)
1025 5391 1076 5443 1.
1156 5387 1246 5421 ί⁸⁰³
1273 5386 1435 5447 diost
1457 5395 1509 5444 2.
1589 5390 1678 5424 ¹⁴⁰⁴
1718 5391 2066 5449 bertheldus
2107 5394 2229 5447 D1.
2268 5394 2351 5445 10.
2392 5393 2445 5445 l1
2486 5386 2869 5443 berehtoldus
2927 5392 2976 5442 5.
3021 5387 3326 5445 bertoldus
3405 5391 3453 5444 ι.
3505 5395 3586 5446 9°.

180 5461 276 5497 μοι
307 5460 394 5516 illi
428 5464 479 5515 5.
514 5464 593 5515 9ο.
630 5463 713 5514 10.
752 5463 837 5514 11.
871 5459 926 5514 h.
967 5474 1021 5514 ei
1061 5474 1111 5516 c.
1155 5475 1284 5531 cep.
1322 5465 1371 5517 4.
1451 5460 1542 5494 ³⁸⁰⁰
1569 5461 1946 5533 cenjungeret
1984 5467 2033 5518 5.
2116 5461 2202 5495 ί⁵⁰⁷
2243 5459 2588 5517 bertheldus
2625 5461 2676 5512 2.
2709 5460 2751 5512 D
2788 5463 2835 5514 1.
2868 5456 2926 5515 et
2954 5459 3150 5533 infra.
3220 5459 3311 5494 “°'
3341 5459 3501 5518 deest
3530 5468 3583 5516 2.

251 5640 403 5712 (236)
439 5636 521 5694 Cf.
560 5650 688 5708 quae
721 5634 777 5693 in
808 5635 965 5694 netis
995 5635 1224 5695 Richeri
1256 5636 1500 5693 editioni
1532 5654 1603 5694 cx
1634 5550 2221 5696 Ekkel‘lligfcﬁadditm
2256 5639 2390 5693 sunt
2426 5633 2732 5691 lectiones.
