3952 6324
483 386 598 451 915

1654 384 2108 446 EKKEHARD

2228 385 2735 460 iRAUGIENSIS
3731 403 3820 468 916

483 522 785 579 Saxoniam
817 522 895 580 sit
927 521 1200 579 traditus.
1233 523 1292 578 In
1325 536 1437 594 qua
1471 537 1649 595 parvo
1683 529 1942 595 tempore
1975 539 2128 582 com-
2159 518 2214 578 A
2245 523 2357 580 etis
2397 523 2486 558 “1°
2526 528 2912 600 monasteriis,
2964 541 3140 598 grave
3187 543 3334 588 onus
3379 531 3721 594 sacerdotum
3753 538 3818 574 ίιίτ

483 617 762 682 moratus,
790 613 1162 668 miseratione
1187 613 1363 682 regis,
1388 616 1446 669 ut
1467 617 1592 668 erat
1617 612 2122 685 clementissimus,

478 702 744 774 pristinae
777 703 1048 772 dignitati
1079 707 1169 757 est
1203 703 1530 759 restitutus.

551 791 856 847 lleinrieus
879 795 1070 847 autem
1093 793 1292 846 fratris
1312 793 1521 847 timore
1540 793 1895 863 compulsus,
1918 795 2128 852 castel-

481 877 598 937 lum
633 880 1021 948 Kievermont,
1062 895 1171 936 non
1205 879 1392 936 solum
1426 881 1674 948 ingeniis
1705 883 2000 939 hominum
2033 899 2128 938 ve-

480 983 604 1024 rum
630 967 721 1000 “°°
743 969 917 1024 etiam
948 975 1154 1024 natura
1185 969 1308 1039 ipsa
1342 970 1622 1026 munitum
1658 971 1880 1038 ingredi
1912 972 2124 1040 voluit;

479 1057 580 1114 sed
606 1073 771 1114 soror
794 1057 940 1124 ejus,
968 1057 1141 1112 vidua
1170 1057 1504 1128 Giselberti,
1538 1075 1668 1115 eum
1703 1061 2016 1133 prohibuit,
2044 1063 2125 1118 di-

475 1162 614 1204 cens
633 1146 702 1202 ad
721 1161 789 1202 eu
801 1162 850 1200 m
877 1165 889 1200 :
911 1147 1042 1202 Non
1061 1148 1113 1202 te
1128 1149 1510 1204 miseriarum
1526 1163 1813 1210 mearum,
1831 1165 2126 1220 quasper—

477 1236 662 1305 empta
692 1235 908 1292 marito
929 1250 1054 1290 meo
1070 1237 1388 1307 perpetior,
1402 1237 1590 1306 piget,
1617 1238 1768 1308 quin
1791 1239 1973 1294 etiam
2001 1255 2125 1297 mu-

473 1325 806 1382 nitionibus
855 1326 1005 1380 meis
1034 1326 1088 1380 te
1117 1325 1489 1391 includenda,
1535 1328 1700 1396 regis
1744 1327 1903 1383 iram
1947 1343 2124 1400 super

476 1411 632 1471 lianc
656 1416 955 1483 regionem
975 1415 1139 1470 pellet
1155 1429 1378 1484 aquam
1405 1414 1682 1485 eiu-udas
1705 1414 1832 1473 “1°?
1863 1417 1993 1472 Non
2014 1433 2123 1488 pa-

477 1501 635 1569 tiar;
657 1516 763 1559 nec
785 1503 940 1558 enim
962 1503 1132 1558 tanta
1160 1503 1428 1560 pecore/ia
1453 1504 1638 1560 michi
1660 1506 1780 1560 erit
1797 1506 2032 1575 innata,
2057 1509 2129 1563 πε

475 1605 550 1647 σω
575 1591 723 1648 meis
752 1592 1136 1648 incommodis
1168 1593 1272 1647 tua
1310 1606 1608 1662 compares
1649 1594 1966 1650 commoda.
2021 1595 2122 1651 [iis

475 1679 712 1748 auditis,
762 1680 1039 1736 llenrieus
1075 1681 1374 1736 Lotharios
1407 1680 1668 1736 deseruit
1700 1687 1757 1736 et
1792 1683 1845 1736 in
1881 1697 2119 1749 regnum

475 1769 767 1824 Ludewici
819 1770 1085 1826 secessit.
1143 1772 1308 1832 (Win.
1355 1787 1413 1839 ιι,
1459 1773 1572 1842 26.)
1624 1771 1874 1826 Pretecit
1927 1778 2119 1828 autem

2243 615 2600 671 devitabant.
2630 619 2881 674 Fuerunt
2910 617 3108 689 plures
3127 619 3220 688 qui
3241 633 3522 677 summum
3545 627 3816 694 pontiﬁcem

2241 702 2598 760 Fridericum
2631 706 2734 762 boc
2767 723 2876 762 non
2910 723 3052 778 pure
3081 706 3170 740 1⁸³⁸
3202 708 3306 764 sed
3336 710 3569 768 subdole
3599 713 3814 774 effecisse

2240 793 2509 848 arbitrati
2551 800 2707 864 sunt,
2759 797 3035 866 quatinus
3075 796 3260 853 virum
3301 801 3670 858 venerabilem
3707 808 3818 875 regi-

2240 894 2350 948 que
2385 877 2474 913 “'9
2505 881 2752 951 fidelem,
2789 883 3166 938 Hademarum
3211 885 3476 940 abbatem
3509 887 3812 962 Fuldeusem,

2239 968 2285 1025 si
2311 984 2423 1038 quo
2449 972 2616 1026 modo
2647 977 2863 1042 posset,
2902 972 3332 1028 dehonestaret.
3372 975 3497 1045 Ipse
3517 977 3652 1032 enim
3673 980 3814 1036 abbas

2237 1058 2327 1113 vir
2357 1063 2484 1114 erat
2518 1075 2736 1129 magum
2768 1061 3092 1130 prudentia)
3123 1066 3177 1116 et
3211 1061 3533 1132 industriae,
3567 1068 3663 1122 sub
3688 1069 3817 1138 cujus

2240 1149 2600 1217 temporibus
2644 1149 2926 1204 liuldense
2977 1149 3256 1220 templum
3303 1150 3570 1208 famosum
3609 1159 3818 1226 estigne

2236 1244 2664 1308 consumptum,
2698 1238 2801 1293 sed
2827 1239 2896 1293 ab
2919 1253 2987 1292 eo
3015 1239 3068 1293 in
3095 1238 3298 1294 melius
3332 1245 3716 1299 restauratum.
3743 1248 3817 1302 ilic

2235 1325 2480 1380 eundem
2515 1325 2842 1396 pontificem
2881 1326 3132 1382 secunda
3177 1328 3571 1398 conjuratione
3609 1331 3819 1404 culpabi-

2237 1412 2345 1467 lem
2381 1415 2486 1468 sub
2519 1413 2788 1470 custodia
2830 1415 3038 1483 tenuit,
3088 1415 3332 1485 primum
3372 1417 3595 1487 quidem
3635 1421 3815 1478 honori-

2236 1500 2360 1566 ﬁce,
2390 1503 2489 1556 sed
2515 1518 2644 1556 cum
2671 1502 2900 1558 litteras
2920 1504 2990 1558 ab
3010 1519 3079 1558 eo
3100 1504 3354 1574 scriptas
3379 1507 3811 1578 reprehendisset,

2235 1591 2376 1645 satis
2400 1605 2615 1646 severe.
2651 1593 2916 1646 Pontifex
2940 1607 3076 1648 vero
3101 1593 3394 1660 dimissus,
3431 1594 3555 1650 dum
3588 1597 3812 1653 ultionem

2235 1685 2506 1747 quc-reret
2540 1695 2645 1735 nec
2675 1683 2878 1736 contra
2915 1685 3136 1736 tantum
3171 1681 3358 1737 virum
3391 1684 3712 1754 prevaleret,
3740 1685 3814 1741 hu-

2235 1767 2472 1832 millima
2500 1769 2846 1824 monasteria
2871 1769 3082 1826 statuit
3105 1775 3421 1841 temptare,
3447 1772 3492 1827 si
3518 1773 3653 1828 forte
3673 1773 3729 1828 ad
3748 1774 3815 1808 1‘”

474 1871 574 1912 rex
608 1857 828 1926 regioni
859 1858 1263 1914 Lothariorum
1291 1860 1580 1928 Ottonem,
1607 1860 1785 1916 ﬁlium
1810 1860 2113 1929 Richwini,
2147 1876 2204 1936 Β
2235 1856 2724 1912 excellentissima
2776 1863 2970 1928 posset
3019 1858 3331 1928 aequaliter
3377 1860 3688 1930 procedere.
3733 1863 3813 1918 Sed

473 1949 533 2000 ut
568 1950 623 2002 et
659 1961 898 2015 regnum
937 1953 1277 2017 procuraret
1308 1953 1366 2002 et
1400 1954 1668 2018 nepotem
1710 1965 1899 2019 suum,
1940 1949 2119 2006 Gisel-

474 2033 624 2090 berti
665 2035 866 2104 ﬁlium,
913 2037 1076 2092 boum
1109 2037 1234 2106 spei
1272 2037 1595 2107 puerulum,
1632 2039 2119 2098 nomineifeinri-

469 2138 622 2193 cum,
673 2125 947 2180 nutriret.
1003 2126 1257 2192 (LIUDPR.
1293 2141 1365 2191 ιν,
1398 2127 1510 2197 34.)
1561 2127 1868 2184 lieinricus
1901 2133 2112 2200 autem,

474 2211 656 2266 frater
712 2212 886 2282 regis,
939 2213 1073 2268 dum
1126 2213 1280 2270 aliud
1333 2214 1466 2284 quid
1519 2216 1735 2271 faceret
1795 2217 2113 2286 ignoraret,

473 2301 790 2370 assumptis
842 2316 1036 2357 secum
1098 2303 1443 2372 quibusdam
1503 2304 1814 2375 episcopis,
1871 2321 2115 2377 quorum

467 2387 773 2456 juvaretur
809 2389 1048 2459 auxilio,
1101 2390 1347 2460 quadam
1400 2392 1492 2447 die
1543 2393 1713 2450 nudis
1767 2395 2012 2465 pedibus
2045 2397 2116 2453 ad

467 2476 650 2546 pedes
693 2477 866 2546 regis,
912 2479 1038 2549 ipso
1073 2479 1394 2548 ignorante,
1431 2482 1716 2552 pervenit,
1753 2483 2115 2554 supplexque

469 2565 928 2622 misericordiam
963 2567 1316 2637 imploravit.
1364 2569 1464 2624 Cui
1499 2585 1597 2624 rex
1630 2570 1707 2625 ait
1743 2589 1756 2626 :
1788 2572 2116 2642 Indignum

455 2654 710 2727 facinus
741 2655 906 2711 tuum
935 2658 1170 2713 veniam
1189 2671 1305 2712 non
1323 2658 1598 2725 meretur,
1629 2673 1836 2716 rerum
1857 2661 2008 2730 quia
2031 2663 2115 2717 ci-

465 2743 570 2798 deo
595 2743 648 2799 te
669 2741 758 2776 ιω
779 2744 1167 2802 humillimum
1189 2759 1386 2802 comm
1409 2761 1519 2816 pie,
1548 2761 1662 2802 non
1682 2748 1964 2805 inducam
1991 2765 2114 2806 ma-

466 2831 590 2887 lum
608 2834 874 2903 superte.
910 2835 1094 2890 Iussit
1131 2833 1328 2904 itaque
1353 2850 1454 2890 rex
1475 2850 1604 2892 eum
1631 2837 1698 2892 ad
1727 2837 2004 2906 palatium
2027 2841 2114 2895 ln-

464 2919 788 2989 gclenheim
812 2921 1106 2992 proﬁcisci
1132 2923 1474 2992 sollertique
1493 2935 1632 2979 cura
1651 2939 1780 2980 eum
1802 2927 2108 2992 custodiri,

466 3008 654 3079 quoad
681 3016 900 3065 remota
927 3010 1222 3080 paululum
1243 3010 1333 3044 ¹⁴¹²
1352 3012 1562 3066 mentis
1582 3013 1948 3082 :egritudine,
1973 3015 2108 3084 quid

465 3111 641 3166 super
689 3113 758 3154 eo
811 3099 1051 3168 faceret,
1101 3099 1346 3154 consilio
1409 3101 1756 3169 prudentum
1816 3102 2105 3160 deﬁniret.

465 3183 634 3252 (WID.
667 3201 726 3254 ιι,
768 3190 855 3256 29,
899 3190 986 3253 36,
1030 3191 1097 3242 37
1137 3202 1220 3256 sq.
1267 3192 1354 3257 35,
1397 3193 1511 3258 33.)
1562 3191 1701 3243 Post
1748 3190 1870 3246 haec
1919 3191 2106 3248 vicina

463 3273 573 3330 sibi
596 3289 827 3346 semper
857 3274 1162 3330 clementia
1193 3274 1513 3344 aliquantis
1544 3277 1788 3334 urbibus
1813 3278 1972 3336 illius
1994 3281 2110 3337 usi-

464 3363 573 3418 bus
589 3363 912 3430 concessis,
935 3363 1195 3434 permisit
1216 3379 1346 3419 eum
1370 3364 1424 3419 in
1445 3366 1851 3423 Lothariorum
1872 3369 2108 3437 regione

463 3449 755 3506 habitare.
814 3451 1029 3507 Deinde
1073 3451 1126 3506 in
1172 3467 1449 3523 processu
1495 3455 1784 3524 temporis
1835 3456 2108 3514 defuncto

464 3537 610 3594 duce
653 3540 1046 3609 Bajoariorum
1081 3539 1168 3576 ωδ
1200 3541 1539 3611 Berlitoldo,
1586 3543 1806 3600 monitu
1840 3548 1897 3599 et
1934 3546 2108 3602 inter-

460 3627 728 3685 cessione
775 3635 994 3686 sanctze
1042 3630 1243 3686 matris
1289 3645 1410 3686 suae
1456 3633 1703 3702 prefccit
1749 3648 1880 3690 eum
1928 3650 2107 3705 regno

459 3715 668 3786 eidem,
723 3717 942 3774 faciens
987 3735 1114 3776 cum
1165 3733 1232 3774 eo
1283 3720 1656 3776 concordiam
1689 3726 1744 3776 et
1779 3737 1996 3794 pacem,
2049 3725 2105 3779 in

460 3819 572 3876 qua
603 3805 776 3862 etiam
810 3807 1062 3863 fideliter
1094 3809 1411 3879 permansit
1440 3809 1494 3864 in
1526 3810 1714 3866 ﬁnem.
1753 3813 1887 3866 Erat
1913 3817 2103 3868 autem

460 3894 586 3966 ipse
637 3895 937 3952 lieinricus
985 3895 1298 3967 copulatus
1350 3897 1716 3954 matrimonio
1755 3899 1888 3955 ﬁlize
1939 3901 2105 3956 ducis

457 3982 696 4052 Arnolﬁ,
740 3984 964 4040 feminze
1005 3984 1254 4054 egregia:
1298 3986 1496 4042 forma)
1535 3987 1939 4058 mirabilisque
1976 4005 2106 4058 pru-

457 4071 691 4128 dentize.

529 4161 716 4230 Igitur
746 4159 835 4192 “1‘
866 4176 995 4216 cum
1047 4162 1197 4218 bella
1241 4164 1519 4219 intestini
1569 4164 1738 4220 simul
1771 4171 1830 4221 et
1861 4171 2104 4222 externa

458 4253 761 4306 cessarent
796 4249 1072 4320 legesque
1101 4251 1312 4308 divinae
1335 4259 1392 4307 et
1417 4253 1680 4309 bumanze
1711 4255 1994 4310 auctorali
2025 4255 2105 4310 vi-

457 4352 600 4407 gore
633 4338 942 4408 pollerent,
975 4341 1172 4409 gravis
1205 4341 1534 4411 persecutio
1578 4343 1875 4398 monachis
1915 4345 2104 4401 oritur

460 4425 576 4482 illis
608 4425 831 4496 diebus,
870 4429 1290 4484 afﬁrmantibus
1324 4431 1670 4499 quibusdam
1707 4431 2098 4504 pontiﬁcibus,

457 4514 665 4571 melius
687 4516 868 4572 videri
896 4531 1114 4588 paucos
1137 4518 1253 4572 vita
1279 4517 1472 4574 claros
1499 4533 1666 4588 quam
1691 4518 1892 4588 plures
1910 4521 2105 4588 negle-

2235 1945 2564 2014 bujusmodi
2590 1947 2990 2002 simulationes
3017 1947 3310 2002 incassum
3332 1947 3418 1980 “’1
3437 1951 3668 2020 profusae
3684 1957 3813 2014 sunt;

2233 2047 2362 2088 nam
2405 2037 2584 2090 abbas
2617 2034 2706 2066 ¹⁵²²
2739 2036 2794 2090 in
2836 2036 3021 2105 gratia
3057 2039 3116 2091 et
3147 2037 3413 2092 amicieia
3448 2037 3590 2106 regis
3616 2037 3693 2070 ¹⁴²³
3720 2054 3818 2110 per-

2233 2123 2462 2192 mansit,
2495 2130 2553 2178 et
2584 2125 2775 2180 causis
2807 2124 3361 2194 intercurrentibus,
3417 2125 3656 2198 pontifex
3698 2127 3814 2198 quod

2231 2210 2416 2266 voluit
2450 2227 2559 2266 non
2593 2211 2878 2282 implevit.

2302 2301 2421 2354 Rex
2473 2305 2664 2356 autem
2707 2300 2778 2354 de
2819 2301 2910 2356 die
2954 2302 3007 2356 in
3053 2301 3206 2357 diem
3260 2302 3579 2374 proﬁciens,
3624 2307 3814 2376 paterno

2231 2403 2408 2455 regno
2441 2405 2549 2444 non
2583 2394 2913 2460 contentus,
2951 2390 3094 2445 abiit
3128 2391 3183 2444 in
3218 2392 3613 2462 Burgundiam,
3645 2408 3816 2463 regem-

2229 2491 2340 2546 que
2390 2493 2516 2532 cum
2571 2493 2747 2544 regno
2779 2479 2838 2533 in
2872 2493 3030 2534 suam
3063 2480 3294 2550 accepit
3325 2485 3672 2551 potestatem.
3704 2483 3814 2537 'Dc-

2229 2563 2426 2618 functo
2457 2569 2648 2620 autem
2684 2566 2897 2620 Ottone
2931 2565 3340 2622 Lothariorum
3377 2568 3590 2638 preside
3622 2583 3675 2624 ac
3700 2569 3814 2637 regis

2227 2657 2440 2721 nepote
2473 2653 2766 2716 Heinrieo,
2805 2652 3114 2710 Giselberti
3141 2654 3289 2725 ﬁlio,
3325 2655 3584 2714 ducatum
3615 2657 3811 2726 regionis

2227 2739 2573 2795 Chuonrado
2599 2757 2699 2795 rex
2725 2743 3040 2812 concessit,
3067 2743 3156 2798 cui
3181 2747 3242 2799 et
3272 2745 3488 2800 unicam
3514 2745 3666 2800 ﬁliam
3687 2759 3806 2800 suam

2225 2827 2462 2897 Luitgar
2489 2832 2594 2884 iam
2635 2831 3050 2900 desponsavit;
3084 2832 3179 2900 qui
3213 2839 3344 2887 erat
3379 2833 3690 2889 adolescens
3714 2847 3809 2888 acer

2224 2921 2279 2972 et
2308 2917 2498 2985 fortis,
2536 2918 2687 2972 domi
2715 2918 3036 2988 militisque
3061 2919 3346 2990 Optimus,
3380 2922 3804 2978 commilitonibus

2223 3006 2345 3062 suis
2379 3007 2571 3062 karus.
2607 3006 2747 3062 lfuic
2780 3006 3090 3076 Luitolfus,
3127 3008 3287 3066 ﬁlius
3316 3010 3486 3080 regis,
3520 3009 3674 3064 nimia
3702 3009 3806 3064 dile-

2221 3094 2433 3150 ctionis
2462 3094 2854 3150 familiaritate
2888 3097 3201 3153 asstrictus
3229 3104 3344 3165 est;

2329 3184 2350 3206 ⁶
2385 3183 2646 3252 Reliqua
2669 3197 2854 3252 usque
2874 3184 2955 3238 ad
2977 3198 3162 3241 annos
3187 3186 3420 3244 Gitonis
3449 3186 3643 3242 desunt
3665 3187 3718 3240 Ε.

2295 3273 2482 3340 (Rieu.
2518 3289 2576 3340 ιι,
2611 3275 2723 3342 29.)
2767 3274 2902 3327 Post
2938 3273 3058 3329 hzec
3096 3288 3198 3329 rex
3231 3277 3370 3332 Otto
3401 3292 3524 3332 cum
3555 3273 3807 3331 Ludewico

2221 3375 2358 3428 rege
2389 3375 2488 3431 per
2519 3359 2840 3428 legatorum
2883 3361 3281 3418 interventum
3314 3364 3657 3430 conciliat-ur,
3687 3359 3804 3430 quod

2220 3451 2403 3504 eidem
2445 3449 2751 3504 Ludewieo
2794 3455 2991 3520 postea
3029 3449 3278 3506 multum
3313 3453 3617 3524 profecisse
3645 3449 3806 3522 proba-

2221 3542 2334 3593 tur.
2363 3539 2531 3607 (πω.
2557 3553 2613 3602 ιι,
2638 3540 2750 3608 39.)
2778 3539 2951 3593 Soror
2969 3542 3160 3594 autem
3182 3540 3342 3609 regis
3362 3542 3634 3609 Gerberga
3649 3537 3808 3608 genuit

2219 3627 2528 3683 Ludewico
2565 3626 2712 3681 ﬁlios
2745 3627 2906 3695 duos,
2935 3626 3202 3683 Karolum
3228 3635 3286 3684 et
3318 3628 3633 3684 Lotharium
3663 3625 3740 3696 qui
3765 3628 3805 3678 et

2217 3715 2368 3787 patri
2403 3719 2604 3784 postea
2645 3715 2947 3770 successit.
2986 3715 3172 3782 (Rieu.
3210 3732 3273 3787 ιι,
3310 3721 3396 3787 47,
3431 3720 3511 3773 48.
3534 3718 3735 3770 —-\\'m.
3760 3728 3803 3778 ιι,

2217 3807 2305 3870 39,
2332 3807 2388 3859 41
2414 3821 2428 3870 ;
2461 3819 2543 3872 ιιι,
2576 3809 2590 3858 1
2621 3807 2775 3874 sqq.)
2813 3804 3153 3861 Ludewicus
3187 3805 3388 3876 itaque
3412 3822 3440 3861 a
3467 3805 3688 3862 ducibus
3715 3799 3804 3857 suis

2217 3892 2669 3961 circumventus,
2713 3892 2958 3962 primum
2992 3907 3022 3947 a
3053 3892 3570 3962 Rhodomensibus,
3603 3892 3664 3948 ad
3693 3903 3806 3960 quos

2217 3981 2572 4050 llairoldum,
2601 3981 2777 4035 ﬁlium
2801 3981 3108 4036 Thurmodi
3138 3983 3531 4052 Bajocensium
3556 3976 3803 4052 principis,

2217 4071 2444 4138 fugiens
2483 4069 2641 4124 solus
2683 4069 2980 4139 ingressus
3019 4074 3129 4140 est,
3161 4072 3396 4142 capitur
3437 4068 3803 4135 Haioroldoque

2217 4158 2489 4224 traditur,
2527 4159 2626 4213 sed
2662 4159 2796 4213 dato
2833 4159 3050 4214 minore
3093 4159 3209 4214 ﬁlio
3253 4160 3479 4228 obside,
3518 4153 3800 4216 dimittitur,

2215 4247 2528 4316 statimque
2559 4262 2587 4301 a
2620 4247 2768 4302 duce
2813 4249 3050 4315 llugonc
3096 4251 3330 4318 captus,
3372 4247 3684 4318 Lugdunum
3722 4240 3804 4296 sub

2213 4336 2481 4392 custodia
2515 4335 2748 4406 publica
2773 4341 2859 4392 est
2887 4337 3121 4392 missus.
3161 4337 3260 4392 His
3292 4337 3523 4405 auditis,
3559 4349 3648 4390 rex
3668 4341 3804 4400 super

2216 4425 2382 4479 amici
2419 4425 2646 4480 fortuna
2682 4424 2826 4480 satis
2855 4425 3061 4491 doluit,
3089 4425 3513 4497 imperavitque
3538 4419 3804 4492 expeditio-

2219 4528 2344 4568 nem
2383 4513 2434 4568 in
2469 4513 2707 4568 Galliam
2748 4518 2950 4568 contra
2993 4516 3286 4582 lfugonem
3322 4514 3378 4569 in
3407 4527 3603 4569 annum
3643 4517 3802 4563 secun-

454 4606 662 4672 gentes
694 4605 746 4659 in
781 4605 1154 4660 monasteriis
1194 4620 1345 4674 esse,
1383 4605 1630 4676 ideoque
1661 4612 1936 4676 oportere
1967 4624 2102 4665 con-
2129 4595 2184 4656 D
2217 4602 2370 4660 dum.
2407 4601 2508 4657 llle
2533 4617 2716 4657 annus
2739 4603 3014 4658 notabilis
3041 4604 3230 4660 fartus
3253 4611 3343 4658 est
3365 4603 3436 4658 de
3459 4603 3632 4657 morte
3651 4591 3804 4652 Edidis

453 4695 818 4751 versationes
837 4710 1035 4750 eorum
1057 4709 1159 4765 per
1177 4695 1529 4750 monasteria
1559 4695 1889 4767 pePSpicere
1908 4701 1965 4752 et
1989 4714 2099 4754 non

455 4784 600 4838 Feue
623 4787 1042 4838 conversantes
1065 4782 1336 4858 abjieere,
1364 4783 1553 4852 obliti,
1578 4784 1630 4839 ni
1656 4783 1842 4854 fallor,
1870 4791 2102 4842 sentcn-

452 4871 550 4929 tiaa
574 4870 1012 4942 patrisfamilias
1031 4870 1142 4941 ωδ,
1167 4871 1534 4943 prohibentis
1559 4888 1760 4930 servos
1781 4873 2002 4929 zizania
2030 4877 2100 4931 de

451 4959 618 5017 tritic
684 4975 910 5030 eruere,
946 4961 1048 5016 sed
1089 4961 1283 5016 sinere
1317 4967 1564 5032 utraque
1597 4961 1666 5017 ad
1701 4978 1945 5018 messem
1978 4979 2100 5020 cre-

451 5063 636 5118 scere,
663 5063 753 5118 ne,
787 5064 900 5106 uno
932 5049 1164 5105 incaute
1195 5049 1513 5118 eradicato,
1546 5050 1812 5106 damnum
1845 5051 2010 5107 fieret
2043 5052 2098 5107 in

453 5137 660 5193 altero.
696 5137 856 5203 Quod
890 5142 950 5194 et
981 5138 1036 5194 in
1069 5139 1158 5195 his
1188 5139 1403 5195 factum
1431 5144 1542 5194 est.
1576 5140 1711 5194 Nam
1739 5139 1940 5210 plures
1969 5156 2101 5211 pro-

453 5222 594 5295 priae
646 5223 1004 5282 inﬁrmitatis
1049 5225 1289 5295 conscii,
1325 5225 1594 5297 deposito
1644 5225 1846 5283 habitu
1877 5230 1934 5284 et
1969 5226 2099 5282 reli-

2215 4691 2451 4760 reginm,
2488 4698 2536 4746 7.
2575 4691 2811 4746 Kalend.
2871 4693 3034 4748 Febr.
3090 4693 3399 4761 defunctae,
3435 4705 3556 4760 quae
3601 4689 3709 4742 nata
3749 4693 3802 4733 CX

2213 4785 2386 4850 gente
2415 4781 2750 4850 Anglorum,
2785 4796 2894 4835 non
2929 4781 3119 4836 minus
3146 4783 3348 4836 sancta
3381 4777 3644 4848 religione
3669 4781 3802 4842 quam

2215 4869 2394 4938 regali
2447 4869 2988 4940 potentia'elaruit.
3044 4871 3248 4926 Decem
3300 4869 3464 4924 annis
3515 4860 3658 4934 regni
3698 4869 3803 4912 eon-

2213 4959 2391 5014 sortia
2427 4957 2634 5027 tenuit,
2668 4957 2972 5014 undecimo
2997 4957 3162 5027 obiit,
3188 4957 3490 5013 Saxoniam
3515 4965 3639 5009 vero
3661 4952 3803 5004 19³11·

2213 5047 2301 5103 nis
2357 5047 2720 5102 inhabitavit.
2786 5045 3037 5116 Reliquit
3111 5045 3288 5103 ﬁlium
3361 5043 3580 5101 nomine
3633 5029 3800 5125 Luitel:

2211 5137 2350 5206 fum,
2385 5135 2538 5191 omni
2573 5135 2790 5192 virtute
2825 5115 2998 5190 animi
3029 5138 3088 5189 et
3119 5133 3384 5206 corporis
3411 5146 3476 5189 ea
3505 5133 3660 5186 aetate
3687 5115 3798 5176 nulli

2215 5225 2556 5294 secundum,
2632 5223 2804 5280 ﬁliam
2873 5238 3104 5294 quoque
3171 5223 3398 5280 nomine
3461 5211 3794 5287 Luitgal'daﬂl,

1815 5400 2049 5456 VARLE
2092 5399 2494 5456 LECTIONES.

522 5537 614 5572 “0°
647 5539 748 5594 sed
783 5543 832 5596 4.
867 5543 909 5596 D
944 5547 991 5596 1.
1073 5539 1164 5574 “1°
1193 5541 1464 5597 infundas
1504 5547 1555 5596 2.

451 5609 553 5672 git
595 5611 656 5664 Ε.
735 5609 824 5644 “1‘
857 5612 1020 5668 deest
1062 5617 1120 5666 9°
1195 5612 1390 5668 1““m.
1445 5629 1492 5667 ι’.
1546 5615 1642 5667 Ι)1.
1723 5611 1813 5646 ¹⁴¹⁷
1840 5613 2003 5670 deest
2044 5617 2095 5668 2.

1635 5540 1723 5575 ¹⁴¹¹
1761 5546 1814 5595 te
1844 5541 2015 5597 video
2045 5543 2153 5598 D'l.
2233 5541 2265 5574 ¹¹

1723 5611 1813 5645 1417
1843 5613 2003 5645 Hnno}
2044 5617 2076 5645 σι
2174 5610 2265 5645 1418

2294 5629 2349 5669 Il.

451 5675 554 5709 “’1
586 5678 812 5737 incasse
846 5683 944 5737 Dt.
980 5681 1272 5738 incassum
1301 5697 1594 5754 superscr.
1629 5682 1720 5738 vel
1754 5683 1976 5740 incasse
2003 5684 2100 5740 E1.
2179 5683 2270 5716 1‘”
2299 5688 2356 5740 et
2385 5675 2568 5740 abbas
2595 5686 2692 5738 D1.
2729 5684 2826 5738 Et.

2775 5539 2880 5611 1“?
2901 5541 2956 5595 l3.
2995 5540 3049 5596 d.
3085 5537 3396 5611 Bertholdo
3427 5539 3523 5611 Di:
3577 5528 3794 5611 _““,I’{’:f

2798 5610 2888 5644 “1°
2919 5628 2964 5667 r.
3003 5612 3036 5665 f.
3074 5609 3284 5668 desunt
3309 5614 3360 5665 2.
3438 5606 3525 5639 ¹⁶²⁰
3555 5597 3695 5659 deest
3730 5599 3788 5649 Ψ·

2907 5681 2996 5715 ¹⁶²³
3025 5683 3122 5740 hic
3139 5680 3349 5755 pergit
3378 5684 3422 5734 1.

2233 5541 2322 5574 ω’
2353 5541 2588 5614 paulum
2621 5546 2696 5596 9°.

2233 5610 2265 5644 ω
2294 5629 2349 5668 ιι.
2385 5628 2438 5668 ι).
2474 5613 2526 5668 ll.
2562 5613 2622 5666 D.
2659 5613 2702 5666 E

2385 5628 2438 5684 p.
2474 5628 2526 5668 ιι.
2562 5628 2622 5666 υ.
2659 5628 2721 5668 is.
