3952 6348
225 313 361 382 917

1122 306 1541 375 CHRONICA
1608 343 1675 354 —
1704 303 2181 370 CHHONICON
2227 308 2781 378 UNIVERSALE.

3538 315 3657 379 918

239 467 376 525 quas
405 454 688 525 nupserat
720 446 1065 507 Chuonrado
1095 445 1245 504 duci.
1281 443 1515 517 Sepulta
1556 449 1647 501 est
1699 448 1887 501 autem
1922 440 1975 501 A
2006 442 2227 499 Italiam
2262 443 2497 515 ducens,
2534 445 2855 517 aliquantis
2885 445 2963 503 ibi
2993 446 3237 505 urbibus
3257 448 3447 523 captis
3464 452 3524 508 et
3548 449 3654 509 sub

237 542 301 598 in
338 541 581 598 civitate
610 537 1145 609 Magadeburgensi.
1185 538 1323 591 Post
1370 535 1538 603 cujus
1586 549 1888 590 excessum

242 646 349 687 rex
400 644 566 686 omne
599 628 857 685 studium
889 627 1171 682 transfert
1198 625 1255 680 in
1286 624 1485 693 ﬁlium,
1512 624 1777 694 factoque
1812 629 1892 679 te-

242 723 559 787 stamento,
595 717 816 774 creavit
854 731 983 772 eum
1020 729 1216 783 regem
1254 718 1384 783 post
1414 727 1492 767 se.
1530 714 1658 782 lpse
1699 716 1889 767 autem

242 812 416 862 tener
448 807 637 862 adhuc
670 809 796 861 erat
830 804 1172 859 adolescens
1207 816 1484 857 annorum
1530 806 1611 855 16.
1648 802 1767 855 Rex
1796 815 1893 855 au-

240 901 363 951 tem
391 896 447 949 in
472 894 746 949 Gallicam
775 892 1151 963 proﬁciscens
1174 890 1623 961 expeditionem,
1654 888 1892 943 festinat

240 983 471 1038 intrare
505 996 744 1049 regnum
778 979 992 1049 Karoli,
1028 993 1201 1034 causa
1252 977 1614 1034 vindicandae
1665 975 1888 1045 injuria)

238 1070 417 1126 amici
451 1070 539 1127 sui
574 1069 885 1125 Ludewici.
922 1068 1086 1134 Quod
1117 1067 1357 1122 audiens
1389 1068 1571 1133 Hugo,
1596 1064 1887 1134 legatione

238 1159 448 1230 missa,
476 1159 634 1229 jurat
668 1173 769 1228 per
800 1158 1045 1213 animam
1080 1156 1263 1227 patris
1286 1155 1393 1223 sui,
1422 1154 1573 1224 quod
1594 1157 1753 1208 tanta
1774 1151 1886 1207 sibi

236 1263 541 1303 armorum
574 1247 737 1316 capia
771 1251 947 1314 esset,
992 1248 1265 1315 quantam
1312 1258 1412 1298 rex
1466 1257 1756 1312 nunquam
1804 1242 1887 1297 vi-

237 1337 456 1406 disset,
480 1335 818 1404 addiditque
840 1336 1235 1402 contemptum
1251 1330 1543 1401 loquendo
1558 1330 1886 1386 vanetumi-

238 1426 436 1494 deque
468 1440 643 1494 super
674 1422 1017 1489 Saxonibus,
1064 1421 1194 1490 quia
1240 1420 1505 1475 imbelles
1551 1424 1772 1489 essent,
1825 1422 1881 1473 et

239 1512 380 1582 quia
414 1512 579 1567 facile
604 1516 800 1583 posset
831 1525 940 1565 una
966 1509 1201 1580 potione
1221 1513 1443 1579 septem
1469 1507 1746 1562 Saxonica
1766 1506 1881 1561 tela

237 1601 590 1655 obsorbere.
630 1601 711 1654 Ad
736 1599 887 1669 quod
914 1612 1011 1653 rex
1036 1599 1313 1653 famosum
1339 1597 1486 1652 satis
1511 1595 1762 1651 reddidit
1796 1609 1886 1649 re-

237 1704 546 1759 sponsum,
583 1690 692 1743 sibi
723 1690 839 1742 fore
865 1691 1083 1742 tantam
1109 1685 1540 1765 multit'udinem
1576 1684 1882 1755 pilleorum

2004 535 2328 591 custodiam
2360 536 2621 606 traditis,
2656 538 2813 592 redit
2848 538 2903 591 in
2938 538 3258 594 Faanciam.

2075 626 2154 678 Eo
2188 630 2451 695 tempore
2482 629 2763 695 usurpato
2797 624 3042 695 imperio
3074 628 3335 695 regnavit
3358 629 3412 683 in
3436 630 3655 700 Longo-

2006 712 2207 767 bardia
2240 712 2411 768 homo
2446 714 2601 769 ferus
2632 717 2689 768 et
2725 727 2960 783 avarus,
2996 720 3055 770 et
3096 716 3191 785 qui
3235 732 3460 771 onmem
3484 717 3656 787 justi-

2004 801 2152 856 ciam
2178 803 2421 872 pecunia
2447 802 2748 872 venderet,
2772 803 3177 873 Berengarius,
3198 805 3291 875 qui
3320 805 3389 861 ad
3404 807 3650 863 eundem

2001 904 2197 957 regem
2231 891 2503 947 Ottonem
2538 894 2827 963 quondam
2879 894 3059 963 venit,
3110 896 3405 964 llugonem
3455 911 3651 966 regem

2002 978 2183 1034 Italia)
2226 980 2472 1049 fugiens,
2510 982 2874 1053 benigneque
2924 983 2992 1037 ab
3038 998 3107 1038 eo
3154 987 3467 1055 tractatus,
3520 1001 3650 1041 eum

2000 1066 2241 1122 multam
2276 1069 2576 1139 pecuniam
2611 1072 2773 1139 Hugo
2802 1086 2907 1142 pro
2938 1086 3005 1126 eo
3030 1071 3168 1126 dare
3200 1072 3397 1141 vellet,
3426 1089 3535 1130 non
3558 1078 3652 1131 est

1995 1154 2282 1213 redditus.
2320 1158 2414 1228 (cf.
2450 1159 2681 1215 Lwnrn.
2717 1175 2773 1228 v,
2808 1163 2893 1229 1°),
2932 1162 3042 1231 13.)
3077 1160 3243 1229 (Win.
3289 1177 3369 1231 ηπ,
3415 1164 3495 1234 7.)
3547 1163 3649 1219 Hic

1994 1257 2123 1298 cum
2146 1250 2344 1315 postea
2370 1247 2613 1318 depulso
2638 1249 2876 1316 Hugone
2902 1254 3196 1317 regnaret,
3224 1251 3449 1306 veritus
3476 1251 3653 1307 virtu-

1999 1336 2113 1386 tem
2148 1334 2465 1402 singularis
2500 1335 2828 1407 prudentize
2860 1337 3075 1405 regina:
3107 1338 3460 1406 Adelheidis,
3495 1353 3526 1394 a
3550 1340 3650 1396 Lo-

1998 1420 2187 1477 tbario
2222 1424 2478 1492 Hugonis
2512 1423 2629 1479 ﬁlio
2662 1425 2906 1493 relictae,
2944 1425 2999 1481 in
3032 1426 3233 1482 multis
3264 1442 3390 1483 eam
3422 1427 3643 1497 aﬁlixit,

1995 1525 2109 1580 quo
2134 1512 2278 1565 tanti
2305 1512 2485 1568 decus
2510 1512 2842 1584 splendoris
2866 1517 2963 1569 aut
2981 1515 3348 1583 extingueret
3372 1520 3646 1572 autccrte

1994 1601 2360 1656 obscuraret.
2393 1603 2519 1657 "me
2541 1609 2733 1657 autem
2758 1602 2871 1656 ﬁlia
2900 1603 3007 1658 fuit
3030 1605 3315 1659 Ruodolﬁi
3345 1605 3496 1672 regis
3512 1606 3649 1661 Bur-

1993 1689 2371 1759 gundionum,
2405 1689 2502 1759 qui
2551 1694 2608 1744 et
2658 1690 2712 1745 in
2761 1690 2924 1746 [talia
2978 1693 3260 1759 regnavit,
3309 1698 3363 1747 et
3400 1692 3646 1749 domina:

238 1778 593 1847 feninorum,
622 1791 767 1846 quos
787 1776 837 1831 ei
864 1775 1594 1845 representarioporteret,
1614 1775 1881 1842 quantam
1912 1794 1967 1854 Β
2001 1778 2225 1833 Berhta}
2250 1777 2485 1846 regina},
2514 1778 3295 1836 BurclmrdiAlamannorum
3311 1780 3474 1837 ducis
3488 1780 3641 1851 ﬁlias,

235 1880 352 1921 nec
388 1866 511 1936 ipse
544 1880 645 1920 nec
682 1870 846 1935 pater
877 1878 1019 1919 suus
1046 1877 1294 1932 unquam
1328 1862 1572 1931 videret,
1596 1866 1655 1916 et
1680 1876 1884 1916 revera

236 1969 377 2011 cum
412 1959 568 2010 esset
602 1966 843 2021 magnus
874 1951 1042 2006 valde
1066 1951 1381 2019 exercitus,
1409 1954 1478 2005 30
1498 1949 1725 2004 scilicet
1748 1949 1885 2004 dua-

240 2058 493 2112 rumque
525 2043 838 2110 legionum,
870 2054 981 2095 non
1014 2044 1105 2093 est
1137 2039 1406 2094 inventus
1436 2038 1530 2108 qui
1560 2038 1747 2093 fenino
1772 2052 1884 2092 non

238 2136 516 2189 uteretur
540 2131 736 2202 pilleo,
764 2130 869 2185 nisi
892 2130 1072 2184 abbas
1098 2128 1374 2183 Corbeius
1396 2143 1524 2182 cum
1558 2128 1750 2183 tribus
1765 2128 1886 2182 suis

241 2221 618 2291 sequacibus.
673 2217 954 2273 Dimissus
1009 2216 1186 2286 igitur
1236 2216 1579 2271 Ludewicus
1626 2215 1884 2271 occurrit

242 2310 394 2380 regi,
424 2308 804 2378 jungiturque
833 2322 961 2363 cum
996 2306 1119 2361 suis
1144 2305 1299 2375 ,cjus
1336 2304 1640 2360 exercitui.
1695 2303 1879 2371 (Rieu.

240 2416 304 2469 ιι,
361 2400 475 2469 54.)
524 2395 789 2452 Occurrit
841 2396 926 2451 eis
980 2410 1109 2451 cum
1155 2408 1357 2462 magna
1408 2394 1776 2465 expeditione
1824 2398 1881 2447 et

239 2487 633 2544 Chuonradus
682 2499 783 2541 rex
840 2486 1264 2549 Genaunorum,
1321 2497 1489 2552 quem
1542 2482 1882 2537 Ludewicus

236 2576 420 2633 etiam
453 2575 680 2631 vocavit
716 2575 769 2629 in
802 2573 1097 2629 auxilium.
1121 2571 1313 2627 Juncti
1336 2585 1475 2639 ergo
1501 2571 1720 2641 pariter
1745 2573 1884 2639 Lug-

237 2667 461 2721 dunum
487 2664 722 2733 adeunt,
749 2660 850 2718 sed
873 2676 996 2717 eam
1032 2660 1289 2715 locorum
1323 2659 1641 2729 aSperitate
1674 2674 1881 2729 capere

232 2768 350 2808 non
390 2751 675 2820 valentes,
706 2752 1045 2805 Remensem
1096 2748 1392 2803 civitatem
1442 2751 1746 2817 expetunt,
1784 2747 1880 2801 ubi

236 2855 426 2911 nepos
458 2840 716 2909 Hugonis
747 2839 916 2894 ducis
946 2840 1106 2906 Hugo
1136 2840 1339 2892 contra
1366 2836 1460 2905 jus
1490 2839 1547 2889 et
1575 2835 1655 2890 fas
1677 2836 1882 2889 subro-

228 2936 411 2998 gatus
447 2934 574 2983 erat
605 2927 934 2997 episcopus,
968 2926 1227 2994 legitimo
1261 2923 1533 2995 pontifice
1566 2922 1753 2977 adhuc
1787 2937 1882 2977 su-

231 3017 505 3090 perstite.
544 3014 711 3084 (Win.
748 3029 828 3083 In,
851 3016 927 3085 3.)
957 3016 1167 3070 Urbem
1200 3027 1338 3068 vero
1357 3011 1533 3067 armis
1557 3011 1875 3081 capientes,

229 3106 520 3175 injustum
554 3104 917 3161 sacerdotem
948 3102 1250 3173 expellunt
1280 3101 1724 3170 legitimumque
1754 3101 1876 3155 sedi

227 3194 490 3268 propriae
524 3194 863 3249 restituunt.
900 3193 1039 3247 Post
1077 3195 1200 3245 tres
1252 3190 1447 3259 itaque
1500 3204 1726 3245 menses
1774 3206 1878 3245 rex

229 3283 549 3340 Saxoniam
583 3297 711 3338 cum
744 3281 1008 3337 incolomi
1048 3279 1310 3334 exercitu
1344 3278 1515 3333 rediit
1564 3278 1653 3311 “"
1698 3281 1878 3334 omni-

229 3376 344 3430 bus
375 3388 502 3443 quae
534 3371 709 3427 armis
739 3368 1029 3439 exquisita
1065 3372 1195 3422 sunt
1230 3367 1540 3422 Ludewico
1576 3367 1696 3436 regi
1746 3367 1878 3423 reli-

225 3463 364 3519 ctis.
404 3463 569 3529 Hugo
606 3463 798 3515 autem
829 3461 1108 3527 expertus
1141 3456 1457 3527 potentiam
1502 3457 1656 3525 regis
1705 3458 1877 3512 Saxo-

226 3564 487 3620 numque
512 3550 811 3615 virtutem,
836 3561 943 3601 non
970 3560 1174 3616 passus
1197 3548 1286 3599 est
1309 3560 1411 3600 eos
1428 3545 1876 3602 ultraterminos

229 3655 381 3697 suos
406 3637 699 3695 hostiliter
724 3637 963 3706 intrare,
983 3635 1083 3690 sed
1104 3649 1251 3690 anno
1272 3635 1537 3704 sequenti
1564 3635 1617 3690 in
1634 3637 1872 3692 eandem

230 3728 671 3801 expeditionem
709 3726 826 3794 regi
862 3725 1124 3795 pergenti
1153 3723 1413 3779 occurrit
1436 3724 1602 3794 juxta
1637 3726 1873 3781 ﬂuvium

227 3816 390 3890 quod
424 3816 640 3873 dicitur
670 3817 801 3885 Kar,
837 3818 894 3869 et
922 3814 1085 3884 juxta
1121 3813 1425 3884 imperium
1447 3813 1602 3882 regis
1625 3829 1753 3870 cum
1779 3816 1877 3869 do-

227 3906 388 3962 mino
418 3921 521 3962 suo
554 3903 862 3960 Ludewico
896 3908 1125 3973 pactum
1152 3902 1297 3971 iniit,
1329 3917 1533 3957 manus
1557 3903 1738 3972 dedit,
1767 3904 1876 3958 uti-

226 3996 424 4065 lisque
457 3993 696 4065 perinde
730 3992 959 4047 mansit.
996 3992 1251 4061 (LIUDPR.
1277 4007 1329 4060 v,
1357 3991 1432 4061 1.)
1468 3992 1875 4048 Concurrenti-

230 4085 349 4140 bus
378 4086 569 4138 autem
606 4080 859 4150 undique
891 4079 961 4134 ad
997 4094 1187 4148 regem
1224 4080 1586 4149 proceribus,
1626 4081 1783 4136 venit
1816 4089 1872 4137 et

228 4172 321 4229 vir
354 4171 677 4227 ditissimus
710 4172 1023 4225 Sucvorum
1050 4168 1166 4223 dux
1190 4168 1592 4235 Herimannus,
1621 4170 1715 4239 qui
1744 4176 1874 4240 post

226 4258 759 4328 congratulationis
807 4256 1205 4313 aﬁ‘abilitatem
1259 4255 1477 4312 talibus
1530 4261 1619 4311 est
1677 4272 1870 4325 regem

230 4362 551 4418 aggressus
583 4345 948 4401 sermonibus
980 4364 990 4397 :
1025 4346 1159 4403 Non
1186 4343 1341 4400 ctam
1370 4345 1740 4400 ricini/ionico
1762 4347 1867 4417 est,

224 4435 673 4508 meprea’ioram
690 4434 1013 4491 latitudine
1024 4434 1494 4504 acpeczmiaram
1509 4434 1872 4491 immensita-

1908 3147 1960 3211 C

1997 1881 2186 1935 quam,
2223 1867 2498 1922 defuncto
2530 1867 2838 1936 Ruodolfo,
2872 1882 2973 1921 rex
3005 1870 3167 1937 liugo
3205 1870 3260 1923 in
3311 1868 3644 1939 conjugium

1996 1953 2181 2023 duxit,
2216 1953 2508 2023 ﬁliamque
2542 1953 2700 2009 illius
2734 1953 2849 2009 ﬁlio
2883 1969 2987 2009 suo
3030 1955 3300 2010 Lothario
3344 1955 3646 2025 copulavit

1997 2042 2092 2112 (cf.
2130 2042 2359 2096 Lmnrn.
2396 2057 2469 2096 ιν.
2513 2042 2617 2109 12.)
2653 2042 2820 2101 (Win.
2860 2056 2939 2110 ιη,
2974 2046 3006 2097 8
3038 2046 3211 2113 sqq)
3250 2042 3356 2098 Illo
3398 2044 3451 2098 in
3508 2048 3645 2099 tem-

1996 2145 2133 2201 pore
2159 2130 2556 2200 proﬁciscitur
2578 2145 2681 2184 rex
2707 2130 2759 2184 in
2788 2130 3050 2185 militiam
3066 2134 3269 2186 contra
3289 2131 3641 2188 Bolizlavum

1994 2234 2188 2291 regem
2220 2218 2604 2288 Bocmiorum,
2630 2223 2837 2275 etcum
2865 2219 3145 2289 capienda
3170 2224 3329 2275 esset
3352 2221 3491 2275 urbs
3514 2236 3642 2290 quze

1994 2308 2303 2363 dicebatur
2322 2308 2496 2376 Nova,
2522 2307 2576 2362 in
2604 2320 2712 2377 qua
2733 2307 2970 2363 clausus
3000 2307 3384 2363 obsidebatur
3402 2308 3641 2363 Bolizlai

1995 2387 2170 2463 ﬁlius,
2200 2395 2472 2466 prudenti
2501 2410 2599 2450 rex
2622 2395 2866 2451 consilio
2889 2395 3118 2451 diremit
3140 2395 3426 2466 praelium,
3452 2411 3520 2452 ne
3544 2397 3644 2451 mi-

1994 2483 2079 2540 les
2133 2484 2186 2538 in
2223 2482 2524 2555 capiendis
2571 2483 2823 2539 hostium
2865 2483 3070 2555 spoliis
3094 2483 3327 2554 aliquod
3364 2484 3642 2541 incideret

1991 2572 2338 2644 perieulum.
2367 2572 2745 2628 Considerata
2774 2573 2970 2642 itaque
2988 2572 3208 2628 virtute
3233 2574 3386 2643 regis
3407 2579 3465 2629 et
3490 2574 3646 2629 innu-

1992 2676 2148 2717 mera
2195 2661 2497 2716 exercitus
2556 2660 2950 2729 multitudine,
3008 2660 3317 2731 Bolizlaus,
3371 2677 3646 2729 egressus

1992 2752 2156 2819 urbe,
2184 2749 2384 2804 maluit
2412 2752 2591 2803 tantae
2616 2748 2905 2818 majestati
2932 2749 3158 2817 subjici,
3187 2765 3355 2820 quam
3382 2751 3638 2807 ultimam

1994 2839 2303 2910 perniciem
2330 2838 2469 2908 pati.
2497 2837 2613 2892 Sub
2638 2836 2822 2904 signis
2845 2836 3025 2904 igitur
3043 2841 3207 2893 stans
3239 2842 3295 2892 et
3321 2853 3512 2908 regem
3544 2854 3641 2895 au-

1990 2929 2045 2983 di
2086 2943 2154 2982 ns
2187 2939 2581 2996 responsaque
2614 2924 2887 2994 reddens,
2912 2924 3133 2980 veniam
3160 2926 3391 2981 tandem
3416 2942 3641 2997 promc-

1991 3016 2126 3072 ruit.
2163 3017 2298 3070 lnde
2320 3029 2421 3069 rex
2446 3014 2613 3085 plena
2637 3013 2881 3069 victoria
2912 3013 3436 3085 gloriosusfactus,
3463 3016 3519 3070 in
3545 3016 3640 3072 Sa-

1990 3106 2217 3161 xoniam
2237 3108 2325 3159 est
2346 3118 2677 3173 regressus.
2696 3104 2952 3172 Cumque
2966 3101 3154 3158 virtus
3168 3104 3409 3173 prefatae
3424 3104 3637 3174 regina}

1990 3194 2149 3250 illum
2176 3209 2283 3249 non
2310 3193 2543 3263 lateret,
2571 3191 2844 3249 simulato
2868 3190 3076 3246 itinere
3091 3192 3325 3247 Romam
3347 3192 3636 3263 proﬁcisci

1987 3284 2217 3339 statuit.
2245 3282 2428 3338 Etubi
2460 3279 3197 3351 Longobardiamintravit,
3217 3294 3469 3337 amorem
3485 3282 3638 3352 regi-

1988 3388 2075 3428 nas
2099 3372 2378 3443 predietze
2405 3371 2741 3427 muneribus
2764 3386 2942 3442 super
2964 3386 3027 3427 se
3044 3371 3633 3442 probaretemptavit.

1988 3460 2112 3525 Quo
2146 3460 2401 3515 ﬁdeliter
2428 3463 2694 3529 experto,
2732 3459 2788 3512 in
2810 3458 3141 3528 conjugium
3169 3458 3279 3515 sibi
3304 3473 3428 3515 eam
3453 3458 3637 3515 socia-

1989 3551 2089 3619 vit,
2125 3556 2187 3605 et
2213 3564 2342 3605 cum
2368 3563 2431 3603 ea
2464 3550 2664 3603 urbem
2694 3548 2948 3618 Papiam,
2984 3563 3113 3618 qua
3143 3547 3313 3603 sedes
3335 3552 3421 3603 est
3446 3547 3631 3618 regni,

1987 3638 2261 3694 obtinuit.
2294 3638 2457 3704 Quod
2493 3637 2696 3691 videns
2731 3637 2884 3692 ﬁlius
2917 3637 3043 3705 ejus
3076 3636 3359 3693 Liutolfus
3389 3636 3496 3706 1‘”,
3531 3636 3635 3691 tri-

1987 3728 2098 3783 stis
2128 3726 2199 3781 ab
2230 3740 2299 3781 eo
2330 3724 2598 3780 discessit
2626 3742 2640 3789 ;
2668 3724 3081 3793 profectusque
3107 3724 3158 3777 in
3183 3725 3507 3794 Saxoniam,
3535 3723 3638 3780 ali-

1987 3815 2259 3886 quamdiu
2293 3816 2555 3867 moratus
2584 3816 2674 3866 est
2712 3812 2762 3865 in
2790 3810 2918 3866 loco
2940 3810 3201 3866 consiliis
3228 3812 3456 3868 funesto
3480 3812 3637 3867 Sala-

1986 3902 2217 3958 veldon.
2254 3902 2375 3955 Rex
2406 3914 2547 3955 vero
2579 3900 2633 3952 in
2670 3898 2831 3952 [talia
2863 3897 3354 3966 celebratisjuxta
3378 3900 3630 3970 regalem

1987 3989 2470 4060 magniﬁcentiam
2503 3988 2743 4057 nuptiis,
2771 3986 3165 4057 proﬁciscitur
3190 3986 3320 4042 inde
3344 4002 3472 4043 cum
3497 3988 3631 4044 novi

1984 4078 2334 4135 matrimonii
2365 4076 2656 4145 claritate,
2694 4080 2933 4132 acturus
2968 4075 3293 4146 proximum
3328 4077 3542 4148 pascha
3576 4076 3632 4133 in

1987 4167 2249 4225 Saxonia.
2321 4168 2642 4221 Persuasus
2706 4178 2935 4235 quoque
3000 4179 3103 4219 rex
3162 4164 3547 4235 Berengarius
3601 4181 3633 4222 a

1987 4254 2329 4313 Chuonrado
2362 4254 2528 4323 duce,
2568 4253 2658 4309 cui
2694 4254 2870 4325 Papia
2907 4270 3036 4311 cum
3086 4254 3344 4326 presidio
3394 4254 3633 4310 militari

1985 4346 2189 4403 relicta
2222 4350 2349 4400 erat
2379 4343 2784 4414 custodienda,
2822 4360 3016 4413 regem
3049 4346 3399 4401 subsecutus
3442 4347 3531 4400 est
3574 4345 3632 4400 in

1986 4432 2366 4502 Germaniam,
2403 4447 2602 4503 pacem
2633 4447 2762 4487 cum
2794 4448 2863 4487 eo
2899 4434 3160 4489 facturus
3188 4437 3249 4488 et
3294 4448 3397 4504 per
3443 4432 3630 4488 omnia

228 4528 283 4583 te
296 4503 657 4596 ﬁredieitem
676 4523 898 4595 absque
918 4503 1125 4579 liberis
1147 4536 1303 4590 esse;
1321 4536 1423 4578 nec
1437 4524 1872 4592 estp-retera-ni-
1900 4503 1952 4563 D
1978 4524 2163 4594 jussis
2190 4523 2318 4592 ejus
2352 4524 2886 4591 obtemperaturus.
2928 4522 3033 4587 Qui
3059 4522 3273 4591 regiam
3298 4503 3538 4579 veniens
3561 4523 3634 4579 ad

225 4630 358 4672 eam
370 4613 563 4679 filiam
573 4628 626 4668 tm
634 4626 761 4668 eam
764 4611 1087 4683 parvulam
1100 4612 1206 4681 qui
1217 4625 1485 4667 mearum
1494 4626 1691 4677 rerum
1707 4611 1873 4687 lieres

226 4702 473 4770 existat,
502 4715 595 4756 me
624 4700 943 4757 decedente.
984 4698 1233 4755 Placeat
1254 4701 1462 4769 itaque
1483 4700 1613 4771 tibi,
1639 4702 1872 4758 domino

223 4805 349 4848 meo
367 4790 519 4861 regi,
534 4788 739 4861 ﬁliam
769 4789 933 4844 tuam
952 4786 1280 4859 Laitolfztm
1300 4789 1485 4845 mia/ii
1507 4790 1789 4861 adoptare
1808 4792 1875 4847 in

218 4880 444 4951 filiam,
470 4876 1132 4948 quatimtszmica'ﬁlire
1158 4889 1300 4932 mea:
1332 4879 1608 4948 confugio
1639 4879 1872 4950 copula-

225 4969 341 5036 tus,
358 4979 627 5023 mearum.
649 4979 849 5020 rerum
860 4963 984 5034 ﬂat
1004 4962 1332 5021 hereditate
1352 4965 1728 5037 magni/ictis.
1746 4968 1871 5023 νὴ.-

223 5055 347 5111 cuit
366 5054 488 5124 regi
510 5052 816 5108 consilium
834 5051 1020 5121 ducis,
1038 5055 1093 5106 et
1120 5052 1272 5122 quod
1300 5054 1568 5123 poposcit
1586 5055 1711 5110 sine
1737 5056 1871 5112 dila-

219 5144 385 5200 tione
399 5140 911 5212 complevit.(Wm.
924 5142 1238 5210 m,6.m,7.)
1252 5142 1305 5195 ln
1323 5142 1481 5198 brevi
1503 5149 1633 5213 post
1650 5144 1771 5201 haec
1788 5162 1871 5201 so-

220 5247 324 5290 cer
339 5230 612 5300 moritur,
633 5244 761 5285 cum
788 5228 1002 5285 ducatu
1019 5230 1170 5283 omni
1190 5230 1561 5300 possessione
1585 5233 1865 5290 derelicta

226 5335 469 5391 genere.
493 5317 853 5388 Quiaccepta
872 5322 1187 5388 potestate,
1213 5318 1462 5374 animum
1490 5322 1865 5392 tranquillum

217 5425 392 5483 quem
418 5409 475 5464 in
501 5422 684 5479 puero
705 5406 884 5476 gessit
910 5407 1091 5477 exuit,
1119 5412 1518 5480 armatumque
1542 5411 1783 5468 militem
1810 5414 1864 5469 in

1987 4614 2209 4682 urbem,
2240 4611 2442 4681 jussus
2474 4616 2563 4663 est
2596 4610 2645 4663 in
2684 4609 2937 4680 hospitio
2970 4610 3081 4665 sibi
3117 4615 3319 4680 parato
3362 4624 3631 4677 manere;

1986 4717 2171 4772 neque
2209 4700 2361 4756 enim
2401 4699 2601 4753 faciem
2650 4698 2805 4766 regis
2858 4713 2960 4768 per
3008 4698 3263 4753 triduum
3312 4700 3633 4769 promeruit

1985 4792 2207 4847 videre.
2240 4788 2403 4856 Quod
2436 4802 2571 4855 egre
2602 4786 2735 4841 tulit
2762 4785 3159 4854 Chuonradus,
3183 4785 3429 4856 quicum
3454 4787 3634 4844 addu-

1982 4884 2168 4949 xerat,
2200 4877 2539 4949 pariterque
2574 4872 2875 4940 Luitolfus,
2914 4872 3069 4928 ﬁlius
3102 4873 3276 4941 regis,
3309 4874 3408 4943 qui
3456 4889 3631 4931 unum

1981 4985 2107 5026 cum
2133 4983 2202 5023 eo
2226 4964 2534 5021 sentiebat.
2564 4963 2696 5017 Post
2725 4962 2845 5017 lucc
2869 4976 2971 5015 rex
2996 4976 3188 5030 regem
3212 4960 3549 5031 alloquitur,
3574 4968 3631 5019 et

1982 5060 2037 5114 in
2065 5056 2311 5127 gratiam
2347 5054 2500 5122 regis
2548 5067 2613 5107 ac
2672 5049 2885 5119 reginae
2935 5053 3266 5120 susceptus,
3316 5049 3631 5107 deditionis

1981 5146 2352 5219 sponsionem
2384 5143 2481 5197 dat
2517 5139 2868 5209 findet-isque
2900 5138 3207 5209 spontanei
3240 5139 3391 5195 diem
3418 5138 3633 5196 locum-

1979 5250 2090 5307 que
2125 5234 2324 5290 urbem
2360 5234 2675 5301 Augustam
2707 5227 2991 5295 designat.
3020 5226 3127 5282 Ubi
3153 5242 3281 5284 cum
3305 5231 3631 5285 conventus

1980 5325 2164 5393 ﬁeret,
2197 5318 2585 5388 Berengarius
2618 5331 2818 5373 manus
2853 5314 2952 5370 lilii
2996 5315 3085 5371 sui
3121 5316 3423 5371 Adelberti
3456 5315 3632 5370 mani-

1979 5415 2087 5469 bus
2116 5409 2238 5467 suis
2271 5408 2591 5478 implicans,
2624 5421 2821 5463 coram
2851 5403 3001 5460 omni
3036 5404 3300 5461 exercitu
3328 5403 3628 5461 famulatui

1594 5536 1826 5591 VARL-E
1868 5533 2264 5592 LECTIONES.

289 5606 381 5641 1‘“
406 5614 702 5677 superam
739 5608 789 5658 1.
822 5600 910 5634 1⁸³⁵
935 5601 1025 5659 ita
1051 5601 1108 5658 li.
1139 5601 1174 5655 ι.
1208 5608 1256 5657 1.
