3962 6310
397 349 516 412 919

1559 352 2042 416 EKKEHARDI
2087 352 2643 422 URAUGIENSIS

3694 355 3819 420 920

400 484 556 556 regis.
588 500 718 543 cum
752 485 870 542 ﬁlio
903 501 964 544 se
1007 486 1359 559 subjugavit,
1403 493 1460 544 et
1496 487 1572 544 ita
1609 488 1883 544 dimissus
1916 503 2043 544 cum
2075 487 2129 547 A
2161 493 2276 546 tam
2313 491 2494 559 urbis,
2529 506 2679 564 equo
2707 492 2972 563 cadente,
3017 506 3291 550 ascensor
3323 490 3598 551 Arnolfus
3633 493 3817 550 armis

403 575 590 641 gratia
625 581 684 631 et
719 591 859 646 pace
884 577 937 632 in
969 576 1190 633 Italiam
1217 578 1515 633 remeavit.
1543 577 1622 631 lbi
1645 577 1804 632 mira:
1829 577 2047 646 magni-

406 663 625 719 tudinis
657 663 806 735 lapis
841 666 1060 721 tonitru
1095 680 1159 720 ac
1190 667 1756 736 tempestatejactus
1776 665 1846 720 de
1876 666 2043 737 coelo,

407 751 610 822 ingens
642 753 978 810 miraculum
1016 755 1214 809 multis
1243 755 1573 811 visentibus
1606 755 1858 826 prebuit.

477 841 644 909 (Win.
681 857 759 910 ιη,
800 847 884 912 1'2,
923 846 986 897 18
1017 845 1168 914 sqq.)
1221 843 1347 898 Nati
1393 849 1527 898 sunt
1559 848 1753 900 autem
1788 844 1908 913 regi
1946 843 2045 899 filii

404 943 475 983 cx
509 929 881 985 serenissima
914 931 1132 1000 regina,
1161 931 1587 1002 primogenitus
1609 933 1934 1002 Heinricus,
1961 948 2048 989 se-

403 1017 630 1072 cundus
673 1019 845 1086 Brun,
903 1019 1122 1075 tercius
1173 1021 1396 1090 paterni
1442 1021 1692 1077 nominis
1745 1023 2048 1092 majestate

405 1105 763 1174 designatus,
799 1124 966 1178 quem
994 1110 1109 1179 jam
1143 1114 1262 1164 tum
1309 1116 1441 1181 post
1480 1116 1701 1182 patrem
1753 1112 2047 1167 dominum

403 1208 468 1250 ac
502 1198 722 1265 patrem
758 1198 1030 1267 sperabat
1061 1198 1224 1254 orbis
1247 1199 1574 1265 universus,
1603 1199 1796 1255 tiiliam
1823 1214 2050 1270 quoque

406 1287 624 1338 sancta:
661 1285 862 1341 matris
888 1286 1014 1354 ejus
1059 1287 1345 1343 vocabulo
1378 1289 1727 1356 insignitam.
1766 1288 2050 1343 Luitolfus

407 1377 622 1440 autem,
643 1374 798 1430 filius
822 1377 1072 1444 regis,ct
1097 1378 1478 1433 Chuonradus
1504 1377 1612 1446 "’5,
1640 1392 1818 1446 gener
1840 1377 2048 1447 ipsius,

410 1474 556 1516 nova
591 1464 854 1532 qua‘dam
889 1465 1208 1520 moliuntur
1239 1470 1438 1521 contra
1476 1480 1688 1535 regem.
1724 1465 1884 1530 Quod
1918 1479 2049 1519 cum

409 1563 539 1605 eum
565 1566 674 1606 non
702 1551 931 1616 lateret,
957 1553 1110 1608 circa
1139 1553 1422 1624 Kalendas
1444 1556 1576 1611 Julii
1605 1560 1760 1610 moto
1785 1553 2048 1609 exercitu

411 1643 610 1695 contra
644 1655 766 1708 eos,
801 1643 1004 1696 obvias
1039 1645 1211 1698 urbes
1245 1645 1426 1715 partis
1459 1644 1718 1699 adversae
1748 1648 1846 1700 aut
1876 1642 2052 1698 armis

409 1733 510 1783 aut
541 1729 836 1785 deditione
867 1731 1045 1801 cepit,
1081 1747 1385 1804 quousque
1418 1734 1762 1802 Mogontiam
1791 1732 2054 1803 pervcni-

2157 584 2371 637 exutus
2400 580 2649 652 ilicoque
2686 582 2817 638 telis
2848 584 3146 654 perfossus
3186 582 3484 639 occubuit.
3536 585 3676 639 Post
3735 583 3815 638 bi-

2157 668 2332 725 duum
2365 686 2392 725 a
2426 670 2686 741 muliere,
2722 673 2924 727 famem
2953 672 3114 728 urbis
3150 672 3427 740 fugiente,
3463 686 3626 728 mors
3649 670 3812 728 illius

2159 757 2516 823 notificatur,
2569 759 2702 815 dum
2750 763 2917 815 antea
2986 760 3337 816 nesciretur.
3387 759 3567 828 Cujus
3619 764 3810 816 morte

2159 848 2364 902 urbani
2397 849 2541 904 satis
2573 849 2954 918 consternati,
2985 849 3100 919 jam
3133 849 3205 905 de
3249 864 3394 921 pace
3445 850 3807 906 tractabant.

2159 935 2406 992 Proinde
2440 938 2772 994 inteerntu
2809 938 3132 1010 principum
3168 937 3454 994 Luitolfus
3484 938 3702 994 iterum
3739 937 3810 994 de

2160 1026 2302 1080 urbe
2353 1041 2722 1096 progressus,
2758 1026 2891 1083 dum
2945 1040 3140 1082 mense
3183 1026 3408 1096 integro
3454 1031 3514 1082 et
3565 1025 3812 1082 dimidio

2159 1113 2552 1185 obsideretur,
2591 1131 2788 1186 pacem
2820 1116 3072 1172 obtinuit
3121 1131 3306 1186 usque
3349 1116 3420 1172 ad
3467 1115 3810 1173 condictum

2159 1201 2330 1271 diem,
2365 1203 2498 1259 dum
2532 1205 2602 1259 de
2651 1205 2737 1260 his
2787 1205 2980 1260 causis
3030 1204 3492 1274 dijudicaretur;
3524 1203 3812 1275 locusque

2158 1291 2389 1346 concilii
2435 1293 2583 1362 apud
2635 1293 2933 1350 Fritcslari
3003 1295 3336 1350 notabatur.
3388 1295 3510 1350 Rex
3561 1293 3702 1350 inde
3755 1295 3808 1350 in

2162 1380 2403 1449 patriam
2429 1397 2704 1438 reversus
2733 1387 2845 1450 est,
2870 1383 3174 1438 lleinricus
3197 1397 3336 1438 vero
3357 1384 3575 1438 Novam
3604 1383 3806 1440 urbem

2159 1467 2415 1523 obtinuit
2441 1487 2454 1534 ;
2476 1469 2791 1540 RatiSpona
2817 1471 3078 1541 proxima
3103 1475 3272 1526 nocte
3295 1475 3578 1542 penetota
3595 1477 3806 1526 exusta

2159 1560 2267 1610 est.
2292 1557 2424 1611 Post
2450 1557 2569 1612 haec
2594 1558 2953 1614 exercitaudi
2973 1559 3157 1627 gratia
3175 1573 3305 1615 cum
3322 1574 3424 1614 rex
3439 1559 3804 1616 venationem

2162 1649 2359 1712 ageret
2396 1645 2447 1700 in
2485 1644 2609 1701 loco
2641 1647 2735 1716 qui
2768 1647 2982 1703 dicitur
3015 1647 3308 1716 Sweldon,
3343 1646 3499 1703 filius
3531 1647 3686 1718 patri
3710 1663 3808 1703 nu-

2163 1731 2316 1789 datis
2341 1733 2551 1804 plantis
2575 1736 2991 1806 prosternitur,
3017 1735 3216 1814 intima
3234 1740 3426 1792 tactus
3441 1735 3804 1806 pmnitentia,

411 1820 518 1884 ret,
552 1833 720 1888 quam
757 1819 909 1875 filius
935 1820 1041 1888 jam
1072 1836 1199 1876 cum
1224 1821 1486 1878 exercitu
1513 1822 1773 1890 intravit,
1801 1825 2049 1892 patrem-
2083 1840 2134 1899 Β
2169 1822 2352 1892 patris
2385 1821 2648 1892 primum,
2683 1821 2892 1878 deinde
2934 1823 3185 1878 omnium
3223 1823 3582 1894 prescntium
3619 1838 3806 1881 move-

411 1921 540 1976 que,
561 1907 718 1962 dictu
745 1909 1103 1964 miserabile!
1132 1915 1391 1965 armatus
1415 1911 1802 1982 exspectavit.
1819 1911 1900 1965 lbi
1919 1909 2051 1980 plus

412 2009 581 2064 quam
614 1995 784 2052 civile
816 1997 1086 2067 omnique
1137 1997 1469 2054 calamitate
1515 1999 1786 2054 acerbius
1837 1997 2050 2054 bellum

410 2089 665 2153 coeptum
695 2089 804 2150 est,
839 2087 1118 2142 machina}
1152 2087 1346 2143 multa:
1369 2088 1547 2143 muris
1569 2089 1837 2156 admotae,
1865 2086 1962 2143 sed
1982 2087 2054 2140 ab

411 2173 650 2228 urbanis
682 2174 996 2230 destructa:
1029 2180 1166 2230 sunt
1198 2175 1287 2231 vel
1341 2177 1632 2242 incensae;
1665 2177 1888 2231 crebra}
1919 2179 2055 2254 ante

413 2265 614 2331 portas
639 2278 846 2332 pugna;
872 2281 885 2325 ;
909 2277 1040 2318 raro
1065 2265 1390 2320 forinsecus
1415 2265 1700 2321 stationes
1722 2265 1883 2320 fusae.
1912 2267 2058 2320 Cun-

413 2350 630 2405 ctando
651 2351 799 2406 enim
826 2367 921 2407 res
945 2353 1270 2420 variabant,
1293 2353 1425 2408 dum
1452 2353 1871 2409 dominatorem
1893 2351 2054 2422 regni

416 2437 578 2506 foris,
616 2438 772 2494 intus
803 2453 1204 2495 successorem
1249 2441 1546 2496 timebant.
1584 2442 1826 2498 Obsidio
1860 2443 2056 2513 itaque

415 2526 548 2581 dum
581 2528 877 2595 sexaginta
914 2529 1089 2583 ferme
1125 2529 1250 2584 dies
1297 2531 1630 2600 excederet,
1667 2546 1859 2586 sermo
1893 2532 1951 2584 fit
1985 2531 2056 2586 de

414 2629 557 2685 pace
584 2633 597 2680 ;
635 2617 780 2672 unde
798 2618 972 2674 datur
992 2619 1166 2673 obses
1191 2619 1242 2673 in
1271 2620 1470 2674 urbem
1489 2620 1878 2676 consobrinus
1902 2621 2057 2690 regis

417 2705 728 2775 Ekbertus,
762 2722 874 2776 quo
907 2707 1053 2762 liber
1080 2707 1134 2762 in
1157 2712 1349 2764 castra
1375 2707 1490 2764 illis
1516 2713 1741 2779 pateret
1765 2723 2053 2765 accessus.

420 2791 592 2847 Filius
607 2809 733 2849 cum
750 2809 966 2862 genero
981 2800 1172 2852 castra
1191 2797 1460 2866 ingrcssi,
1481 2797 1775 2866 regalibus
1788 2797 2057 2866 vestigiis

418 2886 892 2954 prosternuntur,
935 2885 1292 2956 spondentes
1340 2901 1444 2957 pro
1487 2887 1710 2942 scelere
1755 2888 1942 2942 omnia
1996 2903 2058 2943 se

417 2987 714 3041 passuros,
752 2976 812 3028 ut
846 2973 1134 3028 auxiliarii
1169 2978 1392 3031 tantum
1416 2975 1583 3030 amici
1609 2975 1786 3031 nichil
1811 2975 2062 3047 malipa-

419 3063 702 3116 terentur.
736 3062 856 3116 Rex
889 3066 1080 3117 autem
1114 3077 1224 3118 non
1256 3063 1556 3118 inveniens
1580 3065 1869 3133 quomodo
1893 3065 2062 3121 meri-

415 3154 509 3204 tas
545 3163 721 3220 penas
755 3149 874 3205 filio
909 3149 1172 3220 inferret,
1225 3152 1486 3207 fautores
1518 3151 1854 3209 insidiarum
1887 3168 2061 3226 expo-

418 3237 620 3293 stulat.
659 3238 744 3292 illi
795 3242 985 3294 autem
1029 3239 1376 3308 juramentis
1426 3239 1660 3296 vicariis
1705 3241 1949 3312 obligati
2001 3248 2059 3298 et

421 3325 841 3396 quodammodo
892 3331 1016 3383 arte
1063 3327 1283 3398 antiqui
1337 3328 1521 3383 hostis
1570 3331 1902 3400 constricti,
1953 3331 2062 3387 hoc

421 3413 654 3468 omnino
685 3414 996 3484 negabant,
1030 3415 1228 3484 sicque
1258 3415 1467 3471 infecta
1491 3418 1630 3472 rein
1659 3419 1856 3474 urbem
1881 3419 2066 3475 redie-

425 3500 582 3554 bant.
637 3501 924 3556 Ekbcrtus
970 3507 1184 3574 autem,
1238 3504 1334 3575 qui
1390 3507 1566 3561 obses
1619 3507 1790 3562 datus
1835 3511 1962 3562 erat
2009 3509 2063 3563 in

423 3589 644 3658 urbem,
666 3589 1049 3646 suasibilibus
1071 3593 1268 3648 verbis
1295 3594 1413 3662 regi
1442 3596 1500 3649 fit
1527 3595 1830 3666 adversus,
1855 3601 2060 3653 cumet

422 3680 592 3732 antea
625 3683 866 3749 propter
899 3681 1306 3752 correptiones
1334 3682 1462 3751 ejus
1494 3683 1576 3737 illi
1611 3683 1818 3739 fuisset
1854 3684 2060 3741 iratus.

426 3766 699 3836 Sequenti
737 3767 914 3836 igitur
945 3775 1117 3826 nocte
1149 3770 1655 3840 Rajoariicomites
1680 3772 1928 3828 Heinrici
1956 3776 2066 3830 fra-

427 3854 534 3909 tris
567 3856 742 3925 regis,
779 3857 984 3913 relicto
1015 3859 1306 3928 co,juncti
1331 3865 1458 3916 sunt
1493 3860 1762 3932 Luitolfo,
1788 3878 1917 3918 cum
1943 3864 2067 3934 qui-

427 3942 536 3999 bus
565 3943 691 4014 ipse
727 3961 994 4016 pergens,
1029 3949 1228 4003 urbem
1263 3948 1478 4017 regiam
1513 3949 1886 4020 Ratisponam
1909 3953 2066 4022 cepit

426 4047 554 4087 cum
587 4034 804 4089 ceteris
835 4034 889 4088 in
920 4049 989 4090 ea
1012 4036 1247 4106 regione
1271 4036 1698 4107 munitissimis,
1722 4053 2064 4112 omnemque

426 4121 730 4189 pecuniam
764 4124 928 4180 ducis
961 4125 1212 4181 lleinrici
1237 4125 1359 4181 suis
1381 4125 1662 4182 militibus
1682 4126 1902 4200 divisit,
1931 4145 2067 4186 con-

419 4208 614 4278 jugem
645 4209 768 4278 ejus
799 4226 926 4266 cum
957 4211 1093 4268 filiis
1123 4218 1179 4268 et
1211 4212 1414 4268 amicis
1449 4228 1560 4271 non
1591 4214 1776 4271 solum
1799 4219 1942 4274 urbe
1967 4220 2065 4276 sed

423 4301 484 4351 et
510 4297 744 4366 regione
775 4301 1059 4356 excedere
1089 4300 1298 4371 coegit.
1335 4303 1466 4357 Haec
1490 4303 1675 4358 omnia
1703 4304 1914 4361 fiebant
1936 4321 2070 4363 con-

428 4387 559 4442 silio
592 4388 806 4443 Arnolli
833 4389 1084 4459 junioris
1128 4391 1487 4460 fratrumque
1520 4407 1777 4464 suorum,
1810 4409 1880 4449 eo
1913 4397 2066 4466 quod

429 4476 548 4546 ipse
601 4477 905 4533 lleinricus
953 4481 1255 4548 paternum
1307 4479 1550 4534 haberet
1601 4481 1894 4537 ducatum.
1949 4484 2066 4539 Rex

425 4579 564 4620 vero
595 4564 774 4621 ﬁlium
823 4546 1211 4636 subsequens,
1245 4568 1444 4622 urbem
1494 4569 1872 4640 Ratisponam
1915 4572 2072 4628 obsi-
2102 4546 2152 4605 D

425 4654 594 4708 dionc
622 4653 1010 4709 circumdedit
1041 4671 1056 4721 ;
1089 4654 1192 4709 sed
1224 4671 1351 4711 cum
1407 4655 1723 4712 multitudo
1775 4659 2070 4716 machinas

427 4742 553 4797 urbi
587 4741 868 4813 applicari
904 4757 1014 4797 non
1051 4742 1290 4812 sineret,
1327 4744 1474 4799 satis
1499 4745 1644 4800 dure
1676 4745 1967 4802 interdum
2001 4749 2072 4804 ab

427 4830 694 4901 utrisque
725 4836 1042 4900 pugnatum
1074 4836 1167 4886 est
1200 4847 1304 4903 pro
1337 4832 1538 4888 muris.
1583 4835 1795 4888 l'rbani
1844 4835 2072 4892 crebris

425 4919 614 4975 attriti
646 4919 882 4991 przcliis,
920 4921 1065 4976 fame
1099 4936 1327 4992 quoque
1370 4921 1693 4992 periclitari
1741 4929 2068 4996 coeperunt.

430 5007 587 5062 Unde
631 5007 913 5064 Luitolfus
961 5010 1104 5064 urbe
1151 5025 1430 5079 egressus
1476 5026 1604 5065 cum
1653 5010 2073 5084 principalibus

431 5095 592 5165 viris,
629 5112 827 5167 pacem
860 5097 1140 5168 postulat,
1175 5097 1276 5154 sed
1302 5114 1411 5154 non
1443 5098 1736 5170 impetrat,
1764 5101 1896 5171 quia
1922 5102 2074 5172 patri

430 5181 840 5238 oboedientiam
866 5189 1056 5254 negat.
1075 5187 1363 5244 Reversus
1381 5202 1519 5243 vero
1537 5188 1587 5242 in
1608 5189 1829 5260 urbem,
1851 5195 2073 5261 portam

433 5269 776 5326 orientalem
799 5272 1164 5330 obsidentem
1192 5275 1368 5332 armis
1389 5279 1635 5348 temptat
1659 5277 1959 5346 Geronem,
1990 5281 2075 5332 tot

434 5355 698 5413 victoriis
727 5362 868 5428 quot
903 5361 1124 5430 praeliis
1155 5361 1396 5418 clarum.
1431 5365 1475 5419 Α
1506 5363 1687 5420 tercia
1723 5365 1902 5434 igitur
1932 5365 2075 5421 hora

435 5455 616 5510 usque
645 5443 701 5498 in
734 5459 940 5501 nonam
971 5462 1102 5505 cum
1134 5449 1351 5506 acriter
1382 5456 1740 5522 pugnaretur
1769 5456 1901 5508 ante
1950 5467 2080 5524 por-

2094 3193 2141 3254 Ο

2168 1910 2266 1964 bat
2298 1910 2586 1965 lacrimas.
2627 1913 2832 1966 Amore
2867 1911 3060 1980 itaque
3101 1915 3347 1982 paterno
3390 1916 3704 1983 susceptus
3751 1912 3806 1967 in

2163 1999 2431 2067 gratiam,
2455 2000 2700 2070 spondet
2727 2014 2786 2053 se
2810 1999 3348 2070 obtemperaturum
3370 1999 3523 2055 omni
3549 2005 3806 2070 paternae

2165 2085 2472 2142 voluntati.
2499 2089 2720 2142 Interea
2748 2102 3006 2144 summus
3029 2087 3290 2158 pontifex
3306 2087 3808 2158 Friderieusegro-

2167 2180 2292 2229 tare
2324 2176 2670 2240 nunciatur;
2704 2181 3064 2246 quapropter
3092 2176 3248 2244 regis
3280 2175 3558 2247 placitum
3582 2176 3806 2233 modice

2167 2263 2452 2319 differtur.
2481 2265 2761 2320 Defuncto
2787 2264 3080 2354 po'ntifice,
3111 2263 3459 2319 universalis
3483 2269 3807 2322 conventus

2170 2353 2364 2424 populi
2394 2354 2770 2418 celebratur;
2804 2353 3088 2422 hl’ogoutia
3121 2358 3252 2424 post
3281 2367 3490 2408 annum
3543 2357 3605 2409 et
3647 2353 3808 2409 dimi~

2168 2443 2321 2498 dium
2355 2458 2483 2498 cum
2518 2443 2668 2497 omni
2706 2442 2940 2497 Francia
2976 2442 3095 2511 regi
3129 2441 3423 2506 traditur;
3459 2440 3617 2497 ﬁlius
3636 2446 3693 2497 et
3715 2457 3808 2512 ge-

2168 2547 2272 2587 ner
2300 2531 2352 2586 in
2384 2531 2629 2600 gratiam
2662 2533 2916 2603 suscepti
2963 2537 3116 2600 sunt,
3153 2547 3262 2601 qua
3292 2535 3353 2586 et
3385 2530 3439 2586 in
3473 2530 3644 2586 finem
3675 2530 3808 2587 ﬁde-

2169 2618 2302 2675 liter
2337 2620 2420 2675 usi
2457 2624 2612 2675 sunt.

2237 2711 2356 2764 Rex
2417 2707 2714 2777 ingressus
2783 2707 3087 2762 Saxoniam
3152 2707 3306 2764 circa
3367 2705 3658 2763 Kalendas
3693 2707 3802 2763 Jul.

2167 2797 2370 2854 obvios
2401 2795 2599 2851 habuit
2636 2795 2862 2864 legatos
2895 2795 3298 2865 Ungariorum,
3322 2799 3600 2866 tanquam
3621 2795 3696 2850 ob
3719 2809 3811 2850 an-

2167 2887 2388 2956 tiquam
2423 2885 2588 2940 ﬁdem
2623 2891 2682 2939 ct
2710 2884 2955 2954 gratiam
2989 2899 3117 2940 eum
3140 2884 3463 2952 visitantcs,
3489 2899 3694 2940 revera
3717 2899 3811 2940 au-

2171 2981 2307 3043 tem,
2342 2979 2404 3029 ut
2437 2973 2782 3043 quibusdam
2815 2971 3142 3033 videbatur.
3169 2977 3434 3028 eventum
3467 2971 3606 3028 belli
3629 2972 3814 3028 civilis

2169 3063 2625 3120 considerantes.
2661 3063 2818 3127 Quos
2847 3075 2975 3117 cum
3028 3075 3226 3116 secum
3260 3059 3579 3131 aliquantis
3607 3060 3813 3117 diebus

2173 3151 2512 3207 retinuisset
2545 3154 2604 3205 ct
2628 3149 2920 3219 aliquibus
2944 3148 3303 3205 munusculis
3325 3148 3576 3205 donatos
3599 3149 3652 3204 in
3680 3163 3814 3221 pace

2175 3240 2518 3308 remisisset,
2553 3238 2774 3294 audivit
2809 3252 2838 3292 a
2871 3237 3099 3294 nunciis
3131 3237 3355 3302 fratris,
3388 3237 3558 3293 ducis
3591 3237 3813 3294 scilicet

2177 3329 2570 3399 Bajoariorum
2599 3345 2610 3382 :
2647 3326 2801 3392 Quia
2830 3340 2955 3382 ecce
2987 3326 3246 3397 Ungarii
3275 3325 3492 3398 difusi
3523 3325 3820 3382 invadunt

2177 3417 2456 3474 terminos
2471 3417 2619 3484 tuos,
2634 3416 2724 3472 sic
2735 3415 3024 3484 tuumque
3048 3415 3234 3471 tecum
3247 3415 3453 3485 inircp
3461 3428 3700 3486 agnam.
3720 3413 3817 3469 llis

2177 3521 2280 3562 rex
2311 3503 2546 3572 auditis,
2583 3503 2750 3574 quasi
2784 3503 2958 3558 nichil
2992 3503 3213 3559 laboris
3245 3503 3534 3574 preterito
3559 3516 3708 3558 anno
3732 3508 3819 3558 to-

2178 3595 2444 3661 lerasset,
2478 3593 2654 3662 C(Bpit
2686 3591 2769 3647 ire
2801 3596 3003 3646 contra
3047 3591 3267 3661 hostes,
3318 3591 3572 3662 sumptis
3625 3596 3816 3648 secum

2178 3681 2376 3754 paucis
2399 3680 2723 3736 ammodum
2745 3695 2816 3734 cx
2837 3679 3180 3747 Saxonibus,
3197 3695 3266 3736 eo
3285 3679 3441 3750 quod
3459 3694 3580 3748 jam
3606 3678 3817 3735 bellum

2178 3769 2578 3826 Sclavonicnm
2613 3777 2868 3838 urgeret.
2903 3769 3128 3824 Castris
3170 3767 3347 3837 igitur
3378 3767 3590 3839 positis
3623 3768 3677 3822 in
3711 3769 3819 3825 Au-

2176 3865 2365 3930 gusta;
2433 3858 2594 3914 urbis
2656 3857 2945 3926 conﬁniis,
2997 3856 3293 3913 exercitus
3359 3858 3712 3914 Francorum
3759 3861 3816 3912 et

2179 3947 2570 4018 Bajoariorum
2603 3946 2655 4002 ei
2687 3945 2944 4002 occurrit
2973 3964 2988 4013 ;
3015 3961 3142 4002 cum
3178 3944 3368 4002 valido
3396 3961 3631 4016 quoque
3665 3946 3815 4002 venit

2176 4037 2442 4108 equitatu
2477 4035 2531 4090 in
2563 4038 2753 4090 castra
2787 4035 2903 4090 dux
2936 4034 3316 4090 Chuonradus
3341 4033 3544 4104 ;cujus
3568 4034 3814 4091 adventu

2177 4125 2394 4182 milites
2425 4124 2758 4194 erecti,jam
2790 4123 3066 4194 optabant
3102 4137 3213 4178 non
3246 4121 3463 4178 diﬂ‘crri
3497 4128 3809 4187 certamen.

2179 4217 2316 4272 Erat
2345 4215 2496 4270 enim
2530 4213 2644 4269 dux
2678 4211 2826 4266 idem
2863 4217 3072 4267 natura
3100 4211 3339 4268 audacis
3360 4210 3559 4281 animi,
3585 4217 3644 4267 et
3670 4211 3816 4282 quod

2182 4318 2374 4360 rarum
2404 4307 2495 4358 est
2527 4300 2865 4369 audacibus,
2894 4302 3080 4356 bonus
3110 4299 3377 4368 consilio,
3403 4306 3461 4355 et
3488 4300 3622 4354 dum
3647 4299 3818 4370 pedes

2181 4399 2241 4448 et
2270 4393 2404 4448 dum
2435 4406 2618 4460 eques
2646 4389 2754 4444 iret
2779 4389 2830 4444 in
2858 4390 3108 4459 hostem,
3135 4387 3387 4444 bellator
3411 4387 3814 4452 intolerabilis,

2183 4479 2334 4536 domi
2367 4495 2434 4535 ac
2469 4478 2672 4532 militia
2702 4477 2876 4532 karus
2905 4477 3106 4532 sociis.
3159 4476 3344 4545 Igitur
3390 4477 3464 4532 ab
3515 4475 3815 4546 utriusque

2184 4567 2480 4624 exercitus
2514 4565 3002 4621 latrocinantibus
3051 4563 3378 4634 agminibus
3406 4564 3816 4621 notilicabatur

2185 4652 2822 4724 nonlongeabinviecm
2850 4654 2972 4707 fore
2998 4657 3244 4723 uterque
3262 4652 3583 4708 exercitus.
3601 4651 3815 4723 Jejunio

2183 4745 2381 4814 itaque
2413 4743 2466 4798 ia
2501 4741 2714 4798 castris
2747 4741 3070 4812 predicato,
3100 4741 3326 4810 jussum
3367 4746 3462 4797 est
3507 4757 3708 4798 omnes
3753 4739 3813 4795 ad

2185 4829 2397 4887 bellum
2445 4833 2679 4900 paratas
2723 4844 2848 4884 esse
2899 4827 2952 4882 in
3000 4827 3276 4884 crastino.
3331 4827 3526 4885 Primo
3570 4826 3816 4885 diluculo

2185 4927 2516 4994 surgentes,
2551 4935 2690 4992 pace
2721 4921 2852 4975 data
2887 4924 2943 4974 et
2977 4926 3239 4990 accepta,
3271 4933 3569 4990 operaque
3591 4933 3692 4975 sua
3717 4915 3816 4990 pri-

2185 5026 2337 5068 mum
2368 5010 2522 5080 duci,
2559 5009 2769 5064 deinde
2800 5009 2871 5063 ab
2906 5022 3016 5064 uno
3041 5021 3270 5078 quoque
3291 5006 3616 5062 altericum
3642 5019 3816 5062 sacra-

2187 5103 2380 5156 mento
2414 5097 2718 5170 promissa,
2753 5096 2968 5152 erectis
2997 5095 3200 5166 signis,
3234 5109 3478 5150 numero
3509 5094 3674 5166 quasi
3695 5098 3814 5150 octo

2187 5187 2446 5258 legiones
2476 5187 2802 5258 procedunt
2832 5201 2863 5240 c
2885 5185 3116 5241 castris.
3147 5183 3386 5239 Ducitur
3409 5184 3705 5240 exercitus
3725 5193 3816 5252 per

2187 5290 2390 5348 aspera
2419 5280 2479 5330 et
2512 5273 2764 5330 ditlicilia
2798 5273 2943 5342 loca,
2978 5287 3048 5328 ne
3096 5272 3334 5328 daretur
3365 5271 3637 5328 hostibus
3664 5269 3811 5339 copia

2191 5363 2462 5420 turbandi
2495 5363 2729 5432 sagittis
2748 5363 2996 5432 agmina,
3022 5361 3236 5430 quibus
3259 5362 3506 5416 utuntur
3526 5374 3678 5416 acer:
3694 5357 3808 5420 iane,

2189 5451 2450 5508 arbustis
2477 5467 2541 5507 ea
2574 5449 3043 5522 protegentibus.
3079 5449 3324 5504 Primam
3357 5451 3413 5503 et
3438 5447 3742 5505 secundam
3762 5445 3809 5497 et

1785 5549 2020 5604 VARle
2080 5549 2477 5606 LECTIONES.

510 5628 598 5662 ¹⁸²⁸
623 5634 996 5694 chuorandus
1022 5643 1069 5696 l.
