3962 6342
120 377 254 441 921
1034 372 1475 440 CHRONICA.
1531 408 1601 419 -—
1648 370 2126 438 CHRONICON
2168 371 2715 437 UNIVERSALE.
3456 371 3575 436 922

124 509 715 583 terciamlegionem
733 508 1823 583 direxerantBajoarii,quibusprefue-
1848 510 1906 574 A
1934 516 2209 584 portatur
2232 512 2646 583 Wormaciam,
2673 509 2868 583 ibique
2893 507 3179 583 sepelitur
3203 507 3479 566 cumﬂetu
3510 512 3576 565 et

131 606 290 659 runt
326 602 589 674 preteeti
624 602 791 659 ducis
825 602 1074 659 Heinrici
1103 620 1117 669 ;
1142 617 1271 657 nam
1292 601 1492 671 etipse
1512 598 1666 656 bello
1686 598 1823 654 abc-
1935 602 2171 673 planctu
2200 604 2452 659 omnium
2484 606 2852 658 Francorum.
2886 604 3011 671 ipsa
3045 614 3184 654 vero
3212 599 3303 654 die
3328 597 3463 652 belli
3490 597 3570 652 in-

132 696 260 761 rat,
302 706 391 748 eo
427 691 579 763 quod
604 691 923 748 valitudine
948 691 1216 762 corporis
1250 690 1599 758 laborasset,
1626 702 1736 757 qua
1760 690 1815 741 et
1931 705 2070 748 vasa
2096 695 2232 747 sunt
2262 696 2479 762 castra,
2511 695 2567 746 et
2596 690 2811 761 captivi
2841 704 3039 745 omnes
3068 688 3278 758 erepti,
3314 684 3569 741 secundo

136 784 445 877 mortuus
468 784 575 837 est.
595 780 871 845 Quartam
898 780 1182 850 legionem
1204 779 1623 835 ordinaverunt
1650 778 1820 831 Fran-
1932 787 2123 837 autem
2152 782 2244 837 die
2277 797 2342 836 ac
2375 782 2560 837 tercio
2587 796 2615 837 a
2634 780 2841 836 vicinis
2866 779 3108 835 urbibus
3133 776 3355 846 reliqua
3382 773 3571 829 multi-

134 868 221 937 ci,
251 883 527 938 quorum
553 872 752 924 rector
772 883 840 924 ac
861 874 1215 941 procurator
1236 872 1362 925 erat
1387 867 1503 923 dux
1528 866 1818 921 Cbuonra-

1930 873 2074 929 tudo
2106 872 2160 927 in
2187 876 2411 927 tantum
2440 872 2783 941 consumpta
2809 872 2922 938 est,
2954 873 3013 923 ut
3042 866 3238 924 nullus
3262 870 3362 920 aut
3396 878 3568 919 rarus

136 955 649 1055 dus.(‘\‘.Vln.m,44
662 958 849 1028 seqq.)
868 960 923 1012 In
943 958 1162 1028 quinta,
1181 972 1308 1028 quae
1322 961 1448 1011 erat
1485 954 1818 1020 maxima,et

1930 962 2225 1016 evaderet.
2249 963 2386 1017 Tres
2408 960 2585 1015 duces
2609 958 2798 1028 gentis
2822 956 3119 1025 Ungaricre
3138 954 3291 1025 capti
3317 952 3566 1021 ducique

135 1060 278 1115 quae
294 1045 622 1101 dicebatur
647 1047 957 1117 regia,ipse
986 1047 1253 1117 princeps
1274 1045 1682 1115 erat,vallatus
1707 1042 1818 1095 lec-

1930 1051 2199 1106 Hcinrico
2216 1049 2568 1121 praesentati,
2591 1048 2733 1103 mala
2752 1050 2956 1110 morte,
2979 1048 3040 1101 ut
3056 1040 3567 1112 digniorant,mul-

133 1133 223 1191 tis
245 1148 326 1189 ex
355 1134 636 1191 omnibus
660 1135 906 1191 militum
932 1134 1813 1204 milibusalacriquejuventute,
1930 1140 2037 1193 tati
2059 1144 2191 1195 sunt
2219 1137 2569 1209 ;3i13pendio
2590 1150 2833 1205 namque
2853 1136 3228 1203 crepuerunt.
3254 1130 3565 1200 Triumpho

133 1236 485 1292 coramque
514 1238 581 1278 eo
609 1223 852 1292 angelus
883 1256 951 1264 ——
980 1224 1065 1280 sic
1094 1224 1243 1279 enim
1279 1223 1600 1278 vocabatur
1638 1218 1818 1274 vexil-

1930 1228 2143 1284 celebri
2162 1242 2261 1283 rex
2279 1229 2463 1283 factus
2477 1225 2791 1295 gloriosus,
2809 1224 2878 1278 ab
2893 1222 3157 1278 exercitu
3184 1224 3347 1291 pater
3364 1219 3565 1289 patriae

136 1309 265 1366 illm
294 1310 444 1380 eius
464 1342 533 1350 —
556 1312 737 1367 denso
766 1312 991 1381 agmine
1016 1313 1467 1381 Circumsielitlls-
1500 1312 1729 1364 Sexum
1758 1309 1817 1361 et
1927 1332 1995 1373 ac
2028 1318 2345 1388 imperator
2366 1320 2457 1372 est
2479 1312 3110 1386 appellatus.Deeretis
3131 1310 3373 1381 proinde
3390 1307 3568 1361 hono-

139 1399 478 1469 septimam
503 1399 784 1469 legionem
801 1400 1442 1467 eonstitueruntSaevi,
1461 1399 1671 1469 quibus
1686 1410 1817 1466 pre-

140 1486 253 1542 fuit
284 1489 699 1558 Burchardus,
724 1490 815 1544 cui
843 1495 1123 1560 nupserat
1152 1490 1267 1544 filia
1303 1488 1501 1544 fratris
1533 1485 1707 1553 regis.
1753 1485 1811 1538 In

140 1580 365 1631 octava
391 1578 983 1633 erantBoemiielecti
1004 1579 1217 1632 milites
1236 1578 1410 1646 mille,
1429 1572 1815 1645 armispotius

138 1664 441 1721 instructi
470 1667 882 1738 quamffortuna
912 1686 925 1733 ;
955 1667 1007 1721 in
1035 1683 1143 1737 qua
1169 1672 1226 1722 et
1251 1666 1495 1721 sarcina:
1520 1678 1718 1719 omnes
1748 1675 1815 1716 ac

142 1753 581 1825 impedimenta
626 1770 887 1825 qumque,
941 1756 1103 1825 quasi
1159 1756 1280 1825 ipsa
1326 1757 1478 1809 esset
1522 1750 1813 1807 tutissima

1928 1406 2089 1461 ribus
2119 1411 2175 1461 et
2210 1406 2399 1475 dignis
2428 1404 2699 1461 laudibus
2731 1417 2967 1459 summa:
3002 1398 3292 1456 divinitati
3320 1412 3420 1467 per
3453 1396 3567 1449 sin-
3618 1406 3621 1411 ‘

1924 1495 2092 1564 gulas
2122 1496 2439 1563 meclesias,
2478 1495 2584 1549 boe
2616 1494 2764 1547 idem
2807 1494 3024 1546 sancta)
3076 1488 3243 1543 matri
3293 1502 3411 1541 sum
3465 1500 3567 1555 per

1925 1585 2170 1640 nuncios
2190 1584 2562 1652 demandans,
2584 1598 2713 1638 cum
2733 1580 2993 1652 tripudio
3016 1594 3078 1633 ac
3104 1591 3323 1633 summa
3350 1574 3560 1631 lzeticia

1926 1674 2230 1727 Saxoniam
2254 1673 2594 1741 revertitur,
2619 1675 2675 1725 et
2712 1685 2741 1725 a
2775 1669 2989 1740 populo
3028 1683 3133 1722 suo
3182 1664 3563 1721 libentissime

1927 1762 2265 1832 suscipitur.
2302 1762 2496 1830 Neque
2521 1761 2670 1815 enim
2697 1763 2855 1813 tanta
2882 1756 3123 1813 victoria
3148 1755 3454 1825 quisquam
3482 1765 3568 1805 re-

141 1858 276 1912 quae
310 1848 372 1899 et
412 1844 751 1900 novissima.
788 1846 894 1900 Sed
932 1846 1102 1900 aliter
1129 1859 1220 1899 res
1248 1846 1373 1898 aeta
1408 1847 1517 1898 est.
1542 1843 1681 1895 Nam
1704 1841 1814 1894 Un-

1930 1866 2059 1919 gum
2094 1851 2246 1904 intra
2274 1850 2556 1905 ducentos
2587 1863 2769 1904 annos
2800 1851 2930 1901 ante
2957 1860 3086 1900 eum
3117 1844 3349 1899 laetatus
3382 1844 3490 1895 est.

140 1931 510 2001 gariinichil
535 1932 992 1989 cunetantes“"’
1028 1934 1216 1989 Licum
1249 1933 1505 1999 ﬂuvium,
1542 1929 1637 1999 qui
1672 1928 1811 1983 Lchc

144 2019 399 2089 dicitur,
438 2020 823 2092 transierunt,
852 2021 1318 2092 eircuientesque
1347 2019 1437 2053 1‘”
1463 2018 1809 2084 exercitum,

145 2112 488 2163 extremam
514 2108 798 2177 legionem
825 2110 1058 2180 sagittis
1088 2112 1379 2166 lacessere
1402 2109 1727 2178 coeperunt,
1754 2108 1812 2159 et

147 2196 376 2266 impetu
405 2210 542 2252 cum
570 2197 791 2266 ingenti
820 2199 1238 2254 vociferatione
1262 2200 1435 2265 facto,
1467 2196 1596 2252 aliis
1637 2192 1813 2259 cesis,

145 2282 278 2339 aliis
298 2283 527 2355 captis,
552 2285 800 2341 sarcinis
823 2287 1091 2342 omnibus
1107 2288 1298 2357 potiti,
1316 2293 1546 2342 ceteros
1570 2284 1814 2354 legionis

148 2371 309 2427 illius
338 2378 613 2429 armatos
646 2375 845 2443 fugere
875 2376 1302 2445 compulerunt.
1332 2375 1609 2430 Similiter
1635 2374 1813 2445 septi-

148 2475 297 2516 mam
331 2474 403 2516 ac
436 2465 663 2517 sextam
697 2464 979 2534 aggressi,
1012 2464 1277 2535 plurimis
1304 2479 1377 2520 ex
1415 2464 1499 2520 eis
1547 2464 1710 2531 fusis,
1757 2462 1811 2517 in

150 2549 345 2618 fugam
359 2554 700 2606 verterunt.
719 2552 837 2606 Rex
853 2557 1044 2607 autem
1058 2568 1188 2608 eum
1202 2552 1577 2622 advertisset,
1598 2550 1811 2606 bellum

146 2650 216 2692 ex
233 2637 499 2695 adverso
513 2641 911 2710 pretendi,sed
929 2645 1058 2712 post
1074 2646 1300 2711 tergum
1316 2642 1630 2697 novissima
1644 2641 1816 2710 agmi-

150 2740 218 2780 na
249 2726 611 2797 perielitari,
645 2728 798 2783 misit
830 2728 967 2785 illuc
994 2729 1197 2786 ducem
1236 2730 1640 2786 Cbuonradum
1683 2743 1810 2784 eum

148 2818 359 2883 quarta
391 2815 633 2884 l-.gione
658 2834 671 2881 ;
701 2817 794 2886 qui
825 2818 1060 2873 veniens
1090 2819 1355 2890 captivos
1397 2818 1636 2889 eripuit,
1683 2832 1813 2887 pre-

152 2900 280 2957 dam
331 2903 632 2987 excussit,
687 2904 1213 2977 latrocinantiaque
1264 2908 1515 2963 hostium
1585 2907 1810 2975 agmina

148 2992 556 3058 perturbavit.
577 2993 743 3049 Fusis
767 2994 1254 3052 latrocinantibus
1272 2995 1525 3066 undique
1549 2996 1815 3051 adversa-

151 3077 369 3134 riorum
399 3080 761 3151 agminibus,
792 3082 905 3139 dux
936 3083 1006 3139 ad
1037 3099 1228 3153 regem
1275 3085 1595 3141 revertitur
1632 3083 1814 3153 signis

149 3165 527 3237 vietricibns,
560 3168 881 3239 mirumque
911 3169 965 3226 in
994 3173 1223 3228 modum
1264 3172 1677 3228 cunctantibus
1722 3186 1815 3226 ve-

148 3255 366 3311 teranis
391 3255 913 3326 militibus,gloria
929 3259 1189 3316 vietorim
1214 3261 1486 3329 assuetis,
1512 3276 1641 3317 cum
1668 3274 1813 3315 novo
1847 3231 1893 3292 Ο

153 3342 334 3399 milite
362 3349 423 3400 et
454 3344 587 3400 fere
619 3345 873 3401 bellandi
917 3349 1119 3417 ignaro
1166 3348 1523 3419 triumphum
1566 3348 1810 3418 peregit.

155 3431 354 3487 Totum
382 3433 577 3502 igitur
603 3436 832 3504 pondus
855 3437 1039 3506 prwlii
1061 3437 1174 3507 jam
1200 3453 1269 3493 ex
1292 3437 1536 3492 adverso
1560 3451 1687 3492 esse
1715 3451 1814 3491 rex

160 3522 989 3592 conspicicns,exhortationis
1010 3527 1196 3595 gratia
1221 3540 1361 3581 suos
1386 3525 1676 3581 allocutus
1700 3528 1809 3595 est,

162 3622 398 3667 monens
426 3626 538 3667 eos
567 3612 934 3681 antiquarum
970 3614 1343 3683 victoriarum
1385 3619 1444 3669 et
1490 3629 1681 3669 rerum
1729 3606 1816 3669 sc-

166 3693 298 3753 dulo
322 3698 472 3755 bene
501 3704 827 3768 gestarum,
860 3706 918 3756 et
946 3705 1007 3758 ut
1037 3702 1205 3759 modo
1229 3703 1282 3757 in
1310 3703 1498 3774 patria
1515 3719 1624 3758 non
1653 3703 1817 3758 cede-

166 3788 311 3853 rent,
346 3787 444 3856 qui
477 3786 682 3857 sepius
712 3793 766 3843 et
799 3788 851 3844 in
877 3789 1060 3845 aliena
1084 3790 1339 3845 victores
1365 3790 1726 3855 existerent;
1756 3797 1813 3847 et

165 3877 474 3943 postquam
505 3875 837 3944 hujusmodi
867 3878 1042 3933 verba
1076 3878 1321 3949 plurima
1351 3878 1532 3948 dedit,
1568 3880 1637 3934 ad
1686 3880 1816 3935 ulti-

168 3973 314 4015 mum
330 3963 536 4019 intulit
565 3982 575 4016 :
606 3965 793 4020 Plura
822 3967 1567 4037 loquerer,miliiesmei,si
1591 3984 1815 4026 nossem

167 4045 757 4108 verbiscirtutemvei
778 4054 1098 4111 audaciam
1109 4056 1329 4113 animis
1342 4057 1559 4115 castris
1581 4060 1811 4130 augeri,

168 4136 564 4233 meaemelius
578 4140 813 4210 gladiis
841 4156 1023 4214 quam
1044 4144 1274 4215 linguis
1302 4145 1685 4217 incipiamus.
1719 4149 1759 4202 ll
1770 4148 1816 4203 is

171 4223 358 4294 dictis,
390 4233 635 4299 arrepto
661 4229 850 4300 clipeo
898 4246 963 4288 ac
994 4247 1159 4289 sacra
1191 4234 1411 4305 lancea,
1444 4235 1565 4306 ipse
1593 4236 1815 4306 primus

170 4325 378 4407 equum
411 4318 596 4407 vertit
624 4317 677 4372 in
710 4320 927 4390 hostes,
962 4322 1267 4377 fortissimi
1295 4324 1498 4379 militis
1524 4339 1589 4380 ac
1612 4325 1815 4395 optimi

173 4406 543 4498 imperatoris
589 4406 833 4463 officium
878 4424 1109 4478 gerens.
1161 4413 1425 4469 Hostium
1472 4414 1817 4470 audaciores

175 4495 417 4556 primum
446 4495 820 4565 restiterunt,
850 4497 1060 4554 deinde
1086 4502 1145 4556 ut
1179 4501 1372 4558 socios
1394 4506 1557 4571 terga
1585 4508 1814 4560 vertere

1997 1940 2191 1994 Rebus
2225 1939 2402 2006 igitur
2436 1938 2545 1992 rite
2578 1935 2935 2006 compositis,
2983 1949 3083 2004 per
3128 1945 3350 1986 omnem
3396 1930 3568 1982 Frau-

1924 2028 2070 2083 ciam
2096 2027 2517 2096 Saxoniamque
2533 2030 2586 2080 et
2615 2025 2831 2079 vicinas
2858 2023 3309 2089 circumquaque
3332 2020 3562 2085 gentes,

1925 2118 2159 2171 Romam
2181 2115 2473 2187 proficisci
2492 2119 2777 2179 statuens,
2805 2108 3260 2178 Longobardiam
3277 2103 3555 2176 perrexit.

1925 2204 2030 2259 Ubi
2063 2204 2314 2275 qualiter
2346 2218 2534 2271 regem
2573 2198 3079 2269 Longobardorum
3128 2192 3555 2261 Berengarium,

1924 2294 2101 2351 multa
2126 2294 2269 2348 mala
2293 2308 2421 2348 cum
2448 2291 2565 2346 ﬁlio
2590 2306 2695 2345 suo
2717 2288 3031 2344 Adclberto
3053 2283 3334 2341 {ecclesiis
3357 2282 3452 2337 Dei
3480 2280 3563 2334 in-

1927 2384 2227 2450 ferentem,
2266 2382 2494 2436 duobus
2517 2379 2682 2435 annis
2704 2375 3026 2443 obsederit,
3055 2376 3403 2441 captumque
3434 2383 3562 2424 cum

1923 2471 2167 2541 conjuge
2198 2474 2255 2524 et
2283 2469 2415 2523 filiis
2450 2468 2501 2523 in
2536 2466 2771 2521 exilium
2807 2464 3049 2531 miserit,
3096 2464 3383 2516 Romanos
3431 2457 3572 2511 duo-

1927 2562 2032 2615 bus
2059 2558 2276 2630 przeliis
2297 2557 2527 2626 vicerit,
2548 2557 2727 2612 duces
2749 2558 3206 2609 Beneventorum
3224 2545 3567 2617 subjecerit,

1925 2650 2140 2703 Grecos
2166 2648 2218 2701 iu
2237 2645 2499 2701 Calabria
2515 2650 2570 2699 et
2592 2644 2791 2713 Apulia
2814 2640 3202 2712 superaverit,
3220 2641 3375 2692 terra
3393 2636 3566 2689 Saxo-

1926 2737 2052 2792 nica
2086 2750 2258 2791 venas
2294 2733 2519 2802 argenti
2553 2731 2870 2803 aperuerit,
2916 2729 3217 2799 imperiunm
3270 2740 3396 2781 cum
3447 2722 3566 2777 filio

1926 2812 2358 2895 sibi'mquiveco
2392 2835 2560 2891 quam
2596 2819 2896 2888 magnifice
2925 2815 3278 2881 diiataverit,
3328 2810 3564 2881 majoris

1924 2918 2011 2970 est
2041 2914 2253 2984 operis,
2303 2912 2548 2980 ideoque
2594 2906 2882 2963 conscribi
2930 2920 3039 2960 non
3085 2903 3239 2959 valet
3291 2916 3320 2956 a
3376 2900 3561 2955 nobis.

1928 3004 2178 3073 (Liunru.
2213 3002 2373 3058 Hist.
2404 3000 2542 3069 Ott.)
2576 3000 2688 3053 lioc
2714 2989 3560 3057 tantumbreviternotandum,

1926 3092 2076 3161 quod
2104 3106 2133 3145 a
2160 3091 2417 3145 Johanne
2448 3102 2592 3158 papa
2626 3084 2842 3139 litteris
2873 3081 3221 3153 suppliciter
3265 3082 3561 3147 exoratus,

1926 3179 2200 3249 quatinus
2226 3194 2329 3249 pro
2355 3190 2546 3231 amore
2570 3174 2666 3229 liei
2690 3181 3143 3240 sanctorumque
3166 3166 3564 3240 apostolorum

1926 3268 2081 3324 Petri
2127 3272 2181 3321 et
2238 3266 2399 3322 Pauli
2448 3268 2707 3321 sanetam
2762 3264 3071 3316 Romanam
3123 3256 3445 3314 meelesiam
3495 3269 3564 3309 ex

1926 3357 2192 3413 faucibus
2219 3352 2546 3423 Berengarii
2582 3363 2932 3419 suorumque
2965 3348 3265 3412 liberaret,
3298 3345 3567 3400 aliorum-

1924 3462 2035 3517 que
2072 3446 2383 3501 multorum
2413 3442 2825 3513 episcoporum
2860 3437 3222 3507 alteriusque
3254 3433 3476 3490 ordini;
3507 3437 3564 3487 et

1924 3534 2199 3590 laicorum
2235 3533 2543 3603 questibus
2590 3535 2799 3599 motus,
2851 3528 3031 3583 filium
3080 3540 3244 3582 suum
3293 3524 3565 3578 Ottonem

1923 3629 2123 3679 contra
2157 3637 2369 3678 morem
2399 3621 2659 3691 priorum
2691 3619 2744 3672 in
2782 3617 3107 3688 puerilibus
3155 3613 3322 3668 annis
3372 3626 3564 3679 regem

1922 3711 2311 3779 constituens,
2348 3710 2400 3763 in
2445 3707 2689 3762 Saxonia
2742 3704 3077 3773 dereliquit,
3128 3702 3249 3772 ipse
3302 3698 3570 3755 collectis

1923 3797 2345 3870 copiisltaliam
2376 3795 2632 3867 percitus
2650 3793 2824 3860 venit,
2845 3789 3253 3859 Derengarium
3277 3803 3404 3842 cum
3432 3802 3569 3840 nxc-

1926 3903 1983 3943 re
2003 3902 2107 3943 sua
2130 3886 2298 3942 Willa
2324 3890 2383 3940 et
2406 3884 2524 3938 lilio
2541 3879 3133 3949 Adelbertocaptivos
3148 3877 3484 3943 Babenberg
3511 3874 3563 3929 in

1923 3976 2157 4033 exilium
2180 3974 2355 4042 misit,
2382 3973 2475 4028 ubi
2501 3975 2557 4026 et
2583 3970 2733 4025 idem
2770 3968 3138 4037 Beringarius
3165 3964 3474 4019 defunctus
3507 3970 3569 4018 et

1924 4064 2188 4136 sepultus
2208 4067 2295 4118 est
2326 4080 2340 4127 ;
2368 4063 2488 4132 ipse
2508 4075 2647 4116 vero
2665 4060 2899 4113 Romam
2924 4056 3182 4123 veniens,
3212 4052 3453 4108 mirifico
3478 4066 3573 4122 ap-

1925 4157 2128 4226 paratu
2162 4154 2493 4222 susceptus,
2529 4154 2585 4203 et
2619 4150 2691 4203 ab
2720 4147 2920 4202 eodem
2952 4144 3277 4215 apostolico
3307 4141 3566 4197 Iohanne

1924 4239 2206 4313 imperiali
2243 4239 2515 4295 unctione
2545 4242 2604 4292 et
2635 4234 3038 4292 benedictione
3069 4232 3438 4295 sublimatus,
3468 4230 3570 4284 im-

1927 4335 2162 4403 perator
2192 4343 2248 4385 et.
2278 4330 2561 4398 angustus
2585 4331 2670 4382 est
2715 4324 3065 4396 appellatus.
3120 4322 3432 4391 Aliquanto
3470 4335 3569 4373 au-

1926 4427 2041 4477 tem
2072 4422 2335 4488 tempore
2368 4417 2421 4471 in
2458 4414 2722 4487 partibus
2764 4413 2879 4470 illis
2927 4416 3333 4477 commoratus,
3389 4408 3567 4461 filium

1928 4523 2096 4565 suum
2125 4508 2392 4563 Ottonem
2428 4504 2497 4560 ad
2530 4520 2591 4560 se
2616 4504 2814 4560 venire
2849 4503 3019 4567 fecit;
3053 4501 3148 4571 qui
3181 4504 3237 4554 et
3284 4499 3337 4553 in
3391 4495 3567 4550 natali

174 4576 465 4651 viderunt,
496 4582 885 4655 obstupefacti
906 4588 1241 4658 nostrisque
1264 4589 1607 4658 intermixti,
1631 4593 1816 4646 extin-
1846 4589 1897 4648 D
1929 4595 2152 4652 Domini
2185 4608 2458 4650 coronam
2492 4592 2650 4661 regni
2686 4592 2757 4646 ab
2780 4589 3099 4660 apostolico
3121 4585 3365 4656 accepit.
3394 4583 3568 4638 Missa

174 4664 248 4718 eti
278 4674 433 4723 sunt.
467 4671 806 4728 Ceterorum
835 4688 973 4730 vero
1001 4675 1095 4730 alii
1124 4677 1292 4747 equis
1343 4679 1602 4749 fatigatis
1652 4680 1817 4738 villas

177 4755 466 4846 proximas
485 4758 733 4846 intrant,
770 4761 1225 4834 circumfusique
1253 4767 1514 4833 armatis,
1541 4783 1819 4825 cummae-

178 4838 344 4895 nibus
371 4844 593 4911 pariter
626 4852 1093 4920 coneremantur,
1125 4850 1220 4907 alii
1246 4852 1457 4909 flumen
1478 4857 1817 4926 contiguum

175 4925 633 5024 transnatantes,
669 4934 803 4990 dum
836 4937 958 5007 ripa
990 4937 1234 4995 ulterior
1281 4925 1666 4999 ascendentes
1708 4960 1816 5001 non

180 5018 448 5100 sustinet,
482 5021 714 5077 ﬂumine
742 5024 1136 5083 obvolvuntur
1165 5032 1222 5083 et
1249 5035 1512 5100 pereunt.
1538 5032 1821 5091 Cbuonra-

179 5096 285 5197 dus
338 5110 532 5197 autem
562 5108 939 5197 duxfortiter
966 5096 1443 5185 pugnans-animi
1485 5120 1711 5177 fervore
1760 5128 1816 5178 et

180 5185 319 5284 solis
346 5192 575 5284 ardore,
608 5196 703 5266 qui
731 5213 798 5253 eo
826 5199 919 5255 die
946 5202 1156 5258 nimius
1179 5208 1326 5273 erat,
1360 5207 1651 5276 aestuavit,
1700 5209 1820 5264 vin-

180 5272 650 5371 culis-queloricze
665 5286 895 5358 solutis,
919 5289 1050 5345 dum
1069 5306 1267 5347 auram
1281 5272 1560 5364 captavit,
1577 5272 1819 5354 vulnere

183 5366 495 5461 sagittzein
523 5370 769 5461 adverso
817 5378 1076 5445 gutturis
1115 5378 1319 5436 deﬁxae
1365 5382 1597 5439 cecidit.
1643 5385 1820 5455 Cujus

182 5456 387 5517 corpus
420 5456 659 5525 imperio
687 5462 839 5531 regis
891 5465 1210 5524 honorifice
1253 5468 1586 5540 collectum,
1634 5474 1820 5529 trans-

254 5608 342 5646 “!7
366 5614 379 5646 ς

360 5626 696 5686 Junctantes
726 5634 770 5685 1.
868 5632 959 5669 “’8
990 5637 1435 5708 circuentesque
1467 5643 1515 5693 1.

1931 4683 2409 4751 etiamlegatione
2442 4676 3024 4747 Constantinopolim,
3054 4674 3227 4728 tiliam
3256 4674 3569 4742 imperato-

1931 4769 2370 4840 risTheophanu
2387 4766 2614 4822 nomine
2632 4766 2762 4820 inde
2777 4763 3019 4833 accepit,
3042 4776 3232 4831 quam,
3250 4759 3568 4816 celebratis

1929 4860 1985 4914 in
2018 4858 2181 4914 Italia
2214 4855 2458 4926 nuptiis,
2492 4854 2678 4909 eidem
2703 4852 2821 4907 filio
2840 4867 2945 4907 suo
2967 4848 3380 4919 eonjunxit(cf.
3423 4847 3564 4903 C/i’r.

1943 4947 2047 5016 W.,
2085 4946 2313 5001 Lwnpu.
2352 4943 2391 4998 ἰ.
2428 4943 2466 4997 ι.
2492 4941 2736 4995 —Win.
2773 4955 2853 5009 In,
2889 4938 3095 5006 70-73).

2003 5035 2181 5105 (ΨΜ).
2216 5048 2296 5102 m,
2329 5036 2418 5102 75,
2466 5034 2580 5103 76.)
2633 5031 2769 5085 Post
2814 5030 2935 5085 lucc
2962 5041 3270 5097 regressus
3302 5024 3370 5078 de
3402 5023 3565 5080 [talia

1929 5123 2250 5193 imperator
2281 5121 2418 5174 Otto
2448 5134 2574 5174 cum
2610 5117 2728 5173 tilio
2763 5119 2940 5171 reget
2977 5115 3215 5169 Calliam
3268 5114 3569 5181 ingressus

1929 5209 2180 5276 e5t,indc
2196 5207 2772 5263 Gcrmaniamtransil
2834 5223 2998 5260 rusct
3015 5204 3337 5274 proximum
3357 5201 3568 5272 pascha

1929 5296 2398 5365 Quitilingaburg
2429 5294 2857 5362 celebraturus,
2891 5293 3121 5347 Manens
3153 5295 3345 5345 autem
3366 5288 3443 5343 ibi
3474 5289 3572 5343 de-

1928 5401 2051 5443 cem
2077 5391 2135 5442 et
2160 5390 2381 5456 septem
2404 5382 2630 5452 diebus,
2659 5380 2958 5437 descendit
2980 5379 3134 5449 inde,
3170 5377 3569 5435 ascensionem

1928 5474 2153 5530 Domini
2187 5472 2338 5545 apud
2373 5473 2706 5542 Maresburg
2735 5469 3165 5526 eelebraturus.
3199 5467 3400 5525 Tercia
3431 5482 3569 5523 vero

1534 5570 1770 5626 VARLE
1809 5571 2212 5632 LECTIONES.
