3962 6366
116 348 282 413 929
1046 336 1483 403 CHRONICA.
1516 370 1596 382 --
1624 325 2101 396 CHRONICON
2146 320 2696 387 UNIVERSALE.
3284 338 3291 343 '
3475 318 3595 380 980

154 500 324 545 num
352 485 639 542 bonorum
671 476 927 536 omnium
953 475 1218 533 datorem
1250 467 1695 537 haberedelegit
1726 467 1819 521 he—
1858 468 1909 524 Α
1944 477 2089 533 sque
2141 465 2233 517 est
2288 457 2626 525 Babenberg
2673 455 2725 510 in
2776 452 3089 525 epySCOpio
3128 468 3155 508 a
3199 469 3262 509 se
3315 455 3488 526 facto,
3535 471 3589 511 in

124 575 384 645 redem,
420 576 702 640 sextoque
736 567 899 637 regni
934 566 1023 623 sui
1056 580 1205 620 anno
1240 560 1486 633 sapienti
1519 559 1608 591 ⁸⁸⁵⁸
1636 557 1826 613 consi-
1941 550 2127 606 sancti
2163 547 2314 603 Petri
2351 545 2601 617 apostoli
2649 542 3020 597 monasterio.

130 664 245 719 lin
272 665 679 735 episcopatum
725 658 1064 723 Babcuberg
1093 654 1145 708 in
1180 655 1210 707 h
1234 668 1395 707 more
1439 649 1621 705 sancti
1670 646 1825 701 Petri
2157 640 2175 661 *
2210 642 2356 691 ct—
2380 634 2683 702 subigebat
2718 632 2929 687 desunt
2960 632 3019 685 E.

129 718 473 823 sanctique
504 748 731 816 Georgii
766 743 1100 813 constituit,
1140 741 1446 809 locumque
1482 739 1667 809 ipsum
1702 749 1828 805 prc-
2132 730 2176 748 "
2846 723 2909 823 ext
2929 718 3232 789 patiencia}
3256 719 3412 774 bono
3433 718 3594 775 illum

132 790 473 823 οαιιυυιηυυ
506 790 731 816 “emt,”
767 790 1100 813 w..--.-...-,
1140 790 1442 809 --πψτη
1484 790 1607 809 Τ--.

132 841 396 896 diorum
439 837 660 894 divitiis
690 838 749 890 et
792 832 945 889 omni
988 836 1229 885 ornatus
1274 828 1503 894 decore,
1546 832 1607 879 ut
1641 824 1691 878 in

2226 796 2456 850 vincere
2487 790 2733 846 studuit.
2770 792 2831 843 Ι).
2872 792 2927 843 Ε.

2110 878 2180 900 ηρ
2218 874 2308 900 ...ηε
2354 876 2550 900 “unum
2597 870 2919 900 ρθηηιιηηηο
2971 870 3020 900 :n
3071 869 3357 900 hnnfiornn
3396 869 3447 900 Αἰ

140 869 396 896 usurum
439 869 660 894 utkua
690 869 749 890 υυ
792 869 945 889 υιιιιιι
988 869 1229 885 υιιιιιυιιυ
1275 869 1503 894 υνυυιυ,
1548 869 1606 879 ..υ

140 929 496 985 sentiarum
538 924 819 989 cernitur,
865 919 1274 989 copiosissime
1316 916 1523 970 ditavit
1558 914 1704 983 (237)

2110 878 2180 900 η’
2216 874 2311 989 qui
2354 876 2553 989 [amica
2596 870 2921 940 Stephanus
2970 870 3022 923 in
3070 869 3358 940 baptismo
3395 869 3591 925 dictus

2226 960 2336 989 Ως.-
2422 985 2432 989 -
2497 979 2523 989 ι-

144 1016 493 1073 meridiana
534 1026 765 1084 quoque
806 1014 975 1080 parte
1018 1006 1280 1062 civitatis
1323 1002 1739 1059 monasterium
1774 999 1828 1053 in

145 1105 399 1161 honore
436 1101 620 1158 sancti
664 1096 939 1169 Stephani
988 1092 1436 1166 protomartyris
1479 1092 1587 1146 sub
1630 1088 1832 1143 ordine

150 1192 463 1251 canonico
495 1193 867 1255 construens,
904 1201 977 1240 ex
1007 1183 1195 1239 altera
1238 1197 1408 1249 vero,
1449 1181 1555 1234 hoc
1586 1184 1669 1234 est
1705 1176 1834 1245 aqui

153 1281 396 1351 lonari,
421 1279 578 1335 aliud
614 1274 1031 1332 monasterium
1066 1272 1175 1327 sub
1208 1268 1514 1324 monachili
1550 1265 1744 1335 regula
1781 1265 1833 1319 in

183 1372 423 1428 honore
458 1366 645 1425 sancti
677 1362 1013 1420 Michahelis
1064 1358 1393 1427 archangeli
1431 1356 1735 1425 sanctique
1764 1356 1836 1408 Bc

175 1460 412 1517 nedieti
437 1455 667 1512 abbatis
690 1452 1079 1517 constituens,
1106 1448 1214 1503 sibi
1243 1460 1478 1516 suicque
1500 1443 1722 1499 civitati
1747 1458 1839 1497 su-

176 1562 294 1619 pra
320 1550 545 1618 petram
572 1540 912 1613 apostolica:
941 1536 1234 1592 firmitatis
1260 1535 1533 1601 fundatze,
1562 1545 1840 1601 muroque

175 1642 244 1692 et
275 1629 733 1707 propugnaculis
766 1628 1106 1684 meritorum
1142 1623 1327 1679 sancti
1360 1621 1586 1690 Georgii
1617 1624 1841 1675 cetero-

173 1738 436 1793 rumque
468 1723 804 1776 sanctorum
836 1715 1071 1770 munitae
1096 1728 1160 1767 ac
1184 1714 1500 1777 exornatae,
1526 1714 1725 1763 contra
1763 1708 1842 1761 in-

174 1811 460 1869 centivos
506 1807 780 1863 vitiorum
827 1803 1085 1873 jactatus
1130 1800 1339 1855 turrim
1393 1795 1754 1852 fortitudinis
1784 1794 1836 1850 in
1872 1811 1923 1868 Β

173 1896 501 1968 Stephano,
538 1899 595 1950 et
631 1895 833 1947 contra
868 1888 1232 1957 refrigerant.
1261 1902 1287 1939 s
1320 1886 1492 1939 ﬂatus
1526 1883 1705 1949 illius,
1743 1881 1838 1951 qui

182 1986 246 2041 in
274 1984 567 2055 aquilone,
594 1980 745 2037 unde
769 1977 978 2033 malum
999 1990 1165 2032 omne
1192 1974 1498 2044 pandetur,
1523 1973 1718 2026 sedem
1742 1985 1843 2040 po-

178 2087 329 2129 nere
355 2068 666 2141 disposuit,
700 2066 984 2135 refugium
1017 2067 1239 2119 certum
1264 2062 1317 2115 in
1345 2059 1603 2127 angelico
1641 2072 1842 2128 prepa-

179 2162 343 2219 ravit
377 2158 635 2231 presidio
668 2157 836 2229 (238‘),
869 2158 987 2210 uta
1013 2152 1238 2207 dextris
1261 2155 1319 2206 et
1341 2165 1369 2203 a
1395 2147 1647 2205 sinistris
1672 2146 1842 2217 justi-

179 2250 295 2306 cize
320 2248 497 2305 armis
519 2245 749 2303 vallata:
775 2244 830 2298 in
855 2242 1015 2298 nullo
1040 2240 1286 2296 sufﬁciat
1312 2236 1617 2292 insidiator
1642 2248 1842 2305 preva-

182 2337 333 2393 lere.
372 2336 516 2391 Aliis
546 2347 774 2404 quoque
807 2334 1139 2387 sanctorum
1167 2327 1311 2382 locis
1336 2340 1436 2396 per
1460 2325 1619 2392 regni
1649 2322 1843 2377 latitu-

179 2426 381 2481 dinem
425 2439 535 2480 non
578 2422 784 2490 minus,
834 2423 1008 2491 prout
1045 2431 1193 2488 opus
1237 2421 1384 2483 erat,
1434 2410 1842 2468 munificentiae

179 2531 311 2575 suae
344 2512 664 2585 impertivit
695 2509 1049 2579 largitatem,
1098 2505 1358 2576 quaedam
1393 2501 1613 2571 dilapsa
1638 2500 1754 2569 jam
1788 2499 1841 2554 in

180 2604 405 2661 melius
441 2601 780 2669 restituens,
818 2595 1160 2668 quibusdam
1193 2610 1319 2664 (ιω)
1350 2591 1539 2646 minus
1571 2588 1846 2659 subpete-

181 2693 333 2748 bant
359 2689 662 2761 adjiciens.
689 2686 862 2755 Regis
880 2688 1073 2740 autem
1100 2684 1280 2737 frater
1303 2683 1431 2736 erat
1454 2680 1629 2745 Brun,
1656 2680 1846 2745 Augu-

179 2778 414 2838 stensis
441 2776 599 2833 sedis
619 2774 947 2846 episcopus,
976 2772 1072 2841 qui
1102 2770 1368 2825 felicibus
1392 2766 1593 2821 fratris
1614 2765 1845 2820 actibus

186 2866 484 2935 invidens,
526 2864 739 2920 multas
767 2862 818 2917 ei
853 2860 1273 2917 adversitatum
1309 2856 1552 2927 injurias
1584 2854 1639 2908 in
1672 2868 1849 2923 quan-

190 2962 321 3013 tum
361 2954 553 3025 potuit
598 2952 903 3019 inferebat,
945 2953 1000 3004 et
1036 2950 1058 2971 "
1091 2947 1183 3003 ubi
1218 2962 1321 3016 per
1354 2960 1414 3001 se
1447 2960 1555 2999 non
1592 2945 1846 3013 poterat,

192 3043 593 3100 inferentibus
622 3055 683 3097 se
715 3039 1087 3109 adjungebat,
1123 3036 1214 3091 vel
1248 3034 1392 3089 alios
1420 3032 1490 3088 ad
1521 3030 1849 3087 inferendas

192 3129 590 3199 exhortando,
617 3126 887 3184 stimulos
909 3126 992 3181 eis
1012 3124 1372 3180 incitationis
1393 3121 1720 3190 subigebat.
1749 3117 1849 3174 Cui

194 3222 388 3278 frater
436 3233 549 3274 non
600 3217 787 3273 solum
848 3215 1121 3269 talionem
1166 3228 1273 3267 no.2
1326 3209 1601 3278 reddidit,
1652 3223 1850 3263 verum

192 3310 378 3367 etiam
406 3308 660 3363 fraterna
684 3306 730 3329 *”
752 3305 1082 3360 instructus
1116 3299 1447 3367 dilectione,
1470 3298 1659 3353 omnia
1683 3296 1853 3351 dissi-

194 3396 478 3454 mulando
498 3399 558 3450 et
576 3394 870 3464 patienter
889 3390 1255 3459 sustinendo,
1275 3388 1433 3442 illum
1452 3387 1600 3464 bono
1622 3386 1852 3440 vincere

193 3484 525 3554 satagebat.
574 3484 787 3538 Horum
831 3495 1115 3547 sororem,
1162 3480 1325 3532 honre
1365 3460 1655 3530 memorias
1700 3472 1855 3527 femi-

194 3586 354 3642 nam,
378 3570 627 3626 Gisclam
648 3567 755 3638 “‘7,
777 3582 877 3623 rex
898 3565 1281 3635 Ungariorum
1301 3562 1397 3632 qui
1428 3562 1497 3584 *“
1529 3559 1856 3629 Stephanus

198 3661 515 3718 dicebatur
549 3658 603 3713 in
637 3656 966 3726 conjugium
1008 3652 1312 3725 expetivit,
1351 3650 1453 3705 sed
1484 3663 1609 3705 eam
1639 3646 1730 3680 “‘8
1758 3646 1859 3702 du-

199 3764 341 3808 cere
373 3763 485 3804 non
519 3744 861 3819 promeruit,
903 3745 1085 3799 donec
1108 3757 1168 3797 se
1192 3739 1526 3796 christiana:
1558 3735 1858 3806 religionis

202 3837 538 3897 rudimenta
584 3839 642 3890 et
695 3833 846 3889 sacri
899 3830 1268 3903 baptismatis
1320 3830 1681 3884 sacramenta
1728 3839 1858 3880 cum

203 3919 568 3994 omni‘gente
591 3937 693 3978 sua
720 3924 1129 3991 suscepturum
1164 3916 1448 3988 promisit.
1485 3916 1663 3980 Quam
1695 3908 1861 3983 polli-

207 4012 553 4072 citationem
586 4009 682 4066 ubi
722 4009 896 4065 rebus
948 4006 1216 4079 perfecit,
1269 4003 1581 4072 religiosus
1629 4004 1861 4069 Deoque

208 4103 465 4159 devotus
506 4102 709 4171 postea
761 4096 815 4151 in
865 4094 1241 4152 exscCutione
1292 4092 1576 4147 bonorum
1624 4102 1862 4159 operum

209 4187 568 4264 permansit;
594 4185 748 4256 quod
767 4183 957 4239 divina
980 4183 1168 4254 pietas
1187 4184 1323 4251 past
1343 4181 1588 4234 mortem
1607 4175 1733 4245 ejus
1750 4175 1867 4231 evi-

211 4279 496 4337 dentibus
534 4274 787 4345 indiciis,
819 4272 891 4328 ad
924 4270 1284 4343 sepulturam
1312 4268 1439 4338 ejus
1468 4266 1638 4323 factis
1677 4265 1869 4334 signo-

211 4383 347 4425 rum
402 4364 719 4435 miraculis,
774 4360 1216 4419 demonstravit.
1266 4389 1334 4398 —
1383 4358 1505 4413 Rex
1546 4356 1642 4379 **"
1674 4358 1867 4409 autem

213 4455 550 4523 Heinricus,
578 4456 885 4524 postquam
920 4451 1084 4507 bona:
1118 4446 1411 4519 opinionis
1434 4443 1673 4501 odorem
1697 4441 1868 4513 longe

215 4545 456 4614 lateque
496 4518 761 4598 redolere
812 4540 1031 4594 fecerat
1078 4518 1386 4605 locumque
1432 4532 1542 4588 sibi
1590 4529 1867 4585 dilectum
1898 4518 1952 4578 D

216 4647 353 4689 cum
374 4629 597 4686 ceteris
620 4626 990 4684 monasteriis
1008 4623 1245 4681 ditando
1268 4627 1328 4678 et
1349 4619 1607 4678 ornando
1626 4622 1685 4673 et
1702 4632 1871 4673 exco-

218 4720 397 4777 lendo
436 4718 508 4774 ad
548 4717 870 4789 perfectum
923 4713 1268 4782 adduxerat,
1322 4711 1515 4766 divina
1566 4706 1871 4764 vocatione

220 4810 374 4867 viam
407 4806 695 4863 universa)
734 4803 929 4861 carnis
970 4803 1289 4872 ingressus,
1326 4801 1441 4856 Deo
1472 4796 1730 4852 reddidit
1758 4796 1876 4851 ani-

220 4913 375 4955 mam
400 4894 669 4964 feliciter,
697 4898 760 4950 ut
784 4892 1094 4961 credimus,
1123 4893 1171 4945 3.
1198 4889 1336 4943 Idus
1356 4885 1512 4956 Julii,
1540 4898 1687 4939 anno
1712 4883 1876 4953 regni

224 4987 456 5055 8111240,
489 4982 717 5055 imperii
749 4985 943 5038 autem
980 4985 1090 5050 11°,
1126 4977 1259 5035 vitae
1292 4989 1430 5032 vero
1462 4979 1576 5043 52°,
1615 4971 1879 5044 sepultu-

2226 948 2337 999 est.
2370 947 2433 999 D.
2466 945 2523 996 Ε.

2076 1035 2171 1058 ““
2203 1036 2324 1088 Rex
2345 1063 2411 1071 -ς
2434 1028 2786 1085 monasterio
2811 1029 3024 1084 desunt
3046 1027 3151 1084 hoc
3173 1027 3294 1084 loco
3317 1029 3376 1082 Ε.
3407 1028 3481 1099 (υ.
3508 1027 3602 1085 ἱπ-

2217 1104 2331 1179 fra
2360 1119 2415 1159 α.
2454 1104 2635 1171 1024.)

2018 1202 2067 1248 :2.
2118 1194 2282 1262 (σὴν.
2343 1192 2446 1258 η’.)
2491 1192 2552 1244 Α.
2592 1191 2648 1242 1).
2686 1192 2842 1243 1002.
2888 1185 3193 1242 Heinricus
3233 1199 3333 1241 rex
3376 1186 3598 1242 Heinri-

1949 1297 2077 1337 cum
2141 1278 2527 1334 marchioncm
2577 1283 2636 1332 et
2696 1276 2839 1332 alios
2899 1275 3007 1331 sibi
3065 1273 3414 1331 resistentes
3469 1289 3599 1332 cum

1950 1368 2212 1425 exercitu
2260 1366 2427 1437 petit.

2021 1462 2070 1511 3.
2108 1466 2169 1511 Α.
2208 1459 2266 1510 D.
2306 1457 2464 1509 1003.
2509 1451 2813 1507 Heinricus
2856 1466 2955 1506 rex
3000 1449 3245 1520 Italiam,
3292 1450 3600 1521 Boemiam,

1954 1544 2266 1600 Bolizlaum
2309 1542 2515 1597 ducem
2545 1555 2675 1595 eum
2707 1538 2858 1594 omni
2892 1538 3231 1594 Sclavorum
3265 1541 3439 1608 gente
3472 1536 3605 1594 sub-

1947 1633 2191 1703 jugavit.

2027 1726 2076 1778 4.
2111 1724 2174 1775 Α.
2212 1722 2271 1774 D.
2311 1722 2464 1774 1004.
2502 1718 2700 1773 Fames
2729 1718 2751 1740 *
2784 1730 2985 1784 magna
3019 1714 3110 1747 “‘9
3142 1715 3291 1769 facta
3324 1719 3411 1771 est
3443 1716 3509 1769 θ’.

2094 1813 2116 1833 "
2144 1812 2204 1864 D.
2242 1810 2302 1863 E.
2331 1827 2343 1861 :
2373 1808 2638 1861 Cometes
2670 1804 2841 1873 longo
2862 1808 3126 1872 tempore
3158 1808 3422 1873 apparet,
3446 1802 3609 1859 etfa-

2169 1894 2289 1935 mes
2319 1878 2506 1934 valida
2542 1845 2941 1945 subseqﬁitur.
2982 1845 3605 1929 ﬁeiiii‘iddlsvaievntia-

2167 1966 2271 2006 nas
2310 1984 2345 1988 -—
2386 1950 2697 2003 invaserat.
2735 1945 2840 2012 Qui
2869 1945 3113 2014 gratiam
3155 1944 3312 2013 regis
3337 1948 3393 1998 et
3421 1945 3606 2015 ipsum

2166 2026 2424 2076 castrum
2452 2020 2507 2073 in
2534 2018 2880 2073 beneficium
2911 2015 3020 2070 sibi
3055 2015 3175 2069 dari
3208 2015 3450 2083 pecunia
3478 2030 3610 2086 pro-

2166 2092 2393 2148 meruit.
2428 2092 2447 2112 ‘
2476 2094 2493 2144 1
2524 2103 2597 2144 ea:
2632 2087 2838 2159 Sz'yeb.
2879 2102 2935 2143 α.
2974 2091 3128 2151 1000,
3166 2089 3322 2140 1007.

2084 2182 2131 2203 “
2163 2184 2193 2233 5
2213 2211 2274 2219 —
2308 2184 2368 2233 11
2396 2176 2628 2234 addunt
2658 2196 2669 2230 :
2709 2178 2974 2231 Cometes
3017 2172 3191 2243 longo
3223 2171 3313 2205 “5°
3343 2178 3609 2243 tempore

2170 2249 2466 2322 apparuit.
2507 2261 2581 2303 ea:
2607 2246 2820 2317 Sigeb.

2094 2338 2183 2408 ‘1)
2218 2339 2310 2393 El.
2362 2335 2517 2408 (alia
2544 2336 2748 2408 maeer
2799 2333 2857 2408 et
2900 2337 2933 2387 2
2980 2332 3253 2408 adimat:
3288 2329 3610 2387 Gisilherus

2168 2402 2276 2462 Ilm3
2307 2402 2526 2476 Magad.
2570 2402 3046 2475 archiepiscopus
3083 2402 3251 2459 obiit.

2026 2503 2076 2553 ὅ.
2113 2500 2181 2553 Α.
2213 2500 2275 2552 D.
2324 2501 2457 2552 10035
2486 2498 2536 2550 ¹.

2096 2590 2118 2610 ‘
2150 2588 2212 2640 D.
2246 2587 2305 2641 E.
2341 2585 2610 2641 addunt:
2639 2582 2981 2654 Helpericus
3004 2612 3071 2622 —
3092 2579 3344 2651 compoti
3371 2578 3614 2651 scripsit

2168 2671 2243 2712 ea:
2264 2655 2480 2726 Sigeb.

2029 2749 2080 2800 6.
2126 2746 2189 2800 Α.
2245 2746 2307 2798 D.
2358 2740 2510 2797 1006.
2546 2744 2566 2765 "
2598 2740 2984 2812 Epyscopium
3027 2739 3366 2807 Babenberg
3407 2752 3437 2792 a
3477 2751 3614 2807 rege

1961 2832 2230 2889 Heinrieo
2255 2829 2658 2898 constituitur,
2692 2833 2749 2883 et
2780 2826 3155 2883 Eberhardus
3187 2826 3265 2879 ibi
3296 2825 3610 2897 episcopus

1964 2921 2284 2995 preﬁcitur.

2102 3011 2126 3033 θ
2152 3012 2214 3065 Ι).
2267 3011 2327 3064 Ε.
2363 3006 2638 3065 addunt:
2676 3004 3046 3062 Burchardus
3095 3000 3400 3058 ordinatur
3451 3002 3613 3056 Wor-

2178 3081 2369 3136 matiae
2410 3078 2744 3148 episcopus,
2787 3075 2883 3146 qui
2916 3106 2983 3115 --
3013 3073 3377 3143 defloratum,
3411 3086 3486 3128 ea;
3514 3072 3616 3128 Si-

2177 3151 2298 3219 geb.
2332 3164 2388 3206 α.
2426 3152 2583 3204 1008.

2034 3246 2085 3296 7.
2123 3243 2185 3297 Α.
2230 3241 2290 3293 D.
2336 3242 2470 3293 1007
2511 3239 2550 3289 *.

2105 3331 2126 3351 '
2167 3330 2229 3382 D.
2283 3328 2342 3381 E.
2396 3324 2631 3382 addunt
2661 3342 2673 3380 :
2708 3321 2973 3393 Eclypsis
3002 3318 3092 3353 “‘1
3130 3352 3179 3359 ου
3220 3318 3495 3388 secunda,
3547 3331 3623 3375 ea:

2175 3397 2379 3469 Sigeb.
2405 3410 2460 3452 α.
2490 3400 2646 3451 1009.

2036 3490 2087 3542 8.
2125 3488 2188 3542 Α.
2225 3487 2286 3540 D.
2325 3489 2479 3541 1008.
2535 3485 2708 3551 Brun,
2761 3480 3072 3553 episcopus
3119 3492 3192 3535 ex
3245 3477 3548 3544 monacho,
3592 3474 3631 3531 a'

1970 3575 2173 3631 Prucis
2206 3572 2403 3629 multis
2436 3570 2741 3643 suppliciis
2774 3570 3046 3638 amictus,
3080 3573 3139 3624 et
3173 3566 3441 3623 manibus
3472 3565 3629 3637 pedi-

1972 3662 2195 3733 busque
2247 3660 2515 3728 abscisis,
2576 3662 2869 3728 postremo
2918 3656 3111 3726 capite
3162 3655 3386 3725 plexus,
3439 3653 3626 3709 caelos

1973 3751 2160 3824 petiit.
2185 3781 2253 3789 ——
2276 3746 2649 3804 Eberhardus
2679 3747 2699 3768 *
2729 3744 3042 3815 cpiscopus
3072 3742 3399 3798 ordinatur.

2112 3840 2133 3862 *
2160 3840 2220 3893 E.
2254 3853 2305 3891 e.
2331 3852 2382 3891 ο.
2416 3834 2632 3891 desunt
2648 3835 2709 3888 D.
2745 3833 2804 3887 E.

2044 3931 2133 3983 10.
2171 3928 2234 3980 A.
2270 3926 2332 3978 D.
2369 3927 2508 3978 1010
2540 3923 2589 3976 *.

2114 4017 2133 4038 ‘
2164 4015 2226 4067 D.
2262 4013 2323 4066 E.
2366 4010 2589 4066 addunt
2619 4027 2630 4061 :
2661 4004 3052 4063 Theodericus
3098 4002 3468 4074 Mettensium
3511 4001 3633 4074 epi-

2191 4098 2424 4153 scopus,
2471 4081 2668 4135 dotem
2700 4083 2758 4133 et
2795 4075 3204 4153 patrimonium
3236 4073 3452 4153 reginae
3486 4073 3635 4153 Chu-

2189 4144 2484 4223 nigundis,
2530 4166 2658 4221 quae
2701 4144 2875 4223 soror
2903 4152 3029 4223 erat
3059 4161 3198 4223 sua,_
3218 4144 3501 4223 :ecclesiae
3531 4146 3634 4223 Ba-

2193 4216 2579 4293 be'nberge'ns'i
2615 4236 2644 4276 a
2677 4235 2815 4291 rege
2846 4217 3126 4289 delegari,
3166 4216 3393 4288 dolens,
3426 4220 3633 4274 contra

2192 4296 2382 4367 ipsum
2415 4293 2684 4349 rebellat.

2053 4392 2137 4444 11.
2173 4386 2236 4441 A.
2272 4386 2334 4439 D.
2372 4386 2503 4438 1011
2551 4382 2599 4438 *.

2123 4477 2146 4499 *
2165 4475 2227 4528 D.
2251 4474 2309 4527 E.
2335 4477 2364 4527 5
2386 4501 2455 4510 —
2476 4475 2529 4525 11
2558 4467 2821 4526 addunt:
2848 4466 3153 4524 Heinricus
3176 4480 3279 4522 rex
3301 4462 3520 4519 Mettim
3548 4460 3639 4495 1⁸³³

2198 4545 2399 4600 urbem
2431 4541 2682 4609 obsidet,
2716 4538 2900 4594 donec
2934 4539 3223 4609 mediante
3252 4534 3507 4609 justicia_
3526 4546 3639 4609 pa_x

2200 4616 2352 4670 inter
2382 4629 2481 4669 eos
2515 4604 2803 4680 convenit,
2842 4610 2923 4680 cf.
2955 4608 3164 4680 Sigea.
3194 4604 3440 4680 (ιζ-1000.
3475 4604 3535 4658 Ι).
3573 4604 3634 4680 E.

2187 4685 2485 4757 pergunt;
2514 4685 2669 4737 Inter
2710 4673 2930 4757 milites
2967 4673 3225 4757 Baldrici
3269 4673 3641 4757 Leodicgnsis

2199 4743 2462 4827 episcopi
2501 4768 2570 4808 eo
2609 4754 2885 4827 presente
2927 4752 2983 4803 et
3026 4746 3395 4827 {minimum}!
3426 4743 3517 4777 1⁸⁵³
3546 4759 3643 4827 eo-

2201 4815 2854 4882 mitem'Lovaiiienscm
2904 4820 3058 4889 apud
3109 4818 3303 4873 villam
3353 4815 3645 4889 Hugardis

2202 4897 2413 4954 dictam
2450 4893 2651 4966 praelio
2675 4887 2978 4966 conserto,
3024 4890 3338 4960 episcopus
3376 4921 3433 4928 —
3467 4887 3646 4941 infor-

2201 4968 2384 5039 tunio,
2416 4963 2490 5024 ea:
2514 4963 2719 5037 Sigeb.
2751 4975 2806 5020 α.
2845 4965 3001 5041 1013.

1594 5096 1834 5151 VARLE
1866 5092 2269 5154 LECTIONES.

300 5233 393 5269 ¹⁸⁴⁸
421 5248 468 5290 s.
505 5247 647 5291 usus
674 5230 735 5287 E.
814 5227 905 5263 “‘7
933 5229 1004 5286 in
1030 5222 1386 5295 margine}
1468 5218 1558 5253 “‘3
1588 5234 1719 5276 eum
1752 5224 1805 5295 1.
1883 5223 1933 5274 δ.
1968 5232 2136 5295 φανέν.-
2158 5230 2291 5295 eam
2324 5211 2582 5295 1011.01?“
2612 5210 3009 5295 (136811041.
3090 5207 3181 5242 “'0
3222 5206 3457 5277 longum
3497 5207 3645 5263 tem-

225 5322 341 5382 pus
372 5309 461 5363 10.
496 5306 583 5361 11.
663 5299 752 5337 1‘“
779 5298 1065 5372 Eelypsis
1093 5297 1191 5353 D1.

1278 5291 1370 5327 ί⁴⁶²
1399 5296 1747 5350 mettensem
1780 5294 1832 5346 δ.
1867 5292 2086 5347 metum
2114 5290 2201 5345 10.
2235 5288 2319 5343 11.
2399 5282 2489 5319 “‘3
2521 5284 2871 5357 lampertum
2899 5281 2996 5339 Ε1.

1828 5412 2054 5471 NOTAE.

300 5553 456 5625 (237)
480 5550 572 5625 Cf.
609 5541 1242 5625 Vitamlleinricivol.
1279 5540 1349 5625 ly
1380 5538 1619 5625 editam,
1654 5536 1823 5625 cujus

233 5609 450 5686 auctor
476 5624 605 5681 haac
632 5617 970 5692 exscripsit,
1007 5615 1110 5675 sed
1133 5612 1354 5674 chartis
1374 5610 1621 5685 aliisque
1645 5609 1823 5669 docu-

1968 5534 2179 5594 mentis
2219 5530 2560 5590 illustravit.

2040 5607 2190 5686 (238)
2221 5604 2258 5662 i.
2292 5619 2342 5664 e.
2377 5601 2562 5662 sancti
2592 5600 2907 5666 Michaelis.
