3962 6310
996 330 1434 396 CHRONIC.~\.
1476 365 1547 372 α
1579 317 2055 387 CHRONICON
2103 324 2659 391 UNIVERSALE.
3421 328 3537 391 934

1805 457 1862 516 Α
1894 458 2123 514 omnino
2148 459 2460 529 abdicavit,
2488 476 2665 531 seque
2690 461 2743 515 in
2766 463 2942 517 Deum
2973 465 3030 516 et
3065 462 3118 516 in
3154 467 3387 520 sanctos
3408 464 3537 533 ejus

1890 552 1946 601 et
1984 548 2036 602 in
2073 550 2309 604 fratrem
2369 565 2535 605 suum
2589 565 2887 619 peccasse,
2918 548 3099 605 libera
3134 550 3365 604 tandem
3397 567 3537 607 voce

1892 635 2291 707 proclamavit.
2330 638 2418 693 Sic
2451 638 2645 708 itaque
2671 638 2860 693 divina
2887 638 3075 707 pietas
3102 653 3202 708 per
3236 639 3441 694 merita
3466 640 3543 695 fa-

1891 726 2027 779 muli
2062 726 2170 793 sui,
2208 741 2278 780 ne
2332 741 2453 796 spe,
2491 740 2658 795 quam
2694 727 2747 781 in
2800 742 2861 780 se
2897 727 3107 797 posuit,
3143 727 3537 797 fraudaretur,

1889 815 2077 870 omnia
2093 815 2250 869 illius
2282 829 2473 886 prava)
2506 815 2959 885 conspirationis
2980 816 3435 870 machinamenta
3454 829 3542 870 re-

1892 904 2323 975 pressit,idque
2356 903 2508 974 quod
2542 905 2613 959 ab
2644 918 2711 959 eo
2744 906 2886 959 bene
2920 908 3175 974 emptum
3207 909 3297 959 est
3332 904 3542 960 confir-

1893 994 2120 1055 mando.
2140 1008 2366 1064 semper
2393 993 2600 1047 exinde
2616 993 2686 1046 ad
2721 993 2955 1047 meliora
3001 993 3411 1063 provexit*.—
3444 994 3540 1049 Se-

1892 1081 2082 1137 cundo
2107 1082 2284 1149 igitur
2315 1080 2477 1149 regni
2510 1081 2593 1136 sui
2625 1096 2773 1135 anno
2806 1080 3184 1136 Chuonradus
3213 1096 3315 1135 rex
3352 1080 3531 1137 filium

1894 1186 2059 1225 suum
2095 1171 2423 1223 lIeinricum
2458 1185 2650 1236 regem
2688 1169 2841 1237 fecit,
2876 1174 2935 1222 et
2981 1169 3106 1239 ipse
3138 1169 3376 1223 Romam
3408 1183 3538 1240 per-

1894 1273 2053 1327 gens,
2082 1258 2435 1329 imperialem
2472 1258 2935 1313 benedictionem
2961 1257 3206 1326 accepit.
3247 1259 3386 1312 Post
3414 1257 3537 1313 haec

1896 1347 2107 1415 Knuth,
2134 1347 2289 1415 regis
2310 1349 2615 1413 Danorum,
2652 1346 2844 1415 tiliam,
2864 1346 3090 1401 nomine
3116 1345 3539 1416 Cunigundam,

96 338 230 401 933

100 473 269 530 Anni
301 471 396 506 1⁸⁵⁸
430 467 755 528 Chuonardi
787 469 863 525 II.

179 601 363 654 Anno
380 597 694 654 Dominicm
721 594 1140 650 incarnationis
1186 596 1338 653 10-25,
1366 591 1436 645 ab
1464 589 1614 645 Urbe
1643 602 1778 643 con-

98 686 235 741 dita
278 690 438 753 1776,
474 682 875 740 Chuonradus.
924 698 993 736 ex
1028 680 1185 747 regni
1224 678 1578 751 primoribus
1609 691 1773 744 unus,

98 774 217 829 sed
258 788 445 844 regno
478 778 644 830 antea
679 787 785 842 per
814 770 1251 826 rebellationem
1285 769 1589 835 adversus,
1628 764 1779 837 prin-

102 864 363 935 cipibus
392 880 496 935 pro
538 864 664 932 ejus
710 860 993 917 electione
1043 858 1491 926 dissidentibus,
1526 856 1779 910 Aribone

102 969 131 1007 a
145 957 322 1008 utem
347 952 676 1021 Mogontino
691 950 1133 1019 archiepiscopo
1147 954 1204 1002 et
1220 946 1553 1001 Eberhardo
1572 947 1641 999 Ba
1654 945 1783 998 ben-

104 1040 400 1110 bergensi
428 1038 661 1111 presule
682 1038 794 1094 sibi
818 1036 1163 1103 faventibus,
1182 1032 1392 1107 8:30:30
1415 1034 1544 1091 loco
1574 1033 1643 1088 ab
1678 1037 1782 1090 Au-

100 1137 316 1199 gusto,
357 1145 599 1199 regnum
648 1127 936 1197 suscepit,
971 1130 1027 1181 et
1060 1126 1223 1180 annis
1262 1130 1318 1179 1:3
1350 1126 1641 1193 regnavit.
1683 1127 1783 1182 Su-

105 1218 408 1274 blimatus
466 1224 656 1274 autem
692 1218 746 1271 in
798 1216 956 1286 regni
1000 1213 1158 1281 sede,
1215 1214 1462 1270 consilio
1499 1216 1783 1271 Brunonis

103 1308 391 1379 epis00pi
425 1306 833 1376 Augustensis,
866 1304 1065 1359 fratris
1096 1303 1348 1358 Ileinrici
1385 1304 1778 1374 imperatoris,

109 1397 215 1467 qui
244 1411 502 1468 semper,
530 1402 585 1451 ut
615 1409 787 1466 supra
813 1393 1027 1449 dictum
1054 1396 1165 1462 est,
1205 1392 1469 1447 felicibus
1494 1393 1619 1461 ejus
1644 1393 1782 1447 invi-

109 1486 301 1541 debat
329 1486 581 1553 actibus,
608 1484 1147 1549 Babenbergenscm
1174 1487 1588 1552 epysmpatum
1612 1481 1785 1536 medi—

112 1575 368 1630 tabatur
387 1575 716 1642 destruere,
735 1572 865 1642 quia
885 1571 1033 1626 idem
1062 1572 1211 1626 Brun
1236 1570 1548 1640 episcopus
1570 1570 1783 1641 promi-

112 1664 191 1716 sit
223 1664 449 1731 reginze
479 1661 705 1727 Giselze,
732 1659 919 1717 omnia
943 1659 1142 1729 predia
1179 1658 1677 1727 hereditariojure
1708 1658 1777 1713 ad

112 1766 178 1807 se
213 1751 578 1822 pertinentia
605 1750 722 1804 tilio
750 1749 877 1818 ejus
899 1748 1167 1802 Heinrico
1189 1747 1555 1802 contradere.
1595 1747 1779 1803 Locus

112 1841 312 1908 igitur
329 1844 385 1894 et
414 1844 644 1909 tempus
665 1837 975 1894 conventui
1002 1836 1304 1903 statuitur,
1332 1836 1428 1889 ubi
1455 1838 1573 1892 lizec
1601 1851 1693 1891 res
1709 1834 1779 1890 ad

111 1932 357 1984 certum
392 1927 765 1999 perducatur.
801 1928 981 1981 Nocte
1014 1940 1173 1993 vero,
1209 1940 1335 1994 qum
1367 1925 1515 1979 diem
1554 1939 1780 1995 preces-

114 2020 292 2072 serat
325 2016 381 2071 in
405 2031 511 2085 qua
534 2016 657 2071 haec
688 2014 1019 2070 ventilanda
1046 2019 1229 2081 erant,
1259 2013 1631 2071 Eberhardus
1662 2014 1780 2085 epi-

113 2119 346 2174 scopus
378 2103 448 2159 ad
489 2103 806 2159 tentorium
837 2102 1086 2172 predicti
1113 2102 1394 2157 Brunonis
1414 2102 1562 2157 clam
1595 2117 1784 2159 acces-

116 2193 225 2259 sit,
263 2192 539 2262 lectoque
589 2191 715 2261 ejus
770 2191 1055 2260 assidens,
1092 2190 1270 2246 multa
1322 2205 1496 2261 super
1526 2192 1631 2247 hac
1667 2208 1782 2249 mo-

114 2282 344 2350 nendo,
380 2280 766 2351 obsecrando,
798 2279 1130 2335 memoriam
1165 2279 1363 2335 fratris
1394 2280 1583 2336 animo
1609 2281 1784 2337 incul-

115 2370 340 2440 cando,
393 2386 520 2425 cum
572 2368 772 2425 eodem
831 2368 1119 2424 sollicitus
1174 2369 1292 2437 egit
1373 2369 1478 2433 Qui
1515 2370 1609 2425 ubi
1665 2370 1778 2439 jam

120 2457 314 2513 multa
336 2458 526 2513 noctis
543 2458 683 2514 hora
699 2461 995 2512 transacta
1011 2462 1355 2527 recesserat,
1372 2462 1428 2512 et
1444 2459 1781 2529 episcopum

120 2563 232 2617 pro
258 2547 478 2603 auditis
502 2546 879 2602 sollicitatum
919 2562 1155 2602 somnus
1186 2548 1590 2617 olip--csserat,
1620 2548 1784 2604 visus

122 2641 220 2691 est
245 2637 301 2690 ei
338 2637 516 2690 frater
540 2650 682 2691 suus
703 2636 1019 2705 imperator
1044 2636 1349 2691 IIeinricus
1370 2634 1525 2691 lecto
1560 2651 1664 2691 suo
1694 2651 1784 2692 as-

126 2729 316 2791 stare,
346 2723 663 2792 faciemque
702 2738 863 2777 suam
887 2723 1060 2776 barba
1084 2737 1154 2776 ex
1187 2737 1297 2777 una
1326 2726 1493 2793 parte
1526 2722 1780 2793 depilata

123 2817 429 2883 turpatam
483 2801 802 2882 objectare.
841 2812 939 2867 Cui
999 2827 1176 2882 super
1206 2811 1311 2867 hac
1346 2826 1407 2866 re
1459 2812 1695 2883 stupido
1725 2818 1783 2868 et

127 2901 488 2968 ammiranti,
540 2915 604 2955 ac
655 2900 784 2969 quis
814 2905 931 2955 tam
981 2902 1322 2956 temerarios
1353 2916 1529 2956 ausus
1563 2902 1619 2956 in
1653 2916 1782 2957 eum

128 2995 497 3061 presumeret
516 2989 931 3057 interroganti:
956 2990 1059 3057 Tu,
1087 2990 1186 3059 ait,
1204 2989 1325 3045 [nec
1323 2990 1558 3061 fecisti,
1575 2989 1683 3060 qui
1694 3004 1785 3046 me

128 3078 434 3136 etsancios
466 3079 598 3145 Dei,
624 3077 1001 3148 quosrebusa
1036 3080 1155 3134 Deo
1178 3078 1363 3135 michi
1378 3080 1665 3135 concessis
1688 3080 1785 3136 do-

130 3170 277 3237 taoi,
296 3167 628 3239 despoliare
639 3167 1006 3237 disposuisti.
1029 3168 1323 3237 C’a-rejarv
1351 3170 1783 3240 ulteriussupcr
1814 3161 1864 3225 Ο

130 3256 608 3325 hactemeriiaie,
633 3269 705 3311 ne
738 3257 971 3326 incepta
1005 3257 1369 3326 lziasmagzia
1398 3258 1777 3329 infelicitate.

132 3346 217 3401 Ad
243 3345 364 3400 haec
388 3343 488 3399 ille
518 3345 983 3415 expergefactus,
1020 3346 1171 3400 aede
1206 3346 1547 3402 visionenon
1580 3361 1783 3417 parum

132 3434 510 3506 perterritus,
535 3434 921 3489 membrorum
938 3449 1169 3504 quoque
1187 3435 1432 3491 horrore
1447 3450 1513 3490 ac
1532 3440 1784 3491 tremore

132 3538 247 3580 non
268 3522 479 3578 leniter
500 3526 590 3578 est
622 3527 898 3579 attactus.
934 3524 1093 3579 Mane
1117 3530 1308 3579 autem
1338 3526 1506 3594 facto,
1532 3540 1665 3581 cum
1686 3526 1784 3582 diu

133 3617 517 3684 exspectatus
549 3612 620 3667 ad
654 3619 1002 3668 conventum
1036 3628 1339 3683 procerum
1375 3630 1485 3670 non
1536 3616 1783 3686 veniret,

136 3700 592 3772 reginaprofilio
620 3700 894 3771 sollicita,
929 3702 1366 3758 nunciismissis
1381 3703 1591 3759 obnixe
1624 3719 1789 3775 roga-

134 3790 244 3860 vit,
271 3794 334 3846 ut
355 3789 672 3846 adveniens
686 3790 967 3860 promissa
1001 3792 1329 3861 perficeret.
1354 3791 1455 3847 Ille
1477 3808 1619 3848 vero
1643 3793 1790 3849 amr-

140 3880 355 3948 mabat,
381 3892 442 3934 se
464 3882 625 3934 tanta
660 3878 995 3933 infirmitate
1018 3880 1269 3949 gravari,
1308 3888 1368 3935 ut
1402 3896 1502 3937 nec
1534 3882 1605 3936 de
1638 3881 1790 3938 lecto

138 3982 383 4037 surgere
413 3982 516 4023 nec
547 3968 754 4038 pedem
790 3971 988 4038 posset
1014 3983 1303 4038 quoquam
1341 3985 1591 4027 movere.
1628 3972 1792 4029 Cum-

139 4071 251 4128 que
283 4061 613 4127 rogaretur,
648 4061 712 4113 ut
744 4071 804 4112 se
836 4056 892 4111 in
926 4056 1078 4112 lecto
1112 4058 1180 4111 ad
1208 4064 1558 4115 conventum
1592 4062 1793 4132 depor-

140 4147 251 4203 tari
284 4150 611 4218 pateretur,
647 4160 759 4216 quo
789 4145 881 4203 vel
930 4146 1013 4202 sic
1046 4149 1347 4217 promissio
1382 4151 1787 4223 perficeretur,

1895 1436 2013 1491 filio
2032 1452 2133 1491 suo
2154 1435 2475 1503 conjunxit,
2511 1450 2690 1505 seque
2722 1435 2792 1489 ad
2824 1435 2967 1489 bene
3000 1434 3283 1504 agendum
3317 1433 3542 1490 studio-

1894 1524 2016 1579 sius
2048 1524 2317 1578 accinxit.
2356 1525 2413 1576 In
2450 1523 2683 1593 proprio
2734 1523 2945 1593 quippe
2978 1521 3226 1577 castello
3259 1523 3541 1592 Lintburg

1894 1614 2070 1680 dicto,
2098 1614 2167 1667 ad
2213 1612 2357 1667 alios
2392 1628 2529 1667 usus
2564 1612 2853 1681 quondam
2885 1612 2992 1667 sibi
3025 1616 3214 1681 grato,
3248 1615 3541 1667 monaste-

1896 1703 2041 1757 rium
2074 1701 2421 1765 ronstruxit,
2470 1701 2921 1771 prediorumquc
2952 1701 3113 1770 copia
3147 1699 3289 1756 illud
3323 1700 3534 1769 ditans,

1810 1810 1864 1869 Β
1896 1793 2303 1846 monachorum
2332 1790 2845 1858 congregationem
2876 1789 3229 1845 subabbatis
3258 1789 3539 1860 provisio-

1895 1879 2460 1935 ncillucintroduxit
2496 1879 2665 1949 (240‘);
2712 1878 2983 1947 Spirense
3026 1892 3257 1947 quoque
3298 1891 3540 1948 epysco-

1894 1969 2049 2038 pium
2075 1970 2393 2039 provehere
2423 1972 2713 2032 statuens,
2732 1966 2833 2021 sed
2849 1966 3078 2021 vivendi
3096 1970 3246 2020 meta
3268 1980 3337 2021 eo
3356 1980 3542 2035 usque

1894 2074 2004 2113 non
2028 2058 2379 2129 pertingens,
2407 2057 2523 2111 lilio
2539 2072 2643 2110 suo
2660 2055 2927 2110 IIeinrico
2941 2069 3060 2110 suae
3073 2054 3246 2109 volun
3259 2058 3310 2108 ta
3323 2053 3393 2108 tis
3408 2053 3545 2109 effe-

1895 2154 2051 2204 ctum
2067 2147 2377 2215 commisit,
2405 2160 2572 2215 quem
2600 2145 2723 2214 ipse
2740 2144 3039 2212 magnifice
3056 2141 3365 2212 co:pit,sed
3382 2141 3539 2197 filius

1894 2238 2172 2306 ejusitem
2191 2234 2495 2290 IIeinricus
2528 2233 2997 2301 magnificentius
3022 2230 3287 2301 perfecit.

2036 2345 2156 2399 ‘E.
2210 2342 2449 2414 pergit:
2510 2341 2703 2395 Primo
2759 2340 2955 2409 itaque
3016 2339 3179 2407 regni
3240 2337 3328 2393 sui
3386 2352 3542 2393 anno

2110 2432 2490 2487 Chuonradus
2520 2444 2621 2485 rex
2652 2429 2705 2483 in
2732 2428 2969 2499 proprio
2992 2427 3238 2482 castello
3263 2426 3545 2496 Lintburg

2108 2554 2173 2561 -—
2202 2520 2469 2590 perfecit.
2517 2518 2811 2573 Dissensio
2859 2530 3061 2585 magna
3115 2516 3240 2586 ipso
3281 2520 3544 2585 tempore

2109 2614 2310 2665 contra
2346 2607 2750 2663 Chuonradum
2778 2606 2831 2660 in
2865 2620 3041 2674 regni
3071 2608 3115 2658 t.
3150 2620 3195 2659 s.
3233 2605 3287 2659 d.
3324 2620 3376 2659 c.
3420 2619 3467 2659 s.

1967 2725 2016 2774 1.
2056 2717 2221 2786 (Chr.
2272 2714 2586 2783 W.)Primo
2618 2713 2816 2782 itaque
2850 2711 3175 2767 Chuonradi
3204 2710 3359 2779 regis
3393 2724 3543 2765 anno

1897 2806 2184 2863 dissensio
2216 2818 2417 2873 magna
2466 2806 2669 2858 contra
2690 2815 2818 2857 eum
2845 2800 2897 2854 in
2924 2815 3102 2868 regno
3123 2798 3540 2867 tumultuatur,

1898 2896 1999 2953 sed
2032 2895 2314 2950 divinitus
2346 2892 2463 2947 cito
2495 2890 2754 2946 sedatur.

1966 3003 2192 3057 2.A.D.
2226 3001 2376 3054 1026.
2419 2995 2741 3063 lIeinricus,
2797 2992 3125 3049 Chuonradi
3158 2992 3315 3061 regis
3363 2990 3538 3061 filius,

1898 3090 2294 3151 rexeﬂlcitur;
2339 3084 2715 3143 Chuonradus
2738 3098 2872 3138 vero
2895 3084 3129 3137 Romam
3153 3079 3415 3148 tendens,
3444 3079 3543 3133 im-

1897 3180 2104 3253 periali
2139 3176 2545 3235 benedictione
2573 3172 2930 3244 provehitur.

1969 3293 2017 3343 3.
2055 3289 2114 3342 A.
2151 3288 2211 3341 D.
2252 3287 2403 3340 1027.
2472 3285 2622 3337 Brun
2678 3277 3066 3348 Augustensis
3123 3276 3435 3347 episcopus
3485 3280 3545 3330 ct

1898 3376 2117 3433 Welefo
2174 3389 2366 3430 eomes
2417 3372 2625 3444 predas
2678 3375 2734 3425 et
2769 3367 3035 3424 incendia
3091 3365 3244 3421 inter
3274 3380 3335 3421 se
3366 3363 3545 3420 conﬁ-

1897 3465 2082 3521 ciunt.

1972 3575 2019 3628 4.
2056 3574 2116 3626 Α.
2152 3572 2211 3624 D.
2250 3572 2403 3624 1028.
2456 3568 2661 3621 Ernest
2698 3564 2813 3618 dux
2850 3562 3295 3617 Alamannorum
3329 3563 3388 3614 et
3418 3561 3547 3613 We-

1900 3664 2015 3718 lcfo
2047 3674 2243 3717 comes
2301 3654 2647 3712 Chuonrado
2705 3651 3042 3723 imperatori
3084 3649 3155 3705 ad
3189 3648 3545 3705 deditionem

1900 3751 2160 3809 veniunt.

1975 3867 2023 3916 5.
2063 3862 2124 3913 Α.
2160 3859 2221 3910 D.
2256 3856 2403 3909 1029.
2428 3852 2580 3906 Brun
2615 3845 2999 3916 Augusteusis
3028 3844 3346 3915 episcopus
3366 3842 3545 3909 obiit,

1904 3950 1995 4008 cui
2031 3943 2404 4003 Eberhardus
2434 3937 2744 3995 successit.

1976 4061 2027 4112 6.
2065 4056 2127 4108 A.
2162 4052 2225 4105 1).
2254 4042 2809 4105 1030.Chuonradus
2849 4038 3546 4112 imperatorStephanum

1904 4149 2216 4203 Pannoniae
2241 4151 2436 4206 regem
2458 4149 2587 4191 cum
2607 4131 2873 4190 exercitu
2892 4129 3061 4202 petit.
3090 4129 3318 4184 Interea
3340 4126 3394 4181 in
3423 4124 3555 4189 Ala_

1493 4307 1729 4363 VARUE
1796 4299 2196 4363 LECTIONES.

210 4401 302 4437 “‘9
332 4400 547 4459 desunt
581 4408 624 4457 1.
659 4402 718 4457 D.
906 4400 998 4435 “6°
1028 4401 1342 4461 LXXVIII].
1378 4406 1448 4459 D.
1487 4406 1556 4462 E.

1732 4473 1936 4532 ΝΟΤᾸΞ
1949 4517 1963 4531 .

142 4549 174 4601 6
203 4578 271 4586 —
297 4550 356 4602 9°
380 4549 733 4615 receperunt
770 4564 780 4597 :

924 4641 1297 4717 .Sjaxoriicum
1324 4644 1571 4717 stemma
1600 4644 1833 4717 con/ert
1849 4646 1937 4717 (a)
1972 4635 2356 4717 Otionicafb)
2391 4644 2583 4717 regna
2614 4631 2714 4701 (ο),

931 4713 1111 4785 Tenet
1135 4716 1419 4785 augustos
1449 4716 1674 4785 calam,
1692 4706 1871 4773 'marc
1901 4706 2181 4785 terraque
2210 4706 2485 4766 chrisios.

1039 4783 1314 4857 Undique
1345 4786 1599 4844 nobilior
1625 4783 2024 4846 Heinrieiarie
2053 4783 2241 4841 decor.

213 4890 270 4946 In
299 4891 419 4947 Ε1.
464 4901 645 4959 super
676 4891 981 4945 stemmate
1015 4891 1237 4962 primus
1272 4892 1486 4963 legitur
1518 4908 1743 4952 versus.
1780 4924 1844 4933 —
1874 4893 2032 4949 Idem
2066 4887 2163 4960 qui
2195 4889 2435 4942 stemma
2461 4874 2801 4932 Karolorum
2827 4865 3154 4940 przemittit,
3188 4862 3435 4919 tercium
3456 4862 3554 4919 ad-

148 4980 231 5037 dit
260 4979 375 5036 hoc
414 4998 426 5032 :

1507 5052 1861 5111 Counradus
1888 5047 2216 5122 imperator

1501 5143 1543 5211 1-
1571 5141 1899 5199 Ηείτινὶσαε
1926 5134 2253 5210 imperator

1502 5237 1830 5296 Heim~icus
1856 5232 2203 5307 imperator.

624 5348 976 5410 C’ounradus
998 5364 1127 5408 rex.
1241 5349 1568 5409 Heinrieus
1596 5363 1725 5410 res.

215 5468 372 5539 (240)
405 5464 489 5520 Cf.
526 5463 778 5536 diploma
812 5466 868 5522 in
899 5466 1063 5523 Actis
1083 5465 1259 5540 palat.
1292 5466 1383 5536 VI,
1416 5481 1474 5537 p.
1509 5468 1638 5523 274.

217 5588 308 5657 (a)
336 5581 612 5657 conferat
638 5582 688 5657 8.
723 5586 806 5641 9°.
842 5598 997 5643 corr.
1038 5585 1271 5642 confert
1297 5587 1359 5639 7.
1398 5586 1478 5639 9⁸.

220 5588 284 5657 (a
336 5588 612 5639 conferat
638 5588 688 5638 8.

220 5588 308 5731 (ιζ
336 5651 604 5711 attonica
635 5656 689 5710 8.

1908 5350 1950 5418 1-
1979 5342 2261 5407 Adetiieit
2282 5350 2436 5399 amor
2466 5329 2745 5407 ΜαροΜὶ
2758 5324 3146 5388 marcliionts.

1915 5577 1989 5650 (c)
2021 5574 2225 5648 regina
2252 5583 2428 5640 corr.,
2462 5562 2785 5624 utoidei’ur
2814 5572 2993 5632 regna
3027 5560 3087 5613 9°
