3962 6332
37 359 179 418 941

970 355 1408 417 CHHUNICA.
1444 389 1519 400 -
1550 354 2026 417 CHHONICON
2073 357 2623 421 UNIVERSALE.

3375 367 3491 426 H42

36 507 336 564 Heinrici
393 504 766 578 Imperatoris
796 504 969 574 filius,
1011 505 1320 562 admodum
1381 519 1543 575 puer,
1580 505 1733 576 patri
1765 494 1819 552 Α
1851 506 1960 562 dus
1981 520 2194 576 genere
2222 511 2447 566 Suevus
2468 524 2496 564 a
2518 509 2803 566 militibus
2828 511 3346 579 regisinterticitur
3368 520 3488 582 (an.

35 595 408 652 succedens
456 608 699 663 regnare
731 593 910 665 ccepit
943 595 992 618 ἀ
1019 612 1034 659 ;
1066 598 1124 649 et
1158 593 1388 664 quando
1444 593 1564 649 haec
1605 608 1738 649 con-

34 683 324 756 scriptio
351 683 500 739 facta
528 688 642 751 est,
665 696 812 738 anno
836 684 903 736 42
935 681 1024 715 ¹⁴τ⁶
1045 683 1115 706 ·“”
1155 682 1441 752 regnavit,
1475 685 1570 736 87°
1611 680 1738 736 loco

39 773 129 828 ab
164 775 471 842 Augusto.
501 769 756 838 —(C’ltr.
797 770 920 840 ιγ.)
949 772 1135 839 Agnes
1171 771 1529 841 imperatrix,
1558 774 1740 824 mater

43 861 292 932 ipsius,
318 861 598 916 ducatum
625 857 906 928 Bajoariae
933 858 1188 928 suscepit
1249 891 1317 897 -—
1341 857 1737 926 Gebehardus,

47 949 168 1019 qui
243 952 303 1005 et
337 948 558 1018 Victor,
614 947 876 1018 pontifex
911 949 1218 1015 Romanus,
1256 945 1452 1001 multis
1509 947 1652 1000 bene
1687 945 1741 1000 in

50 1037 395 1094 Germania
409 1036 659 1105 aliisque
679 1035 838 1103 regni
857 1035 1094 1090 Romani
1121 1034 1384 1104 partibus
1405 1034 1742 1104 pontificum

49 1126 159 1180 vel
207 1125 546 1197 principum
602 1121 954 1179 sccularium
1003 1122 1246 1178 consilio
1279 1122 1607 1192 dispositis,
1643 1122 1746 1175 Ro-

51 1229 233 1270 mam
263 1227 397 1270 cum
419 1225 562 1283 pace
595 1211 790 1280 rediit,
822 1210 1134 1280 incipiente
1159 1211 1290 1264 anni
1315 1209 1474 1266 illius
1499 1211 1745 1280 quadra-

50 1301 331 1370 gesima.
368 1300 470 1356 Hic
519 1299 698 1355 etiam
757 1299 957 1355 eodem
989 1313 1138 1353 anno
1173 1298 1358 1352 finivit
1392 1298 1604 1364 vitam;
1639 1312 1744 1370 pro

46 1407 192 1462 quo
256 1389 619 1457 Fridericus,
656 1386 933 1443 Gotcfridi
966 1387 1131 1443 ducis
1170 1387 1374 1455 frater,
1405 1386 1521 1456 jam
1554 1401 1746 1443 mona-

45 1481 225 1536 chus
251 1479 468 1546 factus,
493 1492 523 1532 a
561 1477 836 1532 Romanis
869 1476 1123 1547 pontifex
1167 1475 1495 1545 ordinatur,
1531 1479 1586 1530 et
1624 1476 1747 1531 Ste~

53 1569 312 1640 phanus
327 1581 356 1622 a
371 1565 688 1638 ppellatur.
704 1597 773 1605 —
788 1567 1064 1628 Saxones,
1085 1568 1444 1633 congregato
1459 1565 1742 1636 exercitu,

51 1661 321 1725 gerith
371 1653 604 1710 efferam
656 1653 1034 1709 Luiticiorum
1069 1651 1159 1684 “7"
1194 1652 1490 1708 hostiliter
1523 1653 1746 1709 invase-

63 1750 245 1814 runt,
285 1743 653 1812 diversisque
697 1741 862 1798 malis
915 1755 1038 1796 eam
1092 1740 1439 1810 amigentes,
1473 1741 1745 1800 Romame

57 1834 301 1890 ditioni
329 1831 740 1913 subdiderunt,
761 1835 820 1884 et
855 1829 1116 1901 acceptis
1145 1829 1451 1885 obsidibus
1473 1845 1539 1885 ac
1561 1831 1747 1887 tribu-
1775 1848 1830 1910 Β

57 1925 182 1992 tis,
202 1923 279 1978 ad
300 1921 542 1993 prepria
561 1921 888 1976 redierunt.
913 1951 982 1959 —
1007 1919 1217 1974 Eodem
1241 1920 1744 1990 temporequidam

61 2012 429 2068 Fridericus
461 2016 520 2064 et
555 2010 771 2065 fratres
799 2008 923 2077 ejus
956 2008 1009 2063 in
1039 2008 1358 2064 Germaniae
1383 2009 1649 2078 partibus
1675 2014 1754 2080 ty,

58 2100 374 2156 ranniden
408 2102 758 2154 exercentes
787 2100 998 2153 contra
1063 2097 1366 2168 imperium
1415 2099 1750 2181 Romanum,

70 2194 156 2246 ab
184 2192 418 2259 Agncte
445 2187 818 2259 imperatrice
842 2191 900 2241 et
921 2185 1286 2258 principibus
1306 2186 1468 2256 regni
1491 2186 1656 2255 victi,
1682 2188 1753 2243 ad

73 2279 456 2334 deditionem
481 2280 788 2332 venerunt.
816 2308 883 2315 —
913 2275 1050 2331 Otto
1074 2275 1145 2330 de
1169 2275 1464 2332 Suint‘urtc
1489 2275 1605 2330 dux
1627 2277 1759 2332 Sue’

74 2383 301 2425 vorum
339 2369 370 2420 4
404 2364 647 2421 Kalend.
705 2365 948 2420 Octobr.
1013 2364 1180 2433 obiit,
1213 2369 1272 2420 et
1330 2363 1652 2420 Ruodolfus
1685 2365 1756 2420 de

78 2453 449 2521 Rinveldon,
473 2453 568 2522 qui
605 2457 806 2522 postea
835 2468 938 2508 rex
958 2454 1057 2477 ““
1077 2467 1207 2509 esse
1247 2451 1570 2523 contendit,
1592 2453 1763 2530 duca.

74 2551 219 2600 tum
254 2537 522 2614 accepit;
548 2541 700 2612 quod
724 2555 992 2611 magnum
1031 2541 1134 2597 fuit
1162 2539 1251 2574 “7°
1276 2541 1648 2597 seminarium
1669 2557 1763 2602 ea-

79 2649 223 2690 rum
262 2631 484 2702 quibus
539 2644 776 2699 regnum
832 2630 1218 2700 perturbatur
1273 2631 1753 2687 commotionum.

79 2721 364 2777 Eundem
417 2733 669 2789 namque
723 2718 1020 2788 ducatum,
1069 2718 1298 2774 vivente
1327 2718 1518 2774 adhuc
1549 2719 1762 2776 Ottone

74 2814 268 2882 duce,
300 2808 610 2865 Heinricus
655 2807 979 2880 imperator
1013 2807 1329 2863 Bcrhtoldo
1363 2807 1558 2864 comiti
1589 2807 1762 2880 (242),

77 2902 188 2973 qui
219 2905 360 2972 post
381 2897 816 2954 Carinthiorum
835 2897 1062 2970 accepit
1081 2895 1376 2968 ducatuni,
1394 2897 1763 2978 promiserat,

75 2993 270 3061 eique
285 2986 524 3044 anulum
561 3002 731 3042 suum
765 2987 926 3043 velut
957 2986 1132 3056 linus
1159 2986 1238 3042 rei
1261 2986 1765 3043 commonitorium

79 3079 350 3135 dederat
369 3093 384 3144 ;
403 3091 572 3147 quem
589 3075 684 3131 ille
701 3075 1020 3146 diligenter
1040 3089 1299 3143 servans,
1319 3079 1447 3146 post
1466 3076 1766 3131 amborum

82 3169 354 3236 obitum,
414 3165 790 3238 imperatoris
822 3165 1054 3221 scilicet
1086 3170 1141 3218 et
1194 3163 1376 3232 ducis,
1410 3163 1766 3236 imperatrici

87 3255 320 3327 Agneti
353 3254 662 3326 imperium
710 3257 850 3309 tunc
886 3252 1225 3323 disponenti
1257 3251 1492 3321 obtulit,
1525 3267 1768 3323 eamque

89 3344 349 3402 anulum
369 3345 778 3414 agnoscentem
809 3356 910 3413 pro
940 3343 1154 3398 ducatu
1179 3341 1287 3396 sibi
1315 3341 1596 3412 promisso
1626 3356 1752 3396 com

93 3433 358 3491 monuit.
389 3433 496 3488 Sed
523 3431 656 3502 quia
677 3430 984 3502 predictus
1006 3429 1338 3486 Ruodulfus
1359 3444 1489 3484 mox
1513 3434 1646 3500 post
1673 3429 1773 3484 im-

93 3521 417 3597 peratoris
437 3521 660 3576 obitum
678 3519 853 3574 tiliam
876 3519 1020 3588 ejus,
1039 3517 1323 3574 Rumoldo
1339 3517 1772 3577 Constantiensi

93 3612 396 3686 episc0po
413 3606 878 3666 commendatam
893 3639 961 3646 —
982 3613 1176 3663 utrum
1192 3605 1437 3662 consilio
1454 3612 1678 3676 raptam
1703 3621 1773 3662 an

95 3699 248 3758 dolo
292 3697 635 3754 nescitur—--
658 3711 896 3752 uxorem
942 3695 1128 3754 duxit.
1170 3693 1538 3765 receptojam
1565 3695 1618 3749 in
1647 3707 1776 3764 gra'

95 3791 254 3846 tiam
281 3786 528 3843 eundem
557 3785 830 3841 ducatum
851 3782 944 3816 “7°
968 3783 1051 3838 illi
1073 3798 1251 3839 causa
1275 3783 1407 3839 filia)
1431 3782 1775 3854 imperatrix

99 3878 316 3942 dedit;
345 3873 498 3945 quod
533 3871 788 3929 animum
815 3870 1114 3928 Berhtoldi
1147 3887 1257 3927 non
1291 3887 1495 3942 parum
1528 3887 1778 3927 commo-

101 3969 217 4024 vit.
240 3967 355 4020 Pro
372 3963 887 4035 quacommotione
904 3960 1168 4016 lenienda
1185 3961 1434 4016 ducatus
1453 3961 1778 4016 Karinthio-

105 4071 250 4113 rum
287 4053 340 4108 ei
372 4050 765 4108 committitur
795 4050 918 4121 (an.
971 4053 1151 4121 1061),
1187 4063 1357 4119 quem
1409 4053 1609 4120 postea
1659 4048 1776 4102 filio

109 4160 230 4203 suo
247 4142 554 4213 aequivoco
585 4139 986 4211 ipsiusrogatu
1011 4154 1114 4194 rex
1135 4125 1440 4193 Heinricus
1453 4135 1776 4202 commisit;

107 4232 227 4294 sed
255 4229 626 4304 postmodum
643 4226 1004 4299 quorundam
1031 4226 1315 4282 instinctu
1336 4226 1583 4282 eundem
1607 4225 1780 4279 duca-

106 4329 247 4380 tum
276 4316 528 4375 Luitolfo
549 4316 641 4349 “9°
657 4315 1092 4385 consanguineo
1120 4329 1226 4370 suo
1249 4314 1430 4384 dedit,
1458 4313 1662 4383 sicque
1686 4326 1781 4384 pa-

107 4418 280 4468 trem
313 4413 371 4464 et
403 4411 602 4464 natum
635 4404 1088 4478 parvipendens,
1121 4403 1383 4459 offendit.
1421 4402 1580 4458 Unde
1613 4402 1778 4472 quasi

112 4499 412 4557 renovata
433 4497 629 4569 priore
659 4494 867 4565 injuria
891 4508 1020 4550 cum
1045 4491 1398 4548 Berhtcldus
1416 4491 1534 4547 dux
1558 4505 1782 4562 permo-

109 4589 370 4646 veretur
400 4585 590 4642 omnia
621 4583 1002 4640 consiliorum
1051 4581 1535 4651 machinamenta,
1573 4579 1783 4650 quibus

120 4676 280 4735 satis
310 4673 402 4708 ¹⁴⁸⁰
430 4674 709 4746 pollebat,
745 4673 815 4730 ad
848 4672 957 4728 hoc
986 4671 1274 4741 vertebat,
1312 4673 1375 4726 ut
1404 4670 1477 4726 ab
1509 4673 1781 4736 utroque,

123 4765 189 4822 id
215 4769 306 4822 est
331 4777 471 4834 rege
497 4766 555 4818 et
606 4761 910 4830 Ruodolfo,
937 4774 998 4816 se
1022 4759 1430 4829 ulcisceretur,
1456 4759 1528 4814 ab
1553 4759 1660 4813 hoc
1681 4755 1788 4812 sci-

123 4855 295 4924 licet,
334 4851 602 4924 quoniam
620 4865 648 4906 a
685 4851 903 4907 ducatu
932 4849 1041 4906 sibi
1060 4849 1346 4921 promisso
1368 4863 1431 4905 se
1454 4843 1790 4917 subplanta-

123 4944 237 5014 vit,
265 4943 338 4998 ab
360 4941 461 4998 illo
487 4955 626 4997 vero
651 4938 764 5010 1‘”,
791 4939 922 5010 quia
952 4953 1014 4994 se
1036 4943 1280 5009 accepto
1309 4936 1578 5008 privavit.
1601 4933 1790 4990 Multae

126 5032 376 5090 interim
393 5045 586 5088 causa)
623 5044 750 5100 quae
775 5026 1103 5084 inconsulte
1147 5031 1281 5082 tunc
1299 5025 1656 5094 gerebantur
1679 5022 1792 5079 sibi

127 5121 568 5182 concurrebant
608 5123 665 5175 et
692 5117 826 5175 huic
859 5114 1270 5172 machinationi
1295 5113 1635 5170 occasiones
1669 5126 1795 5184 pre-

129 5212 386 5270 bebant:
417 5209 556 5266 Otto
601 5209 716 5266 dux
750 5205 1146 5277 Bajoariorum
1171 5203 1471 5276 dejicitur;
1505 5201 1798 5259 Chuonra-

1854 595 2034 666 1070),
2059 600 2119 651 et
2143 598 2309 666 quasi
2338 612 2367 652 a
2394 612 2530 666 rege
2556 598 2775 668 jussum
2799 597 2894 666 sit,
2921 599 3028 669 ipsi
3051 599 3270 656 crimen
3295 601 3494 658 indici-

1857 686 1968 738 tur.
2004 684 2313 756 Conspirat
2359 684 2541 754 igitur
2571 686 2708 740 Otto
2741 685 2797 740 in
2830 685 3098 757 Saxonia,
3146 686 3494 745 Berhtoldus

1856 769 1908 826 in
1945 772 2182 836 Suevia;
2231 772 2374 828 fiunt
2407 777 2596 830 motus
2625 777 2680 830 et
2713 779 3038 830 conventus
3071 774 3402 846 utrobique,
3437 775 3493 832 in

1857 859 2067 929 quibus
2098 860 2229 916 odia
2265 860 2317 915 in
2343 875 2534 930 regem
2560 861 2923 918 suscitantur
2944 865 3000 917 et
3027 862 3254 920 invidias
3275 881 3290 928 ;
3315 862 3492 921 multa

1857 961 2086 1018 quoque
2111 948 2332 1004 interea
2378 949 2432 1004 in
2461 964 2638 1018 regno
2669 949 2914 1014 ﬁebant;
2940 966 3068 1020 quze
3099 957 3375 1022 utrosque
3399 967 3496 1023 po-

1857 1035 2026 1106 pulos
2048 1036 2227 1106 justis
2259 1040 2314 1091 et
2364 1037 2714 1093 necessariis
2747 1041 2810 1093 ut
2837 1037 3148 1094 videbatur
3175 1040 3389 1109 causis,
3427 1055 3494 1095 ne

1858 1124 1979 1192 regi
2020 1125 2390 1194 adhererent,
2436 1126 2811 1192 avertebant;
2857 1140 3040 1196 eoque
3064 1128 3185 1150 '““
3219 1145 3232 1192 ;
3269 1143 3362 1183 res
3394 1144 3496 1199 per

1859 1211 2029 1267 ducta
2073 1216 2183 1281 est,
2220 1216 2284 1268 ut
2327 1212 2652 1268 Ruodolfus
2685 1213 2738 1268 in
2794 1213 3260 1284 dampnationem
3293 1215 3381 1270 sui
3412 1231 3498 1272 re-

1857 1314 2029 1368 gnum
2057 1299 2359 1356 invaderet
2380 1299 2787 1370 dominumque
2806 1315 2972 1357 suum
2996 1317 3188 1370 regem
3209 1303 3499 1374 deponere

1858 1393 1954 1443 aut
1981 1387 2310 1443 interficere
2334 1393 2608 1459 quereret
2632 1388 2733 1456 (an
2749 1393 2925 1460 1076).
2945 1390 3054 1447 Sed
3079 1393 3201 1448 haec
3216 1405 3310 1448 res
3332 1406 3499 1463 quem

1857 1476 2125 1532 etl‘ectum
2155 1475 2415 1545 haberet,
2453 1492 2554 1532 nec
2581 1478 2832 1533 rusticos
2860 1477 3029 1534 latet.

1999 1558 2020 1579 ‘
2056 1557 2121 1610 C.
2161 1555 2648 1631 itailleinricus
2679 1563 2939 1626 quartus,
2976 1560 3223 1616 Heinrici
3260 1561 3503 1631 impera-

2071 1626 2220 1680 toris
2246 1625 2418 1693 tllius,
2445 1625 2748 1700 admodum
2787 1625 2947 1698 puer,
2987 1631 3132 1700 patri
3159 1625 3500 1700 succedens,

2073 1711 2316 1770 regnare
2337 1697 2514 1766 cepit,
2540 1702 2634 1752 87°
2662 1697 2795 1770 loco
2818 1701 2888 1753 ab
2915 1697 3195 1770 Augusto,
3221 1707 3276 1756 et
3303 1697 3506 1770 regna-

2072 1767 2154 1841 vit
2187 1767 2354 1821 annis
2375 1772 2463 1841 βυ.
2493 1769 2678 1841 Agnes
2704 1767 3065 1839 imperatrix,
3095 1767 3278 1827 mater
3301 1767 3501 1841 ipsius,

2074 1837 2646 1914 ducatuthajoarim
2667 1841 2945 1914 suscepit.
2967 1837 3196 1914 Victore
3220 1837 3365 1914 papa
3393 1837 3508 1914 me?

2074 1907 2292 1982 diante,
2345 1909 2711 1982 Baldewinus
2739 1915 2798 1964 et
2846 1907 3188 1968 'Gotefridus
3220 1907 3316 1968 'ad
3352 1911 3507 1982 regis

2073 1979 2318 2048 gratiam
2351 1979 2732 2048 reducuntur,
2766 1985 2825 2034 et
2847 1996 3046 2037 onmes
3083 1983 3365 2038 bellorum
3392 1979 3508 2040 uio-

2081 2055 2187 2123 tus
2206 2049 2485 2105 sedantur
2515 2051 2617 2120 (cf.
2639 2051 2887 2122 Sigea).
2919 2053 3248 2110 Fridericus
3275 2054 3507 2123 quidam

2077 2125 2131 2175 et
2168 2122 2776 2192 fratres—venerunt.
2803 2123 3097 2192 utsnpm.
3129 2125 3187 2178 in
3213 2122 3407 2180 Fresia
3446 2156 3508 2166 --

2075 2191 2784 2266 refrenantlir.ewSigeb.
2826 2191 3039 2249 Eodem
3068 2209 3216 2250 anno
3249 2195 3511 2266 prcfatus

2077 2261 2434 2336 apostolicus
2451 2263 2684 2336 Romam
2703 2278 2976 2320 reversus
2991 2280 3194 2336 presen
3207 2261 3318 2321 tem
3336 2265 3510 2336 vitam

2080 2332 2464 2406 finivit._0tto
2492 2333 2608 2387 dux
2638 2334 2952 2390 Suevorum
2977 2332 3142 2406 obiit,
3176 2344 3235 2392 et
3265 2335 3514 2392 Ruodol-

2081 2404 2190 2470 fus,
2219 2403 2316 2483 qui
2337 2409 2539 2474 poatea
2572 2417 2675 2460 rex
2703 2406 3064 2464 constitutus
3094 2403 3204 2477 est,
3239 2409 3512 2463 ducatum

2082 2480 2334 2529 acrcnit.

2004 2549 2056 2572 σο
2082 2489 2524 2622 ἓξίξίιίιῖχχχῐο
2576 2544 2690 2614 (ita
2714 2547 3233 2622 infractiamub.)
3266 2550 3414 2604 Loco
3444 2548 3516 2604 ab

1978 2690 2054 2712 Μ
2087 2618 2371 2742 ἐιὸιςῦειο,
2404 2619 2460 2671 et
2490 2618 2948 2685 regnavit'annis
2974 2624 3066 2675 50.
3096 2619 3159 2676 E.

1952 2760 2054 2783 ’ω
2086 2759 2203 2814 Rex
2234 2757 2594 2814 constitutus
2625 2763 2711 2813 est
2745 2759 2806 2814 d.
2845 2761 2914 2815 D.
2955 2761 2997 2814 Ε

1926 2830 2057 2855 nm
2087 2830 2281 2898 quue
2305 2859 2373 2867 —
2395 2827 2536 2883 latet
2570 2829 2784 2885 desunt
2809 2831 2878 2884 D.
2919 2832 2960 2886 Ε

1946 2918 2358 2976 2.A.D.1058.
2389 2915 2718 2972 Fridericus
2738 2919 2780 2987 ‘,
2807 2918 2904 2988 qui
2928 2924 2986 2972 et
3011 2917 3356 2989 Stephanus,
3385 2933 3522 2990 pon-

1878 3008 2019 3064 tifex
2045 3008 2354 3074 Romanus,
2381 3005 2554 3059 vitam
2585 3005 2788 3075 finivit,
2815 3013 2874 3061 ct
2899 3006 3226 3062 Alexander
3251 3005 3523 3063 Lucensis

1877 3095 2258 3168 episcopusei
2276 3093 2585 3150 successit.
2616 3093 2794 3163 Hujus
2814 3100 3075 3166 tempore
3100 3093 3519 3164 [liltibrandus,

1799 3203 1848 3267 ο
1882 3190 2080 3256 postea
2111 3182 2392 3255 pontifex,
2429 3182 2936 3240 archiidaconatus
2967 3184 3152 3240 ofﬁcio
3178 3183 3410 3239 functus
3434 3185 3524 3239 est.

1880 3273 2071 3329 Romae
2087 3315 2098 3328 .

2021 3354 2064 3406 '.
2102 3351 2173 3408 0.
2208 3351 2300 3407 ita
2333 3370 2345 3404 :
2382 3348 2729 3418 Fridericus,
2765 3349 2914 3405 filius
2945 3349 3282 3406 Gothelonis
3338 3350 3526 3419 ducis,

2093 3421 2344 3478 clericus
2376 3422 2560 3476 sancti
2608 3421 2906 3492 Lantperti
2939 3420 3328 3486 Lcedicensis,
3360 3435 3531 3492 quem

2094 3507 2333 3550 exosum
2362 3493 2696 3563 imperatori
2733 3493 2998 3548 Heinrico
3021 3499 3080 3546 et
3101 3498 3394 3547 extorrem
3429 3505 3533 3563 pro

2099 3564 2234 3620 ouio
2269 3562 2466 3619 fratris
2495 3563 2905 3632 suiGotefridi,
2934 3565 3042 3618 Leo
3066 3578 3210 3634 papa
3243 3563 3354 3618 sibi
3386 3562 3537 3634 asci-

2084 3639 2208 3690 tum
2264 3636 2481 3690 fecerat
2531 3635 2840 3704 septimum
2874 3632 3104 3689 levitam
3134 3639 3196 3704 et
3250 3632 3538 3689 cancella-

2101 3706 2248 3761 rium
2273 3705 2541 3760 Romanae
2569 3703 2873 3772 aecclcsize,
2902 3706 2996 3774 qui
3025 3703 3536 3774 postilegationem

2104 3774 2809 3845 Constantinopolitanam
2849 3773 3000 3844 apud
3026 3773 3394 3845 ’Casinenses
3422 3787 3540 3828 mo-

2103 3848 2322 3902 nachus
2347 3843 2555 3912 factus,
2583 3846 2759 3898 etiam
2786 3843 2965 3899 abbas
2989 3843 3386 3899 Casinensium
3410 3856 3541 3913 pro-

2103 3925 2297 3974 motus
2347 3917 2556 3984 fuerat,
2607 3929 2636 3967 a
2687 3915 2958 3970 [tertianis
3010 3929 3159 3984 papa
3199 3914 3447 3982 electus,
3480 3917 3537 3966 et

2103 3992 2328 4044 mutato
2347 3983 2577 4060 nomine
2595 3985 2921 4060 Stephanus
2939 3983 3218 4041 recclesiae
3239 3983 3535 4056 praesidet.

2101 4077 2174 4120 ex
2193 4056 2396 4129 Sigeb.
2421 4056 2626 4112 Annus
2647 4057 2821 4113 vacat
2842 4058 2900 4110 E.

2069 4235 2092 4258 ‘
2125 4231 2183 4286 C.
2222 4230 2288 4283 D.
2438 4246 2449 4280 :
2489 4225 2822 4297 Stephanus
2846 4239 2992 4296 papa
3019 4223 3211 4292 obiit;
3245 4222 3335 4297 cui
3369 4222 3549 4297 gerar

2142 4301 2252 4356 dus
2275 4296 2384 4368 1‘”,
2418 4296 2515 4367 qui
2545 4294 2607 4368 et
2645 4294 2978 4366 Nichol‘w‘s,
3030 4295 3339 4368 successit.
3378 4294 3548 4368 Hein-

2146 4371 2302 4427 ricus
2335 4364 2668 4424 rex’Gallize
2700 4368 2869 4438 obiit,
2921 4364 2981 4423 et
3013 4367 3359 4437 Phillippus,
3392 4364 3547 4421 illius

2141 4443 2294 4512 ejus,
2329 4440 2592 4509 regnavit
2625 4454 2728 4510 pro
2759 4453 2858 4495 eo.
2894 4454 2969 4494 ea:
2994 4438 3208 4508 Sigeb.

1811 4557 1862 4617 D
1966 4526 2025 4579 4.
2066 4525 2129 4578 Α.
2166 4524 2231 4578 D.
2273 4521 2434 4576 1060.
2499 4517 2866 4617 Luitpoldu-s.
2893 4518 3374 4617 archiepiscopus
3406 4515 3544 4617 ¹ξιο-

1894 4613 2211 4685 gentinus‘
2255 4609 2496 4674 obiit";
2547 4608 2639 4662 cui
2675 4607 2984 4676 Sigifridus
3030 4604 3338 4661 Fuldensis
3367 4603 3549 4659 abbas

1896 4701 2211 4766 successit;
2265 4699 2363 4769 qui
2409 4703 2610 4769 postea
2643 4711 2775 4752 cum
2809 4694 2939 4750 aliis
2989 4698 3196 4750 contra
3253 4689 3548 4746 dominum

1899 4805 2064 4850 suum
2097 4803 2290 4859 regem
2321 4785 2647 4842 consensit.

2077 4873 2698 4948 'M.episcopusC.__
2977 4941 3016 4948 _
3413 4935 3424 4948 ,

2076 4953 2123 4974 "
2164 4939 2342 5012 obiit;
2377 4939 2479 5015 pro
2513 4958 2626 5013 quo
2646 4939 2956 5015 Sigifridus
2977 4941 3034 4995 F.
3057 4955 3114 5015 a.
3145 4939 3547 4996 constituitur.

2151 5020 2215 5074 C.
2256 5020 2326 5072 D.
2365 5011 2405 5070 Ε
2471 5011 2835 5084 ubireliqua
2860 5011 3096 5068 desunt.

1976 5115 2036 5166 ὅ.
2073 5111 2144 5164 Α.
2185 5105 2460 5163 D.1062.

2044 5199 2067 5221 ο
2097 5198 2162 5252 C.
2194 5196 2318 5254 add
2330 5215 2344 5252 :
2375 5198 2538 5251 Anno
2560 5191 3041 5265 archiepiscopus
3061 5185 3553 5246 Coloniensiscon

1485 5316 1722 5374 VARIIE
1784 5312 2178 5373 LECTIONES.

206 5425 301 5462 ιιτο
324 5427 472 5483 L110.
513 5425 572 5479 4.
655 5419 748 5457 ί⁴τ⁷
779 5421 930 5479 leut.
960 5421 1034 5478 Α.
1119 5417 1208 5454 ¹⁴⁷⁸
1237 5435 1290 5477 s.
1332 5417 1368 5474 f.
1431 5417 1504 5475 Δ.

152 5499 243 5536 ί⁴⁶³
275 5495 616 5558 Gerbardus
636 5495 707 5552 D.
745 5493 818 5550 E.

1587 5413 1678 5450 “"9
1704 5414 1870 5475 deest
1895 5417 1966 5471 A.

2052 5408 2141 5444 ιιοο
2174 5405 2422 5467 liutoldo
2481 5409 2552 5464 Α.
2641 5405 2731 5441 εισι
2764 5405 2862 5465 ille
2919 5404 3068 5466 satis
3099 5405 3172 5462 Α.
3253 5397 3348 5436 1⁸⁸⁸
3401 5396 3562 5457 dmi

1739 5553 1943 5618 ΝΟἸἙ
1955 5593 1972 5614 ο

233 5643 386 5721 (242)
415 5641 498 5698 De
515 5636 793 5710 Zaringen
811 5679 825 5695 .
