3962 6310
196 366 328 435 940

427 519 535 568 suo
582 502 866 565 restituit.
917 503 1089 565 Prius
1131 511 1320 566 tamen
1363 505 1540 568 missa
1573 507 1644 568 ad
1677 508 1864 568 altare
1892 496 1949 559 Α

427 580 800 655 sustentatus
829 584 1204 655 percantata,
1239 596 1409 655 quam
1444 580 1864 655 priusiincepe-

428 652 518 708 rat
550 649 652 707 sed
693 649 943 707 nondum
976 649 1223 709 ﬁnierat.
1258 649 1340 727 cf.
1374 649 1754 711 Bémoldum.

285 764 374 818 2t.
411 761 475 818 Α.
512 757 604 794 ¹⁶⁰⁹
632 761 694 816 D.
731 763 886 817 1077.
930 760 1296 818 Ruodolfus"
1320 760 1584 831 indigena
1619 761 1862 832 Suevim,

206 865 349 923 quae
375 848 469 884 "1°
498 847 712 920 regalis
743 850 976 906 omnino
1016 850 1340 908 stemmatis
1375 855 1463 907 est
1506 850 1716 921 aliena,
1752 864 1867 908 me-

205 939 518 997 diantibus
565 936 853 1008 Sigefrido
902 939 1355 1011 metropolitano
1398 945 1457 995 et
1498 938 1864 998 Adelberone

204 1025 678 1099 Wirciburgensi
701 1027 998 1098 episcopo,
1022 1027 1319 1084 Berhtolfo
1343 1042 1572 1098 quoque
1595 1028 1743 1086 duce
1767 1029 1867 1087 Ca-

204 1116 450 1175 rinthiaa
477 1130 542 1173 ac
570 1115 839 1188 predicto
868 1115 1080 1172 Ottone
1112 1115 1357 1187 aliisque
1387 1116 1681 1174 nonnullis
1713 1117 1866 1188 prin-

205 1206 470 1279 cipibus,
498 1204 552 1261 in
579 1204 875 1277 presentia
909 1204 1268 1274 quorundam
1300 1206 1570 1263 Romanae
1601 1205 1759 1263 sedis
1786 1204 1868 1263 le-

204 1299 510 1367 gatorum,
544 1307 659 1350 non
686 1291 1015 1350 voluntarie
1045 1293 1441 1358 annuentium,
1473 1294 1623 1365 apud
1658 1294 1866 1351 Forbe-

206 1382 371 1440 heim
405 1381 462 1438 in
495 1395 687 1451 regem
716 1380 1002 1437 elevatur.
1038 1384 1081 1437 A
1115 1382 1325 1453 quibus
1364 1382 1536 1438 etiam
1579 1382 1867 1440 deductus

207 1471 588 1541 logontiam,
615 1470 670 1525 in
694 1469 879 1526 media
905 1470 1347 1541 quadragesima
1371 1477 1439 1530 12
1457 1472 1605 1546 (253)
1624 1472 1860 1531 Kalend.

209 1557 405 1631 April.
441 1573 469 1615 ιι
505 1557 779 1627 Sigifrido
810 1557 1089 1630 episcopo
1129 1559 1183 1615 in
1226 1575 1418 1629 regem
1460 1560 1715 1631 ungitur.
1756 1562 1863 1619 Ubi

206 1646 421 1705 eodem
444 1647 561 1718 die,
590 1645 840 1718 pessimo
862 1647 1144 1718 auspicio,
1169 1648 1461 1706 sedicione
1485 1649 1657 1719 facta,
1683 1650 1863 1707 multa

209 1734 395 1792 turba
442 1732 598 1803 vulgi
647 1746 797 1789 caesa
847 1738 940 1791 est
986 1734 1059 1790 ab
1099 1734 1224 1804 ejus
1279 1735 1561 1792 militibus
1590 1737 1676 1801 ";
1711 1735 1863 1793 unde

208 1822 430 1893 vulgus
469 1834 777 1878 accensum
809 1821 866 1877 in
900 1821 1058 1892 ipsos
1089 1822 1332 1891 exarsit,
1368 1823 1704 1894 magnisque
1736 1824 1863 1881 icti-
1891 1850 1945 1911 B

211 1913 329 1970 bus
365 1908 587 1968 multos
620 1909 1002 1980 obtruncans,
1044 1914 1276 1966 ceteros
1308 1911 1365 1966 in
1397 1915 1619 1968 curtem
1660 1910 1860 1983 palatii

210 1998 462 2069 fugavit,
491 1995 769 2069 ipsasque
791 1996 984 2066 regias
1005 1996 1163 2055 aedes
1187 1998 1497 2055 incendere
1519 1998 1724 2068 voluit,
1749 1999 1863 2056 nisi

209 2086 377 2160 quod
423 2086 736 2157 episcopus
778 2084 1088 2156 Sigifridus
1128 2101 1232 2157 pro
1272 2086 1459 2143 veloci
1500 2086 1861 2144 discessione

209 2172 486 2233 Ruodolﬁ
525 2173 789 2231 obsidem
820 2188 882 2231 se
909 2174 1284 2246 interposuit.
1326 2175 1408 2230 Ita
1452 2174 1774 2232 Ruodolfus
1801 2180 1859 2231 et

209 2262 415 2322 cuncti
434 2262 533 2333 qui
551 2276 679 2319 cum
697 2276 767 2318 eo
786 2266 1070 2318 venerunt
1094 2263 1268 2334 ejecti
1290 2266 1428 2319 sunt
1445 2280 1458 2323 :
1484 2263 1609 2333 ipse
1629 2276 1860 2333 quoque

212 2350 532 2422 Sigifridus
568 2351 886 2423 episcopus
924 2365 1147 2421 magnis
1189 2351 1566 2422 hlasphemiis
1604 2350 1862 2409 elimina-

211 2444 336 2509 tus,
365 2439 715 2510 Mogontiam
747 2452 857 2494 non
889 2438 1131 2494 intravit
1171 2439 1438 2509 amplius.
1475 2438 1735 2495 Collecto
1764 2438 1861 2494 de-

212 2527 355 2584 hinc
385 2540 416 2584 a
449 2525 694 2583 Saxonia
725 2525 984 2582 exercitu
1015 2526 1255 2598 cOpioso
1286 2526 1508 2599 (Aug),
1541 2525 1861 2583 Ruodolfus

211 2615 743 2685 Wircihurgenses,
794 2613 1062 2671 Heinrico
1100 2614 1221 2683 regi
1262 2613 1431 2670 ﬁdem
1468 2618 1773 2671 servantes
1800 2619 1861 2672 et

210 2709 337 2761 tam
376 2703 715 2775 episcopum
757 2716 924 2758 suum
965 2701 1390 2759 Adclberonem
1432 2716 1601 2772 quam
1633 2716 1696 2759 se
1728 2715 1861 2765 con-

211 2796 607 2864 tempnentes,
632 2788 896 2857 obsedit;
927 2790 1027 2847 sed
1053 2790 1170 2860 jam
1204 2790 1452 2848 diversis
1484 2791 1766 2847 machinis
1787 2789 1859 2847 ad

208 2880 381 2939 urbis
418 2878 912 2951 obpugnationem
953 2878 1283 2946 instructis,
1333 2883 1562 2935 terrore
1607 2878 1860 2936 Heinrici

206 2969 393 3040 regis,
415 2967 573 3025 circa
595 2965 688 3001 ““
708 2965 947 3023 Kalend.
970 2965 1083 3023 Jul.
1110 2968 1183 3023 ab
1203 2967 1369 3023 Italia
1394 2967 1640 3032 reversi,
1665 2966 1857 3024 inacte

205 3055 569 3129 regreditur.
599 3086 669 3096 —
698 3055 1008 3112 Heinricus
1052 3057 1245 3111 autem
1303 3069 1405 3111 rex
1464 3054 1856 3111 Alamanniam

204 3160 345 3204 cum
376 3143 640 3202 exercitu
670 3143 816 3216 petit
859 3141 980 3212 (an.
1017 3143 1199 3213 1078),
1242 3143 1437 3213 ibique
1468 3142 1754 3214 quendam
1785 3157 1859 3199 ex

205 3232 505 3304 indigenis
532 3215 827 3303 nugonem
858 3231 1006 3304 (254)
1039 3231 1301 3302 aliosque
1331 3231 1567 3288 sibimet
1599 3230 1738 3287 inibi
1769 3245 1860 3288 re-
1890 3215 1940 3277 C

203 3320 419 3392 belles,
460 3335 570 3378 non
615 3320 742 3377 sine
780 3335 984 3391 magna
1013 3320 1271 3390 ejusdem
1314 3320 1630 3391 provinciae
1666 3323 1859 3376 vasta-

205 3411 390 3481 tione,
416 3408 693 3467 debellat.
723 3407 1034 3466 Berhctold
1045 3424 1110 3466 us
1132 3407 1222 3442 "1’
1243 3413 1436 3466 autem
1459 3408 1530 3465 de
1549 3408 1853 3480 Zaringon,

201 3499 326 3558 dux
348 3498 638 3570 quondam
661 3497 994 3567 Carintbiae,
1016 3497 1072 3552 in
1098 3497 1345 3567 quodam
1369 3497 1584 3569 oppido
1605 3512 1710 3553 suo
1733 3497 1859 3553 Lin-

203 3592 417 3660 tperge
446 3586 596 3659 (255)
630 3584 982 3642 naturaliter
1011 3585 1232 3642 munito
1262 3584 1507 3656 positus,
1533 3585 1669 3642 dum
1700 3585 1858 3642 vide-

204 3680 303 3733 ret
321 3689 395 3732 ex
414 3674 660 3732 arbitrio
688 3673 843 3743 regis
868 3673 1101 3745 impune
1127 3677 1337 3730 cuncta
1367 3672 1606 3742 vastari,
1633 3687 1736 3744 pre
1758 3673 1857 3731 do-

201 3763 337 3821 lore
356 3764 381 3789 *
403 3762 578 3821 animi
607 3762 827 3820 dicitur
849 3775 919 3818 eo
940 3762 1142 3817 morbo
1170 3775 1340 3831 quem
1368 3759 1575 3817 medici
1601 3761 1853 3817 frenesin

198 3856 415 3909 vocant
447 3852 769 3923 occupatus
800 3850 1004 3918 fuisse,
1037 3852 1379 3920 septemque
1411 3848 1619 3905 diebus
1650 3852 1855 3920 postea

200 3943 532 4013 superstes,
556 3937 738 3995 multa
761 3937 1028 3993 amentiae
1050 3937 1227 3993 verba
1252 3937 1416 4007 quasi
1445 3936 1702 3992 delirans
1728 3950 1857 4008 pro-

197 4027 436 4097 tulisse,
482 4026 685 4097 sicque
730 4025 910 4081 vitam
957 4022 1352 4080 ﬁnisse—In
1383 4037 1450 4079 ea
1482 4022 1854 4094 expeditione

199 4116 316 4174 Uto
343 4114 712 4173 Trevirorum
752 4112 1231 4185 archiepiscopus
1270 4111 1581 4167 defunctus
1607 4115 1718 4166 est.
1762 4111 1846 4165 Ἶ.

343 4204 367 4228 θ
409 4201 468 4259 C.
503 4202 611 4260 hoc
637 4214 794 4259 anno
817 4200 911 4258 ita
942 4220 955 4255 :
991 4198 1130 4264 Gelu
1162 4231 1226 4241 —
1265 4213 1448 4270 usque
1496 4198 1568 4270 ad
1616 4198 1854 4268 equino-

414 4274 599 4331 ctium
630 4270 869 4329 vernale
900 4270 1239 4339 permansit.
1272 4267 1577 4339 ew'S’igeb.
1606 4267 1847 4325 c.1076.

418 4343 724 4401 Heinricus
740 4356 846 4399 rex
865 4340 1020 4399 ultra
1040 4345 1266 4398 montes
1282 4340 1602 4412 profectus,
1620 4342 1854 4412 aposto-

420 4413 535 4490 lico
559 4413 929 4490 inpanusiuo
958 4416 1157 4490 castro
1184 4409 1597 4490 pos’ito,.nimis
1627 4409 1853 4490 humili-

417 4488 511 4543 ter
541 4483 935 4554 satisfaciens,
964 4482 1340 4554 Vabsolutione
1362 4484 1422 4537 et
1444 4482 1850 4554 communione

1096 360 1541 430 CHRONICA.
1574 398 1649 412 --
1681 358 2163 429 CHRONIGON
2209 360 2740 430 UNIVERSALE

3504 360 3624 431 950

2190 500 2248 554 et
2278 494 2644 568 Adelberone
2675 497 2757 552 w.
2789 509 2839 553 e.
2875 496 2935 553 Β.
2959 511 3025 568 _q.
3059 495 3117 554 d.
3153 497 3211 554 C.
3246 500 3302 554 et
3327 497 3624 561 Weiefon:

2192 567 2587 638 Bajoariorum
2618 567 2786 637 duce,
2810 566 3155 626 Ruodoll‘um
3185 570 3389 628 ducem
3416 574 3626 631 Suevo-

2193 655 2316 696 rum
2358 644 2415 712 et
2459 640 2931 712 Burgundiorum
2970 654 3148 712 super
3186 654 3245 695 se
3285 656 3475 712 regem
3511 644 3626 702 ele-

2191 714 2344 779 vant,
2381 710 2437 764 in
2475 711 2766 783 pricsentia
2808 709 3436 783 scilicet'quorundam
3475 714 3628 783 lega-

2188 782 2386 852 torum,
2427 782 2585 837 sedis
2627 782 2964 852 apostolicae
3009 796 3120 837 non
3162 781 3488 841 voluntarie
3529 781 3629 841 an-

2190 851 2512 926 nuentiu‘m,
2550 858 2608 907 ct
2641 851 2828 926 ipsum
2872 852 3280 926 apostolicum,
3316 855 3471 911 sicut
3501 856 3626 926 ipse

2188 928 2389 995 postea
2421 922 2610 995 facere
2640 923 2884 995 solebat,
2910 924 2983 995 ab
3008 922 3116 979 hoc
3141 922 3426 981 conSensu
3456 922 3629 982 excu-

2190 993 2460 1049 Santium.
2524 994 2846 1064 Perductus
2905 993 3099 1063 itaque
3156 996 3500 1064 Mogontiam
3553 1027 3623 1037 —

2190 1064 2456 1139 Heinricr
2480 1063 2733 1139 adventu
2763 1064 3026 1139 territus
3053 1063 3314 1139 recessit,
3344 1068 3415 1124 ut
3440 1080 3626 1139 supra

2190 1134 2392 1204 (paulo
2434 1133 2710 1204 brevius).
2763 1135 2889 1204 Ipse
2936 1134 3087 1204 enim
3134 1133 3359 1204 Alpium
3406 1133 3529 1193 etc."
3554 1152 3627 1193 ea;

2242 1204 2385 1275 φεῦ.
2417 1203 2817 1278 Ileinricusé-
2845 1203 3120 1278 debellat.
3143 1203 3432 1278 utsupra.
3461 1207 3628 1263 Hein-

2192 1276 2350 1332 ricus
2382 1306 2459 1346 -ί
2482 1275 2899 1331 fortitudinem.
2965 1288 3039 1330 ea:
3087 1275 3316 1346 Sigeb.‘
3349 1291 3404 1333 α.
3466 1281 3621 1333 1078.

2192 1345 2542 1402 Bertholdus
2579 1355 2771 1401 autem
2816 1347 2931 1401 dux
2972 1345 3261 1414 quondam
3315 1348 3624 1404 Carinthite

2184 1419 2297 1487 jam
2337 1431 2535 1485 senex,
2576 1422 2635 1471 et
2677 1415 3147 1487 sapientissimus
3174 1418 3230 1472 in
3262 1433 3440 1486 regno
3468 1419 3626 1474 habi-

2190 1486 2302 1552 tus,
2332 1487 2501 1560 cujus
2530 1491 2585 1541 et
2621 1486 2868 1560 consilio
2904 1502 3003 1560 rex
3037 1502 3214 1560 super
3247 1503 3441 1560 regem
3474 1489 3627 1560 posi-

2191 1562 2284 1612 tus
2310 1562 2422 1626 est,
2449 1557 2503 1612 in
2533 1558 2782 1627 quodam
2828 1572 2861 1612 o
2908 1557 3001 1612 ido
3045 1572 3153 1613 suo
3199 1559 3435 1629 Lintper
3475 1557 3490 1560 “
3516 1559 3622 1616 etc.

2191 1629 2281 1683 Μ..
2317 1628 2441 1683 inse
2468 1634 2661 1683 autem
2699 1643 2828 1683 cum
2867 1573 3140 1683 giait‘rido
3171 1574 3622 1683 metronofitano

2118 1628 2167 1651 “'
2190 1629 2281 1691 M.,
2317 1628 2441 1698 ipse
2468 1634 2661 1684 autem
2699 1643 2828 1684 cum
2868 1628 3140 1696 Sigit‘rido
3171 1628 3624 1699 metrOpolitano

2188 1699 2465 1770 episcopo
2488 1698 2774 1770 Mogontia
2803 1712 3096 1770 egressus,
3127 1699 3179 1752 in
3205 1698 3507 1755 Saxoniam
3532 1706 3625 1756 est

2188 1768 2509 1894 arofectus,
2571 1769 2666 1824 ubi
2727 1768 2976 1823 collecto
3033 1770 3299 1825 exercitu
3360 1771 3620 1842 copioso,

2238 1840 2693 1894 ’irciburgenses
2724 1839 2785 1893 D.
2823 1839 2881 1892 E.
2918 1838 3126 1894 ceteris
3151 1841 3405 1894 omissis.

2238 1840 2693 1908 iirciburgenses
2724 1839 2785 1893 D.
2823 1839 2881 1892 E.
2918 1838 3126 1895 ceteris
3151 1841 3405 1897 omissis.

2133 1913 2156 1935 '
2186 1909 2248 1965 V.
2293 1909 2462 1982 animi
2500 1909 2698 1963 dolore
2735 1909 3053 1982 morboque
3082 1924 3113 1964 c
3140 1910 3347 1982 arporis
3379 1924 3623 1982 occupa-

2191 1984 2306 2049 tus,
2336 1980 2513 2036 vitam
2545 1983 2871 2049 presentem
2902 1978 3105 2033 ﬁnivit.
3139 1978 3203 2034 (ἒξ
3230 1982 3290 2034 D.
3323 1982 3382 2036 E.

2132 2052 2155 2075 ‘
2186 2053 2232 2108 1.
2266 2056 2351 2106 10.
2386 2055 2465 2106 11.
2496 2050 2766 2106 addunt:
2800 2050 3009 2118 Agnes,
3042 2052 3226 2104 mater
3254 2052 3318 2106 Η.
3346 2049 3524 2119 regis,
3553 2053 3622 2106 29

2188 2122 2354 2176 annis
2386 2120 2581 2189 vidua,
2615 2121 2807 2175 Romae
2840 2119 3009 2188 obiit,
3039 2119 3092 2172 in
3122 2120 3366 2176 ecclesia
3399 2124 3621 2179 sanctae

2187 2190 2533 2246 Petroncllze
2567 2189 2814 2260 sepulta.
2850 2203 2925 2245 ea:
2950 2189 3261 2246 Bemoldo.

2044 2281 2130 2335 22.
2174 2282 2236 2334 Α.
2275 2279 2337 2334 D.
2382 2282 2538 2335 1078.
2595 2277 2897 2333 Hcinricus
2948 2293 3047 2333 rex
3100 2278 3438 2350 prepcranti
3488 2292 3621 2334 con-

1972 2368 2064 2422 tra
2095 2380 2156 2421 se
2187 2381 2315 2423 cum
2365 2367 2545 2423 multo
2573 2366 2837 2422 exercitu
2868 2364 3154 2422 Ruodolt‘o
3196 2365 3360 2435 juxta
3405 2364 3621 2422 Strowi

1973 2456 2263 2521 occurrit;
2290 2455 2549 2525 initoque
2572 2455 2773 2526 prmlio
2803 2455 2972 2527 (Aug.
2998 2457 3076 2527 7),
3108 2468 3221 2511 non
3246 2453 3410 2526 pauci
3434 2468 3506 2509 ex
3527 2453 3619 2509 his

1973 2547 2147 2614 atque
2195 2544 2313 2600 illis
2359 2534 2838 2616 prosternuntur,
2888 2559 2952 2601 ac
2990 2545 3211 2600 incerta
3248 2543 3311 2599 fit
3346 2543 3615 2611 victoria,

1972 2631 2237 2701 utrisque
2261 2632 2527 2687 certatim
2554 2631 2912 2698 fugientibus
2935 2631 3004 2687 ad
3028 2630 3286 2702 propria.
3316 2631 3421 2687 l‘bi
3445 2645 3473 2686 a
3498 2628 3620 2686 vul-

1970 2719 2211 2789 garibus
2254 2718 2586 2774 hominibus
2630 2717 2805 2773 Wecil
2848 2718 3398 2787 Magadehurgensis
3432 2717 3618 2774 archi-

1971 2806 2281 2878 episcopus
2307 2806 2363 2861 in
2390 2806 2521 2874 fuga
2541 2804 2851 2873 occiditur,
2878 2804 3020 2873 sive,
3047 2808 3113 2860 ut
3136 2804 3367 2874 quidam
3391 2803 3614 2873 dicunt,

1971 2893 2371 2965 suSpenditur,
2407 2893 2643 2961 Magnus
2672 2891 2788 2947 dux
2817 2889 3202 2962 despoliatur,
3237 2889 3619 2946 Herimannus

1972 2996 2183 3050 comes,
2210 2979 2468 3051 ejusdem
2496 2979 2678 3049 Magni
2709 2981 2974 3049 patruus,
3000 2981 3060 3033 et
3083 2976 3435 3033 Adelbertus
3458 2978 3618 3032 Wor-

1972 3069 2282 3127 macieusis
2328 3069 2641 3141 episcopus
2691 3064 3117 3136 comprehensi,
3161 3079 3227 3120 ac
3268 3064 3503 3136 plurimi
3545 3065 3615 3122 de

1953 3152 2260 3212 'militibus
2310 3155 2611 3212 Saxonicis
2660 3152 2914 3224 turpiter
2962 3156 3098 3208 sunt
3145 3150 3498 3222 interempti.
3534 3152 3615 3207 Ex

1970 3249 2140 3318 parte
2190 3258 2421 3317 quoque
2469 3243 2625 3312 regis
2657 3240 2748 3275 “‘3
2778 3240 3030 3297 Heinrici
3076 3242 3272 3311 Poppo
3314 3240 3483 3310 (256),
3528 3240 3615 3295 vir

1971 3334 2114 3390 mire
2148 3334 2337 3403 fortis,
2373 3332 2671 3389 occubuit.
2701 3331 2768 3387 ‘2

2111 3423 2178 3477 ‘2
2206 3427 2255 3478 δ.
2288 3420 2499 3478 addit:
2525 3416 2812 3474 Hildolrus
2843 3415 3200 3489 Coloniensis
3227 3414 3614 3489 archiepisco-

2181 3506 2292 3563 pus
2320 3492 2496 3555 obiit;
2531 3489 2626 3546 cui
2657 3487 2984 3558 Sigewinus
3022 3485 3328 3543 successit.

2038 3583 2126 3636 23.
2163 3582 2225 3636 A.
2254 3580 2318 3635 D.
2350 3580 2504 3635 1079.
2533 3578 2748 3633 Iterum
2779 3575 2990 3631 bellum
3018 3574 3082 3629 ﬂt
3107 3572 3259 3629 inter
3283 3572 3612 3630 Heinricum

1966 3671 2024 3725 et
2049 3667 2394 3725 Ruodolfum
2419 3667 2473 3721 in
2500 3664 2629 3721 loco
2652 3663 2749 3734 qui
2774 3662 2991 3719 dicitur
3015 3660 3416 3717 Fladehcheim
3440 3662 3609 3733 (257),

1965 3756 2155 3813 hieme
2199 3755 2369 3811 nimis
2415 3766 2617 3824 aspera
2670 3750 2790 3821 (an.
2846 3752 3001 3818 1080,
3049 3751 3190 3805 Jan.
3243 3752 3367 3819 27);
3413 3748 3510 3805 ubi
3554 3749 3609 3805 in

1968 3844 2155 3917 primo
2181 3855 2498 3911 congressu
2525 3841 2781 3895 Saxones
2806 3842 2841 3891 tz
2866 3850 2967 3905 rga
2988 3839 3229 3891 vertunt
3247 3833 3356 3890 ³⁵³⁸.
3383 3835 3466 3890 lbi
3493 3836 3611 3893 dux

1968 3931 2216 3988 Boemite
2248 3928 2572 3986 Fratizlaus
2607 3925 2857 3996 regalem
2898 3923 3153 3979 lanceam
3186 3921 3450 3978 Ruodolti
3478 3923 3610 3979 adc-

1966 4024 2103 4092 ptus
2150 4024 2270 4084 est;
2322 4032 2449 4089 quae
2489 4014 2699 4073 exinde
2747 4011 3130 4086 permissione
3166 4010 3323 4080 regis
3358 4010 3609 4066 Heinrici

1967 4121 2197 4180 semper
2242 4104 2507 4178 quemvis
2553 4102 2712 4159 illius
2752 4100 2947 4172 gentis
2983 4100 3200 4156 ducatu
3237 4098 3523 4167 insignem
3550 4098 3606 4154 in

1964 4195 2118 4253 omni
2144 4193 2348 4251 festiva
2372 4190 2752 4265 processione
2776 4188 3057 4260 procedit.
3087 4188 3160 4243 At
3179 4200 3282 4242 rex
3300 4185 3608 4244 Heinrieus

1965 4282 2221 4359 propriis
2241 4280 2455 4338 castris
2477 4278 2761 4348 redditus,
2784 4277 2856 4333 de
2873 4275 3181 4345 armigeris
3196 4288 3343 4345 quos
3359 4272 3632 4346 relique»

1965 4374 2053 4428 rat
2082 4384 2226 4443 pene
2260 4367 2478 4426 nullum
2510 4366 2760 4431 invenit;
2792 4380 2901 4423 una
2933 4363 3147 4436 quippe
3179 4376 3251 4418 ex
3281 4361 3609 4432 legionibus

1964 4459 2251 4515 Saxonum
2300 4457 2354 4513 in
2403 4456 2588 4529 primo
2634 4468 2956 4525 congressu
3007 4464 3254 4523 pugnam
3301 4450 3602 4517 deserens,

420 4536 1552 4628 ié‘céﬁiéfﬁééehi’redit}semustum
1581 4551 1715 4628 ipsa
1738 4564 1849 4621 pax
1879 4565 1933 4627 Ι)
1966 4547 2097 4619 quia
2119 4547 2406 4603 obscurus
2432 4547 2557 4600 erat
2587 4557 2706 4613 aer,
2738 4540 2936 4628 furtim
2964 4541 3159 4596 castra
3185 4537 3343 4628 regis
3368 4536 3602 4628 invasit,

416 4620 574 4682 inter
602 4620 933 4695 regiiumet
958 4620 1349 4695 sacerdotium
1380 4620 1630 4695 in‘br‘ev’i
1661 4620 1851 4677 diSru-

417 4701 516 4770 pta
540 4697 640 4766 sit,
663 4692 1229 4770 t'o‘tusjammundus
1252 4694 1385 4770 inde
1408 4692 1579 4770 nimis
1599 4705 1853 4770 commo-

418 4764 516 4844 't_us
528 4764 788 4844 agnovit.
804 4764 1269 4844 [nterimquippe
1287 4765 1422 4844 dum
1437 4765 1559 4844 haec
1573 4768 1847 4844 aguntur,

418 4835 746 4917 Saxoneset
762 4835 1060 4917 Alemanni
1073 4835 1347 4917 cumsuis
1357 4835 1657 4917 episcopis
1674 4840 1849 4917 atque

417 4906 1203 4982 principibus,mediantibus
1218 4905 1503 4976 Sigefrido
1517 4905 1849 4975 Mogontin

1962 4634 2296 4707 multosque
2315 4646 2529 4705 pueros
2542 4626 3061 4700 comprehenderis,
3085 4622 3490 4693 strangulabat
3506 4636 3607 4679 eos

1961 4723 2263 4794 multaque
2289 4720 2578 4777 abradens
2603 4716 2809 4789 Spolia,
2842 4716 3032 4785 fugam
3062 4711 3212 4767 iniit.
3241 4712 3361 4766 Rex
3386 4711 3599 4778 autem,

1961 4811 2201 4870 dimisso
2225 4807 2509 4876 exercitu,
2534 4805 2589 4861 in
2613 4801 2954 4860 orientalem
2982 4797 3280 4854 Franciam
3309 4811 3438 4853 cum
3467 4810 3604 4867 pau-

1960 4900 2045 4960 cis
2073 4896 2333 4956 divertit.
2363 4896 2384 4918 "
2407 4899 2438 4950 3

1578 5023 1815 5082 VARUE
1855 5022 2255 5082 LECTIONES.

273 5128 368 5165 m'
399 5131 562 5188 Anno

693 5125 963 5198 indigena
992 5126 1063 5185 in
1090 5124 1378 5198 lacerare
1408 5130 1458 5181 1.
1516 5122 1628 5198 ,³⁸19
1652 5137 1859 5198 quaer.
1894 5137 1959 5198 o._
1983 5124 2055 5177 st.
2090 5134 2141 5175 c.
2176 5118 2363 5198 aliena
2398 5112 2613 5198 desunt
2630 5114 2685 5198 ᾖ.
2701 5183 2742 5198 ﬁ
2746 5108 2865 5198 “1‘”.
2882 5101 3603 5198 Eirin-Zdtali’a‘tr-cho

194 5214 344 5261 raso
376 5174 599 5258 1.71;“
638 5174 971 5256 ιιὸἷιῖίὸῑῶἱ
995 5174 1250 5254 invii".
1275 5174 1370 5254 ἷίί
1407 5174 1560 5265 regis
1599 5174 1687 5251 ΑΪ
1697 5174 1830 5227 "in";
1846 5174 1921 5248 ὀί
1935 5174 2277 5262 imperatori
2295 5193 2459 5256 terga
2492 5182 2673 5241 vcrtit
2701 5183 2795 5238 E2.
2830 5179 2961 5237 alia
2987 5188 3172 5234 manu
3199 5175 3265 5231 in
3294 5174 3412 5231 loco
3438 5186 3596 5230 raso.

1783 5312 1985 5373 NOTJE
1999 5354 2013 5370 .

272 5419 426 5491 (253)
458 5420 602 5491 Lege
632 5431 765 5477 cum
796 5417 1063 5476 Brunone
1088 5420 1177 5474 :7.
1201 5414 1348 5476 Kal.
1378 5412 1631 5490 Aprilis,
1660 5412 1849 5473 Domi-

197 5491 331 5550 nica
362 5490 605 5548 Laetare.

276 5560 426 5636 (πᾷ)
472 5561 556 5636 ιιθ
599 5559 931 5632 Tublngen;
960 5573 1015 5614 v.
1056 5556 1238 5636 Staliu
1280 5556 1770 5636 Hist._Wirtemh.
1797 5555 1846 5636 i,

203 5652 258 5707 p.
286 5624 418 5689 ’8012
471 5632 604 5695 Ιίωο
630 5635 694 5688 et
723 5624 853 5704 qu'ae
896 5624 1223 5701 sequuntur
1252 5643 1308 5685 a.
1348 5631 1504 5687 1078.
1538 5624 1850 5685 tribuenda

1958 5414 2179 5539 augis)
2217 5479 2406 5539 Probe
2439 5472 2764 5530 Kirchbeim
2796 5462 3303 5535 Wertemhergicae
3334 5459 3594 5518 ditionis.

2052 5484 2155 5539 255
2217 5480 2331 5534 Pro
2376 5488 2406 5529 e
2439 5480 2705 5530 Kirchbei

2030 5480 2179 5695 £256;
2206 5548 2286 5604 De
2316 5492 2713 5623 irennenberg.

2055 5624 2182 5692 267)
2214 5615 2527 5676 Flarcheun
2562 5626 2713 5682 propt

2055 5609 2182 5692 267')
2214 5612 2527 5676 Flarcheiin
2562 5609 2741 5682 prope
2773 5609 3167 5668 Muhlhausen.
