3962 6308
69 345 196 414 968

990 342 1430 411 CHRONICA.
1473 381 1544 394 --
1575 343 2053 412 CHRONICON
2099 345 2647 415 UNIVERSALE.

3403 345 3524 417 954

78 496 546 569 Chuonradum,
593 496 759 557 ducis
814 499 1064 557 Boemize
1123 500 1388 570 fratrem,
1422 507 1478 557 et
1509 499 1765 571 Luitpol-
1793 485 1844 545 Α
1879 489 2164 544 Suillium
2190 489 2422 558 tempus
2443 486 2553 557 ω’,
2579 490 2812 546 Romam
2845 487 3018 546 rediit
3045 486 3273 559 (Νουο);
3304 487 3406 548 80d
3430 469 3533 523 Μ’

81 590 222 646 dum
251 587 356 622 “”
385 588 781 644 marchionem
803 589 1174 644 commissum
1200 595 1296 645 est
1320 592 1368 646 4.
1394 590 1528 646 ldus
1548 590 1671 646 Mai.
1697 620 1767 630 —

83 681 233 744 nem
263 676 447 733 aliud
469 677 620 732 inter
641 675 992 733 Alamannos
1009 681 1067 731 et
1084 677 1378 746 Bajoarios
1398 682 1449 732 3.
1467 678 1602 734 ldus
1620 683 1761 748 Aug.

81 767 256 835 juxta
281 765 623 821 Danubium
673 765 826 836 apud
859 766 1169 821 Hochstein
1196 765 1365 836 (262),
1400 767 1497 821 ubi
1523 766 1763 837 palatini

85 853 336 910 comitis
368 853 712 908 Chuononis
745 852 900 909 filius
931 856 1168 909 Chuono
1210 854 1441 909 occisus
1461 859 1572 910 est.
1597 856 1621 878 '
1648 860 1692 910 1.

315 942 386 996 D.
430 942 494 996 Ε.
518 940 761 1012 ,addzmt
790 961 802 994 :
837 942 1072 1009 Magnus
1101 972 1170 982 —
1203 942 1558 1012 portendens
1595 944 1764 1010 forte,

321 1017 389 1068 ut
429 1011 778 1082 quibusdam
811 1013 996 1068 visum
1027 1017 1135 1082 est,
1173 1011 1560 1070 imminens—
1583 1013 1768 1069 doluit

316 1087 386 1137 et
421 1081 612 1138 adhuc
641 1082 826 1138 dolet.
861 1099 935 1138 ea:
960 1081 1165 1152 Siyeb.

239 1172 288 1193 “
324 1171 409 1242 7C.
447 1171 614 1242 D.AE.
646 1171 904 1227 addunt:
936 1172 1218 1240 Magontia
1243 1188 1314 1227 ex
1335 1173 1576 1228 maxima
1605 1177 1769 1242 parte

317 1240 606 1314 incendio
635 1242 1038 1314 conflagravit,
1073 1243 1376 1314 principali
1407 1240 1677 1314 {ecclesia
1708 1247 1768 1297 et

319 1311 538 1437 1νὶιέἓὲ
583 1313 952 1437 monasteriis
978 1311 1327 1369 combustis.
1367 1315 1444 1384 cf.
1501 1312 1686 1385 Sigeb
1713 1314 1769 1369 et

307 1397 381 1454 ρ.
545 1423 556 1435 .
590 1397 648 1438 οη.
765 1424 778 1438 .

242 1469 455 1549 '1)__1b.
497 1475 560 1549 5.
580 1469 849 1549 .addzmt;
885 1471 1308 1549 Monasterium
1328 1473 1512 1549 sancti
1540 1471 1768 1528 Martini

321 1541 644 1624 Mogontiae
667 1556 794 1596 cum
837 1542 1026 1624 tribus
1053 1542 1457 1624 adjacentibus
1481 1549 1767 1624 monaste~

322 1617 441 1667 riis
465 1619 738 1667 exustum
771 1617 882 1680 est,
912 1617 971 1667 et
1003 1628 1146 1682 pene
1178 1617 1364 1667 omnis
1393 1617 1603 1669 civitas
1634 1628 1771 1669 exu-

321 1686 421 1738 sta
460 1687 571 1738 est.
629 1682 934 1738 lleinricus
983 1683 1226 1738 nominis
1284 1683 1454 1739 huius
1505 1684 1764 1739 quintus.

326 1700 421 1738 διε
460 1700 571 1738 εει.
630 1700 934 1738 neinricus
983 1700 1226 1738 D0llllnlS
1284 1700 1454 1753 unjus
1505 1700 1764 1753 quintus,

472 1757 697 1879 ggtrem
731 1766 909 1820 regno
942 1753 1210 1824 privavit,
1245 1761 1415 1809 natus
1437 1760 1545 1811 est.
1579 1755 1662 1818 cf.
1695 1755 1763 1810 Α.

411 1839 476 1879 ιτ
557 1864 569 1876 .

411 1837 569 1879 ιντο.

181 1913 279 1967 26.
322 1913 394 1968 Α.
432 1912 501 1966 D.
538 1913 704 1966 1082.
745 1911 1129 1967 Herimannus
1161 1911 1412 1982 quidam,
1446 1913 1536 1968 vir
1566 1928 1771 1985 prepo-

123 2005 252 2056 tens
284 2014 354 2057 ac
389 1999 614 2056 nobilis
657 2014 728 2055 ex
761 2001 1084 2070 Germania,
1119 2016 1149 2056 a
1178 2002 1500 2058 Saxonibus
1557 2008 1617 2058 et
1647 2002 1774 2059 Ala-

116 2088 340 2146 mannis
376 2103 492 2144 rex
513 2089 895 2146 constituitur
921 2091 1086 2160 (263).
1121 2091 1219 2147 Cui
1255 2107 1385 2146 cum
1420 2091 1542 2147 suis
1566 2091 1621 2146 in
1649 2104 1775 2162 par-

119 2176 293 2247 tibus,
330 2177 447 2234 hoc
473 2178 500 2201 "
529 2181 622 2233 est
676 2177 730 2232 in
765 2178 1133 2246 Lotharingia
1193 2179 1283 2234 vel
1323 2180 1646 2249 Germania,
1680 2193 1774 2235 ne-

117 2279 204 2322 mo
236 2265 481 2322 bellicis
518 2265 572 2320 in
606 2267 782 2322 rebus
818 2271 991 2336 atque
1029 2266 1250 2324 divitiis
1281 2273 1478 2340 posset
1527 2269 1778 2339 .cquipe-

121 2353 252 2422 rari,
289 2358 540 2425 sumpto
592 2354 749 2422 regis
784 2354 1010 2410 nomine
1047 2359 1159 2409 tam
1221 2356 1342 2412 suis
1375 2372 1542 2427 quam
1576 2356 1779 2412 alienis

119 2441 294 2512 ccepit
327 2443 386 2497 in
423 2442 595 2498 brevi
628 2442 943 2514 despectus
975 2443 1202 2500 haberi.

258 2531 283 2554 ‘
323 2531 434 2586 hoc
471 2534 565 2585 est
602 2529 656 2585 in
689 2531 753 2585 L.
791 2547 842 2585 v.
881 2532 948 2586 G.
989 2531 1293 2588 desuntc.

189 2621 282 2672 27.
318 2621 382 2672 Α.
418 2620 500 2672 Ι).
527 2622 684 2674 1083.
722 2619 1107 2674 Herimannus
1137 2636 1265 2676 cum
1301 2621 1502 2692 paucis
1528 2622 1781 2676 orienta-

125 2703 230 2760 lem
257 2705 570 2761 Franciam
596 2705 890 2762 hostiliter
915 2707 1156 2778 invadit,
1182 2714 1242 2764 et
1266 2724 1367 2779 per
1389 2709 1626 2764 eandem
1652 2725 1782 2780 par-

123 2796 231 2847 tem
263 2793 427 2850 visus
465 2798 559 2849 est
593 2794 758 2864 quasi
800 2795 1060 2864 equitum
1087 2797 1428 2852 discurrens
1459 2798 1776 2868 exercitus,

127 2895 363 2951 quorum
387 2887 594 2937 tamen
612 2883 854 2952 vestigia
874 2883 1032 2939 nullo
1050 2885 1218 2940 modo
1236 2889 1500 2956 poterant
1518 2886 1774 2954 agnosci.

122 2997 184 3008 —
206 2969 526 3026 Heinricus
583 2983 684 3025 rex
736 2970 944 3042 pascha
978 2971 1298 3028 celebravit
1329 2973 1480 3044 apud
1512 2975 1778 3029 Sanctam

124 3055 410 3128 Ruﬁnam,
474 3072 720 3128 moxque
764 3059 998 3114 Romam
1031 3059 1299 3130 tendens,
1361 3066 1552 3116 castra
1589 3062 1781 3133 posuit

131 3144 223 3200 ubi
245 3147 302 3201 et
326 3147 520 3217 prius,
549 3145 619 3202 ad
643 3146 1066 3202 occidentalem
1096 3152 1316 3218 partem
1342 3149 1566 3206 castelli
1591 3151 1776 3206 sancti

131 3230 308 3303 Petri,
337 3238 636 3306 captaque
684 3239 776 3290 est
809 3237 948 3291 urbs
981 3238 1012 3290 4
1043 3237 1190 3291 Νοη.
1229 3237 1402 3305 Junii,
1441 3239 1579 3293 feria
1616 3243 1778 3294 sexta

136 3322 262 3376 ante
298 3325 567 3378 octavam
603 3326 996 3393 pentecostes.
1029 3325 1145 3379 Hoc
1182 3329 1440 3395 tempore
1471 3325 1782 3381 lliltibran—

139 3404 241 3464 dus
267 3424 412 3481 papa
448 3411 508 3466 in
543 3409 786 3466 castello
819 3411 1160 3481 Crescentii,
1192 3414 1345 3482 quod
1379 3412 1548 3482 vulgo
1578 3414 1783 3470 domus

140 3495 472 3555 Theoderici
508 3497 861 3570 appellatur,
887 3498 1172 3570 inclusus,
1200 3503 1579 3572 exspectabat
1614 3517 1783 3559 even-

145 3587 254 3640 tum
283 3587 384 3642 rei.
422 3589 546 3644 Rex
589 3601 729 3644 vero
776 3588 829 3642 in
863 3587 1128 3645 Palatino
1180 3595 1373 3646 monte
1407 3591 1781 3647 munitionem

147 3671 473 3746 instituens,
511 3690 624 3732 non
675 3690 891 3747 paucos
923 3691 1071 3747 quos
1105 3678 1157 3734 in
1191 3678 1450 3748 presidio
1481 3684 1778 3750 posuerat,

146 3767 582 3828 Ingravescente
597 3778 775 3836 super
791 3779 893 3820 eos
905 3766 1132 3822 aestatis
1147 3767 1374 3822 insueto
1391 3766 1784 3837 fervore,ami-

144 3844 245 3903 sit:
276 3849 374 3905 sed
397 3857 457 3908 et
495 3850 643 3907 alios
676 3852 746 3907 de
775 3853 1039 3910 exercitu
1065 3853 1280 3909 multos
1301 3853 1500 3909 eadem
1529 3854 1784 3910 mortali-

147 3937 230 3988 tas
249 3936 590 4010 absumpsit.
616 3970 686 3979 —
709 3940 924 3995 Eodem
966 3943 1230 4012 tempore
1264 3941 1437 4009 legati
1468 3943 1781 3998 Grecorum

143 4032 438 4096 venerunt,
502 4042 740 4083 munera
771 4027 952 4085 multa
985 4033 1044 4084 et
1107 4043 1308 4098 magna
1342 4029 1396 4084 in
1429 4043 1572 4085 auro
1604 4034 1661 4084 et
1695 4044 1785 4085 ar-

142 4115 310 4177 gento
359 4115 634 4186 vasisque
691 4131 755 4172 ac
811 4117 1019 4174 sericis
1075 4117 1412 4173 afferentes.
1452 4119 1782 4174 —Romani

144 4202 326 4254 autem
347 4200 553 4272 viginti
575 4201 811 4258 obsides
851 4204 972 4272 regi
1006 4204 1214 4260 dantes
1237 4203 1326 4237 1‘”
1356 4219 1426 4260 ex
1457 4204 1778 4276 nobilibus,

145 4285 427 4354 petierunt
485 4290 636 4346 diem
691 4289 990 4360 constitui,
1026 4293 1083 4347 in
1143 4307 1256 4362 quo
1289 4306 1434 4364 papa
1493 4297 1549 4348 et
1584 4308 1785 4350 omnes

144 4378 438 4434 senatores
472 4377 528 4433 in
562 4377 649 4412 ί⁸²⁴
683 4379 1039 4450 presentiam
1071 4381 1199 4451 ejus
1231 4381 1495 4437 venirent
1528 4379 1635 4436 1'".
1673 4381 1780 4448 Qui

146 4458 286 4517 diem
310 4465 708 4522 statuensKal.
727 4468 1090 4536 Novembris,
1118 4469 1241 4540 ipse
1264 4470 1333 4526 ad
1360 4474 1628 4526 montana
1647 4486 1782 4526 con-

1880 590 2025 648 papa
2051 576 2104 632 in
2138 577 2487 648 presentiam
2522 577 2649 646 ejus
2679 592 2789 633 non
2821 577 3004 634 venit.
3035 579 3058 601 "
3085 577 3246 634 Unde
3278 576 3518 634 Romani

1878 665 2170 734 commoti,
2223 681 2424 722 manus
2457 667 2578 735 regi
2621 666 2927 736 dederunt,
2968 665 3397 723 Hiltibrandum
3431 663 3523 699 m'

1878 769 2018 810 vero
2054 770 2255 826 papam
2281 755 2629 811 unanimiter
2653 755 2742 788 “’9
2764 755 3134 812 abdicarunt.
3157 754 3263 821 Qui
3287 753 3519 811 occulte

1880 843 2124 911 fugiens,
2162 842 2454 899 Salernam
2482 845 2744 913 secessit,
2771 844 2966 914 ibique
3000 842 3092 876 “3°
3112 843 3182 900 ad
3204 843 3353 899 diem
3374 855 3522 899 mor-

1879 932 1956 987 tis
1978 947 2094 988 suae
2146 932 2804 1002 permansit.—Eodem
2863 947 3012 988 anno
3051 931 3292 1000 Welcfo,
3328 929 3524 1000 Bajoa-

1880 1019 2098 1076 riorum
2122 1025 2289 1076 antea
2323 1023 2368 1044 “
2393 1021 2527 1088 dux,
2565 1023 2882 1088 Augustam
2914 1021 3212 1076 civitatem
3245 1017 3334 1052 “3‘
3369 1033 3523 1076 sum-

1880 1121 1971 1163 mo
2000 1123 2163 1164 mane
2210 1109 2450 1164 intravit
2491 1113 2658 1180 (204),
2695 1109 2965 1178 Sigil‘rido
3000 1107 3088 1141 ¹⁶³²
3118 1108 3396 1178 episcopo
3426 1107 3521 1162 vix

1879 1195 2182 1265 evadente,
2217 1197 2542 1266 Wigoldum
2575 1198 2882 1267 quendam,
2909 1198 3169 1267 ejusdem
3203 1196 3318 1253 loci
3352 1209 3523 1253 cano-

1881 1284 2093 1354 nicum,
2133 1285 2534 1342 intronizavit.

2017 1384 2039 1406 "
2071 1383 2255 1519 νὲηἰιὲ
2277 1383 2384 1519 ἔθα
2418 1384 2649 1439 occulte
2683 1386 2742 1440 C.
2769 1386 2829 1440 D.
2858 1385 2924 1439 Ε.
2955 1383 3168 1441 ceteris
3193 1383 3448 1442 omissis.

2018 1463 2066 1486 "
2137 1477 2227 1519 ees
2332 1504 2344 1517 .

2018 1463 2066 1486 "
2097 1463 2255 1520 deest
2277 1465 2344 1519 C.

1954 1563 2042 1615 18.
2086 1563 2153 1614 Α.
2204 1561 2272 1614 Ι).
2337 1563 2498 1615 1084.
2568 1558 2990 1616 Ηθὶηιιίυυε¹⁸³³
3046 1559 3240 1614 natale
3294 1554 3519 1614 Domini

1877 1645 2072 1702 Romae
2131 1647 2282 1718 apud
2336 1648 2606 1702 Sanctum
2668 1650 2898 1703 Petrum
2958 1647 3300 1714 celebravit,
3362 1645 3520 1701 circa

1879 1734 2165 1790 Kalendas
2201 1751 2338 1790 vero
2387 1736 2679 1791 Februarii
2715 1736 2769 1791 in
2803 1736 3170 1806 Campaniam
3203 1733 3518 1801 transiens,

1799 1840 1851 1900 Β
1883 1824 2067 1894 ipsam
2099 1822 2188 1856 1‘“
2221 1830 2279 1878 et
2339 1839 2598 1893 magnam
2629 1824 2851 1895 Apuliae
2903 1829 3126 1896 partem
3159 1823 3342 1894 cepit.
3382 1822 3522 1876 Post

1887 1913 2009 1968 haec
2046 1927 2148 1983 per
2198 1910 2421 1981 legatos
2453 1914 2840 1969 Romanorum
2871 1918 3114 1981 rogatus
3143 1916 3209 1968 ut
3251 1909 3526 1982 pacificus

1885 2001 2124 2070 rediret,
2185 2004 2419 2057 Romam
2453 2001 2647 2070 rediit,
2678 2007 2735 2056 et
2795 2001 2866 2056 ad
2923 2006 3146 2072 portam
3183 2002 3525 2056 [.ateranen-

1883 2103 2001 2144 sem
2032 2094 2228 2146 castra
2279 2105 2515 2160 ponens,
2549 2105 2747 2146 omnes
2779 2088 2869 2122 ¹⁶³⁸
2899 2089 3212 2146 dediticios
3244 2085 3334 2121 1⁸⁸⁸
3361 2099 3525 2142 acce—

1887 2178 1990 2248 pit,
2027 2177 2282 2248 ipsisque
2314 2179 2336 2200 '
2371 2179 2726 2248 petentibus,
2780 2184 2844 2234 ut
2901 2177 3009 2246 “3",
3042 2177 3175 2248 quia
3209 2174 3518 2238 Hiltibran.

1886 2266 1995 2322 dus
2026 2267 2097 2321 ab
2126 2266 2268 2337 ipsis
2313 2267 2619 2322 abdicatus
2664 2267 2988 2335 aufugerat,
3043 2265 3402 2334 Wigpertum
3433 2259 3526 2295 ¹⁵³⁶

1886 2357 2276 2436 Ravennatem
2306 2354 2397 2388 ‘5”
2444 2356 2781 2427 episcopum
2813 2355 2897 2410 eis
2947 2353 3328 2426 apostolicum
3359 2349 3528 2424 preti-

1886 2448 2068 2512 ceret,
2106 2449 2162 2498 11
2206 2443 2422 2498 Kalend
2482 2444 2701 2515 Aprilis
2761 2446 2927 2517 (265),
2977 2444 3121 2499 feria
3147 2444 3180 2496 6
3211 2446 3345 2498 ante
3375 2439 3526 2497 diem

1892 2531 2231 2602 palmarum,
2270 2531 2467 2587 multis
2516 2533 2786 2602 stipatus,
2839 2547 2966 2588 cum
3001 2546 3203 2601 magna
3234 2529 3419 2600 gloria
3450 2529 3533 2584 in-

1888 2618 2088 2687 travit,
2125 2619 2343 2674 ducens
2377 2635 2570 2674 secum
2599 2620 2925 2690 p"edictum
2956 2622 3003 2644 “
3028 2620 3386 2690 episcopum.
3422 2615 3528 2684 Qui

1891 2707 2158 2776 sequenti
2217 2707 2504 2762 dominica
2562 2706 2751 2776 (Mart
2779 2712 2866 2764 24‘
2899 2723 3000 2778 per
3055 2706 3270 2762 multos
3302 2703 3532 2777 pontiﬁ-

1888 2795 2115 2867 ces“‘°,
2141 2796 2466 2866 apostolico
2515 2797 2731 2853 nomini
2776 2798 3029 2866 dicatus,
3055 2809 3376 2866 nomenque
3406 2793 3530 2849 Cle-

1891 2885 2102 2941 mentis
2131 2885 2444 2955 accipiens,
2473 2889 2808 2941 reverenter
2830 2888 2900 2910 “'
2931 2890 3017 2940 est
3051 2883 3456 2940 intronizatus.
3483 2882 3529 2936 Α

1891 2988 2005 3044 quo
2035 2989 2134 3028 rex
2166 2989 2294 3029 cum
2329 2974 2524 3043 regina
2557 2974 2768 3028 Bertba
2799 2972 2888 3007 1"“
2918 2973 2972 3028 in
3003 2971 3314 3027 ““sancta
3347 2969 3532 3026 domi-

1890 3064 2017 3118 nica
2078 3055 2308 3134 paschae
2383 3062 2666 3133 imperiali
2720 3062 3123 3119 benedictione
3180 3058 3530 3116 sublimatus

1890 3155 2000 3207 est.
2024 3152 2123 3175 ’Μ
2145 3153 2280 3207 Post
2321 3151 2442 3207 hmc
2467 3151 2786 3222 imperator
2829 3150 3132 3206 lleinricus
3162 3149 3233 3205 de
3254 3146 3420 3203 Italia
3449 3145 3534 3202 di-

1889 3238 2184 3308 grediens,
2247 3242 2562 3310 Augustam
2618 3239 2914 3294 civitatem
2950 3237 3039 3271 1‘“
3068 3238 3140 3293 ab
3202 3233 3536 3293 Alamannis

1892 3327 2142 3382 invasam
2177 3327 2408 3382 obsedit
2439 3333 2495 3383 et
2531 3327 2682 3399 cepit
2715 3327 2824 3381 ιω.
2859 3357 2927 3367 -
2959 3327 3240 3382 Defuncto
3265 3320 3535 3393 Sigifrido

1891 3414 2330 3486 archiepiscopo
2363 3416 2708 3485 Mogontino,
2743 3413 2922 3472 Wecil
2953 3414 3044 3447 ¹⁸⁴⁵
3073 3411 3382 3470 successit.

2002 3503 2166 3574 [Anni
2198 3503 2422 3574 imperii
2457 3505 2707 3560 Heinriei
2739 3504 2932 3575 quarti
2967 3502 3052 3574 1.]

2068 3619 2090 3640 ‘
2127 3616 3036 3745 Lusii—(‘gilreﬁccretomittuntc.
3054 3619 3116 3672 D.
3135 3613 3536 3689 Emergentec;

2056 3769 2103 3792 "
2134 3768 2460 3840 predictum
2491 3768 2853 3837 Wigbertum
2876 3767 3218 3837 episcopum
3249 3767 3313 3822 C.
3352 3767 3421 3821 D.
3457 3767 3526 3821 Ε.

2035 3849 2106 3871 “⁶
2145 3862 2203 3903 a.
2244 3847 2542 3904 cathedrae
2575 3847 2732 3902 Petri
2766 3849 2831 3902 C.
2869 3847 3000 3900 1).Ε

2001 3928 2099 3950 ""
2133 3927 2422 3982 i.nomine
2453 3931 2543 3982 est
2577 3927 2710 3982 s.C.
2751 3927 2818 3980 D.
2859 3926 2920 3981 E.

1964 4036 2058 4090 29.
2099 4038 2157 4090 2.
2199 4035 2268 4088 A.
2308 4033 2379 4088 D.
2421 4035 2584 4089 108:5.
2638 4031 2902 4103 Synodus
2956 4029 3258 4101 Mogontiae
3289 4028 3541 4086 habetur

1893 4119 2116 4193 (M122),
2149 4122 2244 4177 cui
2301 4120 2562 4176 interfuit
2623 4121 2974 4192 imperator;
3007 4119 3108 4176 ubi
3167 4115 3539 4190 presentibus

1896 4207 2106 4278 legalis
2143 4211 2531 4266 Romanorum
2546 4211 2587 4279 ',
2605 4225 2808 4266 omnes
2821 4206 3348 4282 episcopirebelles
3363 4206 3539 4277 impe-

1895 4297 2079 4353 ratori
2131 4297 2459 4370 deponendi
2511 4296 2600 4330 1""
2642 4297 3002 4368 iudicantur,
3061 4296 3246 4354 ceteri
3277 4289 3366 4328 “‘7
3397 4309 3538 4350 vero

1896 4387 2284 4456 anathemate,
2336 4391 2394 4442 ut
2418 4385 2508 4420 “‘3
2529 4385 2859 4456 videbatur,
2897 4386 3418 4457 condcmpnantur.
3453 4383 3539 4439 Ibi

1895 4474 2070 4529 etiam
2093 4475 2380 4530 communi
2420 4491 2706 4532 consensu
2734 4481 2907 4546 atque
2951 4473 3196 4530 consilio
3219 4470 3541 4528 constituta

145 4549 362 4604 scendit
390 4553 644 4610 intrante
663 4555 835 4650 Iulio,
865 4555 1061 4626 ibique
1093 4572 1460 4614 commorans
1492 4573 1677 4628 usque
1708 4559 1778 4615 ad
1813 4547 1864 4606 Β
1895 4567 1980 4616 est
2014 4575 2127 4632 pax
2153 4561 2254 4618 Dei
2306 4561 2483 4632 (266).
2547 4563 2665 4618 Non
2699 4561 2882 4618 multo
2915 4564 3042 4632 post
3101 4556 3439 4616 substitutis
3471 4557 3541 4611 ab

1497 4681 1733 4738 VARM‘I
1772 4683 2172 4741 LECTIONES.

210 4765 293 4848 "f’
323 4768 671 4831 luitboldnm
701 4787 858 4834 corr.
889 4773 1239 4848 luitpoldum
1269 4784 1326 4835 1.
1358 4777 1532 4851 liutp.
1563 4783 1622 4834 Α.
1703 4777 1792 4812 ¹⁸²³
1815 4780 2191 4852 hincfolium
2219 4780 2442 4838 excidit
2458 4782 2524 4837 in
2550 4785 2602 4836 1.
2688 4778 2852 4834 m‘v.
2885 4777 2942 4834 in

214 4847 397 4884 nteant.
419 4847 454 4884 εὶ
540 4843 630 4880 1m
661 4845 823 4884 λυοέ
854 4847 881 4884 Α
1017 4846 1108 4880 ηιτ
1141 4847 1240 4884 ηαδ
1275 4853 1326 4884 ορ
1371 4853 1394 4884 I.
1502 4848 1590 4884 tul
1623 4850 1837 4884 hmnh.
1912 4854 1938 4884 Α
2062 4852 2150 4884 tuo
2182 4852 2432 4884 ..ηιιηςιης
2466 4865 2752 4884 Nummus“
2792 4853 2818 4884 ιι

817 4847 916 4902 ΡΑ.
1008 4847 1108 4880 ⁷¹⁶²⁷
1140 4847 1242 4904 sed
1275 4853 1331 4905 et
1367 4853 1424 4905 4.
1473 4847 1590 4884 ἰω
1622 4850 1864 4906 hiltcbr.
1903 4847 1976 4907 AI
2062 4852 2100 4885 ιε

817 4916 906 4989 9⁵³1
938 4919 1138 4974 urbem
1169 4921 1224 4974 4.
1314 4918 1401 4952 ί³³¹
1439 4920 1719 4989 sigel‘rido
1753 4927 1784 4976 5
1875 4927 1966 4977 10.
2011 4926 2100 4978 1|.

147 4837 397 4904 venirent
419 4847 478 4898 2.
540 4843 630 4880 ¹⁸³⁶
660 4845 823 4904 deest
847 4847 916 4902 A.

149 4903 347 4966 ibidem
378 4913 451 4969 ad
484 4919 571 4971 10.
613 4920 700 4972 u.

145 4988 351 5057 aesque
381 4985 469 5057 A._
537 4984 624 5019 ’⁸³⁸
655 4987 976 5057 deditiosos
1003 4991 1103 5044 Dl.
1155 4991 1211 5044 4.

3047 4791 3119 4849 ep
3152 4779 3214 4832 Α.
3300 4773 3387 4808 1m
3404 4785 3550 4849 ροη-

2062 4793 2191 4838 ῑιιινη
2219 4793 2442 4862 excidat
2458 4793 2524 4837 ut
2550 4793 2602 4836 1.
2688 4793 2852 4834 m'v.
2885 4793 2942 4834 in
3047 4793 3119 4860 ep
3152 4793 3214 4832 Α.
3300 4793 3387 4808 ιη·
3404 4793 3514 4831 con

2062 4852 2150 4886 ¹⁸²⁹
2182 4867 2434 4908 unanimi
2465 4865 2752 4907 consensu
2790 4853 2822 4905 4
2951 4847 2972 4882 ί
2997 4847 3044 4881 ³ο
3071 4866 3115 4904 ι.
3151 4845 3438 4918 usquead
3469 4848 3527 4900 4.

2187 4921 2276 4955 ιιδδ
2308 4924 2353 4977 Η
2367 4964 2379 4976 ο

2445 4935 2546 4976 rex
2575 4922 2637 4976 E.
2716 4919 2804 4953 ¹³³⁴
2831 4919 3131 4990 ipsamque
3162 4913 3265 4990 4.ξ
3304 4913 3394 4948 ⁸⁸³⁸
3424 4930 3540 4990 om-

1272 4987 1533 5046 dcdicios
1585 4993 1684 5046 El.
1723 4993 1776 5046 in
1810 4991 2168 5048 deditionem
2210 4997 2298 5046 11.
2339 4999 2408 5047 Α.
2447 4991 2510 5046 S.
2595 4989 2684 5024 “3"
2715 4987 3526 5058 utéaufugeratrdeanntri

149 5051 272 5132 gilii}
336 5054 714 5132 _cpisco_pum
737 5051 981 5132 “desunt
1004 5063 1054 5115 4.
1079 5058 1226 5132 Ἆγι-⁸³⁸
1256 5061 1658 5132 wchebertum
1690 5068 1748 5116 2.
1835 5061 1924 5096 ¹⁸³⁰
1956 5077 2374 5118 ravennensem
2405 5066 2464 5117 9.
2551 5061 2642 5094 ¹⁵⁸⁰
2670 5061 2984 5132 episcopos
3161 5057 3250 5091 1'“
3279 5057 3440 5132 degat
3469 5059 3527 5112 4.

151 5114 304 5174 berta
335 5114 439 5178 E11

521 5125 692 5202 “_‘_'__i6
713 5129 810 5202 die
841 5145 896 5200 p.
932 5131 988 5185 4.
1076 5129 1164 5202 ¹⁷⁴Ϋ
1199 5131 1397 5186 urbem
1430 5133 1486 5186 4.
1572 5131 1662 5202 ηδε
1698 5133 1924 5202 accepit
1958 5138 2044 5188 10.
2079 5137 2170 5188 1t.

2257 5133 2346 5165 1‘“
2375 5132 2544 5189 wezil
2577 5135 2682 5188 Dt.
2709 5127 2816 5188 '10.
2863 5127 2944 5186 11.
2979 5129 3157 5186 vvicil.
3187 5134 3247 5186 2.
3332 5127 3423 5162 ¹⁶⁴⁶
3452 5141 3540 5184 re-

151 5190 387 5253 ponendi
421 5197 477 5251 4.
559 5196 647 5231 ¹⁸⁴⁷
675 5198 771 5255 alii
805 5190 866 5255 ut
899 5215 960 5255 v.
1002 5201 1350 5256 anathemati
1385 5217 1442 5258 c.
1484 5204 1539 5256 4.
1627 5201 1715 5234 ³⁸⁸⁸
1749 5205 1808 5258 ut
1839 5190 1902 5258 'v.
1928 5202 2158 5260 desunt
2186 5206 2256 5260 A.

1716 5316 1942 5373 ΝΟΤᾸΕ.

219 5394 357 5482 (262)
389 5402 738 5476 Hochstedt;
767 5411 849 5466 cf.
890 5411 1042 5466 Ann.
1081 5413 1330 5482 August.
1378 5416 1434 5466 et
1472 5411 1745 5469 Bernold.

223 5481 366 5672 ﬁgi)
391 5540 530 5609 jam.
569 5561 626 5602 a.
669 5551 820 5620 1081,
858 5553 1007 5622 Aug.
1046 5555 1104 5608 9.

352 5611 368 5672 )
402 5613 485 5670 Cf.
528 5617 674 5672 Ann.
715 5621 964 5672 August.
1004 5636 1060 5672 a.

351 5611 368 5681 )
402 5613 485 5670 Cf.
528 5617 674 5672 Ann.
715 5611 976 5691 August?
1004 5636 1060 5678 a.
1104 5625 1264 5679 1084.

1972 5415 2120 5485 (265)
2145 5413 2383 5470 Rectius
2404 5412 2526 5470 dies
2545 5427 2797 5484 sequens
2815 5412 2995 5470 statui
3014 5411 3276 5479 videtur;
3296 5410 3543 5470 cf.Sten-

1906 5485 2015 5553 zel,
2050 5486 2118 5555 ll,
2155 5501 2188 5556 p
2242 5488 2372 5541 283.
2945 5545 2952 5552 ,

1972 5555 2120 5628 (266)
2153 5554 2318 5617 Edita
2350 5559 2444 5611 est
2477 5568 2633 5610 mou.
2672 5555 2849 5626 Legg.
2890 5555 2959 5625 ll,
2997 5568 3060 5626 p.
3099 5557 3166 5610 55
