3962 6326
489 386 609 452 956

1646 377 2129 446 EKKEHARDI
2169 374 2725 445 URAUGIENBIS

491 521 846 596 imperatore
869 533 972 594 per
992 516 1332 593 parrochias
1355 515 1758 575 abdicatorum
1774 513 2128 588 presulihus,
2163 516 2216 577 A
2249 513 2514 588 (April),
2550 513 2646 572 ubi
2681 513 2819 574 Otto
2859 510 3173 586 episcopus
3203 510 3492 573 Ostiensis
3515 512 3746 578 interfuit
3769 521 3830 581 lo-

489 620 548 678 in
581 620 772 678 locum
805 617 1194 675 Adelbcronis
1241 615 1649 686 Meginbardus
1681 613 1790 685 ιω,
1825 627 2136 672 conversa-

489 710 647 766 tione
679 708 1017 782 probabilis,
1044 707 1262 763 litteris
1293 707 1468 763 etiam
1494 705 1585 739 “5°
1612 710 1669 761 et
1701 705 1931 777 ingenio
1959 709 2134 776 atque

495 799 760 854 facundia
785 796 927 852 nulli
955 811 1098 866 pene
1125 795 1436 865 secundus,
1461 794 2136 864 Wirciburgensimccle-

486 886 586 943 size
615 885 804 957 presul
853 883 1177 940 ordinatur.
1195 885 1594 954 "—Recepto
1621 883 1736 953 jam
1760 897 1790 938 a
1814 882 2136 938 Saxonibus

493 973 728 1045 paciﬁce
754 973 1104 1044 imperatore
1128 971 1422 1042 Heinrico,
1457 971 1686 1042 quidam
1709 971 1963 1027 marcbio
1988 973 2134 1043 (267)

489 1061 838 1129 Eggihcrtus
893 1057 1004 1129 “‘1,
1042 1060 1415 1130 imperatoris
1466 1060 1639 1116 etiam
1672 1058 1763 1092 “‘5’
1793 1059 2136 1129 consangui-

488 1166 650 1208 licus.
679 1149 857 1204 armis
887 1153 1164 1205 strenuus
1187 1152 1244 1202 et
1265 1149 1560 1204 animosus
1583 1153 1757 1218 atque
1790 1147 2131 1216 ditissimus,

493 1237 704 1294 iterum
733 1238 787 1292 in
823 1236 1067 1292 Saxonia
1100 1242 1304 1293 contra
1339 1237 1750 1308 imperatorem
1770 1235 2135 1306 tyrannidem

494 1325 822 1382 suscitavit.
840 1326 959 1392 Qua
985 1326 1240 1395 cognita,
1265 1325 1653 1396 imperatorin
1680 1325 1978 1380 Franciam
2003 1338 2134 1395 pro-

495 1431 632 1486 prro
657 1413 1162 1470 rcdiit.-—Eodem
1211 1428 1360 1469 anno
1410 1413 1685 1469 condicto
1716 1418 1832 1468 tam
1859 1414 1930 1468 ab
1955 1411 2138 1466 inimi-

487 1503 574 1558 cis
625 1517 794 1572 quam
849 1503 1050 1558 amicis
1091 1501 1181 1534 1⁸³³
1225 1502 1594 1572 imperatoris
1626 1499 1715 1534 1⁵⁸⁸
1746 1501 2041 1571 colloquio
2083 1500 2134 1554 in

486 1590 795 1661 Tliuringia
821 1592 986 1660 (Jan.
1027 1593 1140 1660 20),
1179 1590 1230 1645 in
1266 1589 1357 1622 ί⁵⁵⁸
1407 1589 1536 1646 loco
1566 1590 1660 1658 qui
1723 1588 2018 1644 Berchacb
2049 1585 2138 1619 1⁵⁸⁸

489 1678 708 1734 dicitur
749 1677 918 1748 (268),
953 1678 1374 1734 conveniebant
1435 1692 1506 1733 ex
1537 1680 1787 1746 utraque
1818 1681 1986 1747 parte
2016 1675 2140 1745 qni-

485 1782 734 1837 cumque
759 1767 1174 1838 sapientissimi
1201 1767 1271 1821 de
1294 1766 1672 1838 Optimatibus
1698 1765 2134 1835 judicabantur,

2245 610 2418 675 gatus
2451 602 2801 660 Hiltibrandi
2836 618 3018 676 papae,
3053 603 3236 675 ipsam
3267 600 3358 636 “7'
3387 602 3612 664 nimium
3638 606 3714 643 “77
3729 626 3828 668 νεα.

2247 693 2486 751 tilantes
2519 693 2768 750 heresim
2803 691 3121 749 chilonis
3149 692 3458 765 ipsumque
3485 695 3577 719 "'"
3602 695 3828 757 heresiar.

2244 783 2416 840 chum
2446 780 2536 814 ³³⁷⁸
2583 780 2971 854 appellarent,
3023 785 3228 838 contra
3263 779 3432 838 ﬁdem
3462 782 3667 842 scilicet
3703 786 3822 846 illum

2247 869 2677 941 dogmatizasse
2710 869 3041 940 culpantes,
3090 869 3268 940 quod,
3304 871 3569 940 quamdiu
3599 874 3711 944 quis
3735 879 3824 934 suis

2247 957 2534 1030 spoliatus
2565 957 2655 991 ³⁸⁷⁸
2686 957 2762 1014 sit
2793 958 2989 1028 rebus,
3022 956 3258 1015 divinus
3291 973 3401 1014 non
3433 960 3701 1032 subjaceat
3723 963 3824 1034 legi-

2249 1048 2373 1104 bus.
2407 1078 2477 1087 —
2500 1046 2903 1104 Hiltibrandus
2927 1059 3098 1118 papa,
3151 1047 3249 1118 qui
3287 1051 3343 1102 et
3387 1049 3674 1116 Gregorius
3693 1055 3826 1124 septi-

2247 1151 2393 1206 mus,
2427 1135 2580 1207 apud
2634 1134 2928 1190 Salernam
2963 1134 3211 1192 moritur
3257 1133 3434 1203 (Mai.
3471 1138 3558 1208 25)
3585 1141 3636 1194 et
3663 1139 3824 1196 ibidem

2249 1225 2303 1280 in
2337 1222 2602 1280 :ecrzlesia
2636 1221 2942 1294 sepelitur.
2989 1223 3089 1279 Cui
3140 1224 3650 1282 Northmannorum
3676 1233 3722 1282 et
3748 1229 3826 1284 tia-

2249 1311 2450 1369 thildis
2481 1311 3089 1382 illius-potentissimae
3123 1327 3229 1384 per
3261 1311 3482 1368 Italiam
3507 1314 3703 1370 femina:
3727 1331 3826 1372 cun-

2248 1400 2730 1470 ctorumque‘“"
2754 1399 3041 1470 ejusmodi
3061 1405 3281 1456 sectam
3304 1401 3660 1458 emulantium
3683 1418 3826 1460 assen-

2251 1503 2340 1557 su,
2367 1487 2724 1556 Desiderius,
2771 1487 3092 1544 cardinalis
3121 1489 3418 1545 Romanus
3447 1495 3505 1546 et
3535 1490 3692 1547 abbas
3716 1494 3828 1548 Casi-

2250 1576 2468 1646 nensis,
2489 1590 2662 1632 verus
2688 1575 2902 1632 Christi
2928 1575 3199 1646 famulus,
3219 1577 3360 1633 licet
3375 1576 3603 1634 multum
3623 1581 3826 1636 eordesl-

2251 1663 2368 1721 mul
2385 1669 2443 1720 et
2458 1679 2704 1736 corpore
2719 1666 3000 1735 renitens,
3018 1664 3555 1722 substituitur“““
3569 1666 3824 1738 (an.1086);

2251 1752 2352 1810 sed
2402 1767 2531 1809 cum
2591 1753 2930 1809 infirmitate
2986 1753 3149 1823 gravi
3183 1754 3481 1822 laborans,
3511 1753 3574 1810 ad
3603 1769 3823 1812 summum

483 1871 769 1910 canonum
817 1855 1176 1911 auctoritate
1210 1855 1538 1924 probaturi,
1589 1853 1680 1909 cui
1719 1853 1870 1924 parti
1899 1852 2134 1923 justicia
2167 1869 2220 1930 Β
2251 1841 2404 1898 hunc
2434 1839 2526 1874 ¹⁵⁸⁰
2557 1841 2779 1930 apicem
2821 1841 3056 1930 im'itrus»
3093 1841 3270 1897 immo
3324 1842 3582 1912 captivus
3609 1845 3825 1930 PmVehe'

483 1944 738 2006 faveret;
774 1943 1131 2014 imperatore
1177 1947 1368 1997 tamen
1401 1943 1681 2006 absente;
1715 1941 1798 1997 sic
1830 1941 1979 1995 enim
2011 1941 2134 2011 ipse

483 2031 812 2086 consensit.
854 2030 1072 2087 Electis
1119 2031 1298 2100 igitur
1325 2029 1414 2063 ³⁵⁵⁷
1445 2030 1590 2086 satis
1625 2029 1902 2085 litteratis
1931 2033 1991 2084 et
2019 2029 2137 2084 elo-

480 2118 797 2189 quentibus
845 2119 1010 2185 viris,
1047 2119 1179 2174 hinc
1211 2119 1506 2175 Wecilone
1537 2116 1628 2150 ³⁸⁵⁸
1659 2117 1990 2187 Mogontino
2022 2115 2133 2188 ³⁵⁸³,

481 2207 645 2263 illinc
676 2206 1021 2263 Gebehardo
1072 2206 1164 2240 ¹⁸⁶⁰
1195 2206 1605 2275 Salzburgensi
1651 2205 2130 2276 archiepiscopis,

481 2295 812 2366 disputatio
829 2299 1020 2365 erepta
1045 2299 1153 2351 est.
1187 2294 1446 2350 Affirmat
1486 2292 2136 2364 Gebehardus“‘1,pro-

481 2388 736 2455 ponente
753 2384 862 2439 hoc
881 2383 1353 2454 priusWecilone
1368 2381 1476 2452 πυ,
1497 2382 1905 2453 imperatorem
1922 2397 2032 2437 non
2045 2379 2136 2414 ³⁸⁸³

484 2471 941 2541 injustojudicio
963 2477 1080 2526 tam
1104 2485 1281 2540 regno
1301 2486 1468 2542 quam
1482 2470 1886 2526 communione
1909 2476 2134 2541 aposto-

482 2559 578 2616 lici
640 2559 928 2615 sententia
993 2557 1322 2630 privatum;
1371 2562 1612 2614 econtra
1643 2557 1734 2592 ³⁵⁸⁸
1784 2557 1964 2614 Wecil
2020 2557 2129 2631 1⁸⁸⁵,

493 2647 787 2704 dominum
848 2661 1012 2704 suum
1073 2645 1454 2718 prejudicium
1511 2662 1622 2703 non
1680 2646 1868 2703 minus
1923 2663 1953 2703 a
1987 2661 2132 2718 papa

486 2750 658 2806 quam
692 2749 722 2790 a
771 2735 1133 2806 principibus
1187 2750 1420 2806 passum
1455 2735 1778 2804 contendit,
1841 2735 1973 2792 dum
2003 2737 2132 2807 ipso

487 2824 638 2897 apud
672 2825 981 2880 Canusium
1041 2823 1132 2857 1'“
1163 2823 1219 2878 in
1273 2823 1678 2880 satisfactione
1711 2824 1922 2895 posito,
1957 2824 2130 2879 immo

479 2913 595 2982 jam
627 2927 657 2968 a
692 2925 839 2984 papa
868 2912 923 2968 in
979 2911 1439 2968 communionem
1472 2915 1730 2982 recepto,
1761 2912 2009 2968 alterum
2039 2927 2134 2968 su-

481 3015 585 3072 per
616 3016 680 3058 se
715 3015 904 3070 regem
931 3000 1248 3056 elevarent.
1277 2999 1503 3070 Adjecit
1527 3000 1702 3056 etiam
1727 3000 1878 3056 idem
1902 3001 2132 3071 Mogon-

483 3089 660 3159 tinus,
697 3089 850 3160 quod
905 3087 1244 3160 imperator,
1279 3088 1374 3144 diu
1425 3087 1540 3158 jam
1572 3087 1661 3121 “‘7
1691 3103 1720 3144 a
1755 3089 2001 3144 Saxonis
2035 3090 2130 3145 de-

2251 1935 2434 2000 retur,
2453 1929 2727 2000 precibus
2750 1929 3024 2000 optinuit,
3043 1933 3103 1986 ut
3130 1929 3283 1985 infra
3308 1945 3419 1985 non
3443 1930 3640 1986 multos
3657 1929 3758 1987 dies
3772 1946 3823 1986 ex

2248 2017 2354 2073 hac
2385 2017 2504 2073 vita
2547 2016 2854 2074 tolleretur
2887 2018 3030 2087 (269)
3066 2017 3195 2086 (ait.
3243 2021 3429 2090 1087).
3467 2019 3597 2075 Post
3621 2019 3725 2076 haec
3749 2033 3824 2090 per

2246 2101 2483 2162 eosdem
2517 2103 2806 2162 electores
2833 2110 2888 2162 et
2925 2106 3304 2162 ordinatores
3325 2105 3612 2177 prodictus
3626 2104 3702 2139 ¹⁵⁶¹
3719 2105 3822 2162 Otto

2245 2195 2558 2266 episcopus
2599 2194 2889 2250 Ostiensis
2935 2194 3124 2250 eidem
3165 2195 3358 2252 oﬁlcio
3414 2193 3690 2264 delegatur
3723 2195 3816 2264 (an.

2249 2282 2429 2354 1088),
2482 2285 2823 2352 mutatoque
2855 2282 3025 2308 “‘”“
3067 2283 3329 2340 Romano
3379 2297 3532 2340 more
3578 2281 3820 2350 vocabulo,

2246 2371 2515 2428 Urbanus
2549 2369 2907 2442 appellatur.

2386 2459 2409 2481 "
2439 2457 2820 2527 Wigbertinis
2851 2459 2908 2513 C.
2943 2459 3014 2514 D.
3055 2459 3122 2514 E.

2387 2529 2434 2552 ”
2463 2529 2533 2584 D.
2575 2530 2633 2584 E.
2669 2532 2887 2602 6-11,
2940 2529 3180 2602 addunt
3209 2549 3223 2584 :
3259 2529 3466 2601 dignus
3497 2530 3584 2602 qui
3608 2528 3684 2564 1‘”
3707 2529 3820 2586 alius

2458 2601 2740 2672 temporis
2771 2603 2937 2672 esset;
2960 2600 3307 2672 episcopus.

2385 2669 2698 2741 ΜΑΝοίοω
2719 2701 2789 2711 -
2806 2669 3035 2741 legibus
3063 2669 3288 2729 desinit
3309 2673 3374 2726 C.

2384 2736 2486 2766 “"
2513 2742 2666 2810 quod
2696 2736 3050 2798 dictu'nefas
3078 2747 3175 2798 est
3203 2742 3383 2800 addit
3407 2744 3468 2798 Α.
3495 2741 3738 2800 deleri“.

2385 2810 2506 2882 *Ψ*
2537 2813 3044 2882 Romanorumque
3070 2827 3362 2871 consensu
3391 2814 3456 2868 C.

2384 2879 2532 2954 ῗῗέῗέέ
2561 2898 2614 2938 s.
2654 2887 2710 2938 et
2742 2879 3313 2954 Victor'appellatur
3344 2885 3410 2940 C.

2383 2951 2556 3016 imm
2587 2955 2926 3024 mutatoque
2944 2951 3372 3024 r-‘éppellatur
3398 2969 3427 3010 ε
3453 2967 3590 3010 corr.
3632 2959 3683 3024 1.
3711 2965 3812 3022 quo-

2486 3035 2623 3096 rum
2636 3022 3052 3096 locoAiltqbet:
3077 3022 3314 3096 hocque
3326 3025 3588 3082 defuncto
3607 3023 3810 3080 Urbanus

2487 3094 2720 3164 quidam
2751 3093 2807 3150 in
2831 3094 3034 3150 eadem
3055 3094 3200 3152 sede
3219 3093 3293 3152 ab
3314 3096 3404 3152 bis
3425 3095 3718 3152 ordinatur.

484 3176 690 3249 pulsus
717 3180 776 3232 et
808 3175 1087 3270 regnandi
1123 3175 1290 3270 copia
1328 3175 1501 3232 etiam
1532 3177 1604 3231 ab
1636 3175 1733 3270 illa
1767 3164 2128 3270 dissensione
2158 3209 2209 3270 (τ
2309 3182 2402 3236 30.
2459 3185 2518 3236 3.
2573 3183 2644 3238 Α.
2701 3184 2772 3239 D.
2831 3181 2920 3216 ⁸⁸⁸³
2977 3186 3139 3240 1086.
3209 3185 3508 3242 Heinricus
3561 3183 3809 3254 imperator

481 3281 610 3336 quas
639 3270 774 3322 ante
823 3262 1174 3321 Ruodolfum
1226 3265 1375 3320 facta
1429 3265 1814 3334 prescribitur
1844 3264 2130 3336 spoliatus
2165 3262 2208 3270 “’
2239 3267 2545 3324 Saxoniam
2615 3274 2838 3326 vastat.
2875 3302 2946 3310 —
2976 3271 3313 3342 Wirciburg
3367 3287 3396 3329 a
3453 3271 3731 3327 Saxonibus
3768 3270 3810 3321 et

479 3369 584 3410 nec
615 3353 815 3410 vocari
870 3367 978 3408 nec
1021 3352 1271 3422 judicari
1328 3367 1435 3408 nec
1495 3353 1793 3424 dampnari
1849 3353 2128 3410 canonice

479 3441 806 3499 debuisset.
846 3443 964 3498 Hoc
1019 3441 1396 3496 Gebehardus
1428 3439 1518 3474 ‘“'
1548 3441 1878 3512 improbare
1909 3442 2122 3512 nitens,

473 3531 686 3586 asserit
719 3529 831 3600 ’m,
865 3529 1150 3586 neminem
1182 3544 1285 3600 per
1309 3528 1400 3562 “7°
1427 3531 1536 3585 hoc
1559 3529 1770 3586 divinis
1791 3530 2122 3587 absolutum

471 3618 722 3689 legibus,
771 3619 816 3674 si
853 3619 1002 3674 forte
1057 3633 1161 3676 sua
1215 3618 1473 3689 qualibet
1527 3633 1589 3676 re
1623 3619 1889 3676 familiari
1951 3620 2123 3676 fuerit

469 3707 778 3780 spoliatus,
815 3712 1032 3778 quanto
1063 3707 1253 3764 minus
1284 3721 1405 3778 rex,
1435 3707 1530 3778 qui
1557 3707 1824 3777 Saxonia,
1851 3722 1980 3778 qua
2012 3723 2122 3764 non

471 3811 640 3854 suum
686 3797 987 3853 dumtaxat
1017 3797 1306 3868 predium,
1341 3797 1445 3853 sed
1487 3796 1709 3852 Domini
1745 3797 1824 3852 sit
1855 3811 2117 3868 regnum,

470 3885 567 3958 qui
598 3885 833 3942 Daniele
881 3884 975 3941 vel
1033 3885 1162 3956 ipso
1207 3900 1350 3956 rege
1407 3885 1941 3942 Nabuchodonosor
1967 3890 2120 3942 teste

467 3973 655 4043 (Dan.
695 3989 772 4044 ιν,
810 3973 898 4044 14)
947 3973 1286 4044 circumque
1331 3972 1585 4030 voluerit
1613 3973 1709 4030 dat
1744 3973 1930 4042 illud;
1988 3989 2117 4030 cum

465 4062 644 4118 etiam
683 4065 819 4119 ante
841 4061 1112 4118 amissam
1141 4061 1447 4118 Saxoniam
1480 4061 1644 4132 prius
1667 4062 1738 4118 ab
1761 4060 2113 4132 Alexandro,

467 4159 677 4217 dehinc
710 4173 739 4215 a
772 4158 1140 4215 Hiltibrando
1173 4163 1434 4229 vocatus,
1486 4159 1830 4216 satisfacere
1861 4163 2118 4216 contem-

2238 3355 2575 3439 alamannia
2603 3359 2916 3416 obsidetur
2966 3358 3171 3430 (Νι).
3213 3361 3296 3416 Ad
3327 3368 3490 3432 quam
3519 3354 3808 3415 liberandam

2237 3444 2558 3516 lmperator
2601 3447 2902 3518 copiosum
2956 3452 3073 3504 tam
3106 3447 3370 3520 peditum
3425 3463 3580 3520 quam
3604 3445 3808 3516 equitum

2235 3539 2554 3604 congregat
2605 3535 2952 3606 exercitum,
3005 3549 3316 3608 pugnaque
3365 3536 3521 3607 juxta
3567 3521 3814 3590 Bleichfelt

2235 3621 2544 3678 commissa
2593 3623 2774 3695 (Aug.
2811 3626 2923 3696 11),
2971 3623 3306 3695 digreditur
3349 3625 3556 3696 absque
3581 3619 3799 3678 victoria.

2234 3709 2359 3766 Mox
2381 3711 2528 3766 urbe
2549 3711 2620 3766 ab
2644 3711 2910 3768 hostibus
2933 3717 3122 3784 capta,
3149 3713 3464 3786 episcopus
3486 3707 3812 3769 Adelberoin-

2233 3795 2591 3868 traducitur,
2621 3797 2947 3870 relictoque
2975 3814 3105 3856 cum
3129 3815 3200 3856 eo
3230 3800 3464 3858 militari
3495 3796 3725 3872 presidio,
3751 3793 3806 3850 ad

2231 3886 2471 3957 propria
2497 3887 2744 3960 quisque
2756 3887 3168 3959 proﬁciscitur.
3191 3889 3304 3946 Sed
3324 3887 3491 3962 paulo
3509 3891 3630 3960 post
3645 3884 3802 3941 eadem

2231 3975 2372 4030 urbs
2393 3975 2465 4031 ab
2480 3974 2832 4046 imperatore
2863 3977 3166 4048 recipitur,
3183 3977 3537 4050 expulsoque
3550 3971 3803 4030 Adelbero-

2228 4077 2300 4119 ne
2331 4077 2461 4120 cum
2493 4063 2637 4135 suis,
2673 4064 3080 4135 Meginbardus
3107 4066 3460 4124 restituitur.

2298 4155 2391 4206 31.
2433 4155 2492 4206 4.
2533 4154 2604 4208 Α.
2640 4154 2712 4208 D.
2769 4155 2932 4210 1087.
2998 4153 3382 4224 nerimannus
3435 4152 3590 4222 (270),
3646 4146 3800 4204 falso'

469 4256 700 4329 psisset.
735 4256 828 4312 Sic
877 4255 1074 4328 itaque
1103 4255 1192 4290 ³⁸⁷³
1223 4257 1516 4327 utrimque
1551 4260 1716 4328 parte
1749 4271 1849 4314 sua
1883 4259 2113 4314 favente
2226 4239 2385 4310 regis
2413 4241 2646 4329 ροωίηθ
2673 4241 2964 4314 deposui):
2999 4242 3384 4314 Ρθτωίεείοηθ
3409 4229 3795 4329 ίῐηρθτθίτοτίὲθά

468 4359 644 4424 atque
677 4351 766 4387 “7'
817 4353 1192 4423 acclamante,
1229 4351 1319 4386 ³⁸⁷⁸
1377 4353 1699 4410 discessum
1749 4357 1865 4410 est.
1904 4385 1974 4394 —-
2006 4355 2114 4411 No-

471 4454 594 4508 tum
607 4451 884 4507 mtamen
907 4454 1015 4521 est,
1033 4448 1187 4522 quod
1211 4448 1452 4504 eandem
1469 4449 1816 4506 sententiam
1843 4451 2112 4508 adversa-

466 4547 537 4602 rii
572 4546 944 4620 imperatoris
991 4551 1157 4602 tanto
1215 4545 1677 4616 insequebantur
1721 4545 1811 4580 “7‘
1843 4546 1988 4618 zelo,
2021 4551 2106 4618 ut,
2140 4561 2192 4622 Ι)

461 4644 662 4702 habito
721 4643 1088 4718 postmodum
1121 4643 1177 4698 in
1232 4641 1706 4713 Quitilingoburg
1734 4642 1826 4678 ³⁵⁷⁵
1855 4645 2108 4702 concilio

2225 4327 2458 4400 propria
2517 4343 2811 4400 reversus,
2847 4333 2974 4401 post
3034 4345 3251 4402 paucos
3277 4331 3403 4388 dies
3459 4330 3506 4384 in
3556 4321 3790 4396 cujusdam

2223 4415 2422 4488 oppidi
2453 4415 2758 4474 obsidione
2784 4415 3037 4474 interiit.
3077 4421 3128 4474 ‘1

2361 4505 2386 4528 ‘
2415 4503 2578 4562 deest
2601 4507 2671 4561 D.
2713 4507 2775 4562 E.
2807 4519 2950 4563 vano
2983 4507 3040 4563 C.

2362 4575 2384 4598 "
2416 4577 2470 4647 1)
2503 4579 2588 4648 10.
2623 4581 2704 4632 11.
2763 4576 3038 4635 addwnt:
3071 4576 3237 4634 Motis
3292 4573 3578 4648 sepelitur.
3604 4567 3788 4628 M361"

2431 4647 2607 4704 ποωο
2633 4660 2692 4703 α.
2728 4650 2891 4704 1088.

1825 4733 2062 4790 VARUE
2102 4732 2500 4792 LECTIONES.

531 4821 622 4894 F"?
653 4821 1033 4894 megenb.__i_t_.
1061 4818 1309 4894 Ameinh.
1355 4823 1434 4894 2;
1498 4819 1590 4894 ¹ξ³⁰
1619 4819 1783 4894 deest
1824 4824 1880 4876 4.
1964 4820 2056 4894 ίξξί
2086 4821 2427 4894 ekkibertus
2458 4826 2516 4894 ti.
2553 4822 2752 4894 egeid.
2819 4826 2879 4880 2.

2960 4821 3053 4857 ’“’
3082 4822 3246 4882 deest
3295 4825 3354 4879 4.
3433 4819 3518 4854 ⁸⁸⁵³
3545 4818 3609 4875 ab
3651 4826 3721 4870 am
3745 4812 3790 4863 6-

459 4891 550 4927 ⁸⁵⁵⁸
583 4884 844 4952 ἀσσδΓΑ.
927 4890 1018 4926 ¹⁶⁵⁸
1046 4891 1140 4949 ita
1169 4891 1241 4946 Α.
1281 4892 1351 4946 D.
1393 4893 1461 4947 E.
1499 4891 1662 4949 deest
1688 4894 1755 4948 2?
1785 4896 1843 4948 6.
1905 4891 2047 4950 rell.
2129 4891 2222 4928 1⁸⁸⁸
2253 4893 2506 4950 berbach
2541 4884 2623 4949 Αῗ
2681 4895 2958 4952 bercbae.
2999 4897 3057 4951 4.
3099 4895 3316 4952 berbha
3369 4895 3426 4948 9°
3497 4889 3578 4924 1⁸⁵⁷
3601 4898 3716 4954 ergo
3735 4884 3782 4936 2.

456 4963 550 5035 if“?
576 4963 873 5035 wecelone
901 4967 963 5017 Α.
1021 4961 1082 5020 et
1117 4961 1324 5035 ipfm.
1408 4960 1500 5035 {‘5'
1529 4963 1866 5032 maguntino
1923 4968 1997 5035 5._
2023 4963 2082 5020 et
2116 4963 2208 5022 ita
2241 4963 2443 5035 infra.
2503 4965 2850 5035 moguntina
2881 4967 2954 5022 A.
3038 4964 3132 4999 ¹⁸⁶⁰
3181 4962 3506 5022 Everhardo
3533 4956 3707 5035 salizb.
3736 4957 3780 5035 βο

456 5033 547 5068 ¹⁶⁸¹
577 5034 949 5092 Everbardus
979 5037 1038 5090 2.
1125 5031 1214 5066 ⁸⁵⁸³
1244 5032 1542 5090 wecelone
1580 5031 1644 5088 δῖ
1675 5037 1759 5091 9°.
1817 5033 2119 5090 wezelone
2147 5036 2219 5090 Α.

1003 5103 1096 5140 ί⁸⁶⁵
1123 5103 1306 5162 wecel
1357 5108 1442 5160 9°.
1526 5101 1618 5138 ³⁸⁸⁸
1671 5105 2014 5162 canusinum
2048 5107 2119 5160 Α.
2209 5103 2301 5138 ³⁸⁸⁷

459 5107 524 5160 A.
569 5104 660 5139 ¹⁸⁶⁴
699 5120 794 5162 ee.
860 5109 920 5161 2.

2321 5033 2389 5108 ⁸9
2414 5023 2638 5108 judicio
2676 5035 2842 5108 justo
2874 5038 2931 5108 4.
2989 5035 3206 5108 injuste
3235 5035 3572 5108 eon'._j_usto
3593 5024 3702 5108 jud,‘

2350 5090 2468 5176 jain
2502 5090 2626 5162 diu
2655 5090 2714 5161 ἐξ.
2740 5090 2832 5146 “'5
2879 5090 3208 5164 ἐνθὶέίᾶοὲ
3387 5090 3473 5138 ³⁸³⁸
3501 5090 3706 5157 asseruit

458 5157 764 5265 513319136
775 5157 893 5265 ἐξ
891 5157 921 5265 ᾀ
948 5175 1014 5265 ’."'
1019 5175 1040 5210 ⁸
1070 5157 1528 5265 ἱξξᾳξςξέῗίῗζξις
1555 5176 1630 5265 :3.-
1677 5157 3089 5265 ξῗῗῗῗέἔέῖὲἐρῖεὲ.3ιέιῖῗ⁸ἶὶἷιίέθίέξὲςιξιεεῖιῖῗῗῖί
3104 5157 3786 5265 Ϊᾶῐιέεἷξὲηέιξτεξπάιεὲ

459 5231 922 5317 quitiliiigoburg
955 5249 1026 5303 A.
1067 5231 1528 5318 quitilingeburg
1554 5247 1652 5303 E1.
1678 5231 1907 5318 quintil.
1931 5247 2067 5305 alii.
2104 5231 2237 5302 “"i
2287 5231 2615 5317 samquen.
2644 5231 2980 5306 ίίίιίτλϊῖιί
3065 5261 3126 5305 se
3162 5231 3450 5319 Ξὶῖἐὼνγοι
3487 5231 3788 5296 ν182.³⁵⁷³11θ-

459 5315 1067 5376 resiarchemf‘lworr.
1105 5316 1546 5374 heresiarchum
1581 5321 1631 5374 1.
1665 5333 1760 5376 um
1791 5331 1822 5375 θ
1849 5331 2001 5376 corr.
2035 5317 2108 5374 Α.
2193 5261 2286 5352 “‘P’
2314 5316 2508 5376 exnol.
2544 5332 2595 5374 a.
2676 5316 2770 5352 1'”
2799 5261 3066 5376 deum
3090 5264 3181 5354 ‘3‘
3207 5319 3277 5376 in
3293 5298 3774 5376 marginatdml.

458 5315 1546 5388 {esiarcbem(?)’em.'heresiarchum
1581 5321 1631 5374 1.
1665 5315 1760 5376 u'm
1791 5331 1822 5375 θ
1849 5331 2001 5376 corr.
2035 5317 2108 5374 Α.
2193 5315 2237 5351 ¹⁶

455 5384 546 5419 ιιοι
578 5387 712 5458 quia
744 5384 874 5442 E1
935 5385 1026 5421 1m
1056 5386 1284 5444 Domini
1315 5387 1479 5445 deest
1502 5390 1558 5444 1.

2314 5289 2528 5389 seu"
2676 5289 3608 5386 u-é'aarzz'rarztaaaiai;
3623 5298 3774 5362 deost.

2042 5455 2246 5515 ΝΟΤΛΕ
2261 5499 2274 5513 .

529 5525 681 5659 (267)
709 5524 1038 5583 Misnensis.

554 5597 659 5649 268
717 5592 975 5650 Berkach
1004 5611 1036 5652 a

554 5592 681 5655 268)
717 5592 975 5650 Berkach
1004 5597 1075 5653 ad
1102 5599 1387 5655 Werram.

541 5660 691 5732 (269')
724 5660 959 5718 Electus
985 5664 1048 5722 d.
1082 5667 1155 5723 24
1185 5667 1290 5722 Mai
1347 5671 1486 5724 1086
1517 5666 1665 5722 obiit
1694 5667 1756 5723 d.
1799 5667 1863 5724 16
1915 5671 2078 5740 Sept.

2289 5531 2452 5670 ἓξὲξ)
2475 5599 2608 5656 Haec
2638 5597 2708 5656 ad
2741 5613 2800 5656 a.
2835 5602 2975 5658 1088
3002 5595 3302 5657 referenda
3333 5597 3486 5654 sunt.
