3962 6338
173 300 301 361 961

1063 296 1505 361 CHRONICA.
1540 333 1617 344 —
1648 296 2121 364 CHRONICON
2170 296 2721 363 UNIVERSALE.
3476 304 3596 371 962

402 433 589 507 cpiam
605 434 676 492 in
702 439 757 507 ί,
798 432 1099 506 leguntur,
1137 432 1243 492 sed
1277 430 1605 492 abauctora
1630 434 1842 507 postea
1870 433 1927 494 A

407 503 602 563 deleta
613 505 770 564 sunt.

390 580 413 603 ‘
448 579 509 632 Α.
535 576 626 633 ita
638 576 834 647 pergit
853 572 1219 647 :Getefridus
1233 572 1381 647 (278)
1405 574 1520 630 dux
1538 574 1841 647 ceterique

406 649 463 703 in
489 643 699 702 itinere
718 643 776 701 e't
799 644 995 702 studio
1008 643 1349 715 supradicto
1364 643 1839 713 consociati,cum

410 719 579 773 Nicea
626 723 796 788 capta
825 714 1247 788 discederent,
1270 715 1398 788 plus
1433 730 1601 788 quam
1636 719 1845 771 300000

406 785 763 843 armatorum
825 785 1144 841 habebant.
1207 785 1275 839 Et
1336 786 1469 840 licet
1503 786 1626 840 hzec
1678 790 1842 840 tanta

404 857 721 914 multitudo
752 856 1083 913 universam
1140 856 1474 911 Romaeiam
1531 869 1840 927 occupare,

410 928 644 985 flumina
707 933 969 998 epotare,
1043 932 1278 995 segetes
1319 941 1534 998 omnes
1580 926 1695 998 una
1732 926 1844 998 die

408 996 1004 1070 depascere'posset,
1041 1000 1200 1070 tanta
1247 1002 1449 1070 tamen
1484 996 1844 1070 plenitudine

408 1066 691 1126 conduxit
728 1066 863 1124 vita
882 1067 1215 1122 necessaria
1245 1068 1415 1133 Deus,
1447 1066 1509 1123 ut
1560 1068 1631 1122 de
1662 1066 1845 1122 ariete

409 1153 702 1207 nummus,
738 1138 809 1193 de
860 1139 1003 1192 bove
1043 1137 1137 1192 vix
1176 1137 1480 1193 duodecim
1514 1137 1846 1207 acciperen-

404 1216 525 1267 tur.
578 1211 854 1265 Preterea
884 1211 941 1262 et
966 1207 1015 1263 si
1048 1207 1336 1278 principes
1380 1212 1437 1262 et
1463 1222 1629 1276 reges
1650 1208 1847 1262 Sarra-

406 1294 683 1337 cenorum
708 1284 911 1335 contra
943 1292 1046 1333 eos
1084 1283 1490 1344 surrexerunt,
1510 1279 1623 1333 Deo
1651 1281 1845 1332 tamen

407 1351 643 1407 volente
664 1348 832 1405 facile
856 1348 995 1405 victi
1016 1351 1073 1403 et
1097 1348 1594 1404 conculcatisunt.
1614 1348 1698 1403 Ob
1723 1348 1842 1403 hzec

408 1422 608 1492 itaque
659 1420 913 1492 feliciter
943 1423 1082 1492 acta
1115 1418 1245 1489 quia
1278 1419 1510 1492 quidam
1559 1418 1845 1492 intumue-

409 1489 566 1572 runt,
597 1490 867 1572 opposuit
902 1489 990 1545 eis
1020 1490 1174 1569 Deus
1223 1489 1605 1572 Antiochiam,
1629 1489 1842 1572 urbem

408 1559 689 1618 humanis
731 1560 957 1617 viribus
1017 1559 1545 1630 inexpugnabilem,
1585 1559 1682 1615 ubi
1732 1574 1843 1630 per

412 1646 618 1687 novem
675 1645 903 1687 menses
948 1628 1233 1687 dedentes
1267 1630 1322 1685 in
1356 1629 1657 1686 obsidione
1689 1628 1842 1698 ejus-

412 1702 543 1758 dem
574 1701 653 1757 ita
685 1717 789 1757 eos
841 1700 1187 1768 bumiliavit,
1225 1705 1286 1756 ut
1334 1701 1523 1756 omnis
1550 1700 1840 1771 superbiai

412 1771 645 1829 illorum
670 1776 863 1829 tumor
883 1771 1201 1828 desideret.
1226 1771 1412 1840 Igitur
1434 1771 1517 1826 sic
1539 1771 1626 1826 eis
1658 1771 1840 1827 humi-
1873 1779 1924 1839 Β

413 1842 608 1908 liatus,
643 1847 703 1898 ut
754 1842 810 1897 in
842 1846 966 1898 toto
998 1842 1262 1897 exercitu
1296 1842 1393 1895 vix
1434 1845 1671 1897 centum
1704 1841 1838 1896 boni

411 1913 548 1983 equi
576 1914 998 1984 reperirentur,
1016 1912 1253 1984 aperuit
1280 1913 1434 1984 Deus
1465 1912 1688 1984 copiam
1718 1925 1840 1984 suae

415 1981 841 2039 benedictionis
870 1987 927 2038 et
954 1981 1391 2050 misericordia),
1427 1981 1642 2053 eosque
1677 1982 1731 2036 in
1765 1982 1842 2036 ci-

412 2054 651 2110 vitatem
681 2053 931 2123 induxit,
993 2058 1170 2123 atque
1204 2053 1479 2123 ,Thurcos
1531 2057 1591 2107 et
1640 2066 1839 2108 eorum

413 2124 603 2180 omnia
651 2121 932 2193 potestati
960 2121 1167 2179 horum
1198 2121 1548 2193 “°‘rtribuit.
1585 2124 1840 2193 Cumque

414 2199 471 2249 et
504 2192 738 2251 basem“
769 2194 935 2265 quasi
967 2193 1192 2250 viribus
1222 2192 1661 2265 suiseaequisita
1692 2192 1843 2265 obti-

414 2269 641 2333 nerent,
687 2261 1011 2334 nec'Deum,
1060 2265 1156 2334 qui
1186 2263 1273 2319 eis
1304 2261 1393 2296 ¹⁶⁰⁶
1424 2261 1546 2320 haec
1583 2263 1842 2319 contule-

417 2340 527 2404 rat,
543 2334 714 2404 digue
730 2334 1186 2404 magnificarcnt,
1202 2338 1366 2390 tanta
1390 2334 1840 2391 Sarracenorum

416 2378 715 2462 galeata:
722 2378 1258 2475 ἑιὲ“‹ξ’6ἔὲἐ”εἷέἶι”η’ἰ,’ὖ
1264 2378 1374 2460 ἴἆὲ
1390 2378 1739 2461 Εἶὲίίἒῖἑῖιῖιί
1749 2378 1841 2460 in";

413 2489 488 2531 ex
545 2480 704 2533 tanta
739 2477 911 2532 turba
958 2475 1156 2545 egredi
1214 2475 1495 2531 auderet.
1564 2477 1839 2531 Preterea

415 2545 596 2603 fames
627 2547 683 2603 in
710 2547 951 2603 civitate
1007 2547 1087 2601 ita
1119 2550 1517 2614 convaluerat,
1549 2550 1611 2602 ut
1645 2547 1740 2600 vix
1768 2546 1840 2601 ab

416 2615 682 2673 humanis
715 2616 963 2689 dapibus
983 2631 1046 2673 se
1076 2615 1253 2689 aliqui
1282 2616 1670 2689 continerent.
1703 2616 1841 2689 Lon-

457 2702 548 2742 um
578 2693 664 2744 est
691 2685 965 2743 enarrare
1021 2686 1287 2743 miserias
1318 2700 1447 2756 qua)
1491 2686 1547 2740 in
1602 2685 1839 2741 civitate

443 2771 598 2814 uere.
633 2758 973 2829 Respiciens
1006 2763 1198 2829 autem
1227 2756 1501 2829 Dominus
1543 2756 1837 2828 populum,

414 2842 585 2898 quem
616 2834 734 2884 tam
750 2826 864 2885 'diu
892 2826 1308 2898 ﬂagellaverat,
1362 2826 1818 2897 benigne'conse

414 2898 596 2971 iatur,
627 2913 696 2971 ac
722 2899 907 2971 primo
939 2898 1102 2969 quasi
1148 2912 1252 2970 pro
1304 2898 1708 2971 satisfactione
1742 2898 1843 2971 tri-

414 2967 738 3049 bulationis
762 2967 1021 3049 lanceam
1055 2967 1239 3039 suam,
1271 2982 1381 3049 qua
1428 2968 1483 3023 in
1513 2983 1689 3049 cruce
1721 2968 1841 3024 vul-

414 3044 658 3111 neratus
689 3045 810 3111 est,
848 3053 1054 3111 munus
1088 3055 1199 3111 non
1245 3043 1518 3111 visum___a
1577 3043 1841 3111 tempore

413 3108 836 3180 apostolorum,
879 3109 1087 3180 pignus
1135 3109 1398 3165 victoriae
1431 3108 1549 3164 illis
1583 3108 1839 3174 obtulit;

415 3179 625 3236 deinde
684 3181 859 3237 corda
881 3179 1183 3236 hominum
1235 3182 1377 3235 adeo
1431 3179 1724 3248 animavit,
1780 3186 1843 3235 ut

413 3248 554 3322 illis,
587 3251 801 3322 quibus
828 3252 1101 3321 egritudo
1132 3250 1223 3306 vel
1276 3250 1470 3322 fames,
1509 3249 1841 3322 ambulandi

416 3320 574 3377 vires
605 3319 1016 3393 denegaverat,
1051 3335 1207 3393 arma
1234 3320 1571 3393 sumendet
1593 3319 1843 3393 viriliter

417 3396 618 3448 contra
644 3389 845 3449 hostes
865 3391 1176 3448 dimicandi
1193 3392 1467 3447 virtutem
1485 3389 1840 3446 infunderet.

414 3462 642 3533 Deinde
671 3477 823 3519 cum.
862 3462 1235 3533 triumphatis
1282 3461 1549 3533 hostibus
1604 3461 1751 3533 fame
1783 3464 1842 3517 et

418 3531 577 3588 tedio
604 3535 905 3590 exercitus
928 3531 1202 3589 deﬁceret
1226 3531 1567 3601 Antiochiae,
1597 3531 1843 3588 maxime

418 3607 660 3674 propter
725 3604 1048 3660 discordias
1105 3604 1447 3674 principum,
1515 3602 1842 3674 in‘Syriam

419 3671 687 3744 profecti,
712 3674 945 3731 Barram
974 3680 1034 3729 et
1064 3671 1328 3743 Marram,
1373 3674 1549 3744 urbes
1580 3671 1845 3744 Sarrace-

416 3742 643 3825 nerum,
672 3742 1192 3825 'expugeaverunt,
1213 3749 1274 3825 et
1312 3742 1574 3825 eastella‘
1584 3743 1844 3823 regionis

380 3818 393 3821 ”
416 3812 1128 3886 οὺιὶηυὸνιιιὶι.’ϐιιωῳιθ
1158 3812 1257 3886 ibi,
1293 3827 1510 3886 morem
1542 3812 1845 3885 disposue-

417 3890 575 3952 runt,
594 3890 754 3943 tanta
784 3886 964 3941 fames
986 3885 1046 3941 in
1064 3885 1329 3941 exercitu
1356 3885 1483 3954 fuit,
1509 3890 1574 3939 ut
1597 3898 1843 3955 corpora

416 3956 869 4034 Sarracenorum
889 3956 1336 4034 jamefetentium
1369 3969 1399 4010 a
1451 3954 1667 4034 pepulo
1695 3954 1845 4034 chri-

416 4026 605 4082 stiano
638 4024 903 4084 comesta‘
920 4028 1056 4083 sint.
1084 4026 1298 4083 Deinde
1322 4024 1464 4081 cum“
1483 4024 1681 4081 diviuo
1700 4030 1843 4081 nutu

415 4096 472 4177 in
519 4098 799 4177 ipteriora
851 4098 1152 4177 Hyspaniaa
1185 4096 1697 4177 progrederentur,
1734 4096 1846 4176 lar-

411 4167 706 4239 gissimam
738 4167 914 4239 atque
942 4167 1376 4225 misericomem
1399 4171 1459 4239 et
1490 4167 1846 4239 victoriosis-

411 4237 612 4310 simam
647 4237 876 4295 manum
934 4239 1350 4310 omnipotentis
1394 4238 1844 4310 Patrisisecum

412 4307 759 4366 habuerunt.
785 4310 1010 4365 Etenim
1041 4307 1201 4366 cives
1231 4314 1289 4365 et
1319 4307 1625 4364 castellani
1659 4309 1845 4377 regio-

413 4379 692 4461 nis_illiu_s
716 4395 1009 4461 perquam
1043 4380 1458 4461 procedebant,
1478 4377 1557 4461 ad
1587 4393 1690 4461 eos
1712 4393 1843 4461 cum

414 4449 615 4506 multis
641 4449 900 4507 donariis
922 4449 1149 4520 legatos
1180 4450 1636 4520 praemittebant,
1656 4449 1842 4520 parati

416 4520 639 4592 servire
663 4526 719 4577 et
735 4522 946 4592 oppida
970 4536 1072 4578 sua
1098 4520 1374 4592 reddere.
1392 4520 1500 4575 Sed
1527 4521 1660 4592 quia
1679 4535 1844 4577 exer-

413 4591 571 4647 citus
596 4606 708 4648 non
734 4590 950 4649 multus
972 4596 1099 4648 erat
1134 4598 1193 4648 et
1225 4592 1280 4646 in
1314 4590 1673 4647 Hierusalem
1706 4605 1844 4648 una-

411 4660 647 4733 nimiter
684 4662 1056 4733 festinabant,
1106 4661 1366 4733 acceptis
1398 4661 1836 4733 securitatibus,

407 4732 757 4803 tributarios
780 4747 880 4790 eos
905 4732 1188 4801 fecerunt,
1219 4732 1431 4803 q’u’ppe
1454 4747 1583 4789 cum
1618 4746 1729 4803 una
1769 4732 1840 4787 de

407 4802 768 4874 civitatibus,
792 4818 919 4874 quae
937 4804 993 4859 in
1010 4802 1450 4860 maritimisillis
1471 4808 1624 4868 sunt,
1641 4802 1841 4874 plures

408 4872 674 4945 homines
690 4872 956 4940 haberet,
978 4889 1148 4945 quam
1169 4874 1223 4929 in
1238 4874 1500 4930 exercitu
1518 4872 1840 4945 christiano

410 4944 677 5001 fuissent.
702 4946 957 5015 Cumque
981 4943 1242 5003 auditum
1263 4951 1423 5002 esset
1447 4943 1767 5001 Antiochize
1780 4948 1837 5001 et

409 5015 692 5072 Laodicia
720 5020 781 5087 et
804 5017 1016 5087 Rohas,
1043 5016 1179 5087 quia
1201 5030 1404 5073 manus
1425 5015 1715 5087 Dominies
1746 5020 1837 5087 set

298 5136 299 5139 η
405 5099 537 5158 eum
569 5099 655 5157 eis
682 5086 779 5158 qui
805 5085 1090 5157 abierant,
1112 5085 1327 5158 plures
1358 5086 1429 5143 de
1446 5085 1711 5158 exercitu
1740 5086 1837 5156 qui

259 5403 351 5437 ¹⁶⁰⁴
370 5419 571 5463 eorum
603 5407 666 5463 Α.

405 5155 486 5229 ibi
510 5155 791 5229 remansit
820 5155 1281 5229 consecuti'sunt
1304 5170 1405 5215 eos
1428 5158 1578 5229 apud
1605 5155 1833 5228 Tyrum.

402 5226 494 5283 Sic
550 5226 750 5299 itaque
798 5230 915 5286 Deo
968 5228 1305 5287 conviatore
1363 5233 1424 5286 et
1454 5226 1839 5300 cooperatore

1874 4490 1924 4554 C

2166 448 2350 512 usque
2374 433 2462 512 _a_d
2491 433 2850 512 Hierusalem
2872 442 3303 512 pervenerunt.
3338 442 3594 512 Cumque

2169 505 2225 560 in
2257 504 2560 561 obsidione
2586 505 2742 560 illius
2774 504 3016 561 multum
3041 505 3334 565 laboraret
3372 504 3596 569 exerci-

2170 580 2282 645 tus,
2318 576 2571 647 maxime
2595 580 2831 647 propter
2859 589 3024 647 aqua;
3056 576 3304 647 inopiam
3332 598 3343 635 :
3393 582 3593 638 habito

2167 645 2436 717 concilio,
2482 645 2832 717 cpiSCOpict
2865 645 3170 717 principes
3200 649 3591 707 circinandam

2167 716 2622 791 esse_civitatem
2648 716 3090 791 nudispedihus
3120 718 3590 791 predicaverunt,

2170 791 2230 841 ut
2264 786 2382 849 ille,
2419 786 2514 856 qui
2561 801 2664 856 pro
2688 786 3015 841 hominibus
3037 786 3161 842 eam
3187 788 3241 843 in
3266 786 3595 847 humilitate

2169 856 2613 932 ingressuscst,
2648 872 2750 932 per
2794 856 3178 932 humilitatem
3212 860 3453 932 istorum
3486 877 3592 932 pro

2169 941 2232 982 se
2264 926 2335 981 ad
2376 926 2661 996 judicium
2688 927 2757 982 de
2786 927 2911 983 suis
2941 927 3208 984 hostibus
3267 926 3591 988 faciendum

2171 996 2288 1068 illis
2318 1011 2442 1052 eam
2468 996 2741 1068 aperiret.
2771 997 3042 1053 Placatus
3068 999 3263 1068 itaque
3287 1001 3392 1055 hac
3411 1002 3594 1057 humi-

2171 1066 2412 1138 liatione
2432 1066 2724 1138 Dominus,
2747 1073 2955 1138 octavo
2980 1073 3105 1138 post
3134 1066 3590 1129 humiliationem

2172 1136 2389 1192 illorun
2415 1137 2918 1193 diecivitatemcis
2940 1136 3200 1207 tradidit,
3227 1154 3296 1195 eo
3322 1142 3593 1199 videlicet

2171 1207 2263 1262 die
2295 1207 3011 1284 qeoprimit‘ivatecclcsia
3043 1209 3174 1263 inde
3199 1210 3424 1284 abiecta
3460 1214 3588 1284 fuit,

2170 1291 2299 1349 cum
2334 1278 2545 1334 festum
2605 1279 2676 1333 de
2709 1278 3073 1349 dispersione
3132 1282 3529 1349 apostolorum
3564 1278 3593 1338 ἁ

2172 1347 2373 1403 multis
2398 1349 2670 1405 ﬁdelibus
2691 1347 3045 1405 celebratur.
3070 1352 3147 1404 De
3166 1347 3431 1408 hostibus
3458 1369 3594 1410 vero

2171 1418 2248 1473 ibi
2283 1420 2533 1491 repertis
2578 1419 2746 1491 quid,
2777 1424 2969 1491 actum
3024 1420 3123 1485 sit,
3159 1421 3206 1475 si
3264 1423 3394 1491 quis
3423 1439 3594 1480 nosse

2168 1489 2384 1559 querit,
2409 1490 2554 1545 sciat
2577 1490 2709 1559 quia
2732 1489 2791 1560 in
2817 1490 3042 1559 porticu
3064 1489 3596 1560 quaediéiturSalo-

2167 1559 2354 1633 inonis
2393 1566 2457 1633 et
2481 1562 2536 1615 in
2568 1559 2785 1633 temple
2813 1560 2940 1630 ejus
2969 1559 3222 1616 victores
3250 1565 3590 1633 equitabant

2166 1630 2222 1685 in
2255 1631 2537 1700 sanguine
2581 1630 3039 1703 Sarracenorum
3094 1647 3276 1703 usque
3306 1630 3379 1689 ad
3405 1649 3589 1703 genua

2165 1714 2465 1777 equorum.
2494 1700 2709 1777 Deinde
2752 1717 2882 1777 cum
2916 1700 3246 1777 ordinatum
3278 1700 3459 1777 esset,
3496 1708 3592 1777 qui

2167 1771 2464 1826 civitatem
2508 1771 2762 1827 retinere
2786 1772 3142 1841 debuissent,
3178 1779 3236 1829 et
3265 1774 3362 1829 alii
3397 1771 3593 1833 amore

2167 1841 2371 1912 patriae
2403 1847 2462 1898 et
2519 1842 2734 1912 pietate
2770 1850 3071 1912 parentum
3129 1859 3366 1900 suorum
3399 1847 3593 1903 redire

2164 1911 2531 1983 voluissent.’
2562 1911 2896 1968 nunciatum
2920 1919 3003 1968 est
3032 1914 3138 1979 eis,
3165 1916 3318 1983 quod
3359 1930 3461 1971 rex
3496 1919 3593 1971 Ba-

2168 1982 2517 2039 biloniorum
2544 1983 2884 2038 Ascalonem
2900 1983 3157 2038 venisset
3180 1982 3309 2040 eum
3336 1986 3592 2044 innume-

2167 2053 2335 2109 rabili
2404 2053 2778 2109 multitudine
2832 2068 3231 2124 paganorum,
3303 2056 3591 2114 ducturus

2168 2124 2418 2180 Francos
2441 2124 2538 2193 qui
2587 2123 3175 2197 llierosolimiserant
3204 2126 3257 2180 in
3290 2128 3592 2197 captivita-

2167 2198 2279 2269 tem
2305 2194 3264 2269 et7expugnaturusgntiechiam,
3284 2194 3436 2269 sicut
3464 2199 3589 2269 ipse

2165 2263 2425 2327 dixerat;
2451 2263 2623 2319 aliter
2645 2269 2833 2321 autem
2858 2265 3132 2320 Dominus
3156 2263 3344 2322 dehis
3374 2263 3592 2325 statue-

2167 2340 2273 2389 rat.
2294 2338 2495 2438 l.taqe7e
2517 2351 2648 2391 cum
2672 2334 3060 2438 in.veritgtehli
3079 2336 3591 2438 quiJheroeolimis

2165 2412 2334 2461 erant
2384 2405 2490 2474 ,°°7,
2524 2406 2846 2461 exercitum
2893 2406 3325 2462 Babiloniorum
3360 2408 3592 2466 Ascalo—

2161 2475 2269 2532 niae
2297 2491 2447 2546 esse,
2482 2477 2911 2547 contenderunt
2934 2477 3162 2547 obviam
3190 2478 3329 2547 illis,
3368 2480 3592 2537 relictis

2164 2546 2409 2602 sarcinis
2440 2552 2496 2601 et
2531 2546 2774 2601 infirmis
2809 2546 2928 2602 suis
2980 2546 3034 2600 in
3069 2546 3428 2604 Hierusalem
3459 2567 3588 2608 cum

2166 2617 2440 2686 presidio.
2461 2618 2715 2686 Cumque
2730 2617 3236 2673 exercitushorum
3254 2627 3312 2674 et
3335 2622 3587 2677 hostium

2166 2699 2229 2757 se
2244 2686 2820 2757 circumspexisscnt,
2842 2688 3145 2743 christiani
3161 2690 3409 2756 genibus
3424 2692 3592 2748 ﬂexis

2163 2754 2339 2813 Deum
2374 2754 2736 2825 invocarunt,
2782 2754 2839 2812 ut
2874 2758 2971 2827 qui
2996 2758 3049 2812 in
3074 2754 3202 2813 aliis
3225 2761 3587 2818 necessitati-

2167 2828 2273 2903 bus
2297 2827 2421 2883 suis
2444 2826 3093 2903 legemehristianorum
3116 2829 3583 2903 conﬁrmaverat,

2167 2898 2222 2951 in
2257 2898 2531 2971 presenti
2558 2898 2727 2971 bello,
2751 2898 3067 2971 confractis
3091 2900 3314 2971 viribus
3342 2898 3592 2971 pagano-

2166 2968 2288 3024 rum
2319 2974 2378 3024 et
2420 2968 2657 3037 diaboli,
2692 2983 2932 3037 regnum
2983 2969 3195 3024 Christi
3218 2975 3278 3025 et
3307 2968 3590 3030 aécclesiae

2165 3053 2208 3110 a_
2221 3040 2365 3094 mari
2389 3054 2571 3109 usque
2587 3011 2657 3093 ad
2673 3011 2829 3095 mare
2846 3011 3261 3110 usquequaque

2166 3108 2280 3165 Nec
2313 3108 2500 3174 mora;
2544 3110 2937 3165 clamantibus
2971 3108 3065 3165 ad
3101 3108 3341 3167 se'Dcus
3402 3114 3585 3179 affuit.

2166 3186 2341 3260 atque
2374 3185 2569 3260 tantas
2610 3180 2869 3260 audaciae
2914 3180 3067 3236 vires
3116 3182 3485 3260 ministravit,
3523 3192 3585 3241 ut

2168 3251 2263 3319 qui
2297 3264 2399 3306 eos
2431 3252 2486 3305 in
2526 3251 2753 3306 hostem
2782 3265 3023 3307 currere
3073 3252 3321 3322 videret,
3370 3251 3588 3310 fontem

2166 3335 2331 3390 aqua
2354 3322 2499 3377 vivae
2523 3322 2814 3393 sitientem
2849 3336 3084 3378 cervum
3109 3337 3343 3390 segnem
3368 3325 3590 3393 adjudi-

2166 3396 2359 3456 caret;
2395 3393 2540 3447 miro
2570 3392 2844 3448 videlicet
2872 3393 3058 3462 modo,
3093 3408 3222 3449 cum
3247 3394 3302 3448 in
3326 3392 3588 3452 exercitu

2167 3461 2486 3535 christiano
2546 3477 2656 3517 non
2708 3462 2838 3532 plus
2895 3478 3063 3535 quam
3120 3464 3376 3535 quinque
3435 3466 3590 3523 milia

2166 3532 2429 3602 equitum
2485 3536 2541 3587 et
2591 3537 2762 3605 15000
2820 3532 3081 3603 peditum
3142 3532 3412 3605 fuissent,
3447 3542 3503 3591 et
3535 3537 3592 3593 in

2168 3604 2433 3659 exercitu
2486 3603 2739 3676 hostium
2773 3609 3017 3676 centum
3057 3606 3211 3660 milia
3241 3603 3502 3676 equitum
3532 3613 3590 3664 et

2167 3677 2379 3729 400000
2410 3674 2668 3744 peditum
2693 3688 2824 3744 esse
2858 3674 3211 3743 potuissent.
3236 3674 3391 3732 Tunc
3423 3678 3593 3734 mira-

2170 3744 2302 3799 bilis
2324 3745 2381 3801 in
2404 3743 2591 3816 Servis
2612 3743 2735 3799 suis
2760 3745 2912 3799 Deus
2927 3745 3216 3816 apparuit,
3244 3761 3396 3816 cum,
3433 3754 3591 3803 ante-

2170 3829 2338 3886 quam
2384 3814 2785 3886 coniligerent,
2822 3829 2925 3886 pro
2956 3814 3081 3886 solo
3137 3818 3356 3886 impetu
3384 3814 3592 3875 eorum

2168 3883 2314 3957 hanc
2365 3883 2794 3940 multitudinem
2847 3884 2935 3957 in
2966 3884 3156 3957 fugam
3186 3883 3497 3957 convertit,
3532 3892 3591 3943 et

2166 3956 2356 4010 omnia
2396 3970 2596 4010 eorum
2638 3968 2795 4009 arma
2826 3954 3091 4023 diripuit,
3126 3956 3205 4011 ita
3240 3961 3322 4023 ut,
3355 3957 3400 4013 si
3433 3954 3593 4013 dein-

2166 3998 2306 4096 ceps
2326 3998 2470 4081 istis
2507 3998 2837 4095 repugnare
2872 3998 3109 4093 veﬁEnt,
3164 3998 3591 4084 HoB'LELé'FéEt

2169 4110 2325 4151 arma
2368 4096 2422 4150 in
2456 4096 2667 4165 quibus
2699 4100 3025 4166 sperarent.
3086 4097 3164 4152 De
3217 4098 3421 4169 spoliis
3450 4114 3593 4155 vero

2167 4182 2281 4241 non
2315 4170 2426 4241 _est
2456 4169 2863 4241 quterenduer
2892 4172 3171 4241 quantum
3230 4175 3462 4240 captum
3495 4169 3591 4241 sit,

2167 4237 2265 4312 ubi
2286 4237 2722 4312 thesauriregis
2769 4236 3082 4293 Babiloniae
3111 4236 3382 4312 occupati
3405 4236 3580 4312 sunt.

2169 4308 2516 4379 Ceciderunt
2550 4308 2626 4363 ibi
2665 4308 2793 4378 plus
2829 4323 2998 4379 quam
3029 4308 3277 4366 centum‘
3297 4310 3450 4366 milia
3483 4312 3593 4367 Ma-

2167 4394 2362 4452 gorum
2380 4377 2476 4452 ζ⁶⁰⁸
2527 4377 2755 4452 gladio;
2787 4377 2965 4452 timor
2995 4387 3189 4452 autem
3244 4382 3360 4438 illis
3390 4387 3591 4439 tantus

2160 4448 2434 4523 :meera‘t,
2468 4456 2529 4523 ut
2563 4451 2626 4523 in
2647 4455 2811 4521 porta
2846 4451 3104 4523 civitatis
3126 4451 3209 4523 ad
3247 4453 3593 4523 2000806³0-

2164 4521 2281 4577 cati
2305 4522 2456 4589 sint;
2479 4522 2550 4576 de
2574 4521 2665 4576 his
2698 4535 2834 4577 vero
2858 4524 2951 4592 qui
2981 4522 3038 4577 in
3072 4522 3214 4576 mari
3240 4522 3593 4579 interierunt

2163 4606 2276 4663 non
2307 4596 2401 4648 est
2446 4606 2761 4656 numerus;
2823 4593 3050 4662 spineta
3106 4592 3280 4647 etiam
3310 4608 3382 4647 ex
3440 4593 3586 4663 ipsis

2165 4662 2380 4719 multos
2393 4663 2795 4718 obtinuerunt.
2814 4664 3010 4719 Pugna
3021 4664 3289 4718 batcerte
3303 4662 3591 4719 orbis’ter-

2166 4748 2360 4805 rarum
2394 4748 2497 4805 pro
2532 4731 3115 4805 christianiertnisi
3148 4731 3330 4803 spolia
3363 4738 3588 4805 castro-

2165 4818 2290 4860 rum
2324 4801 2567 4874 de'ipsis
2603 4801 2831 4874 multos
2872 4801 3283 4874 detinuissént,
3316 4803 3483 4874 pauci
3517 4804 3589 4874 de

2165 4819 2290 4860 rum
2324 4819 2394 4859 ae
2426 4819 2567 4926 ipsus
2615 4819 2831 4858 ιηιιιιοε
2878 4819 3283 4871 eeununssent,
3316 4819 3483 4874 anCI
3517 4819 3586 4861 ee

2164 4879 2326 4930 tanta
2342 4889 2435 4952 m_u
2467 4872 3318 4952 titudinehostiutnessentqui
3344 4873 3414 4931 de
3432 4873 3586 4930 bello

2168 4945 2511 5000 renunciare
2556 4943 2911 5015 potu_issent._
2960 4943 3155 5015 Pridie
3187 4950 3380 5000 autem
3414 4960 3586 5015 quam

2164 5015 2379 5072 bellum
2395 5012 2581 5084 fieret,
2598 5013 2778 5069 multa
2796 5013 2952 5067 milia
2966 5012 3318 5071 camelorum
3333 5021 3392 5070 et
3412 5012 3586 5072 boum

2164 5092 2223 5158 et
2245 5087 2437 5143 ovium
2457 5086 2614 5158 cepit
2636 5084 2955 5158 exercitus.
2974 5086 3228 5158 Cumque
3238 5085 3404 5155 jussu
3434 5087 3588 5157 prin-

2161 5157 2354 5230 cipum
2403 5155 2665 5230 populus
2706 5156 2827 5230 haec
2883 5155 3307 5230 dimisissetiad
3338 5155 3589 5230 pugnam

2162 5227 2567 5299 progrediens,
2595 5227 2861 5285 mirabile
2884 5227 3073 5284 dictu!
3113 5227 3591 5288 multas'et'mul-

1547 5317 1784 5373 VARIE
1824 5315 2222 5374 LECTIONES.

744 5405 973 5480 ισοξ-ξω
995 5407 1058 5480 it.
1091 5419 1338 5478 semper.
1422 5404 1517 5480 “'f
1544 5405 1652 5480 hoe
1697 5403 2200 5480 leeojap‘tqutus
2222 5403 2536 5480 aegiqm'or
2587 5405 2815 5465 desinit
2837 5408 2901 5464 in
2940 5410 2980 5461 ι.
3061 5404 3150 5439 ¹⁶⁰τ
3183 5405 3345 5464 deest
3362 5420 3594 5480 compa.

184 5475 411 5533 rissent
437 5489 500 5534 υ.
532 5477 727 5551 infra.
806 5475 898 5512 “°'
922 5476 1018 5536 vel
1047 5472 1405 5535 armatorum
1434 5474 1766 5549 adscripsit
1790 5472 1846 5535 cI
1918 5474 2010 5510 “°°
2038 5473 2156 5532 illis
2187 5477 2229 5529 t.
2265 5472 2385 5529 illis
2416 5487 2466 5528 e.
2498 5488 2546 5532 c.

1784 5563 2008 5623 ΝΟΤιΕ.
2066 5620 2069 5623 .

264 5650 416 5731 (278)
436 5653 580 5731 nise
608 5654 806 5731 brevis
833 5652 1150 5731 helli_s_acri
1170 5652 1449 5731 parratio
1481 5654 1714 5731 sumpta
1741 5655 1837 5731 est
1945 5647 2724 5731 nalibue‘81Dvsibodi(quos
2743 5652 2918 5731 vulgo
2929 5652 3266 5722 Dudeeluno
3288 5653 3603 5730 tribuunt).

189 5722 546 5803 «epistola
574 5725 904 5806 principum
927 5727 1000 5792 ad
1018 5724 1359 5790 Psschaleui
1378 5725 1451 5800 II,
1481 5722 1703 5800 quae'in
1725 5726 1837 5788 An-

1994 5766 2009 5789 .
2073 5726 2210 5790 “00
2238 5722 2486 5801 legitur.
