3962 6326
345 311 460 368 968

1501 301 1982 364 EKKEHARDI
2025 301 2586 366 UHAUGIENSIS

3633 309 3754 366 964

561 435 794 509 tiplices
841 441 1066 512 turmas
1113 434 1397 512 fecerunt
1430 437 1658 507 cameli,
1717 435 1988 512 similiter
2019 438 2071 496 A
2175 437 2558 495 Chuonradus
2575 453 2711 495 vero
2732 453 2962 496 causam
2979 439 3522 497 rebellationissuze
3545 442 3760 512 paucis

563 507 756 564 autem
789 513 846 562 et
882 507 1059 563 boves
1078 511 1134 562 et
1169 521 1323 562 oves.
1354 508 1484 562 Haec
1503 514 1693 563 autem
1719 507 1987 562 animalia

561 579 638 634 ita
687 577 1121 634 comitabantur
1150 579 1494 646 exercitum,
1528 585 1592 633 ut
1620 595 1748 634 cum
1781 578 1986 633 stanti-

563 650 930 714 busstarent,
951 663 1082 720 cum
1105 649 1558 719 procedentibus
1580 650 1984 720 procederent,

563 735 692 775 cum
725 719 1104 774 currentibus
1137 724 1462 774 currerent.
1490 719 1682 774 Nubes
1711 721 1884 774 etiam
1917 721 1988 774 ab

561 794 691 846 estu
715 790 859 844 solis
881 789 1234 843 christianos
1259 788 1645 844 defendebant
1665 795 1725 844 et
1755 790 1990 858 refrige-

564 861 792 915 rabant.
847 859 1146 913 Celebrata
1181 859 1378 928 itaque
1410 861 1674 927 victoria,
1713 875 1986 916 reversus

560 935 653 985 est
676 929 974 985 exercitus
1005 929 1381 999 Hierusalem,
1407 937 1465 985 et
1489 931 1698 986 relicto
1731 932 1806 987 ibi
1841 932 1987 986 duce

561 999 880 1063 Gotefrido,
936 1001 1283 1065 Reginmunt
1313 1015 1508 1056 comes
1553 1003 1744 1056 Sancti
1778 1001 1984 1070 Egidii,

561 1076 617 1126 et
651 1071 1012 1140 Ruotpertus
1069 1085 1262 1125 comes
1308 1072 1714 1140 Nortmanniae,
1751 1080 1808 1128 et
1845 1075 1990 1126 Ruo-

563 1145 796 1212 tpertus
823 1155 1024 1212 comes
1071 1141 1374 1212 Flanjdrim,
1411 1143 1730 1197 Laodiciam
1765 1142 1985 1197 reversi

563 1211 730 1278 sunt;
757 1211 834 1265 ibi
876 1211 1119 1266 classem
1153 1211 1487 1268 Pisanorum
1511 1219 1570 1268 et
1599 1215 1986 1268 Boemundum

564 1283 932 1354 invenerunt.
962 1282 1217 1354 Cumque
1240 1284 1718 1354 archiepiscopus
1747 1284 1987 1339 Pisanus

565 1351 955 1408 Boemundum
1007 1356 1064 1406 et
1115 1352 1258 1406 alios
1289 1367 1416 1408 cum
1444 1351 1518 1407 eo
1578 1351 1986 1409 discordantes

561 1422 920 1495 concordare
936 1423 1641 1495 fecisset.l_{eginmundus
1669 1441 1770 1495 pro
1795 1427 1908 1480 Duo
1931 1429 1989 1478 ct

566 1509 671 1564 pro
693 1493 972 1548 fratribus
1002 1493 1228 1561 regredi
1263 1494 1581 1564 disposuit;
1616 1493 1814 1564 magna
1851 1511 1987 1550 vero

565 1565 900 1630 multitudo,
940 1569 998 1643 ut
1031 1578 1204 1643 supra
1236 1564 1456 1643 dictum
1488 1573 1600 1643 est,
1637 1569 1705 1620 ad
1741 1567 1986 1643 patriam

565 1650 824 1691 remeare
853 1634 1151 1690 contendit
1179 1652 1193 1698 ;
1225 1637 1404 1690 ceteri
1437 1637 1532 1705 qui
1559 1634 1984 1705 remanserunt,

566 1711 798 1778 terram,
857 1707 970 1760 Deo
1030 1705 1396 1778 disponente,
1441 1708 1728 1778 hactenus
1760 1709 1812 1761 in
1851 1721 1988 1778 pace

2099 529 2325 581 tantum
2357 527 2586 597 sibique
2644 528 3108 584 familiarissimis
3141 529 3196 583 in
3226 543 3406 599 regno
3441 531 3754 599 detegens,

2099 620 2398 686 assumpto
2437 615 2684 686 quodam
2717 631 2788 672 ex
2819 615 3021 672 ordine
3045 616 3514 674 ministerialium
3535 617 3754 688 patris,

2099 717 2264 772 atque
2289 703 2636 760 Chuonrado
2650 704 2898 772 nomine,
2918 705 3052 760 forti
3074 705 3378 762 admodum
3394 712 3452 762 et
3471 705 3756 776 prudenti

2099 791 2244 860 viro,
2274 807 2376 862 per
2400 793 2679 863 quosdam
2722 792 2904 848 Italia:
2935 798 3132 864 partes
3153 799 3211 849 et
3237 808 3442 850 nomen
3479 800 3538 850 et
3563 793 3758 864 digni-

2101 884 2278 935 tatem
2312 881 2464 950 regis
2511 881 2674 936 annis
2735 881 2854 938 fere
2881 885 2914 937 9
2940 882 3214 952 obtinuit,
3274 887 3500 938 tantum
3531 882 3757 939 indolis

2099 983 2220 1025 suae
2261 985 2366 1041 per
2408 971 2606 1027 orbem
2647 973 2963 1027 Romanum
2993 971 3323 1028 diffundens
3347 972 3582 1028 interim
3613 971 3758 1027 odo-

2102 1072 2240 1128 rem,
2271 1063 2332 1115 ut
2357 1074 2524 1116 nemo
2550 1059 2884 1129 religiosus,
2907 1075 3077 1116 nemo
3100 1060 3332 1130 sapiens
3356 1061 3410 1116 in
3431 1061 3562 1131 ipso
3597 1059 3759 1116 salu-

2101 1150 2215 1202 tem
2241 1145 2332 1180 ¹⁶¹²
2350 1149 2431 1203 rei
2475 1149 2727 1219 publicae
2757 1148 3228 1204 constituendam
3264 1150 3386 1204 fore
3409 1149 3747 1204 dubitaret.

2101 1235 2238 1290 Erat
2259 1235 2410 1290 enim
2463 1236 2554 1292 vir
2581 1251 2686 1306 per
2716 1236 2904 1292 omnia
2959 1236 3284 1292 catholicus
3312 1241 3368 1293 et
3403 1236 3756 1307 apostolica:

2101 1322 2224 1378 sedi
2257 1323 2746 1394 subjectissimus,
2808 1325 2938 1396 plus
2982 1324 3250 1394 religioni
3284 1341 3453 1396 quam
3489 1325 3758 1381 fascibus

2101 1411 2192 1466 vel
2213 1413 2387 1467 armis
2412 1413 2678 1480 deditus;
2705 1414 3046 1468 fortitudine
3068 1417 3258 1469 tamen
3272 1419 3330 1468 et
3345 1413 3588 1470 audacia
3603 1415 3756 1470 satis

2099 1503 2158 1554 et
2187 1514 2364 1570 super
2415 1500 2758 1571 instructus,
2811 1501 3046 1556 lectioni
3081 1516 3249 1571 quam
3281 1500 3507 1558 lusibus
3537 1516 3755 1558 vacare

2103 1587 2384 1656 malebat;
2414 1589 3140 1652 miserisomnimodis,sed
3170 1591 3445 1661 prccipue
3461 1589 3753 1646 militibus

2103 1678 2290 1748 inopia
2327 1679 2572 1749 strictis,
2601 1679 3002 1751 compassione
3024 1683 3080 1735 et
3107 1678 3529 1736 misericordiae
3555 1679 3752 1741 fructu

565 1767 970 1848 obtinuerunt.
1011 1767 1154 1848 11¢}:
1182 1778 1358 1832 antea
1383 1767 1569 1833 etiam
1593 1780 1656 1833 in
1692 1783 1738 1846 1,
1763 1767 1989 1848 scripta

2149 1767 2403 1823 roximus
2437 1768 2644 1836 fiebat;
2679 1769 2892 1825 nemini
2922 1773 3340 1838 contemptum,
3373 1768 3590 1824 nemini
3616 1767 3750 1838 vim,

568 1849 758 1913 erant,
784 1847 986 1919 ibique
1005 1847 1324 1919 etiamnum
1348 1863 1534 1919 usque
1556 1864 1661 1902 nec
1693 1851 1865 1904 Deum
1883 1847 1988 1918 qui

568 1933 654 1974 eis
683 1918 861 1992 lineis
885 1917 1174 1992 subducta
1204 1917 1448 1974 exstant
1469 1936 1492 1986 ;
1515 1921 1753 1992 reliqua
1773 1921 1832 1992 f.
1868 1917 1988 1992 184.

566 2003 698 2062 sqq.
722 1990 951 2062 scripta
981 1990 1093 2044 aut
1107 2003 1280 2045 erasa
1301 1992 1443 2046 sunt
1459 1991 1570 2046 aut
1583 1990 1996 2062 penitnsfolio

567 2061 764 2116 exciso
796 2060 1006 2114 deleta.

797 2157 866 2210 Α.
908 2157 978 2210 n.
1015 2156 1230 2211 MCXIX
1260 2154 1557 2228 1"0(279).

429 2246 490 2300 *1
527 2243 832 2300 Heinricus
864 2245 1184 2315 imperator
1227 2244 1476 2299 natalem
1498 2245 1720 2300 Domini
1751 2245 1998 2302 Coloniae

360 2333 723 2398 celebravit;
757 2333 811 2386 in
861 2332 1182 2402 epyphania
1215 2347 1354 2387 vero
1415 2333 1758 2402 Aquisgrani
1820 2333 1998 2389 filium

359 2436 528 2478 suum
553 2421 842 2490 juniorem
900 2419 1228 2476 Heinricum
1285 2420 1582 2489 quintum"
1613 2436 1804 2490 regem
1841 2421 1995 2492 fecit,

357 2509 744 2580 reprobato“
789 2508 1006 2578 majore
1061 2508 1178 2564 ﬁlio
1211 2509 1575 2579 Chuonrado,
1629 2525 1798 2580 quem
1835 2510 1998 2580 prius

356 2596 676 2654 coronavit.
713 2597 784 2620 “‘

504 2688 524 2708 ‘
550 2688 607 2758 1),
642 2685 702 2740 E.
739 2690 785 2758 1,
812 2684 944 2758 alia
969 2698 1154 2758 mana
1183 2685 1320 2758 add.
1353 2687 1422 2741 in
1460 2699 1652 2758 marg.
1689 2686 2000 2758 :illillibol-

579 2756 699 2829 dus
731 2756 912 2829 abbas
959 2757 1177 2829 Sancti
1233 2757 1511 2829 Johannis
1573 2756 2000 2829 haptistae10‘“

575 2825 912 2898 ordinatus‘
937 2833 1046 2896 est,
1082 2825 1179 2896 qui
1211 2827 1472 2882 ordinem
1532 2825 1999 2898 Hirsaugiensem

571 2895 846 2953 instituit.

500 2970 522 2992 '
551 2967 712 3024 deest
739 2969 804 3022 C.

501 3041 548 3063 “
583 3040 719 3104 Qua
748 3039 803 3093 lt.
837 3051 894 3093 a.
926 3038 1258 3108 sequantur
1287 3037 1497 3094 des-unt
1519 3040 1718 3095 omnia
1749 3040 1810 3094 C.

503 3111 572 3133 ""
607 3113 666 3164 Α.
703 3109 1044 3180 itaperqit:
1071 3111 1207 3164 Post
1241 3111 1360 3164 haec
1387 3110 1701 3178 Bajoariam
1726 3110 1992 3178 tendens,

575 3179 822 3234 eundem
853 3179 1052 3248 lilium,
1103 3194 1271 3249 quem
1326 3187 1516 3248 regem
1548 3180 1635 3212 1°“
1664 3181 1994 3248 constituit,

573 3250 664 3320 his
693 3251 790 3318 qui
847 3250 1013 3318 prius
1045 3265 1152 3304 non
1190 3250 1499 3317 affuerunt,
1529 3258 1803 3320 utrcgem
1836 3251 1997 3306 illum

575 3319 876 3388 haberent,
901 3322 1353 3376 commendavit.
1385 3324 1623 3376 —Inter
1646 3319 1766 3377 hinc
1796 3321 2001 3390 palati-

574 3405 684 3462 nus
716 3405 912 3445 comes
943 3391 1196 3461 Ratpoto
1227 3397 1285 3446 et
1317 3393 1600 3462 patruelis
1630 3391 1756 3460 ejus
1791 3392 2001 3446 Oudal-

577 3461 758 3532 ricus,
794 3476 960 3532 quem
1019 3462 1258 3517 multum
1311 3461 1548 3518 divitem
1605 3461 1996 3532 appellabant,

576 3531 833 3588 defuncti
889 3536 1042 3587 sunt.
1081 3564 1128 3570 ——
1173 3535 1497 3603 Imperator
1555 3531 1696 3588 vero
1750 3531 2000 3588 natalem

578 3603 978 3673 apostolorum
1025 3604 1363 3671 Babenberg
1410 3617 1608 3671 agens,
1645 3604 1714 3658 de
1769 3618 2002 3659 conser-

579 3673 766 3728 vanda
790 3673 1040 3729 fideliter
1053 3689 1195 3744 pace
1210 3675 1455 3729 multum
1479 3675 1828 3729 obtestando
1851 3690 2002 3730 com-

579 3745 801 3814 monuit
859 3744 1088 3800 illai-um
1151 3747 1402 3814 partium
1465 3745 1778 3814 principes,
1839 3751 1898 3801 et
1940 3749 2002 3801 ut

577 3813 1000 3886 latrocinantes
1025 3813 1312 3884 furtisque
1335 3813 1642 3872 studentes
1659 3813 1894 3886 ’abSque
1919 3830 2008 3872 re-

575 3885 866 3958 tractione
915 3887 1344 3958 persequendo
1422 3885 1825 3958 dampnarent,
1896 3887 2004 3942 sub

569 3955 949 4026 jurisjurandi
975 3955 1710 4012 sacramentoconstrinxit
1731 3955 2006 4021 ;advoca-

575 4027 653 4083 tis
693 4042 944 4097 quoque,
1008 4041 1078 4082 ne
1109 4029 1218 4083 sub
1269 4042 1329 4083 se
1387 4028 1534 4083 alios
1595 4030 1914 4086 advocates
1948 4028 2004 4083 in

575 4097 1052 4168 depredationem
1077 4098 1271 4168 populi
1293 4103 1350 4153 et
1375 4100 1773 4156 aecclesiarum
1793 4099 2008 4156 consti-

576 4167 836 4241 tuerent,
864 4167 1126 4223 funditus
1159 4167 1258 4222 inti
1283 4169 1491 4241 rdixit;
1517 4173 1618 4224 sed
1671 4172 1778 4226 hoc
1811 4185 2008 4241 prece-

576 4243 758 4310 ptum,
785 4239 928 4312 heu!
968 4252 1170 4308 parum
1194 4240 1512 4312 convaluit,
1553 4244 1685 4310 quia
1712 4239 2008 4312 principes

573 4309 784 4382 turmis
812 4309 1059 4382 militum
1092 4325 1294 4382 carere
1314 4309 1601 4382 nolentes,
1627 4309 1772 4382 quas
1792 4309 2008 4366 talibus

577 4381 824 4452 maxime
857 4380 1157 4437 beneﬁciis
1211 4383 1322 4438 sibi
1355 4380 1838 4452 conciliaverunt,
1875 4397 2006 4438 mox

576 4451 932 4522 imperatore
991 4452 1352 4523 discedente,
1405 4452 1581 4509 solito
1613 4459 1674 4508 et
1704 4451 2008 4522 anti’quato

573 4535 736 4594 more
774 4527 875 4594 fusi
929 4529 1084 4580 sunt.
1118 4527 1390 4594 +Capta
1444 4527 1530 4578 est
1589 4524 1947 4581 Hierusalem
1979 4538 2010 4580 a

573 4591 914 4666 christianis
938 4595 1022 4651 Id.
1066 4593 1222 4666 Julii,
1259 4591 1402 4650 feria
1451 4599 1501 4649 6.
1532 4625 1601 4666 έ-
1634 4597 2014 4652 Chuonradus

578 4663 967 4738 Trejectensis
1000 4663 1318 4738 episcopus
1342 4666 1432 4721 his
1485 4665 1694 4738 diebus
1717 4682 1744 4722 a
1769 4667 1892 4723 suis
1920 4682 2014 4738 oc-

581 4734 744 4792 cisus
772 4743 881 4794 est.
905 4769 975 4779 ——
1007 4734 1408 4793 Herem'annus
1448 4737 2016 4794 Coloniensisarchi-

580 4807 896 4880 episcopus
937 4808 1101 4864 obiit.
1127 4839 1196 4848 —
1221 4809 1512 4880 Urbanus
1535 4823 1682 4878 papa
1713 4809 1888 4865 obiit:
1920 4807 2015 4864 cui

577 4878 842 4936 Pascalis
905 4881 1208 4952 successit,
1243 4879 1431 4936 adhuc
1461 4879 1696 4936 vivente
1727 4895 1871 4952 papa
1904 4880 2019 4936 Wi-

576 4957 814 5024 gperto,
854 4953 950 5024 qui
982 4957 1040 5010 et
1073 4951 1384 5029 Clemens._

2106 1856 2315 1911 nemini
2349 1857 2731 1927 prejudicium
2759 1857 3088 1926 intendens,
3110 1857 3264 1912 omni
3285 1871 3550 1927 personae
3572 1856 3756 1912 omni-

2106 1958 2216 2014 que
2239 1943 2562 1999 conditioni
2588 1945 2697 2000 fuit
2727 1944 3006 2010 aﬂ‘abilis;
3039 1945 3289 2014 indeque
3322 1960 3434 2001 non
3457 1944 3754 2000 immerito

2107 2033 2222 2088 Deo
2251 2037 2310 2087 et
2343 2032 2672 2089 hominibus
2696 2048 2927 2104 semper
2957 2033 3152 2089 extitit
3182 2032 3474 2089 amabilis.
3507 2032 3755 2088 leiba-

2109 2125 2203 2176 tus
2218 2121 2498 2191 pudorem
2531 2122 3206 2192 perpetualiterservare
3238 2137 3367 2178 cum
3395 2122 3757 2193 proposuis-

2107 2214 2218 2278 set,
2244 2214 2483 2264 coactus
2503 2214 2695 2265 tamen
2721 2224 2749 2264 a
2773 2210 2895 2265 suis
2924 2209 3096 2266 ﬁliam
3123 2209 3400 2266 Ruotkeri
3423 2210 3594 2266 ducis
3619 2209 3756 2265 Sici-

2111 2297 2222 2366 lia},
2244 2298 2606 2354 famosissimi
2638 2313 2782 2369 pene
2808 2303 3140 2354 nostrorum
3159 2305 3485 2370 temporum
3499 2297 3632 2366 viri,
3655 2297 3755 2353 du-

2109 2387 2190 2442 xit
2219 2403 2478 2458 uxorem,
2495 2389 2661 2458 cujus
2676 2392 2792 2443 tam
2809 2391 2972 2444 caste
2989 2404 3127 2445 usus
3139 2388 3678 2458 eswonjunetione,
3696 2393 3757 2441 ut

2110 2477 2205 2531 vix
2229 2477 2574 2532 crederetur
2591 2491 2718 2533 eam
2743 2492 2991 2547 unquam
3019 2478 3387 2547 cognovisse.
3405 2477 3651 2546 *Legale
3673 2473 3762 2508 ¹⁶¹³

2109 2564 2252 2622 illud
2269 2571 2608 2636 preeeptum
2628 2585 2640 2618 :
2672 2566 3128 2636 Turpitudinem
3143 2566 3344 2637 patris
3370 2566 3463 2623 tm’
3478 2579 3764 2638 nom-eve.

2109 2653 2264 2710 labis
2282 2654 2488 2716 (Leeit.
2507 2669 2664 2720 xvm,
2684 2659 2764 2724 7),
2783 2655 3036 2726 itemque
3051 2674 3064 2712 :
3081 2655 3327 2712 Honora
3333 2655 3568 2726 patrem
3585 2655 3750 2710 tuam

2109 2743 2351 2812 (Matth.
2394 2759 2508 2814 xxx,
2552 2745 2664 2814 19),
2704 2758 2981 2812 murmur,
3015 2743 3166 2814 quod
3199 2758 3304 2814 per
3337 2748 3522 2798 totum
3552 2743 3752 2798 Roma-

2107 2846 2242 2887 num
2279 2832 2584 2902 imperium
2619 2831 2804 2902 patris
2833 2831 2924 2888 sui
2955 2847 3144 2888 mores
3173 2831 3451 2900 laniabat,
3485 2831 3752 2902 quodque

2109 2920 2298 2991 ipsum
2322 2921 2432 2976 sibi
2463 2920 2698 2978 offensae
2748 2921 2936 2991 patris
2959 2935 3026 2975 ac
3059 2936 3178 2976 sum
3212 2921 3283 2974 ab
3317 2920 3414 2975 illo
3448 2919 3757 2976 discessio-

2111 3009 2203 3065 nis
2233 3024 2406 3065 causa
2440 3010 2660 3075 extitit,
2694 3010 2937 3066 auribus
2973 3008 3223 3080 propriis
3253 3023 3548 3079 nunquam
3583 3007 3759 3079 patie-

2113 3099 2286 3153 batur
2315 3098 2540 3168 inferri,
2574 3114 2804 3168 semper
2837 3098 2996 3153 illum
3023 3097 3316 3154 dominum
3359 3113 3530 3154 suum
3565 3102 3623 3152 et
3655 3112 3759 3152 caa-

2112 3201 2301 3242 sarem
2337 3187 2426 3243 vel
2463 3187 2873 3257 imperatorem
2906 3185 3352 3255 cognominans;
3392 3185 3698 3242 universos
3728 3201 3758 3240 a

2116 3275 2330 3346 palatio
2348 3277 2532 3346 patris
2557 3259 2940 3330 adventantes
2980 3276 3090 3331 sub
3111 3273 3505 3346 appellatione
3525 3289 3760 3330 conser-

2113 3379 2336 3432 vorum,
2373 3363 2511 3420 licet
2541 3363 2790 3434 infimos,
2818 3362 3020 3419 sociali
3053 3363 3448 3420 benivolentia
3473 3369 3754 3420 tractans.

2112 3453 2318 3507 Preter
2347 3453 2520 3507 animi
2587 3454 2835 3508 virtutes
2884 3467 3224 3522 morumque
3278 3453 3758 3524 compositionem

2115 3555 2364 3612 corpore
2389 3541 2497 3597 fnit
2529 3541 2790 3612 apprime
2814 3543 3066 3598 decorus
3091 3555 3154 3597 ac
3183 3545 3412 3597 statura
3445 3556 3754 3612 procerus.

2256 3723 2278 3744 ‘
2311 3720 2447 3785 Quae
2473 3724 2662 3775 tamen
2702 3718 2997 3774 turturina
3031 3717 3515 3774 “"nihilominus
3537 3718 3764 3789 predita

2330 3791 2440 3846 fide
2473 3791 2764 3846 secundos
2797 3790 2969 3860 ultra
3001 3790 3409 3846 detestabatur
3440 3789 3763 3860 amplexus,

2331 3862 2475 3917 adeo
2508 3867 2570 3916 ut
2621 3864 2754 3931 post
2799 3859 3070 3932 ablatum
3104 3865 3330 3917 tantum
3390 3859 3631 3932 corpori
3661 3875 3765 3917 suo

2331 3939 2528 4003 caput,
2557 3935 2840 4002 reliquum
2868 3931 3001 3987 vitae
3026 3947 3147 3990 sum
3174 3937 3404 4003 tempus
3429 3931 3620 3988 labori
3638 3946 3768 3988 con-

2332 4004 2685 4086 secraverit‘
2705 4005 3048 4086 sexagesimi
3089 4006 3317 4086 fruntus
3344 4006 3494 4086 (2110)
3581 4005 3650 4060 in
3705 4008 3755 4084 1,.

2328 4076 2556 4147 scripta
2579 4075 2685 4131 sed
2698 4089 2874 4132 erasa
2895 4077 3055 4144 sunt,
3079 4077 3218 4147 jam
3233 4074 3480 4131 nonnisi
3513 4074 3766 4147 liquoris

2331 4145 2582 4203 ckemz'cz'
2609 4161 2712 4218 ope
2745 4148 2905 4218 leqen
2917 4147 3030 4218 da;
3063 4145 3126 4204 in
3145 4147 3221 4202 ιιι).
3241 4160 3376 4202 vero
3399 4146 3660 4200 exstant.

2192 4325 2405 4381 Eodem
2439 4329 2642 4381 'anno
2723 4325 3057 4381 Gotei‘ridus
3144 4325 3280 4393 dux,
3334 4322 3765 4392 Beginmundus

2038 4417 2092 4478 D
2123 4430 2320 4473 comes
2337 4415 2528 4470 Sancti
2552 4414 2762 4486 Egidii,
2803 4416 3140 4486 Ruopcrtus
3161 4426 3358 4468 comes
3383 4411 3760 4480 Normannize,

2123 4505 2459 4583 Rugpertus
2482 4520 2680 4562 comes
2695 4504 3230 4572 Flandreusis,cum
3247 4507 3573 4558 turmarum
3587 4499 3764 4572 copiis

2127 4596 2338 4666 quibus
2362 4599 2637 4667 preerant
2655 4593 2834 4650 multa
2849 4605 3034 4662 usque
3051 4590 3418 4647 Hierusalem
3431 4587 3766 4646 difﬁcultate

2127 4686 2484 4756 pertingunt,
2527 4689 2736 4754 quarto
2773 4681 2890 4751 jam
2924 4695 3072 4736 anno
3120 4685 3431 4750 postquam
3455 4677 3514 4732 in
3535 4676 3764 4734 eandem

2127 4773 2393 4829 militiam
2411 4789 2513 4844 pro
2528 4771 2811 4829 crucifixo
2828 4770 2937 4825 sibi
2956 4769 3186 4825 Christo
3198 4767 3349 4824 tanti
3373 4781 3435 4824 se
3451 4764 3761 4824 bellatores

2129 4867 2337 4935 sponte
2357 4862 2798 4919 crucifixerunt.
2835 4858 3077 4929 Reliqua
3101 4858 3252 4914 enim
3279 4855 3621 4924 multitudo,
3647 4867 3764 4926 pre-

2130 4956 2220 5008 ter
2241 4967 2342 5008 eos
2365 4953 2461 5022 qui
2509 4966 2638 5008 cum
2679 4947 2998 5006 Boimundo
3023 4946 3346 5004 Antiochia;
3373 4945 3761 5004 consederant

1750 5051 1988 5108 VARIIE
2028 5051 2430 5108 LECTIONES.

435 5145 529 5182 ¹⁵¹⁰
561 5151 620 5224 4.-
643 5155 692 5224 t5.
734 5156 814 5207 10.
851 5151 1080 5224 addant
1105 5166 1380 5210 maneres
1409 5155 1495 5224 43.
1529 5155 1637 5222 1ὃ.,
1669 5163 1817 5224 quos
1859 5152 2082 5210 omittit
2110 5158 2167 5224 1,·

523 5221 812 5296 publicam
845 5227 898 5296 δ.
931 5222 1137 5281 saltem
1171 5237 1292 5280 rem
1321 5221 1792 5296 publicatae—9°.
1831 5227 1911 5279 10.
1941 5228 2028 5280 11.

365 5234 490 5280 rem

367 5290 460 5325 ““
487 5293 823 5350 turturnina
856 5293 933 5352 1b.

2251 5149 2338 5183 1‘3“
2371 5163 2508 5217 rege
2536 5161 2585 5205 c.
2664 5145 2752 5180 ¹⁶¹²
2785 5146 3034 5203 salutem
3090 5162 3144 5201 r.
3187 5161 3244 5217 p.
3276 5150 3336 5202 1.
3377 5145 3481 5217 D1.
3523 5143 3760 5217 salutent

2117 5220 2206 5258 “1’
2231 5213 2644 5294 Suppléndmn
2673 5233 2802 5276 cum
2826 5218 2887 5274 C.
2911 5233 2970 5275 a.
2998 5221 3130 5274 1101
3159 5213 3377 5283 {Juxta
3399 5215 3589 5286 legale
3605 5213 3759 5272 illud.

1952 5363 2173 5422 ΝΟΤιΕ.

457 5454 910 5544 mmmam
967 5465 1314 5544 sequuntur,
1373 5463 1448 5544 ab
1504 5461 1846 5544 Eklgehardo
1875 5467 2012 5544 post

363 5529 622 5606 reditum
654 5543 735 5606 ex,
757 5529 968 5606 itinere
998 5529 1548 5606 Hierosolymitano,
1585 5533 1656 5590 iis
1681 5547 1810 5606 quae
1829 5529 2013 5606 antea

2194 5459 2341 5587 $280)
2371 5457 2504 5516 Haec
2532 5455 2910 5538 Ekkehardus
2933 5453 3176 5538 delevit,
3207 5470 3341 5514 cum
3363 5454 3538 5542 vidua
3569 5459 3762 5538 postea

2194 5529 2407 5587 iduino
2451 5541 2576 5587 rem
2622 5525 3154 5587 Hierosolymitano
3210 5534 3522 5587 nupserit:
3553 5542 3591 5587 v
3619 5523 3757 5586 infra

2125 5523 2407 5601 Balduino
2451 5528 2576 5601 regi
2622 5523 3171 5599 Hierosolymitano'
3210 5527 3522 5601 nupserit;
3553 5523 3591 5588 Vi
3619 5523 3757 5586 infra

365 5592 694 5668 scripserat
714 5599 790 5672 (a.
811 5603 964 5662 1098.
977 5592 1393 5736 ﬁniemus,
1411 5592 1808 5678 adje'ctastint.
1823 5604 2016 5669 Pauca
2124 5592 2648 5676 Hlorosolymit'am.

365 5667 607 5730 ιη
625 5679 704 5730 οι
733 5666 1030 5736 mm
1215 5673 1329 5735 un.

362 5666 607 5730 ωσι-
625 5679 704 5730 ex
725 5666 1030 5742 ‘mm
1055 5666 1329 5736 retinuit.
