3962 6344
102 290 221 356 965

985 286 1433 356 CHRONIGA.
1463 324 1537 339 --
1565 288 2040 354 CHRUNICON
2094 287 2643 352 UNIVERSALE.

3407 289 3526 351 966

102 428 189 485 vel
216 442 360 485 cum
390 426 728 486 Baldewino
755 426 947 484 Rohas
979 427 1262 498 abierant,
1286 425 1568 485 Laodicia
1593 428 1766 499 Tyro-
1794 427 1849 487 A
1880 427 2322 496 universaaque
2343 423 2724 481 circumcirca
2743 422 3027 479 acclesia
3048 436 3152 494 per
3167 425 3355 480 omnia
3376 423 3526 481 ludi-

102 532 215 589 que
240 521 673 587 remanserant,
698 530 800 589 per
817 515 1082 573 diversas
1103 515 1558 587 circumquaque
1583 515 1766 585 regio-

99 621 205 663 nes
226 605 487 678 dispersi
510 608 697 661 erant.

331 695 472 760 Ωτιω
483 692 760 765 sequitur
774 692 1033 765 historia
1055 691 1196 765 belli
1213 693 1507 765 Hierosol.
1525 692 1632 750 hoc
1646 693 1766 749 loco

327 765 492 822 deest
515 763 578 819 D‘.
616 764 711 833 E.,
745 765 853 835 qui
882 763 1255 835 singularem
1288 763 1523 821 addunt
1553 776 1767 835 narra-

328 836 545 893 tionem
565 835 623 891 et
644 835 751 891 hoc
778 835 898 891 loco
928 848 1059 890 eum
1091 835 1149 888 C.
1186 834 1309 890 Ιιωο
1339 835 1571 891 tantum
1600 834 1767 889 exhi-

331 906 466 962 bent
508 926 528 962 ,ο
572 906 786 960 Eodem
835 919 983 960 anno
1033 904 1303 959 dominus
1350 911 1552 962 noster
1598 907 1766 959 Iesus

328 977 598 1032 Christus
638 976 936 1032 civitatem
982 974 1201 1044 requiei
1243 990 1364 1031 sua
1408 975 1765 1032 Hierusalem

328 1047 603 1117 ﬁdelibus
640 1046 763 1102 suis
805 1045 1051 1117 aperuit,
1082 1050 1139 1100 et
1168 1044 1482 1102 eliminatis
1514 1061 1617 1117 per
1654 1060 1768 1117 ma-

326 1116 690 1189 gnitudinem
714 1115 993 1189 potentia
1017 1130 1135 1189 sua
1161 1115 1526 1189 paganorum
1544 1115 1768 1189 spurci-

329 1188 460 1257 ciis,
524 1186 767 1243 liberum
824 1186 1159 1242 christiana
1211 1186 1541 1243 devotionis
1580 1186 1766 1243 'ritum

328 1258 795 1314 misericorditer
827 1258 964 1313 inibi
998 1259 1373 1313 restauravit.

177 1345 289 1401 Hic
329 1345 401 1400 de
443 1345 664 1402 militia
702 1344 794 1401 vel
834 1344 1226 1416 expeditionis
1264 1344 1525 1413 ejusdem
1569 1357 1769 1420 causa,

108 1448 227 1489 non
264 1437 385 1489 tam
418 1433 754 1489 humanitus
794 1447 963 1503 quam
1006 1431 1288 1488 divinitus
1328 1432 1615 1501 ordinata,
1660 1432 1769 1488 fert

108 1521 347 1577 animus
371 1527 626 1577 astuans
644 1519 836 1590 aliqua
860 1519 1205 1590 prescriptis
1228 1519 1503 1589 adjicere,
1525 1520 1771 1576 maxime

108 1610 186 1664 ob
222 1608 705 1681 imprudentium,
746 1608 919 1663 immo
960 1607 1380 1679 impudentiam
1411 1607 1769 1679 quorundam

111 1697 615 1767 redargutionem,
636 1696 734 1767 qui
756 1700 993 1753 vetusto
1014 1709 1243 1767 semper
1260 1711 1463 1752 errore
1483 1696 1766 1765 contenti,

111 1786 436 1842 novitatem
469 1785 637 1855 hanc,
660 1785 777 1855 jam
806 1785 1135 1841 senescenti
1156 1791 1217 1840 et
1240 1798 1422 1856 prope
1450 1785 1771 1860 intereunq
1797 1780 1854 1843 Β

111 1874 334 1929 mundo
372 1872 889 1944 pernecessariam,
928 1886 1031 1929 ore
1066 1872 1381 1928 temerario
1430 1880 1770 1945 presumunt

110 1961 570 2034 reprehendere,
596 1961 708 2032 ipsi
726 1960 1000 2032 epicureo
1025 1975 1182 2016 more
1205 1960 1564 2032 voluptatum
1593 1961 1768 2017 latam

110 2050 204 2085 ¹⁶¹⁵
230 2065 403 2121 quam
436 2053 623 2105 artam
655 2050 866 2106 divina
901 2049 1208 2106 servitutis
1237 2049 1386 2104 viam
1419 2049 1771 2120 amplecten-

111 2143 225 2208 tes,
251 2138 577 2209 appetitum
597 2138 791 2194 mundi
814 2138 1203 2209 prudentiam,
1224 2142 1621 2209 contemptum
1643 2138 1771 2208 ejus

111 2225 464 2296 stulticiam,
497 2228 605 2282 hoc
627 2230 719 2282 est
743 2240 1042 2283 carcerem
1075 2226 1344 2298 patriam,
1379 2226 1656 2282 tenebras
1689 2225 1773 2283 lu-

110 2329 262 2385 cem,
306 2314 519 2371 malum
565 2315 800 2385 bonum,
844 2319 1087 2371 mortem
1129 2314 1329 2384 vitam,
1374 2313 1519 2385 proh
1554 2313 1768 2385 pudor!

108 2403 296 2460 corde
328 2403 639 2460 cecissimo
669 2404 1112 2460 considerantes
1135 2400 1243 2457 “1‘.
1273 2402 1657 2459 Lenocinatur
1686 2402 1771 2459 eis

110 2493 169 2547 in
205 2492 320 2549 hoc
347 2496 404 2548 et
434 2490 733 2548 audaciam
764 2492 1095 2562 hujusmodi
1130 2491 1533 2549 subministrat
1568 2491 1773 2562 depra-

110 2585 252 2637 vata
270 2579 390 2650 jam
412 2580 691 2651 undique,
722 2579 820 2637 sed
851 2579 1098 2636 maxime
1124 2580 1393 2651 partibus
1415 2579 1471 2634 in
1496 2579 1652 2649 istis,
1686 2594 1773 2635 re-

110 2683 245 2725 rum
276 2668 526 2739 vertigo,
556 2668 653 2724 ubi
677 2668 964 2740 sapientia
1000 2682 1102 2740 pre
1136 2668 1404 2724 omnibus
1428 2667 1635 2738 invisa,
1660 2667 1775 2723 vir-

113 2762 218 2814 tus
256 2756 445 2812 omnis
475 2759 563 2812 est
596 2754 820 2825 odiosa,
856 2755 1061 2826 religio
1094 2756 1440 2827 despicitur,
1473 2755 1772 2812 humilitas

113 2844 530 2915 conculcatur,
554 2843 767 2902 astutia
788 2845 1099 2916 primatum
1121 2848 1370 2917 prestat,
1389 2844 1600 2901 vicium
1621 2858 1775 2901 amo-

112 2949 242 2990 rem
269 2932 571 3005 conciliat,
603 2933 926 2990 crudelitas
948 2931 1344 3002 ‘Mtimorem,
1377 2934 1653 3005 superbia
1675 2934 1776 2990 im-

114 3027 291 3095 perat
313 3022 612 3078 honorem.
647 3022 763 3077 Nos
790 3025 983 3078 autem
1007 3021 1065 3076 in
1088 3021 1328 3078 Domino
1352 3025 1576 3078 tantum
1598 3022 1775 3079 conli-

113 3111 349 3180 dentes,
390 3124 497 3166 nec
537 3109 915 3181 presentibus
952 3108 1053 3167 sed
1096 3109 1310 3166 futuris
1357 3109 1667 3181 inhiantes,
1708 3125 1774 3168 ac

115 3198 257 3256 licet
317 3203 683 3272 spectatores
726 3197 897 3269 pigri,
949 3197 1208 3254 fautores
1259 3205 1446 3254 tamen
1498 3198 1770 3268 benivoli,

122 3287 434 3345 laudemus
461 3287 697 3343 eosdem
726 3284 817 3318 ³⁸⁸⁸
844 3286 1030 3342 nostri
1060 3286 1345 3357 temporis
1374 3286 1532 3342 viros
1561 3285 1776 3355 glorio-

120 3391 235 3446 sos,
265 3376 366 3447 qui
386 3375 656 3432 vicerunt
687 3388 866 3445 regna
898 3374 1116 3443 mundi,
1149 3374 1247 3444 qui
1282 3374 1505 3430 relictis
1537 3379 1778 3447 propter

120 3464 282 3536 pium
316 3463 443 3520 ovis
479 3461 811 3519 centesima
844 3461 1199 3532 quesitorem
1231 3461 1580 3532 eonjugibus
1612 3476 1678 3517 ac
1712 3462 1778 3518 li-

120 3552 307 3621 beris,
349 3551 545 3621 regnis
576 3555 634 3607 et
666 3549 906 3619 divitiis,
947 3552 1269 3621 posuerunt
1300 3550 1521 3606 animas
1551 3565 1687 3606 suas
1719 3550 1775 3606 in

119 3641 395 3696 manibus
422 3640 563 3709 suis,
594 3639 720 3695 zelo
748 3639 1007 3695 zelantes
1031 3653 1137 3709 pro
1161 3638 1393 3695 domino
1417 3640 1533 3695 Deo
1554 3638 1779 3695 exerci-

117 3733 312 3797 tuum,
356 3732 609 3798 utraque
645 3727 931 3796 condigne
972 3726 1178 3781 armati
1222 3726 1587 3795 fortitudine,
1623 3727 1775 3796 regis

117 3818 208 3875 sui
242 3817 500 3873 calestis
531 3815 799 3872 ineuntes
829 3814 1131 3871 servitium
1162 3813 1281 3869 “1°.

190 3907 477 3977 Tempore
505 3904 760 3961 Heinrici
787 3905 886 3959 llll
915 3903 1175 3973 Romani,
1204 3908 1263 3960 et
1292 3902 1477 3959 Alexii
1502 3904 1778 3960 Constan-

120 3992 499 4065 tinopolitani
523 3992 824 4065 principis,
840 3991 1006 4061 juxta
1026 3991 1358 4063 presagium
1376 3990 1775 4061 evangelicum

118 4082 384 4141 surrexit
413 4082 668 4152 undique
689 4094 833 4151 gens
854 4084 1059 4137 contra
1082 4085 1313 4149 gentem
1337 4083 1393 4135 et
1419 4093 1659 4148 regnum
1682 4081 1779 4136 ad-

118 4184 336 4227 versus
360 4183 621 4238 regnum,
642 4173 700 4224 et
727 4171 1096 4225 terramotus
1113 4168 1300 4238 magni
1319 4172 1488 4223 erant
1506 4180 1609 4238 per
1626 4167 1774 4239 loca,

117 4262 180 4315 et
208 4256 567 4330 pestilentia
589 4262 651 4312 et
675 4257 853 4312 fames
872 4262 1248 4327 terroresque
1272 4255 1344 4312 de
1365 4254 1511 4312 calo
1532 4261 1593 4311 et
1612 4255 1777 4327 signa

120 4358 334 4416 magna
350 4363 366 4413 ;
390 4349 448 4400 et
472 4345 605 4415 quia
624 4343 741 4414 jam
762 4346 818 4401 in
839 4358 1039 4401 omnes
1055 4351 1263 4415 gentes
1279 4343 1613 4414 evangelica
1636 4345 1777 4401 tuba

113 4434 270 4504 justi
288 4433 505 4503 judicis
523 4433 831 4490 adventum
861 4435 1309 4504 precouabatur,
1334 4446 1472 4489 ecce
1492 4433 1669 4489 etiam
1693 4436 1779 4488 to-

1880 513 2023 569 briis
2045 527 2356 569 numeroso
2376 525 2654 567 annorum
2673 510 2926 565 circuitu
2947 510 3327 579 subjacehant
3355 527 3460 583 pag
3472 528 3526 568 a-

1877 616 2099 657 uorum.
2153 600 2293 656 Orto
2340 600 2563 655 interea
2613 597 2765 654 bello
2806 603 2966 653 sorte
3015 598 3332 655 miserabili
3376 601 3529 656 inter

1876 690 2229 746 christianos
2267 686 2605 756 orientales,
2642 685 2698 741 id
2723 690 2815 741 est
2848 685 3063 743 Grecos
3100 690 3159 742 et
3201 688 3525 759 Armenios,

1877 776 2157 848 Armenii,
2184 780 2391 847 utpote
2418 775 2609 846 regnis
2629 777 2683 829 et
2710 788 2950 830 numero
2975 774 3303 846 pauciores,
3330 776 3527 833 attines

1875 866 2171 921 asciscunt
2209 864 2318 920 sibi
2360 864 2430 920 de
2471 863 2666 918 Persia
2711 862 3025 919 bellatores
3067 862 3298 935 inclyta
3339 865 3522 934 fama,

1874 953 2163 1019 Thurcos;
2221 967 2467 1024 quorum
2523 950 2735 1006 auxilio
2784 950 2987 1006 sedata
3030 951 3194 1020 juxta
3241 951 3521 1022 placitum

1877 1053 2043 1096 suum
2088 1040 2393 1109 seditione,
2440 1038 2788 1093 dimiserunt
2821 1052 2921 1094 eos
2951 1038 3020 1094 ad
3054 1039 3307 1109 propria,
3353 1039 3524 1095 nimis

1881 1127 2125 1184 allectos
2152 1133 2440 1184 terrarum
2472 1127 2729 1198 ipsarum
2758 1125 2921 1197 copia
2953 1131 3012 1181 et
3046 1126 3369 1183 fertilitate.
3402 1127 3525 1192 Qua

1879 1216 1951 1271 de
1982 1230 2044 1271 re
2078 1215 2219 1270 inito
2252 1219 2379 1286 post
2406 1229 2584 1269 annos
2617 1213 2837 1283 aliquot
2866 1213 3135 1278 consilio,
3164 1218 3527 1271 emerserunt

1881 1302 1951 1359 ab
1976 1302 2293 1374 aquilonali
2338 1300 2503 1373 plaga
2542 1302 2613 1357 de
2652 1306 2810 1356 terra
2850 1301 3186 1372 Corrizana,
3230 1316 3357 1371 qua
3398 1302 3531 1373 plus

1882 1392 2174 1448 hominum
2206 1407 2375 1462 quam
2408 1392 2664 1448 victuum
2699 1390 2910 1446 fertilis
2944 1405 3071 1447 esse
3102 1395 3375 1447 narratur
3403 1405 3533 1462 pre-

1883 1481 2236 1552 scriptorum
2270 1494 2622 1551 paganorum
2652 1479 2835 1550 copia
2869 1478 3086 1549 multa,
3113 1494 3240 1549 qua
3265 1480 3373 1535 sub
3397 1493 3533 1549 qua-

1885 1575 2017 1625 tuor
2039 1568 2286 1625 sultanis
2305 1567 2505 1624 divisa
2526 1599 2595 1606 —
2618 1567 2702 1622 sic
2725 1566 2876 1621 enim
2900 1572 3165 1637 satrapas
3190 1581 3330 1623 suos
3355 1567 3533 1622 nomi-

1884 1672 2023 1712 nare
2054 1656 2337 1713 solent—
2360 1655 2456 1711 uni
2490 1658 2710 1710 tantum
2745 1655 2981 1710 Persico
3014 1655 3352 1726 imperatori
3388 1669 3531 1725 pene

1885 1744 2063 1801 divini
2085 1743 2282 1821 cultus
2308 1758 2466 1800 more
2490 1743 2757 1813 subjecti,
2784 1759 2884 1815 per
2909 1744 3256 1813 Armeniam,
3282 1744 3532 1815 indeque

1885 1832 2266 1901 Capadociam
2300 1836 2595 1901 totamque
2624 1831 2955 1886 Romaniam
2986 1838 3160 1902 atque
3192 1832 3395 1887 Siriam
3427 1831 3533 1887 dif-

1885 1922 1994 1977 fusi
2016 1928 2172 1978 sunt.
2197 1920 2390 1976 Primo
2408 1920 2622 1991 quippe
2644 1920 2893 1989 Niceam,
2916 1919 3221 1976 catholica
3241 1922 3530 1990 quondam

1884 2009 2019 2065 fidei
2051 2009 2257 2066 turrim
2291 2008 2702 2077 firmissimam,
2736 2012 3092 2078 expugnant,
3127 2008 3441 2066 trucidatis
3474 2009 3528 2063 in

1882 2111 1948 2153 ea
1972 2097 2310 2153 christianis
2339 2112 2485 2167 quos
2512 2100 2809 2167 ceperant,
2846 2095 3212 2151 Solomanum
3246 2097 3532 2166 quendam

1884 2185 1954 2241 de
1979 2185 2104 2242 suis
2136 2189 2441 2255 tyrannum
2481 2200 2609 2239 cum
2653 2183 2927 2255 prcsidiis
2966 2184 3181 2253 locant,
3232 2185 3534 2241 universas

1881 2274 2338 2344 circumquaque
2383 2272 2652 2341 regiones
2686 2286 2874 2342 usque
2906 2271 2976 2327 ad
3012 2271 3276 2342 paludem
3309 2272 3429 2328 sive
3460 2273 3535 2328 si-

1882 2376 2016 2417 num
2043 2360 2219 2416 maris
2244 2360 2340 2431 qui
2368 2359 2667 2416 brachium
2701 2359 2888 2415 sancti
2918 2360 3147 2429 Georgii
3172 2359 3390 2416 dicitur
3412 2361 3534 2416 fun-

1884 2449 2045 2505 ditus
2090 2449 2488 2518 devastantes,
2540 2446 2681 2504 nulli
2731 2448 2933 2504 anima
2980 2447 3341 2519 christiana,
3391 2447 3532 2505 nulli

1884 2536 2169 2594 aeclesia
2192 2536 2283 2594 vel
2308 2537 2681 2606 monasterio,
2704 2536 2876 2592 immo
2900 2551 3005 2592 nec
3032 2537 3178 2608 ipsis
3196 2542 3533 2594 sanctorum

1884 2625 2233 2694 imaginibus
2260 2629 2586 2695 parcentes.
2611 2656 2680 2664 —
2703 2624 2963 2679 Vidimus
2987 2626 3139 2680 enim
3162 2629 3218 2679 et
3244 2624 3431 2680 adhuc
3455 2624 3536 2680 vi-

1885 2713 2022 2769 dere
2050 2713 2379 2769 miserabile
2405 2713 2799 2783 spectaculum
2822 2718 2913 2767 est
2940 2712 2993 2767 in
3019 2713 3382 2769 semidirutis
3407 2726 3538 2784 par-

1883 2803 2028 2859 tium
2060 2801 2284 2858 illarum
2318 2801 2595 2857 oratoriis
2626 2801 2810 2872 ipsam
2844 2800 3162 2856 Salvatoris
3203 2802 3385 2858 nostri
3416 2800 3538 2870 eju-

1884 2905 2028 2962 sque
2056 2889 2493 2960 gloriosissima
2520 2887 2825 2958 genitricis
2858 2904 2962 2944 seu
2993 2888 3389 2959 quorumlibet
3422 2889 3537 2945 ele-

1883 2985 2109 3035 ctorum
2163 2978 2444 3049 picturas,
2499 2977 2787 3033 truncatis
2837 2977 3079 3033 naribus
3135 2977 3223 3032 vel
3271 2977 3533 3047 auribus,

1885 3067 2151 3123 manibus
2169 3065 2262 3121 vel
2282 3065 2547 3137 pedibus,
2565 3065 2957 3121 desolatarum
2979 3065 3376 3121 acclesiarum
3398 3080 3537 3136 quo-

1804 3158 1855 3222 C
1886 3153 2190 3211 dammodo
2224 3154 2443 3210 luctum
2478 3152 2793 3209 visibiliter
2825 3154 3194 3225 pretendere,
3239 3152 3535 3224 divinique

1879 3243 2085 3312 judicii
2108 3256 2285 3313 super
2303 3256 2365 3297 se
2384 3241 2720 3311 vigilantem
2741 3241 2961 3311 virgam
2986 3241 3173 3312 plagis
3197 3241 3361 3311 quasi
3391 3257 3537 3297 sem-

1886 3346 1990 3403 per
2020 3330 2356 3387 rccentihus
2387 3334 2707 3386 ostentare.
2743 3329 2842 3386 His
2874 3334 2932 3385 te
2962 3328 3195 3400 gladiis,
3229 3343 3262 3385 o
3295 3328 3535 3386 nobilis-

1888 3420 2031 3475 sima
2052 3417 2587 3489 Constantinopolis
2611 3432 2717 3474 nec
2741 3417 2894 3488 regis
2918 3418 3000 3474 tui
3027 3418 3241 3473 tutavit
3264 3416 3535 3473 millefor-

1885 3508 1994 3563 mis
2025 3506 2258 3576 astutia,
2286 3521 2391 3563 nec
2420 3507 2633 3563 civium
2664 3506 3027 3578 populositas
3057 3507 3386 3573 innumera;
3423 3520 3535 3561 non

1886 3601 1945 3651 te
1970 3594 2293 3666 frequentia
2319 3594 2705 3650 nundinarum
2724 3594 2813 3649 vel
2836 3595 3054 3650 infinita
3079 3595 3384 3665 congeries
3408 3592 3535 3651 auri

1887 3683 2167 3749 redemit;
2210 3698 2321 3738 non
2363 3688 2418 3738 te
2458 3683 2881 3753 Waringorum,
2920 3698 3029 3737 non
3062 3686 3116 3737 te
3147 3682 3537 3754 Thurcopolo-

1887 3787 2013 3828 rum
2033 3776 2265 3828 tuorum
2285 3770 2374 3827 vel
2394 3769 2827 3826 Pincinatorum
2850 3769 3198 3825 classiumve
3220 3769 3533 3826 multitudo

1888 3858 2179 3924 defendit;
2224 3858 2409 3914 solum
2456 3857 2558 3913 tibi
2598 3857 2787 3926 stagni
2839 3857 3087 3927 predicti
3140 3857 3532 3914 intersticium

1890 3947 2142 4021 presidio
2165 3948 2294 4017 fuit,
2321 3948 2492 4003 immo
2516 3947 2639 4003 sola
2666 3951 2722 4002 te
2747 3946 3042 4004 Creatoris
3064 3946 3328 4017 operatio
3353 3946 3537 4002 muni-

1888 4038 1995 4094 vit.
2044 4036 2339 4106 Subjacuit
2391 4035 2687 4092 furoribus
2720 4034 2851 4091 istis
2882 4039 3196 4107 prepotens
3243 4035 3535 4105 quondam

1888 4122 2216 4194 Antiochia,
2260 4129 2318 4179 et
2356 4138 2427 4179 ne
2465 4123 2665 4180 multis
2705 4138 2915 4194 morer,
2964 4123 3204 4180 dextras
3244 4123 3536 4180 dederunt

1889 4219 2011 4271 tota
2043 4212 2213 4271 simul
2248 4213 2392 4270 Siria
2424 4217 2602 4284 atque
2628 4211 3227 4283 Palestina.—Igitur
3261 4219 3413 4268 terra
3446 4226 3534 4268 re-

1889 4301 2290 4375 promissionis
2331 4303 2595 4372 subaeta,
2629 4306 2816 4358 mater
2857 4306 3070 4358 nostra
3111 4300 3534 4373 redemptionis

1890 4407 1955 4449 ac
1980 4391 2114 4448 fidei
2135 4391 2494 4449 Hierusalem
2525 4390 2742 4463 duplici
2775 4390 3137 4462 captivitatis
3163 4392 3305 4461 jugo
3331 4403 3536 4460 grava-

121 4477 251 4580 ἱιιω
283 4477 740 4593 ἓίνοιιωψιετιιιθ
769 4477 1042 4578 ιηιιῗιάιιω
1073 4522 1235 4591 signa
1268 4478 1614 4593 p'rophetata
1649 4535 1778 4593 ρον·
1806 4508 1861 4570 D
1892 4478 2901 4593 ἓῗῗὶξῗῖθὶἷῖεῗῗὶίῗῗὲῗἱὶθξηῗῗὲἶῖῗ
2918 4477 3537 4593 ἓςθμῗέἒᾷἶ¹¹ζ¹ἷῖ¹ῗῖηί¹ἔῗέῖί¹

120 4609 467 4667 tendentem
500 4608 850 4666 universalis
877 4610 1145 4667 acclesia
1174 4608 1623 4681 contemplatur.
1654 4609 1777 4665 Iam

125 4696 514 4754 Hierosolima
562 4697 899 4754 Sarracenis
937 4696 1165 4755 civibus
1202 4711 1490 4769 possessa,
1541 4695 1780 4768 Babylo-

125 4786 240 4843 nia
263 4787 435 4857 (181),
462 4798 591 4856 qua
613 4798 765 4842 nunc
786 4785 957 4842 sedes
971 4788 1060 4843 est
1085 4786 1246 4855 regni
1269 4785 1540 4856 aEgyptii,
1565 4783 1780 4840 servie-

126 4875 251 4944 bat,
272 4874 389 4945 jam
415 4873 609 4930 tenuis
627 4873 684 4929 in
705 4886 772 4930 ea
795 4874 1134 4931 christiana
1159 4873 1544 4946 professionis
1574 4872 1780 4942 religio

125 4962 431 5021 cotidiano
458 4976 519 5019 se
547 4962 773 5020 tributo
802 4964 1146 5021 redimebat.
1182 4962 1537 5033 Bethlehem,
1571 4962 1779 5019 domus

126 5050 298 5123 panis
328 5052 695 5123 angelorum,
727 5052 1023 5111 stabulum
1056 5053 1206 5110 facta
1238 5054 1330 5109 est
1359 5054 1775 5121 armentorum,

1890 4567 2341 4642 opprimentium
2366 4582 2429 4624 se
2453 4567 2903 4624 Sarracenorum
2932 4566 3173 4624 Thurcis
3201 4565 3384 4622 multo
3416 4569 3537 4621 tur-

1890 4657 2018 4729 pior
2044 4656 2208 4730 plebs
2224 4670 2387 4727 aqua
2406 4658 2566 4712 sorte
2583 4654 2884 4712 multatur.
2911 4654 3109 4712 Posito
3134 4652 3274 4709 inibi
3298 4649 3533 4709 sultano

1891 4754 2293 4826 militibusque
2322 4754 2668 4823 numerosis,
2704 4752 2775 4807 ad
2808 4750 3250 4808 instaurandum
3274 4754 3536 4808 antemu-

1890 4853 2012 4909 rale
2043 4851 2151 4923 1”“,
2187 4850 2341 4922 quod
2372 4850 2654 4906 hactenus
2686 4850 2967 4917 cernitur,
3022 4847 3205 4903 aliave
3255 4844 3533 4916 qualibet

1890 4949 2156 5019 adificia,
2180 4948 2567 5005 destruuntur
2588 4944 2685 5000 illa
2705 4958 2834 5015 qua
2852 4948 3019 5002 extra
3041 4942 3341 5000 civitatem
3363 4946 3535 4999 erant

1890 5045 2240 5104 monasteria
2261 5042 2515 5114 ;Domini
2540 5056 2678 5099 vero
2700 5040 3073 5113 sepulchrum
3099 5043 3345 5111 questus
3370 5038 3534 5098 dum-

1488 5165 1726 5221 VARIzE
1766 5161 2165 5221 LECTIONES.

200 5281 291 5359 3‘“
318 5280 1241 5359 p,otius_1atana.£c_ribéy9lui§§9
1284 5280 1575 5359 υίάειαγε.
1612 5280 1731 5359 tam
1760 5279 1939 5359 19.9919
1969 5273 2359 5359 ναέερβτφριο
2396 5281 2447 5334 δ·
2497 5272 2615 5359 3‘“
2653 5288 2775 5359 06.0,-
2809 5273 3525 5359 Rrav0.¢li?°,ern.¢9t?$_1'-

126 5343 557 5426 ίδίΤ-οιίδιδζιιιει
586 5348 765 5412 addit
792 5354 854 5413 ll.
938 5350 1035 5426 “9
1060 5353 1106 5411 l.
1146 5350 1290 5411 alios
1321 5352 1603 5426 quosdam
1635 5351 1701 5409 ll.
1778 5348 1871 5384 ω’
1898 5353 1949 5405 5.
1983 5347 2166 5408 addit
2185 5343 2435 5407 rubrum
2456 5364 2471 5401 :
2496 5345 2579 5402 De
2602 5343 2962 5418 profectione
3002 5343 3521 5403 bierosolimitana.

1716 5490 1941 5550 N013.

128 5425 219 5461 ι⁶²⁰
248 5424 475 5485 murale
502 5436 652 5484 corr.
689 5424 1050 5483 antemurale
1085 5431 1132 5481 1.

193 5570 346 5645 (281)
378 5569 420 5627 ι.
457 5580 509 5627 e.
543 5564 729 5625 Cairo.
