3962 6300
426 280 542 341 9(ὶῖ

1590 277 2068 345 EKKEHARDI
2113 281 2662 344 URAUGIENSIS

3726 287 3846 344 868

429 448 586 500 taxat
609 441 797 513 gratia
823 446 1229 501 intemeratum
1257 443 1641 514 relinquitur;
1670 444 1945 516 templum
1969 445 2076 498 Do-
2107 451 2158 510 Α
2191 456 2251 498 se
2283 443 2797 514 triumphaturum.
2821 444 2956 499 Mira
2987 450 3181 501 autem
3207 449 3268 502 et
3293 442 3673 501 inestimabili
3701 444 3848 500 divi-

431 532 563 586 mini
614 533 1058 590 famosissimum
1105 537 1161 588 et
1205 533 1370 600 nulli,
1413 537 1473 588 ut
1517 533 1795 598 arbitror,
1843 531 2075 587 humani

429 620 626 690 operis
655 625 973 678 structurae
1005 620 1456 691 comparandum
1493 621 1795 688 sacrilega1
1831 635 2080 691 pagano-

432 723 554 764 rum
607 708 870 777 religioni
904 715 1265 772 reservatur,
1301 713 1596 778 tantwque
1649 723 1880 779 semper
1925 709 2076 778 apud

431 795 564 852 illos
595 797 920 852 habebatur
957 796 1340 864 venerationi,
1377 801 1438 851 ut
1467 811 1758 866 nunquam
1794 796 1936 852 illud
1971 795 2078 851 nisi

431 885 598 942 nudis
617 888 674 938 et
695 883 831 938 lotis
854 883 1097 954 pedibus
1117 884 1425 948 intrarent,
1445 883 1661 939 nullum
1683 899 1822 940 vero
1842 887 1912 938 de
1930 885 2081 940 chri-

429 972 654 1040 stianis,
681 985 827 1040 quos
851 971 1052 1041 utique
1087 971 1331 1026 maxime
1365 971 1689 1028 immundos
1713 972 2076 1056 judicabant,

423 1077 527 1134 per
551 1063 640 1114 tot
667 1074 946 1114 annorum
972 1058 1263 1114 curricula
1289 1063 1406 1114 tam
1433 1061 1884 1116 Sarracenorum
1911 1075 2079 1129 quam

419 1151 774 1205 Thurcorum
797 1151 1059 1218 tempore
1083 1147 1172 1201 vel
1193 1148 1342 1202 intra
1367 1147 1577 1203 atrium
1601 1147 1822 1216 ingredi
1845 1148 2082 1218 permit-

419 1241 635 1294 terent.

494 1329 630 1382 Cum
673 1338 813 1393 ergo
855 1322 1114 1378 victores
1149 1323 1300 1379 idem
1341 1338 1491 1380 nunc
1523 1324 1720 1392 armis,
1757 1328 1820 1379 ut
1855 1338 1951 1378 res
1987 1337 2082 1393 po-

423 1415 644 1481 scebat,
679 1411 1043 1480 insudarent,
1077 1427 1227 1466 nunc
1251 1411 1478 1468 lusibus
1507 1426 1570 1468 ac
1597 1411 1842 1480 deliciis,
1880 1417 2081 1482 utpote

421 1519 450 1558 a
473 1499 884 1572 glareajejuna
911 1499 967 1554 in
991 1505 1205 1554 terram
1233 1499 1478 1555 maxime
1503 1500 1868 1556 fructiferam
1896 1505 2082 1554 trans-

422 1589 691 1662 plantati,
745 1587 976 1644 sibimet
1035 1587 1426 1657 indulgerent,
1465 1589 1518 1642 in
1555 1587 1786 1643 illorum
1837 1585 2082 1642 servitio

423 1693 550 1750 quae
579 1681 891 1745 tormenta,
929 1690 1073 1746 quas
1101 1690 1330 1743 cruces,
1367 1691 1584 1746 quasve
1621 1690 1724 1746 per
1756 1676 1945 1731 omnia
1983 1675 2084 1729 mi-

2191 529 2391 585 nitatis
2428 531 2864 601 dispensatione
2905 536 2988 587 tot
3029 532 3243 588 Christi
3285 533 3567 602 membra,
3609 533 3840 602 linguis,

2191 619 2462 674 tribubus
2493 624 2552 673 et
2584 620 2920 675 nationibus
2951 620 3301 692 differentia,
3344 621 3544 676 subito
3579 621 3636 675 in
3671 635 3841 677 unum

2189 705 2396 762 Christi
2424 708 2672 763 caritate
2695 708 3080 778 conglutinati
3104 709 3450 764 coaluerunt
3470 722 3711 780 corpus,
3735 725 3843 766 uno

2188 809 2388 851 omnes
2439 795 2670 852 Christo
2709 811 2866 867 rege,
2912 795 3014 852 sed
3059 797 3309 866 singulis
3349 795 3598 866 singulae
3639 803 3844 866 gentes

2191 888 2516 953 procul-atas
2573 883 2840 954 ducibus,
2900 885 3198 940 Cotefrido
3255 885 3486 941 scilicet
3545 884 3846 940 Lotbarin-

2187 970 2374 1039 giensi
2421 973 2658 1042 suisque
2716 973 2998 1027 fratribus
3052 971 3390 1028 Baldewino
3438 978 3498 1027 et
3554 972 3840 1042 Eustatio,

2189 1057 2484 1129 Ruoperto
2523 1059 2880 1130 Flandrcnsi,
2925 1059 3062 1115 item
3105 1060 3401 1130 Ruoperto
3434 1059 3844 1129 Normannico,

2189 1145 2549 1215 chimundo
2578 1147 2790 1203 comite
2814 1147 2882 1202 de
2907 1149 3120 1204 Sancto
3145 1147 3370 1217 Egidio,
3399 1149 3642 1214 Hugone
3668 1147 3844 1204 fratre

2189 1233 2440 1306 Philippi
2495 1235 2648 1304 regis
2697 1235 2916 1306 Galliaa,
2961 1237 3312 1307 caatcrisque
3363 1235 3632 1304 ejusdem
3687 1235 3847 1292 indu-

2191 1323 2372 1390 striae,
2424 1323 2749 1380 nobilitatis
2793 1330 2967 1394 atque
3019 1323 3382 1379 fortitudinis
3432 1323 3841 1380 bellatoribus.

2191 1411 2412 1476 Quibus
2433 1413 2702 1468 omnibus
2729 1414 3075 1470 venerandae
3106 1412 3440 1469 sanctitatis
3461 1420 3520 1468 et
3543 1413 3844 1483 sapientiae

2192 1499 2398 1570 virum,
2433 1502 2815 1556 Hademarum
2839 1502 3178 1572 episcopum
3207 1502 3378 1571 (284),
3402 1501 3691 1572 praefatus
3715 1515 3849 1571 apo-

2192 1587 2440 1644 stolicus
2471 1589 2754 1659 prefecit;
2788 1591 2882 1646 cui
2917 1595 2974 1645 et
3009 1589 3225 1659 ligandi
3271 1587 3659 1658 solvendique
3689 1593 3849 1659 pote-

2191 1681 2422 1746 statem,
2439 1692 2468 1732 a
2493 1678 2662 1733 beato
2684 1680 2856 1733 Petro
2879 1679 3147 1734 Romanae
3171 1677 3296 1733 sedi
3319 1677 3849 1747 bereditatam,sua

423 1767 606 1822 serias
635 1765 986 1836 superstites
1027 1764 1382 1821 Christicolae
1433 1768 1798 1835 paterentur,
1834 1763 1929 1818 vix
1966 1763 2084 1818 cui-
2113 1798 2166 1859 Β
2197 1764 2324 1840 vice
2355 1781 2584 1838 semper
2623 1767 3006 1823 exercendam
3037 1767 3355 1834 concessit,
3389 1765 3850 1836 insignitumque

423 1854 568 1909 libet
599 1854 904 1924 inexperto
933 1851 1214 1908 credibile
1243 1857 1364 1915 est;
1401 1868 1500 1923 per
1524 1852 1856 1922 legationes
1889 1856 2082 1907 tamen

422 1942 926 2012 frequentissimas
947 1939 1034 1973 “’1
1053 1946 1112 1995 et
1130 1940 1434 2011 epistolas,
1459 1941 1636 1996 etiam
1661 1955 1690 1995 a
1709 1940 1877 1996 nobis
1905 1940 2079 1996 visas.

421 2030 807 2086 universalem
849 2027 1174 2084 {ecclesiam
1219 2029 1500 2084 :ecclesiae
1547 2028 2082 2084 Hierosolimitame

419 2118 476 2174 in
505 2117 823 2190 presidium
851 2116 1181 2186 lugubriter
1213 2115 1614 2186 inclamantes,
1646 2117 1876 2172 adverti
1913 2115 2082 2172 facile

420 2212 632 2277 potest.
659 2203 969 2260 Predictus
990 2205 1164 2260 etiam
1193 2204 1432 2260 Alexius
1457 2206 1777 2276 imperator
1805 2207 2086 2260 Constan'

421 2292 843 2365 tinopolitanus
889 2306 1066 2361 super
1107 2292 1328 2348 eisdem
1375 2294 1640 2348 barbaris
1687 2293 2054 2363 predonibus

420 2396 522 2453 per
547 2381 821 2450 majorem
841 2381 957 2450 jam
983 2379 1144 2448 regni
1167 2380 1253 2435 sui
1277 2384 1498 2450 partem
1526 2380 1776 2447 diffusis,
1806 2395 1916 2436 non
1948 2375 2084 2450 paul

417 2484 516 2526 cas
537 2468 818 2540 epistolas
853 2469 1081 2524 Urbano
1105 2483 1268 2538 papa:
1293 2469 1526 2538 direxit,
1569 2469 1781 2539 quibus
1809 2468 1864 2522 in
1889 2468 2082 2524 defen.

419 2558 642 2614 sionem
694 2555 1068 2612 orientalium
1118 2555 1517 2612 mcclesiariiin
1552 2572 1610 2612 se
1645 2572 1759 2611 non
1814 2556 2082 2612 sulilcere

419 2645 744 2716 deploravit
787 2645 1116 2714 obtestans,
1165 2648 1372 2712 totum,
1410 2644 1453 2700 si
1491 2643 1612 2698 fieri
1659 2649 1880 2715 posset,
1929 2643 2082 2700 oeci.

418 2733 671 2802 dentem,
709 2732 804 2802 qui
833 2732 947 2802 jam
980 2745 1051 2787 ex
1086 2733 1314 2802 integro
1357 2733 1674 2788 christiana
1713 2732 2080 2804 professione

419 2827 782 2891 censeretur,
809 2821 921 2876 sibi
942 2821 995 2876 in
1017 2820 1370 2889 adjutorium
1399 2821 1698 2891 advocari,
1730 2821 2080 2892 promittens

416 2925 521 2982 per
545 2925 606 2964 se
629 2915 843 2965 cuncta
878 2909 1214 2965 necessaria
1250 2908 1608 2980 praeliaturis
1633 2913 1793 2965 terra
1820 2909 2079 2980 marique

418 2997 756 3053 ministrari.

487 3086 624 3141 inde
671 3089 1008 3141 commotus
1066 3084 1426 3155 apostolicus
1469 3091 1528 3140 et
1576 3084 1761 3140 omnis
1814 3084 2095 3140 zecclesia'

415 3174 668 3230 Romana
702 3173 811 3242 ¹⁶²²,
846 3171 1120 3241 generale
1163 3173 1476 3228 concilium
1522 3173 1575 3228 in
1620 3174 1910 3244 Hispaniae
1947 3187 2082 3248 con_
2110 3148 2158 3210 Ο

417 3261 554 3318 flnio
586 3260 734 3332 (282)
768 3260 856 3314 vel
896 3258 1006 3329 ηπ,
1052 3264 1116 3314 ut
1157 3261 1388 3330 quidam
1435 3259 1653 3321 dicunt.
1701 3261 1909 3316 Parisii
1946 3277 2082 3319 con-

415 3349 647 3420 gregari
680 3349 818 3404 fecit
861 3349 981 3417 (an.
1019 3351 1212 3419 1095);
1256 3363 1369 3417 quo
1411 3349 1586 3404 etiam
1621 3349 1746 3420 ipse
1779 3349 2078 3404 laborioso

417 3438 588 3493 nimis
612 3437 820 3492 itinere
847 3435 1208 3507 perveniens,
1233 3436 1556 3494 innumeris
1578 3439 1675 3508 qui
1700 3438 1917 3493 ibidem
1943 3453 2080 3494 con.

417 3529 698 3582 venerant
729 3524 960 3596 populis
991 3524 1480 3595 diversorumque
1513 3541 1828 3595 regnorum
1863 3525 2076 3595 legatis

417 3612 691 3670 universa
719 3627 846 3683 qnaa
871 3613 1200 3683 prescripta
1227 3619 1363 3668 sunt
1381 3619 1439 3668 et
1462 3615 1646 3670 multo
1669 3614 1950 3685 ampliora
1976 3628 2077 3670 ore

415 3701 828 3758 facundissimo
868 3701 1234 3758 declamavit.
1259 3733 1331 3742 —
1354 3703 1481 3758 Mox
1513 3706 1598 3758 tot
1633 3702 1871 3758 milibus
1909 3703 1964 3758 in
1999 3702 2078 3773 la_

416 3791 630 3848 crimas
655 3789 954 3860 resolutis,
983 3790 1272 3846 variarum
1302 3804 1532 3862 quoque
1559 3791 1887 3860 linguarum
1915 3790 2076 3863 plan-

412 3880 609 3936 etibus
641 3879 698 3934 in
727 3877 907 3934 altum
941 3877 1169 3948 levatis,
1208 3879 1264 3932 in
1297 3879 1407 3934 hoc
1439 3879 1525 3934 eis
1555 3879 1766 3934 doctor
1796 3880 2072 3948 egregius

414 3968 814 4024 remissionem
847 3966 1102 4022 omnium
1135 3967 1426 4022 condonat
1465 3972 1866 4038 peccatorum,
1893 3968 1960 4037 si,
1989 3981 2075 4024 re-

413 4055 710 4113 nunciatis
747 4055 1014 4110 omnibus
1046 4070 1173 4125 qum
1205 4055 1609 4126 possidebant,
1658 4070 1893 4112 crucem
1938 4054 2074 4127 post

415 4129 705 4201 Christum
725 4143 1075 4199 unanimiter
1096 4147 1423 4214 portantes,
1442 4143 1916 4212 periclitantibus
1937 4159 2075 4201 con-

413 4231 754 4288 christianis
775 4231 997 4286 ferrent
1018 4229 1317 4287 auxilium.
1343 4229 1462 4294 Qua
1485 4231 1796 4301 sponsione
1819 4234 2071 4289 arrectis

412 4319 618 4396 animis
655 4319 932 4387 omnium,
975 4319 1276 4388 designata
1323 4323 1456 4374 sunt
1492 4319 1561 4374 ad
1598 4335 1842 4390 presens
1872 4321 1927 4375 in
1963 4322 2070 4376 Do-

409 4408 549 4466 mini
573 4407 843 4464 miliciam
865 4407 1106 4464 circiter
1131 4410 1341 4462 100000
1361 4407 1641 4477 virorum,
1663 4423 1736 4464 ex
1757 4409 2068 4479 Aquitania

2196 1853 2447 1910 czelestis
2481 1854 2702 1910 militiae
2735 1855 3010 1924 stigmate
3039 1855 3362 1911 exercitum
3396 1853 3728 1926 apostolica
3762 1854 3852 1909 be-

2197 1941 2524 1998 nedictione
2563 1944 2930 2014 consignans,
2977 1943 3250 2000 condicto
3281 1943 3353 1999 ab
3387 1943 3685 1999 universis
3715 1949 3851 1998 tem-

2197 2044 2336 2099 pore
2379 2031 2781 2102 profectionis,
2833 2033 2956 2102 ipse
2995 2047 3125 2088 cum
3167 2047 3280 2088 non
3320 2031 3547 2088 modica
3589 2028 3850 2100 ejusdem

2193 2119 2584 2188 expeditionis
2613 2124 2805 2176 turma
2830 2119 3052 2176 Italiam
3077 2120 3269 2176 rediit.

2267 2251 2494 2320 Legatis
2525 2249 2774 2322 denique
2805 2251 3050 2322 singulis
3073 2251 3144 2308 ad
3169 2253 3405 2324 prOpria
3439 2250 3704 2308 reversis
3727 2264 3852 2324 per-

2193 2343 2394 2407 vagata
2429 2339 2513 2394 eis
2542 2339 2806 2410 citraque
2839 2355 2970 2394 mox
3002 2341 3204 2396 orbem
3236 2344 3512 2398 cunctum
3546 2339 3675 2396 haec
3707 2340 3850 2394 fama

2193 2426 2533 2492 commovit;
2568 2426 2828 2498 insuper,
2864 2426 3019 2498 quod
3044 2427 3202 2484 dictu
3227 2427 3494 2484 mirabile
3516 2432 3629 2494 est,
3660 2427 3851 2498 ipsum

2193 2515 2392 2569 oceani
2445 2514 2685 2570 limitem
2738 2514 3053 2571 velocitate
3100 2521 3381 2572 consueta
3433 2514 3847 2586 supervolans,

2193 2601 2589 2658 insulanorum
2621 2603 2794 2658 etiam
2825 2603 3118 2659 classibus
3148 2604 3324 2659 maria
3358 2603 3484 2674 ipsa
3510 2603 3568 2657 in
3594 2601 3850 2659 caelestis

2193 2691 2348 2758 regis
2383 2691 2655 2746 miliciam
2691 2691 3018 2747 redundare
3053 2691 3207 2748 fecit.
3252 2693 3412 2760 Nam,
3449 2695 3510 2747 ut
3546 2689 3850 2746 verissime

2190 2779 2602 2848 comperimus,
2632 2782 2750 2834 tam
2783 2779 3014 2848 ignotos
3045 2779 3251 2836 effudit
3281 2792 3539 2834 oceanus
3574 2776 3842 2848 populos,

2191 2867 2360 2936 cujus
2388 2881 2500 2922 non
2537 2867 2723 2922 dicam
2756 2883 2950 2924 mores
2973 2871 3029 2923 et
3055 2867 3309 2936 habitus,
3334 2866 3436 2922 sed
3459 2881 3529 2922 ne
3554 2865 3846 2937 loquelam

2193 2955 2497 3025 quisquam
2529 2947 2698 3024 hujus
2728 2955 2916 3012 litoris
2949 2955 3244 3011 habitator
3277 2955 3366 3011 vel
3399 2955 3468 3009 de
3501 2954 3649 3026 ipsis
3684 2953 3851 3009 mari-

2191 3042 2372 3098 nariis
2411 3048 2786 3111 agnosceret;
2843 3057 3193 3114 rursumque
3233 3043 3415 3112 alios,
3443 3042 3662 3112 quibus
3708 3040 3846 3096 nihil

2193 3135 2391 3200 preter
2423 3144 2624 3200 panem
2657 3136 2714 3185 et
2749 3145 2953 3200 aquam
2988 3131 3042 3185 in
3079 3145 3186 3187 usu
3219 3131 3413 3186 victus
3453 3136 3646 3196 esset;
3683 3129 3842 3185 item-

2193 3232 2304 3288 que
2332 3220 2632 3289 quosdam,
2669 3219 2880 3290 quibus
2910 3225 3214 3289 argentum
3245 3234 3352 3290 pro
3387 3219 3544 3274 ferro
3577 3219 3634 3274 in
3665 3217 3844 3276 omni-

2194 3307 2301 3362 bus
2349 3307 2468 3362 suis
2516 3307 2868 3363 utensilibus
2910 3311 3082 3363 esset.
3139 3309 3280 3364 llinc
3327 3313 3386 3362 et
3435 3308 3844 3378 undecumque

2191 3395 2514 3462 augebatur
2557 3395 2776 3450 cotidie
2825 3395 3206 3452 circumcirca
3247 3397 3614 3465 signatorum
3653 3409 3846 3452 nume-

2191 3497 2310 3550 rus,
2335 3488 2394 3539 et
2417 3488 2478 3539 ut
2505 3484 2944 3554 prelibavimus,
2973 3485 3026 3539 in
3053 3485 3384 3555 hujusmodi
3409 3484 3844 3556 expeditionem

2190 3575 2352 3626 totus
2396 3571 2601 3642 fervet,
2642 3576 2804 3628 totus
2839 3573 3176 3629 concutitur
3207 3573 3301 3629 vel
3329 3573 3527 3644 potius
3564 3573 3844 3630 transfor-

2192 3658 2334 3713 mari
2367 3659 2680 3716 videbatur
2709 3661 2979 3717 mundus.

2259 3790 2628 3860 Francigenis
2644 3791 3112 3850 occidentalibus
3127 3791 3297 3849 facile
3314 3794 3664 3864 persuaderi
3683 3800 3843 3867 pote-

2188 3882 2279 3935 rat
2302 3893 2405 3936 sua
2427 3894 2563 3935 rura
2586 3880 2950 3949 relinquere;
2984 3896 3112 3937 nam
3143 3881 3358 3938 Gallias
3386 3897 3494 3952 per
3520 3897 3712 3940 annos
3743 3883 3834 3939 ali-

2187 3971 2331 4038 quot
2361 3981 2510 4023 nunc
2538 3967 2751 4023 seditio
2779 3967 2988 4036 civilis,
3020 3983 3172 4026 nunc
3203 3970 3406 4040 fames,
3438 3985 3594 4027 nunc
3626 3977 3837 4028 morta-

2187 4053 2325 4110 litas
2347 4056 2519 4112 nimis
2539 4056 2842 4127 aﬁlixerat,
2871 4063 3167 4128 postremo
3190 4057 3354 4130 plaga
3380 4058 3502 4127 illa,
3527 4073 3662 4129 qua:
3683 4061 3832 4116 circa

2185 4143 2550 4200 Nivalensem
2580 4151 2797 4202 sanctae
2831 4146 3150 4202 Gerdrudis
3179 4145 3510 4204 aecclesiam
3534 4151 3686 4219 (285)
3709 4155 3832 4204 orta

2183 4237 2294 4302 est,
2340 4247 2525 4303 usque
2553 4234 2625 4289 ad
2657 4234 2792 4290 vitae
2829 4235 3298 4306 desperationem
3341 4241 3660 4294 terruerat.
3704 4239 3834 4292 Erat

2183 4325 2377 4376 autem
2407 4320 2756 4390 hujusmodi.
2791 4324 3002 4379 Tactus
3033 4325 3336 4394 quisquam
3369 4324 3503 4394 igne
3534 4323 3826 4394 invisibili,

2185 4423 2550 4480 quacumque
2578 4411 2847 4482 corporis
2867 4417 3054 4482 parte,
3085 4418 3198 4468 tam
3221 4413 3320 4470 diu
3343 4414 3640 4484 sensibili,
3665 4414 3827 4470 immo

413 4497 639 4556 scilicet
679 4502 854 4568 atque
883 4494 1249 4564 Normannia,
1287 4493 1510 4566 Anglia,
1547 4496 1739 4552 Scotia
1772 4503 1832 4552 et
1865 4498 2069 4554 Hiber-
2099 4499 2152 4560 D
2183 4497 2622 4568 incomparabili
2658 4505 2948 4556 tormento
2983 4500 3158 4556 etiam
3192 4501 3720 4559 inremediabiliter
3745 4515 3826 4558 ar-

415 4586 533 4659 nia,
567 4585 886 4654 Britannia,
921 4583 1138 4639 Galicia
1161 4582 1270 4652 1°",
1299 4585 1630 4654 Wasconia,
1666 4585 1868 4655 Gallia,
1905 4585 2070 4661 Flan-

417 4675 565 4746 dria,
601 4673 990 4743 Lotbaringia,
1023 4672 1369 4743 czeterisque
1401 4673 1676 4742 gentibus
1707 4673 2064 4760 Christianis,

416 4778 661 4836 quarum
698 4777 849 4818 nunc
887 4760 1118 4816 minime
1155 4765 1470 4818 occurrunt
1511 4760 1813 4817 vocabula.
1864 4763 2068 4818 Crucis

416 4851 781 4924 signaculum
801 4851 858 4906 in
879 4849 1140 4906 vestibus
1164 4850 1313 4906 idem
1337 4865 1474 4905 vere
1496 4849 1750 4905 crucifer
1772 4851 2070 4910 exercitus

415 4944 493 5002 ob
525 4941 996 5000 mortiﬁcationis
1026 4941 1362 5014 preferebat
1393 4939 1922 5008 commonitorium,
1946 4955 2070 5000 ore-

420 5034 566 5092 dens
610 5033 665 5088 in
697 5033 826 5103 hoc,
858 5032 1024 5102 juxta
1054 5031 1333 5088 visionem
1365 5030 1566 5100 Magno
1599 5031 1886 5101 quondam
1927 5034 2071 5088 Con-

419 5121 676 5178 stantino
707 5119 1024 5178 revelatam
1051 5119 1220 5191 (283),
1247 5119 1319 5174 ab
1343 5118 1593 5175 inimicis
1625 5119 1820 5176 crucis
1853 5113 2065 5175 Christi

2184 4588 2378 4657 debat,
2409 4601 2716 4658 quousque
2737 4588 2830 4644 vel
2853 4589 3126 4660 spiritum
3147 4605 3276 4646 cum
3298 4590 3572 4648 cruciatu
3599 4591 3688 4648 vel
3707 4605 3826 4647 cru-

2182 4675 2398 4733 eiatum
2417 4691 2546 4732 cum
2566 4677 2694 4747 ipso
2717 4681 2876 4733 tacto
2895 4679 3154 4734 membro
3174 4678 3493 4735 amitteret.
3522 4681 3826 4736 Testantur

2182 4763 2293 4822 hoc
2324 4765 2609 4822 hactenus
2657 4767 2940 4838 nonnulli,
2994 4768 3260 4825 manibus
3312 4765 3398 4824 vel
3447 4767 3698 4840 pedibus
3725 4767 3828 4824 hac

2182 4867 2328 4927 pena
2355 4855 2630 4911 truncati.
2656 4855 3032 4926 Reliquarum
3052 4855 3348 4914 nationum
3373 4855 3580 4928 plebes
3598 4856 3690 4913 vel
3709 4869 3831 4928 per-

2183 4958 2339 5001 sona:
2369 4943 2520 5014 alias,
2562 4948 2762 5015 preter
2799 4944 3190 5016 apostolicum
3231 4945 3491 5002 edictum
3534 4946 3830 5020 prophetis

2185 5033 2532 5104 quibusdam
2567 5032 2724 5089 inter
2752 5046 2812 5089 se
2849 5046 3031 5105 nuper
3063 5035 3287 5091 exortis
3317 5048 3422 5092 seu
3459 5035 3647 5106 signis
3673 5035 3834 5092 caele-

2185 5122 2375 5178 stibus
2409 5136 2476 5178 ac
2509 5121 2965 5180 revelationibus
2992 5125 3063 5178 ad
3089 5129 3304 5180 terram
3328 5137 3392 5181 se
3413 5122 3504 5156 ¹⁶²⁵
3527 5124 3835 5198 repromis-

1799 5217 2033 5272 VARlx'E
2075 5218 2472 5274 LECTIONES.

493 5313 656 5384 {"1t.
693 5314 963 5384 assiduas
1017 5316 1080 5370 et
1131 5327 1222 5383 ep.
1260 5312 1766 5384 frequentissimas
1798 5319 1851 5370 5.

1939 5312 2323 5393 fmmcclesia
2344 5315 3134 5393 jungdominicmincarn.
3171 5316 3308 5374 mill.
3345 5317 3484 5376 XC°.
3519 5317 3638 5376 V10.
3669 5333 3727 5393 ε.
3761 5319 3824 5376 Η.

407 5378 428 5410 ¹
449 5380 520 5418 ⁸³³
547 5400 604 5443 v.
631 5400 690 5442 u.
725 5399 780 5455 ει.
818 5383 873 5441 d.
907 5385 972 5440 P.
1000 5385 1068 5442 in
1092 5378 1448 5456 mdryme't.
1489 5385 1893 5457 superscripta
1921 5385 1983 5441 Ι).
2017 5385 2232 5444 desunt
2255 5385 2316 5444 ib
2344 5387 2408 5442 Η.
2479 5385 2578 5420 ⁴⁶³⁴
2600 5387 2825 5458 galacia
2858 5389 2937 5445 1b.

3026 5386 3120 5423 ³⁸³⁸
3147 5403 3440 5464 superscr.
3472 5395 3525 5447 1.

2022 5483 2244 5542 ΝΟΤιΕ.

490 5549 642 5696 ξῖεξὶζ
673 5551 845 5608 Claro
876 5556 1092 5610 monte.

517 5621 619 5676 283
671 5621 737 5680 ν.
777 5635 972 5696 supra.

517 5621 642 5696 283)
671 5621 737 5680 ν.
777 5635 972 5697 supra.

2274 5557 2402 5616 284)
2433 5555 2801 5616 Podiensem.

2252 5554 2406 5707 ea;
2433 5555 2678 5685 aea
