3962 6332
84 330 215 388 £369

997 316 1425 383 ()HRONICA.
1464 355 1538 364 —
1572 311 2052 379 CHRONICON
2102 318 2645 381 UNIVICRSALE.

3391 322 3509 380 970

84 461 283 518 sionis
312 463 574 529 vocatas,
610 457 739 513 alia)
763 472 822 511 se
850 456 1155 527 quibusvis
1179 453 1753 512 incommoditatibus
1783 470 1838 523 Α
1871 467 1992 505 rum
2023 453 2285 521 pestibus
2308 454 2922 522 vigilabant,civitatis
2946 470 3007 508 se
3034 455 3282 523 speciem
3307 470 3506 509 maere

86 550 160 605 ad
202 549 345 604 talia
379 556 514 603 vota
547 546 880 617 compulsos
917 545 1289 609 fatebantur;
1317 557 1515 611 magna
1541 542 1751 611 quippe

89 653 237 709 pars
273 652 476 693 eorum
507 651 638 692 cum
674 633 1022 702 conjugibns
1052 648 1117 687 ac
1147 632 1310 703 prole
1337 635 1571 700 totaque
1596 644 1655 683 re
1679 630 1757 681 fa-

86 725 314 781 miliari
343 726 540 781 onusti
569 723 1113 795 proficiscebantur.
1138 720 1533 775 Orientalibus
1562 720 1753 772 autem

89 814 369 883 Francis,
408 813 734 869 Saxonibus
763 817 822 866 et
870 810 1193 878 Thuringis,
1231 808 1508 877 Bajoariis
1538 812 1594 861 et
1630 804 1758 861 Ala-

90 904 334 958 mannis
363 902 488 958 ha‘c
520 902 729 956 bucina
760 900 991 954 minimc
1036 898 1307 965 insonuit,
1344 900 1583 968 propter
1613 892 1754 949 illud

90 993 357 1048 maxime
392 990 601 1047 scisma
638 989 788 1059 quod
824 989 973 1041 inter
1011 1000 1247 1055 regnum
1280 991 1334 1039 et
1363 983 1753 1040 sacerdotium

87 1099 118 1137 a
157 1093 434 1152 tempore
457 1077 765 1133 Alexandri
793 1092 952 1147 papae
990 1090 1172 1144 usque
1196 1074 1365 1128 hodie
1385 1080 1498 1127 tam
1526 1087 1629 1126 nos
1652 1072 1758 1125 llo-

93 1170 297 1226 manis
328 1182 496 1239 quam
528 1167 817 1222 Romanos
840 1164 1007 1218 nobis
1033 1164 1250 1217 invisos
1272 1165 1327 1216 ct
1356 1159 1752 1227 infestosjam,

93 1259 216 1314 heu
251 1260 264 1312 !
292 1254 683 1313 confirmavit.
709 1255 843 1308 Inde
868 1258 952 1307 est
981 1253 1129 1322 quod
1150 1246 1757 1321 omniSpenepopulus

89 1345 507 1402 Theutonicus
538 1344 591 1399 ιι
622 1342 905 1413 principio
932 1339 1309 1411 profectionis
1331 1338 1501 1407 hujus
1523 1350 1755 1391 causam

88 1436 473 1505 ignorantes,
511 1448 613 1503 per
645 1439 857 1486 terram
884 1445 1045 1485 suam
1081 1430 1560 1483 transeuntestot
1584 1424 1758 1492 legio-

90 1538 203 1578 nes
241 1522 533 1592 equituni,
568 1523 652 1573 tot
684 1524 909 1575 turmas
944 1518 1202 1589 peditum
1238 1522 1438 1586 totque
1486 1518 1756 1570 catervas

93 1608 523 1677 ruricolarum,
561 1608 898 1662 feminarum
933 1621 997 1661 ac
1031 1604 1424 1675 parvulorum,
1462 1602 1628 1672 quasi
1678 1602 1759 1657 in-

91 1699 306 1755 audita
336 1696 594 1754 stulticia
622 1695 903 1750 delirante
960 1695 1415 1761 subsannabant,
1436 1695 1636 1762 utpote
1660 1707 1754 1763 qui

99 1804 215 1860 pro
243 1786 427 1842 certis
449 1776 669 1840 incerta
696 1789 1023 1854 captantes,
1044 1790 1255 1837 terram
1271 1781 1598 1837 nativitatis
1613 1795 1755 1835 vane

100 1876 538 1947 relinquerent,
567 1879 779 1928 terram
806 1871 1276 1943 repromissionis
1298 1871 1572 1927 incertam
1592 1875 1754 1923 certo
1785 1850 1840 1910 Β

97 1964 450 2021 discrimine
500 1967 865 2033 appeterent,
921 1961 1327 2016 renunciarent
1382 1959 1757 2015 facultatibus

99 2054 394 2127 propriis,
415 2053 704 2107 inliiarent
727 2050 951 2105 alienis.
980 2050 1087 2104 Sed
1114 2049 1375 2120 quamvis
1402 2055 1600 2102 nostra
1617 2062 1761 2117 gens

101 2142 350 2199 θρίω-ιε
387 2140 567 2195 multo
592 2141 665 2194 sit
692 2138 1052 2209 insolentior,
1082 2144 1354 2209 respectu
1383 2143 1568 2191 tamen
1595 2136 1761 2189 mise-

105 2230 362 2287 rationis
396 2228 603 2284 divinre
639 2228 951 2282 inclinatur
982 2227 1214 2282 tandem
1266 2227 1335 2281 ad
1383 2225 1471 2257 1°”
1522 2224 1761 2279 verbum

99 2321 381 2391 ejusdem
420 2317 875 2373 rcnuneiatiouis
920 2317 1082 2372 furor
1109 2315 1516 2379 Theutonicus,
1549 2329 1579 2369 a
1611 2329 1765 2369 com-

108 2409 433 2466 meantium
469 2406 697 2461 scilicet
732 2406 1058 2461 turbisrem
1087 2405 1155 2460 ad
1186 2405 1471 2474 integrum
1495 2404 1760 2463 edoctus.

172 2502 475 2555 Praeterea
544 2496 770 2564 signum
839 2496 893 2550 in
966 2495 1090 2550 sole
1153 2495 1307 2564 quod
1375 2494 1762 2565 prescriptum

97 2594 189 2645 est
230 2587 384 2657 (986)
417 2586 602 2643 visum
640 2586 754 2655 (an.
796 2586 976 2655 1086),
1019 2586 1316 2656 multaque
1369 2600 1496 2657 qua)
1548 2590 1661 2639 tam
1707 2586 1763 2640 in

94 2694 240 2734 aere
267 2691 439 2747 quam
460 2674 514 2728 in
540 2674 721 2729 terris
744 2679 1020 2746 portenta
1044 2678 1462 2745 apparuerunt,
1481 2675 1550 2729 ad
1571 2674 1767 2745 hujus"

98 2766 262 2823 modi
294 2764 585 2820 exercicia
616 2778 725 2819 non
752 2777 969 2833 paucos
995 2768 1164 2818 antea
1189 2764 1454 2834 torpidos
1474 2757 1766 2820 excitave'

98 2861 264 2913 runt.
298 2856 343 2909 Ε
368 2854 587 2924 quibus
606 2852 796 2922 aliqua
822 2852 910 2908 hic
937 2852 1205 2907 interseri
1232 2853 1504 2909 duximus
1523 2854 1769 2916 utilissi_

102 2960 287 3014 mum,
322 2946 534 2999 cuncta
569 2955 709 2996 vero
744 2940 1162 3009 longissimum.
1202 2943 1337 2997 Nam
1371 2946 1426 2996 et
1452 2957 1555 2997 nos
1578 2958 1769 2996 come-

105 3042 226 3089 tein
263 3033 318 3087 in
357 3032 523 3102 plaga
557 3031 871 3085 meridiana
909 3036 1158 3086 stantem
1186 3047 1472 3101 suumque
1496 3033 1766 3103 Splendo-

106 3139 231 3178 rem
264 3122 320 3177 in
356 3120 657 3189 obllquum
686 3119 863 3187 gladii
919 3135 1076 3174 more
1128 3122 1571 3190 protendentigsm
1629 3127 1759 3175 tune.

1870 539 2110 607 vidisse,
2145 542 2408 598 diversas
2439 543 2612 597 etiam
2640 544 2841 597 turbas
2866 542 3116 597 diversis
3139 544 3204 597 ad
3230 557 3353 596 eam
3381 559 3506 613 par-

1869 627 2026 681 tibu;
2059 634 2171 683 tam
2202 630 2460 699 equestri
2487 645 2654 699 quam
2681 630 2935 701 pedestri
2964 630 3170 684 itinere
3194 646 3508 701 properan-

1870 720 1957 770 tes
1988 717 2379 787 perspexisse.
2416 718 2681 775 Nonnulli
2716 718 2890 773 etiam
2923 720 3117 774 crucis
3148 720 3508 788 signaculum

1870 806 2099 861 sibimet
2136 807 2188 861 in
2227 808 2514 864 frontibus
2544 808 2631 863 vel
2668 809 2919 864 restibus
2969 809 3091 863 sive
3141 809 3194 864 in
3248 808 3507 879 quolibet

1869 897 2133 965 corporis
2149 895 2275 952 loco
2294 896 2574 952 divinitus
2591 897 2930 967 impressum
2947 897 3512 968 Ostendebantﬁpso-

1871 1000 1981 1053 que
2012 999 2074 1040 se
2105 986 2375 1055 stigmate
2410 986 2478 1040 ad
2511 987 2750 1041 eandem
2803 987 3019 1041 Domini
3071 986 3331 1041 militiam
3385 1002 3510 1057 pre-

1870 1076 2129 1145 scriptos
2162 1075 2723 1130 credebant.—ltem
2757 1073 2884 1130 aliis
2915 1076 3107 1129 subita
3150 1076 3357 1130 mentis
3393 1091 3512 1131 mu-

1868 1165 2089 1218 tatione
2120 1164 2483 1233 compunctis
2516 1164 2604 1219 vel
2653 1164 2878 1220 visione
2926 1170 3206 1219 nocturna
3259 1166 3507 1230 edoctis,

1872 1252 2071 1322 predia
2094 1266 2305 1321 resque
2332 1253 2646 1308 familiares
2662 1253 2991 1307 distrahere
3008 1253 3346 1323 signumque
3365 1268 3513 1309 mor-

1869 1341 2207 1396 tificatioms
2229 1342 2489 1397 vestibus
2513 1356 2753 1397 assuere
2780 1342 2998 1412 placuit
3027 1347 3122 1406 ;et
3147 1342 3199 1395 in
3220 1343 3307 1398 his
3330 1343 3511 1397 omni-

1872 1431 1977 1485 bus
2004 1430 2153 1485 ultra
2176 1444 2344 1500 quam
2369 1429 2526 1484 credi
2549 1435 2742 1501 potest
2766 1434 3109 1487 catervatim
3135 1432 3511 1488 currentibus

1869 1518 1935 1571 ad
1956 1517 2252 1573 accelesias
2279 1518 2524 1589 populis,
2553 1534 2700 1573 novo
2726 1520 2840 1573 ritu
2866 1520 3089 1589 gladios
3107 1537 3235 1577 cum
3259 1522 3507 1577 fustibus

1870 1607 2961 1677 etcapscllissacerdotalisbenedictio
2987 1608 3338 1680 dispertivit.
3360 1611 3506 1676 Quid

1871 1696 2136 1766 referam,
2172 1697 2532 1767 temporibus
2565 1696 2707 1768 ipsis
2741 1698 3038 1753 mulierem
3064 1699 3347 1769 quandam
3375 1701 3513 1756 dno-

1871 1787 1978 1841 bus
2000 1786 2165 1840 annis
2190 1786 2485 1842 continuis
2509 1786 2947 1857 impregnatam,
2976 1790 3325 1859 tandemque
3357 1789 3514 1845 diru-

1872 1880 1969 1945 pto
1995 1880 2179 1943 utero,
2205 1875 2381 1930 filium
2407 1874 2737 1944 loquentem
2766 1876 2983 1931 fudisse
3010 1892 3024 1945 ;
3053 1878 3305 1946 itemque
3331 1878 3511 1932 infan-

1870 1964 2053 2019 tulum
2090 1980 2192 2034 per
2222 1966 2409 2019 omnia
2444 1966 2837 2035 bimembrem,
2874 1968 3118 2025 alterum
3152 1987 3288 2028 vero
3322 1975 3511 2045 capite

1872 2053 2026 2121 bino,
2063 2051 2324 2121 agnellos
2356 2069 2583 2124 quoque
2601 2054 2824 2124 aliquos
2856 2057 3006 2113 binis
3028 2060 3320 2130 capitibus
3342 2077 3511 2119 exor-

1873 2149 1965 2198 tos
2000 2143 2209 2205 fuisse;
2245 2141 2434 2212 pullos
2465 2144 2637 2198 etiam
2689 2160 2966 2215 equarum
3002 2148 3207 2206 dentes
3239 2153 3507 2225 majores,

1874 2248 2019 2302 quos
2065 2231 2308 2301 equinos
2338 2232 2510 2301 vulgo
2561 2233 2920 2303 appellamus
2971 2252 3232 2308 quosque
3281 2244 3511 2300 nonnisi

1874 2320 2062 2374 trimis
2096 2319 2341 2375 caballis
2373 2325 2578 2375 natura
2610 2323 2896 2394 concedit,
2932 2324 2985 2379 in
3020 2326 3149 2395 ipso
3181 2332 3349 2398 partu
3385 2346 3513 2402 pro-

1877 2409 2078 2465 tulisse
2100 2410 2123 2462 ?

1946 2499 2044 2554 llis
2074 2504 2133 2553 et
2167 2499 2497 2567 hujusmodi
2530 2500 2712 2568 signis
2741 2505 2867 2557 tota
2898 2508 3165 2561 creatura
3202 2507 3252 2561 in
3279 2509 3514 2565 Creato-

1875 2589 1955 2645 ris
1976 2603 2037 2643 se
2065 2586 2324 2641 militiam
2350 2588 2717 2657 cohortante,
2744 2590 2821 2643 nil
2840 2594 3509 2669 moraturinimicusille,

1875 2677 2108 2735 czeteris
2141 2677 2314 2731 etiam
2347 2676 2771 2732 dmuientibns
2807 2694 3035 2750 semper
3068 2686 3333 2754 pervigil,
3364 2689 3511 2745 bono

1875 2768 1958 2823 illi
1993 2766 2194 2821 semini
2225 2765 2444 2819 zizania
2495 2780 2596 2820 sua
2631 2770 3118 2839 superseminare,
3157 2774 3515 2846 pseudopro-

1877 2857 2083 2927 phetas
2099 2854 2724 2921 suscitare,Dominicis
2737 2858 3094 2915 exercitibus
3110 2861 3285 2916 falsos
3305 2864 3517 2922 fratres

1876 2949 1931 3001 et
1963 2945 2303 2998 inhonestas
2347 2942 2571 2996 feminei
2624 2959 2796 2999 sexus
2843 2960 3121 3017 personas
3168 2951 3273 3005 sub
3320 2956 3511 3024 specie

1880 3031 2178 3099 religionis
2212 3031 2659 3097 intermiscere;
2695 3033 2894 3103 sicque
2932 3051 3032 3106 per
3061 3036 3304 3094 aliorum
3341 3042 3520 3113 hypo-

1876 3122 2055 3175 crisin
2082 3126 2254 3190 atque
2272 3120 2588 3187 mendacia,
2610 3122 2964 3190 peraliorum
2982 3140 3117 3180 vero
3134 3130 3384 3185 nefarias
3400 3131 3516 3200 pol-

101 3213 265 3268 circa
298 3211 490 3265 Nonas
523 3208 795 3264 Octobris
827 3208 1113 3273 vidimus;
1150 3225 1297 3263 anno
1331 3225 1467 3265 vero
1494 3216 1621 3279 post
1644 3210 1765 3265 haec
1799 3207 1846 3267 Ο
1878 3209 2131 3264 lutiones
2166 3209 2375 3263 Christi
2407 3223 2616 3278 greges
2648 3211 2791 3267 adeo
2826 3216 3232 3285 turpabantur,
3262 3223 3321 3271 ut
3348 3217 3514 3287 juxta

110 3299 299 3356 tercio
332 3297 561 3353 stellam
593 3297 760 3351 aliam
792 3296 845 3350 in
877 3298 1103 3352 oriente
1146 3296 1332 3353 locum
1384 3313 1548 3353 suum
1594 3298 1764 3365 longo

113 3387 443 3443 interstitio
476 3385 725 3441 saltibus
758 3390 1074 3441 mutantem
1103 3392 1135 3440 6
1166 3387 1287 3441 Kal.
1324 3385 1485 3441 Mart.
1521 3386 1609 3418 “’7
1633 3400 1768 3440 con-

113 3477 418 3549 speximus
444 3476 564 3535 (an.
590 3475 772 3543 10:38?)
800 3490 813 3537 ;
840 3476 1024 3529 nubes
1040 3489 1269 3545 quoque
1286 3475 1634 3543 sanguineas
1654 3482 1765 3528 tam

114 3567 186 3620 ab
219 3564 530 3621 occidente
562 3577 731 3632 quam
761 3563 831 3616 ab
850 3566 1075 3617 oriente
1101 3570 1412 3631 surgentes
1432 3563 1661 3632 sibique
1689 3562 1769 3617 in-

112 3657 301 3710 vicem
338 3653 392 3708 in
413 3650 538 3707 czeli
571 3655 774 3707 centro
799 3656 1257 3716 concurrentes;
1284 3665 1634 3721 rursumque
1660 3666 1771 3705 mc-

116 3744 229 3798 diis
265 3743 388 3797 fere
422 3740 693 3796 noctibus
724 3756 753 3795 a
787 3740 1188 3810 septentrione
1242 3740 1440 3808 igneos
1487 3755 1771 3807 exurgere

114 3831 510 3904 splendores;
540 3829 879 3901 plerumque
903 3829 1075 3883 etiam
1104 3828 1321 3884 faculas
1346 3846 1450 3899 per
1470 3845 1773 3885 aercmvo-

118 3925 367 3976 Lit-antes
399 3918 619 3974 vidisse
655 3934 779 3987 nos,
821 3918 1071 3973 testibus
1109 3919 1402 3989 plerisque
1433 3926 1774 3993 comproba-

118 4025 269 4067 mus.
312 4009 431 4063 Non
466 4008 647 4062 multo
680 4008 938 4062 antehos
962 4022 1142 4061 annos
1168 4008 1398 4077 quidam
1423 4014 1773 4067 venerabilis

117 4100 259 4155 vita)
315 4095 627 4167 presbiter,
662 4094 887 4149 nomine
938 4095 1271 4165 Suiggerus,
1308 4098 1606 4167 cujusdam
1658 4101 1770 4155 diei

114 4190 265 4244 hora
294 4186 416 4240 fere
441 4199 583 4240 nona
606 4183 753 4240 duos
770 4183 996 4253 equites
1021 4186 1327 4255 conSpexit
1350 4197 1772 4244 concurrentes

116 4278 175 4333 in
211 4288 376 4343 aere,
411 4272 626 4343 diuque
659 4276 1092 4342 concertantes,
1123 4272 1393 4345 alterum,
1429 4276 1522 4346 qui
1556 4282 1613 4330 et
1646 4292 1774 4332 cru-

116 4380 249 4422 cem
274 4377 392 4418 non
416 4361 697 4417 modicam
725 4361 966 4431 ferebat,
986 4376 1095 4430 qua
1120 4370 1427 4431 percutere
1444 4364 1771 4435 videbatur,

117 4455 177 4510 in
197 4452 395 4508 altero
420 4450 700 4507 victorem
726 4449 1001 4505 existere.
1021 4450 1232 4506 Eodem
1258 4458 1519 4523 tempore
1537 4454 1596 4508 G.
1617 4468 1777 4523 pres-

1880 3298 2008 3353 boni
2037 3297 2292 3367 pastoris
2314 3298 2649 3353 vaticinium
2675 3300 2846 3354 etiam
2869 3302 3039 3356 electi
3068 3304 3391 3361 inerrorem
3417 3307 3518 3364 du-

1878 3388 2154 3440 cerentur
2186 3384 2424 3453 (ΜίιίιΙι.
2461 3401 2610 3453 xxxv,
2645 3390 2754 3457 24).
2809 3390 2945 3444 inde
2996 3392 3319 3450 fabulosum
3373 3395 3513 3452 illud

1878 3475 2189 3529 confictam
2224 3478 2313 3528 est
2346 3474 2415 3528 de
2446 3474 2653 3529 Karolo
2685 3477 2884 3545 Magno
2910 3481 3073 3547 quasi
3095 3481 3165 3535 de
3190 3484 3436 3540 mortuis
3463 3486 3517 3541 in

1883 3562 1936 3617 id
1973 3562 2161 3631 ipsum
2190 3563 2545 3617 resuscitato
2568 3563 2762 3619 etalio
2786 3566 2981 3620 nescio
3008 3584 3120 3637 quo
3145 3570 3520 3629 nihilominus

1884 3652 2164 3719 redivivo,
2200 3651 2469 3707 fribolum
2504 3667 2733 3722 quoque
2757 3653 2895 3708 illud
2918 3656 2988 3710 de
3007 3672 3209 3713 ansere
3234 3662 3397 3730 quasi
3424 3662 3523 3718 do-

1884 3741 2090 3805 minam
2127 3755 2288 3795 suam
2323 3740 2665 3809 deducente,
2702 3743 2996 3812 multaque
3027 3746 3082 3800 id
3110 3762 3313 3815 genus.
3368 3751 3523 3810 idem

1885 3836 2073 3886 tamen
2121 3830 2481 3895 seductores,
2530 3829 3008 3897 queinzulmodnm
3062 3834 3270 3903 singuli
3323 3839 3445 3893 sris
3489 3855 3522 3897 a

1887 3919 2175 3974 fructibus
2197 3916 2309 3970 sint
2331 3917 2567 3984 cogniti,
2589 3919 2878 3985 quomodo
2902 3926 3063 3975 veste
3086 3924 3194 3977 sub
3214 3926 3379 3981 ovina
3399 3927 3525 4000 lupi

1886 4010 2004 4063 sint
2036 4004 2316 4071 denotati,
2345 4004 2397 4056 bi
2428 4004 2732 4072 potissimo
2757 4006 2853 4074 qni
2878 4023 2949 4061 ex
2973 4007 3087 4064 illis
3110 4009 3295 4068 adhuc
3321 4028 3525 4086 super-

1887 4100 2022 4151 sunt
2056 4095 2191 4147 licet
2228 4100 2288 4147 ut
2319 4092 2406 4123 λδῖδ
2441 4093 2892 4162 pcrquirantur;
2928 4097 3151 4153 scilicet
3187 4115 3299 4170 quo
3349 4110 3520 4174 portu

1879 4184 2044 4253 juxta
2076 4181 2425 4252 promissum
2457 4195 2622 4234 suum
2656 4183 2873 4251 absque
2908 4185 3136 4254 navigio
3162 4202 3315 4245 mare
3342 4197 3528 4247 trans-

1887 4273 2080 4342 ierint,
2108 4271 2319 4341 quibus
2344 4270 2559 4342 przeliis
2583 4271 2835 4328 vellocis
2853 4273 3333 4346 multospaganos
3348 4295 3527 4351 parva

1888 4375 2058 4416 manu
2084 4360 2422 4427 straverint,
2451 4375 2594 4430 quas
2615 4376 2812 4417 eorum
2838 4363 3190 4421 munitiones
3213 4367 3531 4441 ilicocepe-

1889 4450 2028 4520 rint,
2059 4464 2243 4519 quave
2279 4453 2573 4520 postremo
2605 4456 2770 4521 parte
2821 4467 3117 4509 murorum
3169 4455 3526 4515 Hierusalem

119 4544 304 4605 bitcr,
342 4540 438 4610 qui
469 4554 620 4595 nunc
652 4539 760 4594 sub
789 4538 1125 4595 monachica
1172 4541 1532 4610 professione
1584 4543 1777 4598 nobis-
1806 4561 1860 4623 D
1890 4544 2083 4595 castra
2110 4539 2512 4610 posuerint,et
2533 4546 2744 4596 cratera
2772 4558 2787 4607 ;
2814 4541 3070 4611 nihilque
3090 4542 3373 4599 habentes
3391 4546 3529 4614 quid

117 4647 257 4689 cum
288 4644 397 4701 pro
422 4627 822 4700 primogenitis
843 4628 988 4684 asini
1019 4626 1230 4695 (Exod.
1259 4644 1376 4699 xm,
1409 4633 1490 4702 l3)
1517 4629 1777 4686 debitum

122 4722 366 4779 ovinum
403 4716 631 4774 Christo
665 4717 967 4788 persolvit,
1009 4718 1146 4773 hora
1181 4718 1427 4788 quadam
1462 4720 1777 4777 meridiana

124 4825 260 4867 cum
285 4808 519 4864 duobus
541 4806 852 4862 comitibus
874 4806 925 4861 in
952 4806 1092 4862 silva
1111 4807 1507 4877 deambulans,
1522 4808 1778 4876 gladium

128 4896 297 4955 mirae
325 4895 712 4965 longitudinis
737 4894 889 4949 venti
914 4892 1219 4964 vertigine,
1248 4894 1503 4963 ignotum
1530 4897 1679 4953 unde
1706 4896 1782 4952 le-

129 4992 396 5055 varetur,
423 4985 479 5040 in
502 4984 751 5040 sublime
776 4984 988 5039 deferri
1016 4984 1207 5054 vidit,(
1231 4989 1252 5039 t
1277 5000 1577 5056 quousque
1597 4986 1781 5043 visum

130 5076 388 5157 altitudo
412 5074 654 5143 celaret,
682 5079 797 5129 tam
825 5074 1110 5144 fragorem
1137 5074 1375 5130 auribus
1398 5091 1565 5145 quam
1585 5077 1784 5132 mctal-

1892 4629 2304 4698 respondeant,
2343 4634 2455 4683 tam
2486 4628 2555 4683 de
2587 4628 2991 4685 oblationibus
3024 4629 3278 4686 fidelium
3310 4646 3414 4701 per
3432 4633 3532 4704 by-

1893 4717 2148 4788 pocrisin
2185 4716 2475 4787 susceptis
2508 4731 2677 4786 quam
2712 4717 2782 4772 de
2810 4718 2965 4773 cesis
2996 4718 3069 4772 ob
3098 4718 3356 4788 rapinam
3389 4734 3534 4791 quas

1892 4805 2249 4861 seduxcrant
2285 4805 2491 4873 turbis,
2527 4806 2878 4875 propriaque
2908 4804 3155 4861 maxime
3186 4804 3276 4839 “’9
3299 4813 3533 4879 aposta-

1892 4894 1996 4963 sia,
2030 4908 2269 4950 necesse
2298 4900 2387 4948 est
2423 4897 2484 4947 ut
2516 4893 2915 4962 pcenitentiam
2948 4908 3118 4961 agere
3146 4901 3448 4965 cogantur.

1964 4982 2126 5052 Nam,
2162 4987 2225 5036 ut
2255 4979 2604 5052 prelibatum
2635 4985 2723 5035 est
2772 4980 2942 5050 (287),
2973 4981 3141 5051 plebs
3173 4983 3534 5045 Folcmarum

1893 5086 2000 5143 per
2026 5074 2316 5129 Boemiam
2350 5084 2619 5141 sequens,
2644 5085 2773 5127 cum
2806 5070 2958 5142 apud
2983 5071 3199 5127 Nitram
3223 5073 3536 5135 Pannonias

132 5166 253 5224 lum
285 5164 480 5224 oculis
502 5162 808 5221 discrevit.
846 5164 1199 5220 Referebant
1222 5163 1402 5236 aliqui
1430 5166 1525 5236 qui
1552 5168 1607 5223 in
1634 5182 1812 5237 equo-
1864 5167 2168 5231 civitatem
2200 5164 2491 5223 seditione
2540 5161 2861 5232 concitata,
2901 5161 3115 5233 partim
3164 5164 3532 5241 captivitate,

1503 5296 1589 5353 VA
1601 5297 1736 5352 RI/E
1780 5295 2178 5356 LECTIONES.

205 5405 298 5440 ¹⁶²⁶
326 5405 363 5461 i.
400 5402 475 5460 ad
507 5415 554 5459 ε.
590 5414 741 5460 corr.
780 5404 827 5457 1.

908 5399 999 5435 ¹⁶²⁷
1023 5402 1112 5459 VI.
1150 5400 1233 5458 Kl.
1267 5402 1369 5459 Mr.
1401 5417 1692 5478 superscr.
1731 5412 1778 5461 1.
1857 5404 1949 5440 ¹⁶²⁸
1977 5415 2269 5477 superscr.
2308 5406 2355 5456 1.

2437 5395 2528 5431 ¹⁶²⁹
2560 5395 2802 5453 maxima
2836 5408 2985 5455 corr.
3024 5397 3265 5456 maxime
3300 5401 3347 5458 ι.

1726 5528 1951 5589 NOTAE.

200 5630 351 5713 (286)
384 5630 583 5701 Supra
613 5640 664 5682 a.
696 5626 853 5683 l096.

457 5726 727 5790 PATROL.
761 5722 971 5788 CLIV.

1894 5626 2045 5704 (287)
2077 5626 2261 5704 Supra
2291 5640 2341 5686 a.
2374 5622 2532 5686 1096.

3311 5722 3383 5787 81
