3962 6312
139 327 266 387 9'73

1042 322 1484 388 CHRONICA.
1517 362 1593 373 —
1625 327 2105 395 CHRONICON
2150 335 2678 403 UNIVERSAIE

3448 360 3565 419 974

140 458 430 531 (Οσίοῦ.),
476 457 676 515 urbem
709 455 799 491 ¹⁶³⁸
821 457 1088 514 humanis
1119 459 1345 515 viribus
1385 461 1801 533 inexpugnabi-
1829 465 1884 525 A
1919 466 2038 523 illis
2070 484 2193 525 eam
2227 474 2787 542 aperireLPlacatus
2832 479 3029 551 itaque
3089 483 3196 539 hac
3238 486 3564 549 humilitate

141 549 286 619 leni,
326 547 432 603 ubi
467 562 571 619 per
605 561 813 603 novem
848 561 1075 602 menses
1105 562 1208 602 eos
1242 548 1512 605 detentos
1572 550 1625 605 in
1650 552 1801 607 obsi-

140 637 322 692 dione
362 635 627 704 ejusdem
663 636 738 690 ita
766 634 1113 703 humiliavit,
1153 641 1211 691 ut
1253 638 1439 693 omnis
1507 639 1800 709 superbiae

140 725 388 782 illorum
430 728 623 780 tumor
652 723 967 790 desideret.
996 724 1176 792 igitur
1198 725 1283 779 eis
1314 725 1395 781 sic
1454 725 1795 793 humiliatis,

144 821 209 871 ut
245 815 303 870 in
343 817 480 869 toto
501 813 771 868 exercitu
789 812 882 868 vix
901 818 1132 869 centum
1157 814 1288 883 equi
1312 814 1445 869 boni
1477 815 1802 885 reperiren-

138 909 259 973 tur,
289 902 532 974 aperuit
564 901 681 957 illis
710 903 863 957 Deus
886 901 1109 972 copiam
1144 918 1260 957 sua:
1287 902 1710 958 benedictionis
1741 909 1797 959 et

144 990 610 1060 misericordiae,
638 994 699 1044 ct
729 989 961 1045 induxit
994 1004 1098 1045 eos
1146 989 1198 1043 in
1260 989 1581 1059 civitatem,
1625 996 1798 1061 atque

136 1085 365 1138 Turcos
398 1084 461 1134 et
498 1079 687 1135 omnia
718 1094 919 1134 eorum
961 1078 1246 1149 potestati
1280 1078 1485 1134 horum
1554 1080 1797 1135 tradidit

141 1174 442 1239 an.1098,
470 1169 663 1239 Jun.).
708 1200 757 1207 -
788 1167 1044 1237 Cumque
1067 1172 1124 1221 et
1176 1167 1294 1223 haec
1346 1170 1507 1238 quasi
1574 1171 1800 1228 viribus

141 1261 263 1317 suis
296 1257 602 1328 acquisita
627 1256 986 1323 obtinerent,
1022 1271 1124 1311 nec
1158 1251 1477 1326 Deum,'qui
1511 1258 1632 1315 haec
1665 1275 1798 1316 cou-

143 1351 389 1419 tulerat,
421 1349 599 1417 digne
634 1346 1094 1416 magniﬁcarcnt,
1140 1350 1295 1401 tanta
1344 1348 1793 1406 Sarracenorum

147 1436 540 1495 multitudine
574 1436 805 1491 obsessi
839 1440 995 1503 sunt,
1034 1440 1096 1490 ut
1127 1435 1198 1490 de
1230 1435 1469 1491 civitate
1500 1436 1694 1494 nullus
1723 1454 1794 1493 ex

141 1532 303 1585 tanta
343 1525 525 1582 turba
559 1523 758 1593 egredi
784 1523 1330 1579 auderet.Preterea
1364 1524 1543 1579 fames
1568 1526 1622 1581 in
1654 1527 1794 1583 civi-

143 1624 261 1674 tate
292 1617 375 1672 ita
414 1613 826 1679 convaluerat,
862 1612 1031 1667 utvix
1055 1612 1126 1666 ab
1157 1611 1592 1668 inhumanism‘
1633 1616 1793 1686 dapi-

143 1710 249 1764 bus
278 1719 345 1762 se
376 1702 566 1774 aliqui
589 1702 982 1758 continerent.
1019 1703 1268 1769 Longum
1286 1707 1665 1759 estenarrare
1690 1707 1791 1760 mi-

1917 552 2007 588 ¹⁶³⁷
2040 558 2332 628 Dominus,
2391 566 2598 618 octavo
2634 570 2764 633 post
2793 566 3253 626 humiliationem
3332 575 3560 635 illorum

1914 645 2006 701 die
2039 647 2696 707 civitatcmcistradidit
2725 654 2845 723 (an.
2872 659 3284 731 tUOQJulJb’),
3311 676 3378 719 eo
3412 666 3565 723 vide-

1912 732 2048 789 licet
2077 735 2167 791 die
2201 751 2313 805 quo
2349 739 2644 808 primitiva
2677 743 2947 799 zecclesia
2982 745 3113 803 inde
3172 749 3397 818 abjccta
3431 753 3559 825 fuit,

1910 838 2038 877 cum
2076 825 2285 880 festum
2309 826 2378 881 de
2412 827 2781 897 dispersione
2840 835 3238 904 apostolorum
3271 852 3301 893 a
3363 842 3561 899 multis

1914 909 2182 967 fidelibus
2214 913 2569 970 celebratur.

1980 999 2137 1052 Inter
2160 999 2281 1055 haec
2312 1000 2543 1058 minime
2580 1007 3034 1072 pretercundum
3093 1010 3346 1083 videtur,
3379 1017 3553 1086 quod,

1909 1083 2042 1139 dum
2066 1088 2362 1143 exercitus
2398 1090 2451 1143 in
2484 1092 2789 1147 obsidione
2839 1096 3159 1152 Antiochi:e
3206 1083 3553 1174 moraretur,

1908 1184 2120 1240 pavore
2148 1175 2431 1243 perculsis
2450 1177 2742 1234 universis
2756 1195 2858 1249 per
2881 1182 3164 1238 orientem
3198 1186 3553 1258 nationibus,

1908 1258 2381 1329 discurrentibus
2397 1264 2467 1318 ab
2499 1266 2837 1337 omniparte
2864 1270 3025 1324 orbis
3061 1276 3347 1328 terrarum
3364 1275 3557 1332 missis

1906 1351 1965 1402 et
1995 1348 2490 1422 exploratoribus,
2513 1353 2642 1409 aliis
2658 1369 2880 1426 pacem,
2900 1357 3030 1413 aliis
3057 1359 3203 1414 bella
3231 1362 3556 1419 machinan-

1903 1434 2265 1503 tibus,etiam
2302 1440 2635 1509 Babylonici
2665 1444 2819 1511 regis
2850 1443 3024 1513 legati
3057 1448 3372 1505 conventui
3403 1452 3557 1521 prin-

1902 1524 2092 1595 cipum
2130 1540 2191 1581 se
2227 1533 2529 1596 presentes
2561 1529 2861 1600 exhibent,
2897 1533 3047 1589 inter
3108 1535 3218 1590 alia
3277 1539 3555 1607 pollicen-

1903 1616 2011 1681 tes,
2044 1614 2090 1668 si
2124 1614 2295 1669 victis
2322 1616 2655 1673 Antioct'nis
2687 1619 2863 1673 etiam
2896 1621 3154 1679 Thurcos
3172 1624 3241 1680 de
3289 1627 3554 1684 Hieroso-

1903 1699 2036 1757 lima
2066 1702 2734 1773 pepulerint,dominum
2769 1722 2938 1763 suum
2957 1710 3194 1767 fratrem
3218 1718 3275 1768 et
3306 1714 3550 1772 amicum

139 1797 327 1853 serias
358 1809 498 1864 quae
530 1792 585 1847 in
616 1791 856 1847 civitate
891 1791 1072 1845 fuere.
1105 1789 1445 1860 Respiciens
1476 1796 1790 1849 autemDo-
1819 1817 1874 1877 Β
1903 1803 2030 1844 cum
2079 1790 2367 1847 universis
2400 1793 2736 1849 Sarracenis
2772 1796 3044 1863 habeant;
3099 1805 3156 1855 ut
3208 1802 3359 1857 enim
3391 1820 3551 1874 pres-

145 1886 330 1941 minus
355 1882 972 1955 pepulum,quemtam
989 1877 1085 1933 diu
1112 1877 1788 1951 ﬂagellaverat,benigne

147 1973 518 2039 consolatur,
554 1984 620 2025 ac
635 1968 824 2039 primo
857 1967 1019 2037 quasi
1050 1982 1155 2037 pro
1180 1966 1579 2024 satisfactione
1605 1972 1791 2028 tribu-

146 2062 386 2120 lationis
420 2061 684 2115 lanceam
747 2071 932 2125 suam,
987 2054 1179 2125 quain
1229 2069 1404 2111 cruce
1445 2057 1789 2117 vulneratus

144 2158 250 2224 est,
278 2165 502 2207 munus
532 2161 643 2202 non
678 2146 860 2201 visum
892 2159 921 2200 a
956 2150 1214 2215 tempore
1245 2145 1665 2217 apostolorum,
1710 2150 1791 2219 pi-

140 2256 285 2312 gnus
316 2237 594 2295 victoriae
618 2234 736 2291 illis
766 2233 978 2289 obtulit
1015 2250 1028 2295 ;
1063 2233 1273 2288 deinde
1329 2235 1504 2289 corda
1556 2236 1785 2293 illorum

141 2332 281 2386 adeo
302 2326 593 2384 animavit
645 2329 708 2380 ut
735 2323 909 2379 etiam
935 2323 1146 2393 quibus
1174 2322 1444 2390 egritudo
1467 2324 1557 2378 vel
1610 2326 1788 2382 fames

142 2416 475 2474 ambulandi
515 2415 669 2470 vires
698 2413 1283 2481 denegaverat,arma
1301 2413 1563 2468 sumendi
1607 2418 1665 2468 et
1705 2416 1789 2470 vi-

142 2508 555 2571 rilitercontra
577 2503 777 2557 hostes
794 2499 1105 2555 dimicandi
1130 2499 1407 2555 virtutem
1430 2500 1781 2559 infunderet.

146 2629 199 2636 —
234 2592 635 2665 Triumphatis
678 2591 872 2659 itaque
903 2589 1169 2645 hostibus
1200 2587 1361 2656 (Jun.
1398 2594 1509 2661 28),
1544 2606 1673 2646 cum
1710 2593 1787 2646 fa-

145 2699 228 2739 me
256 2688 316 2740 et
348 2682 516 2738 tedic
541 2678 841 2735 exercitus
861 2675 1136 2731 deﬁceret
1168 2676 1511 2747 Antiochiae,
1540 2679 1784 2734 maxime

147 2773 384 2841 propter
413 2765 751 2851 discordias
799 2763 1151 2835 principum,
1180 2763 1235 2817 in
1257 2764 1477 2832 Syriam
1512 2766 1779 2835 profecti,

145 2861 373 2915 Berram
396 2864 457 2915 et
493 2855 954 2923 Marram,urbes
976 2854 1450 2921 Sarracenorum,
1489 2868 1785 2925 expugna-

142 2951 369 3018 verunt,
394 2953 454 3003 et
476 2944 723 3003 castella
746 2942 1000 3011 regionis
1022 2942 1401 2997 obtinuerunt
1427 2942 1642 3015 (Non).
1676 2944 1778 2997 Ubi

142 3052 264 3092 cum
302 3049 529 3093 moram
572 3032 1018 3103 disposuisseut.
1056 3034 1216 3084 tanta
1243 3031 1421 3085 fames
1441 3030 1494 3084 in
1518 3031 1780 3086 exercitu

145 3125 269 3195 fuit,
303 3130 369 3182 ut
394 3137 647 3195 corpora
676 3123 1126 3177 Sarracenorum
1177 3118 1293 3187 jam
1364 3119 1688 3175 faetentium
1749 3134 1777 3175 a

142 3214 350 3285 pepulo
380 3212 716 3270 Christiano
749 3213 1007 3265 comesta
1064 3208 1197 3262 sint.
1235 3206 1370 3261 Inde
1400 3222 1531 3262 cum
1582 3208 1778 3264 divino

144 3307 279 3358 nutu
312 3302 369 3359 in
403 3302 690 3358 interiora
749 3297 1055 3369 Hyspanize
1091 3296 1218 3363 (289
1247 3298 1293 3367 ')
1356 3297 1778 3365 progredcrcn-

139 3394 232 3446 tur
262 3391 579 3461 (an.1099),
616 3386 999 3457 largissimam
1026 3389 1201 3455 atque
1248 3384 1685 3439 misericordem
1718 3390 1777 3440 et

144 3479 676 3537 victoriosissimam
737 3489 964 3531 manum
986 3472 1406 3543 omnipotentis
1436 3473 1629 3527 Patris
1690 3488 1777 3528 se-

141 3582 261 3623 cum
294 3570 648 3626 habnerunt.
675 3565 903 3621 Etenim
928 3560 1484 3619 civesetcastellani
1521 3562 1775 3630 regionis

142 3642 295 3714 illius.
318 3672 493 3729 quam
546 3655 961 3727 procedebant,
991 3650 1060 3706 ad
1084 3665 1187 3706 eos
1216 3665 1344 3706 cum
1391 3649 1564 3705 mulis
1600 3650 1776 3705 dona-

143 3743 237 3800 riis
265 3746 497 3816 legatos
529 3743 969 3816 premittebant,
998 3740 1181 3811 parati
1210 3738 1433 3793 servire
1450 3744 1510 3793 et
1559 3740 1772 3809 oppida

144 3848 239 3888 sua
275 3835 544 3891 reddere.
581 3832 687 3888 Sed
710 3832 843 3902 quia
868 3829 1292 3885 exercitusnon
1316 3828 1535 3883 multus
1557 3834 1685 3883 erat
1715 3833 1775 3883 et

144 3921 193 3976 in
224 3923 586 3980 Hierusalem
612 3920 965 3979 unanimiter
998 3918 1369 3987 festinabant,
1397 3917 1658 3986 acceptis
1686 3931 1774 3973 se-

141 4011 507 4081 curitatibus,
546 4010 895 4066 tributarios
927 4022 1028 4063 eos
1060 4007 1340 4074 fecerunt,
1373 4006 1587 4075 quippe
1641 4019 1771 4060 eum

143 4111 247 4152 una
277 4100 346 4155 de
378 4100 581 4157 multis
615 4099 981 4167 civitatibus,
1020 4111 1146 4167 quae
1192 4096 1246 4149 in
1296 4093 1604 4149 maritimis
1656 4092 1773 4149 illis

141 4194 286 4258 sunt,
309 4190 510 4261 plures
552 4189 816 4245 homines
850 4187 1116 4256 haberet,
1168 4198 1336 4255 quam
1380 4184 1437 4238 in
1507 4183 1772 4240 exercitu

144 4275 464 4334 Christiano
499 4279 1045 4346 fuissent.Cumque
1074 4274 1334 4331 auditum
1368 4277 1528 4329 esset
1580 4272 1775 4327 Antio-

140 4363 276 4421 chiae
313 4371 485 4437 atque
507 4366 791 4423 Laodicia}
815 4369 870 4419 et
902 4364 1115 4433 Rohas,
1152 4362 1285 4433 quia
1305 4376 1509 4418 manus
1549 4362 1770 4417 Domini

141 4459 290 4511 esset
313 4470 443 4511 cum
475 4456 584 4526 eis,
618 4454 817 4527 plures
840 4453 909 4509 de
941 4452 1204 4510 exercitu
1247 4452 1344 4522 qui
1366 4451 1442 4506 ibi
1485 4465 1773 4507 remanse-

1902 1877 2152 1949 criptum
2182 1884 2293 1949 est,
2326 1881 2565 1936 Judcam
2599 1896 2726 1938 cum
2792 1885 3149 1941 Hierusalem
3186 1894 3425 1960 totaque
3449 1895 3550 1947 Pa-

1904 1966 2111 2021 lestina
2138 1966 2253 2036 jam
2277 1967 2412 2023 olim
2436 1969 2641 2025 Thurci
2678 1973 3015 2029 Sarracenis
3038 1976 3548 2036 abstulerantJlac

1902 2054 1972 2109 de
2006 2069 2178 2111 causa
2201 2057 2521 2113 securitate
2546 2065 2805 2129 accepta,
2840 2075 2948 2115 non
2992 2063 3157 2132 pauci
3202 2063 3548 2126 lectissimo-

1900 2158 2026 2198 rum
2059 2144 2302 2200 militum
2330 2146 2698 2215 Babyloniam
2724 2148 3079 2220 diriguntur,
3116 2166 3359 2221 quorum
3385 2157 3547 2212 forti-

1899 2230 2123 2300 tudine,
2160 2233 2749 2303 proeeritate,habitu
2781 2240 2839 2290 et
2868 2236 3097 2295 incessu
3130 2242 3399 2312 omnique
3431 2246 3545 2303 ele-

1897 2318 2091 2386 gantia
2118 2320 2351 2374 attoniti
2383 2321 2640 2391 barbari,
2664 2324 2913 2379 Francos
2943 2357 3008 2365 —
3031 2327 3111 2381 sie
3128 2329 3277 2384 enim
3320 2333 3545 2390 univer-

1900 2421 1998 2461 sos
2028 2407 2420 2463 occidentales
2472 2410 2719 2481 populos
2747 2413 3042 2469 nominare
3066 2416 3259 2472 solent
3310 2452 3378 2459 ——
3413 2422 3544 2492 plus

1898 2506 2067 2562 quam
2098 2493 2441 2565 hoinines,id
2468 2501 2555 2552 est
2596 2498 2759 2566 deos,
2784 2514 2915 2555 esse
2975 2502 3327 2575 fatebantur,
3396 2508 3542 2564 affir-

1897 2586 2143 2651 mantes,
2178 2584 2412 2638 omnino
2442 2600 2551 2639 non
2578 2601 2708 2641 esse
2753 2588 2979 2658 mirum,
3016 2593 3169 2660 quod
3209 2593 3539 2663 hujusmodi

1898 2668 2210 2725 bellatores
2236 2674 2419 2726 totum
2444 2673 2787 2728 all'ectarcnt
2812 2676 3226 2747 sibisubjicere
3244 2683 3537 2741 mundum.

1894 2757 2116 2812 —lnito
2148 2757 2395 2828 denique
2411 2761 2680 2831 consilio,
2700 2777 2803 2818 rex
2822 2764 3150 2834 Babylonize
3179 2770 3536 2828 Hierusalem

1895 2844 2147 2915 obsidet,
2180 2848 2551 2917 ostensisque
2575 2850 2804 2921 legatis,
2824 2852 3060 2909 Francis
3093 2870 3154 2910 se
3191 2857 3537 2916 fcederatum

1895 2934 2415 3005 alﬁrmat,quorum
2437 2936 2671 3007 gladiis,
2706 2940 2879 2995 sisibi
2906 2941 3201 2998 civitatem
3219 2960 3327 3000 non
3345 2947 3538 3004 trade-

1894 3028 2043 3091 rent,
2071 3024 2232 3093 ipsos
2268 3024 2585 3081 tradendos
2610 3027 2855 3084 minitat.
2893 3032 2989 3086 His
3015 3031 3209 3101 itaque
3243 3033 3392 3089 dolis
3433 3051 3535 3092 rex

1894 3110 2178 3168 barbarus
2208 3128 2316 3169 non
2343 3128 2448 3169 suo
2470 3115 2572 3171 sed
2602 3117 2950 3175 Francorum
3003 3119 3210 3177 timore
3234 3122 3532 3182 civitatem

1894 3203 2482 3272 reccptam,dimissis
2506 3220 2635 3259 cum
2668 3204 2791 3261 suis
2815 3207 3082 3263 omnibus
3107 3209 3361 3281 Thureis,
3382 3213 3532 3267 omni

1891 3298 2102 3347 conatu
2127 3292 2407 3347 machinis
2440 3299 2615 3364 atque
2641 3295 2928 3352 militibus
2952 3303 3156 3353 contra
3181 3300 3534 3357 Christiano-

1891 3394 2018 3435 rum
2053 3381 2363 3438 adventum
2398 3384 2753 3453 premunivit
2784 3386 3018 3456 ;sicquc
3066 3388 3279 3444 factum
3330 3396 3421 3445 est
3475 3396 3535 3447 ut

1888 3468 2251 3526 Hierusalem
2272 3471 2361 3526 bis
2396 3486 2509 3527 uno
2542 3478 2854 3544 caperetur
2888 3478 3296 3547 anno,primoa
3340 3481 3534 3534 Sarra-

1889 3558 2069 3627 cenis,
2104 3559 2234 3614 dein
2268 3573 2298 3613 a
2329 3561 2583 3617 Francis.

1958 3646 2035 3701 De
2058 3646 2207 3716 (290)
2241 3647 2509 3704 hostibus
2543 3664 2677 3705 vero
2702 3649 3049 3721 ibirepertis
3065 3653 3203 3723 quid
3227 3660 3416 3712 actum
3432 3654 3529 3729 sit,

1884 3733 1934 3788 si
1978 3733 2110 3802 quis
2132 3749 2304 3790 nosse
2337 3737 2879 3808 querit,sciat,quia
2916 3741 2968 3795 in
3005 3742 3236 3813 porticu
3270 3759 3398 3813 quae
3458 3745 3541 3800 di-

1883 3822 2039 3877 citur
2071 3822 2393 3879 Salomonis
2422 3830 2479 3880 et
2501 3826 2557 3879 in
2592 3828 2809 3896 templo
2843 3829 2969 3898 ejus
2998 3830 3254 3887 victores
3312 3834 3536 3904 equita-

1886 3909 2107 3965 bantin
2171 3916 2451 3980 sanguine
2504 3917 2955 3973 Sarracenorum
2983 3933 3164 3988 usque
3221 3920 3290 3975 ad
3344 3937 3534 3992 genua

1888 4000 2415 4067 equorum.Deinde
2449 4017 2578 4057 cum
2609 4002 2938 4060 ordinatum
2983 4011 3159 4075 esset,
3197 4008 3293 4077 qui
3340 4009 3536 4065 civita-

1887 4090 2002 4141 tem
2031 4086 2286 4142 retinere
2320 4088 2621 4160 deberent,
2656 4098 2712 4148 et
2747 4092 2843 4147 alii
2876 4096 3293 4165 amorepatrize
3323 4103 3383 4153 et
3414 4098 3534 4169 pie-

1887 4179 2008 4231 tate
2038 4181 2348 4246 parentum
2384 4194 2621 4235 suorum
2672 4181 2866 4238 redire
2923 4184 3267 4257 voluissent,
3301 4187 3533 4243 nuncia-

1886 4268 2009 4320 tum
2041 4268 2129 4320 est
2160 4265 2265 4335 eis,
2305 4267 2459 4336 quod
2482 4283 2583 4324 rex
2603 4270 3049 4340 Babyloniorum
3087 4275 3426 4331 Ascalonam
3442 4291 3535 4333 ve-

1887 4352 2220 4411 nissetcum
2282 4355 2691 4413 innumerabili
2728 4358 3102 4417 multitudine
3154 4379 3531 4436 paganorum,

1888 4442 2175 4498 ducturus
2200 4446 2451 4501 Francos
2484 4447 2582 4516 qui
2610 4448 3010 4506 llicrosolinns
3042 4456 3207 4507 erant
3243 4454 3297 4508 in
3354 4454 3535 4525 capti-

144 4546 263 4598 rant
296 4544 596 4601 consecuti
630 4559 731 4601 eos
764 4546 901 4598 sunt
940 4543 1095 4613 apud
1123 4543 1352 4611 Tyrum.
1414 4541 1505 4596 Sic
1574 4541 1771 4611 itaque
1801 4528 1855 4590 D
1888 4530 2128 4587 vitatem
2162 4536 2218 4589 et
2278 4540 2723 4606 expugnaturus
2766 4538 3154 4609 Antiochiam,
3200 4542 3352 4597 sicut
3410 4542 3533 4612 ipse

144 4628 253 4686 Deo
276 4633 613 4691 conviatore
636 4638 696 4689 et
727 4635 1112 4703 cooperatore
1135 4645 1320 4701 usque
1365 4631 1434 4685 ad
1500 4630 1774 4685 Hierusa-

142 4714 242 4775 lem
268 4728 677 4792 perveneruut.
716 4721 892 4791 Cujus
923 4721 977 4775 iu
1012 4720 1317 4776 obsidione
1373 4734 1501 4776 cum
1545 4718 1771 4775 labora-

148 4814 288 4879 rent,
314 4812 557 4869 maxime
591 4816 837 4884 propter
868 4825 1034 4880 aqurc
1069 4808 1321 4879 inopiam
1358 4828 1369 4863 :
1412 4809 1614 4864 habito
1644 4823 1774 4865 con-

145 4884 549 4965 cilio,episcopi
575 4897 634 4948 et
657 4891 960 4963 principes
981 4889 1374 4946 circinandam
1392 4903 1525 4944 esse
1571 4889 1773 4945 civita-

140 4977 248 5033 tem
263 4979 432 5037 nudis
457 4980 701 5052 pedibus
728 4979 1206 5051 predicabant,ut
1229 4976 1456 5048 illc,qui
1484 4994 1587 5048 pro
1609 4977 1773 5034 nobis

145 5058 193 5117 in
215 5063 536 5127 humilitate
551 5085 677 5128 eam
698 5070 998 5139 ingressus
1013 5071 1122 5135 est,
1145 5080 1250 5137 per
1274 5066 1660 5123 humilitatem
1702 5067 1773 5124 is-

147 5155 326 5211 torum
343 5174 447 5230 pro
462 5174 522 5217 se
536 5160 607 5216 ad
626 5159 910 5231 judicium
928 5158 997 5213 de
1015 5155 1422 5214 suishostibus
1447 5157 1771 5213 faciendum

1889 4620 2140 4687 dixerat;
2177 4623 2348 4679 aliter
2386 4630 2579 4679 autem
2619 4626 2896 4683 Dominus
2947 4627 3018 4683 de
3074 4628 3164 4683 his
3221 4635 3528 4686 statuerat.

1888 4714 2090 4783 Itaque
2123 4728 2252 4768 cum
2288 4713 2341 4766 in
2376 4713 2627 4768 veritate
2650 4715 3077 4784 comperissent
3111 4717 3163 4770 hi
3210 4717 3305 4787 qui
3340 4718 3535 4775 Hiero-

1887 4801 2116 4858 solimis
2140 4806 2331 4871 erant,
2356 4804 2680 4856 exercitum
2746 4802 3192 4873 Babyloniorum
3249 4806 3534 4865 Ascalone

1885 4906 2039 4961 esse,
2070 4890 2500 4946 contenderunt
2534 4890 2764 4945 obviam
2800 4891 2935 4961 illis,
2973 4892 3534 4953 rclictissarciuiset

1890 4980 2133 5035 infirmis
2167 4979 2291 5036 suis
2322 4978 2377 5032 in
2410 4977 2767 5034 Hierusalem
2804 4995 2931 5035 cum
2958 4981 3235 5049 presidio.
3284 4984 3537 5055 Cumque

1886 5069 2144 5125 hostium
2179 5069 2501 5126 exercitum
2524 5066 2634 5138 ηπ,
2672 5070 3117 5141 conspexissent
3152 5071 3540 5129 innumerabi-

1887 5159 2000 5214 lem
2033 5158 2204 5231 (Aug.
2243 5164 2351 5233 14),
2387 5159 2632 5229 genibus
2671 5160 2835 5216 ﬂexis
2864 5162 3039 5215 Deum
3098 5159 3537 5234 invocaverunt,

1499 5260 1735 5322 VARIE
1775 5263 2171 5326 LECTIONES.

208 5334 302 5415 mf
344 5360 406 5402 ιι.
441 5361 664 5406 21.607‘7‘.
705 5362 753 5405 a.
789 5364 844 5406 ιι.
881 5354 927 5405 1.
958 5346 1049 5382 ³⁸³⁸
1096 5353 1159 5406 ut
1190 5349 1286 5406 vix
1318 5348 1448 5405 abi.
1503 5351 1558 5409 d.
1592 5370 1655 5411 se
1684 5372 1731 5413 a.
1797 5373 1850 5415 c.
1874 5371 1904 5415 θ
1935 5369 2085 5415 corr.
2146 5358 2195 5409 1.
2233 5352 2500 5409 humanis
2534 5354 2598 5407 D.
2632 5350 2722 5386 1°”
2753 5346 3160 5411 satisfactione
3190 5354 3239 5407 5.
3272 5347 3361 5384 1⁸³⁸
3400 5350 3544 5410 mul-

1703 5498 1937 5557 NOTAE.

230 5627 351 5701 290)
382 5628 520 5698 Quas
540 5627 868 5708 sequuntur
894 5667 964 5679 -
991 5635 1059 5696 in
1080 5649 1221 5709 pace
1248 5632 1639 5701 obtinuerunt
1664 5654 1739 5701 ex
1768 5642 1969 5719 priore
1994 5639 2335 5701 narratione
2367 5638 2502 5714 (col.
2529 5639 2653 5711 961,
2681 5650 2744 5698 η.
2775 5639 2873 5713 *"')
2903 5630 3282 5694 Ekkehardus
3299 5631 3540 5691 retinuit

144 5407 439 5473 titudinem
471 5419 545 5476 1b.
580 5425 630 5476 ὅ.
658 5423 736 5475 9ο.

204 5550 331 5691 ἓξὲξ
351 5559 396 5628 1⁵)
448 5561 590 5619 Pars
626 5564 824 5635 Syriae.

333 5628 351 5691 )
382 5628 520 5691 Quae
540 5640 824 5691 seauuntu
