3962 6302
156 343 280 415 9‘77

775 508 837 564 Α.
874 503 966 542 ³⁸⁸⁸
995 506 1059 564 D.
1094 502 1206 564 MC.

234 598 398 658 Sub‘
429 598 729 657 Gotefrido
787 599 953 669 duce,
996 597 1558 655 Hierosolimitanam
1617 594 1814 655 azccle-

156 691 313 750 siam
336 690 698 758 defensante,
722 693 1045 745 conventus
1063 687 1267 757 ingens
1283 688 1471 745 factus
1492 690 1586 745 est
1607 687 1664 744 in
1687 686 1815 744 Hie-

156 783 443 852 rusalem,
490 780 561 836 ab
584 777 852 836 omnibus
876 777 974 849 qui
1005 784 1141 835 sunt
1157 779 1204 801 “
1229 777 1283 832 in
1315 778 1542 834 oriente
1575 776 1813 834 Cbristi-

156 875 337 945 colis,
381 872 745 943 maximeque
795 868 896 942 qui
926 869 1017 927 vel
1068 868 1386 926 Antiochiae
1415 868 1507 925 vel
1538 867 1592 924 in
1627 865 1810 938 Syria,

152 965 360 1022 Rohas
376 962 467 1020 vel
481 960 775 1020 Palestina
790 962 1134 1018 resederant
1147 958 1498 1030 Peregrinis,
1516 958 1571 1013 in
1588 960 1813 1015 tantum

153 1060 226 1114 ut
251 1056 310 1112 in
346 1056 494 1128 ipsis
523 1053 851 1111 nativitatis
875 1052 1183 1109 Dominicaa
1214 1052 1379 1109 festis
1409 1063 1577 1121 quam
1614 1046 1812 1118 plures

155 1144 504 1215 regionibus
528 1144 933 1216 adjacentibus
956 1141 1047 1176 ¹⁸⁶⁰
1074 1144 1565 1200 consecrarentur
1582 1135 1673 1171 ¹⁸⁶¹
1694 1133 1814 1208 epi-

153 1238 352 1309 scopi,
375 1234 564 1293 versis
587 1235 644 1291 in
672 1235 963 1306 hystorias
994 1233 1256 1291 visibiles
1278 1240 1523 1292 eatenus
1551 1232 1812 1304 mysticis

157 1325 495 1399 prophetiis
511 1344 522 1379 :
537 1327 737 1398 Surge
759 1323 846 1357 ¹⁶⁸²
870 1325 1240 1399 illuminare,
1258 1325 1641 1382 Hierusalem
1654 1323 1806 1387 (Ira.

156 1433 252 1486 ιι,
273 1417 355 1484 1);
369 1420 430 1473 et
452 1415 697 1483 Laetare,
730 1414 1133 1479 Hierusalem,
1159 1414 1217 1470 et
1243 1414 1396 1469 diem
1396 1414 1627 1483 festum
1649 1411 1813 1483 agito

153 1520 362 1564 omnes
390 1505 498 1577 qui
526 1502 793 1574 diligitis
823 1517 951 1559 ram
985 1504 1128 1573 (Ira.
1164 1519 1310 1570 LXVI,
1346 1502 1455 1573 10),
1492 1506 1605 1559 etc.
1640 1532 1708 1541 —
1731 1499 1813 1555 ln-

154 1594 498 1653 calescente
523 1593 798 1664 posthaec
820 1597 1048 1660 aestate,
1075 1590 1474 1660 corrumpitur
1496 1604 1602 1661 per
1619 1588 1811 1647 Pales-

153 1686 344 1742 tinam
371 1697 470 1741 aer
492 1681 839 1739 cadaverum
867 1682 1072 1737 fmtore
1119 1682 1263 1737 Sunt
1293 1680 1465 1736 etiam
1492 1680 1589 1750 qui
1613 1679 1809 1735 dicant

156 1774 357 1830 fontes
386 1786 416 1827 a
450 1771 715 1827 barbaris
746 1770 996 1827 infectos
1024 1783 1246 1825 veneno
1278 1768 1369 1824 vel
1400 1769 1688 1824 cisternas
1716 1781 1809 1823 oc-

1051 341 1490 415 CHRONICA.
1523 380 1604 398 ..-
1632 315 2107 417 mmemor:
2152 344 2698 417 UMVERSALE.

1843 487 1895 552 Α
1927 483 2254 548 fertilitate.
2280 488 2400 548 Non
2425 492 2514 550 est
2539 489 2735 564 operis
2756 487 2927 565 hujus
2944 488 3030 552 vel
3053 494 3161 551 tem
3173 487 3327 565 peris
3349 486 3566 552 litteris

3450 348 3568 421 9'78

1927 577 2181 649 tradere,
2227 581 2460 651 quoties
2493 579 2704 642 ibidem
2739 598 2914 656 parva
2946 596 3114 642 manu
3146 581 3233 641 vir
3266 579 3567 655 predictus

1924 670 2203 740 grandem
2226 672 2656 732 multitudinem
2688 675 3067 734 barbarorum
3100 674 3398 745 straverit,
3430 686 3571 732 non-

1925 774 2217 832 nunquam
2260 764 2434 820 etiam
2454 762 2544 798 “7’
2565 763 2754 822 victus
2784 765 3027 822 vicerit:
3056 764 3270 822 amisso
3303 762 3570 822 exercitu

1926 847 2099 906 alium
2132 851 2203 908 ab
2235 852 2554 911 Antiochiae
2583 854 2813 911 obsidio
2867 853 3236 923 conduxerit,
3277 856 3569 924 postremo

1926 937 2070 995 falso
2101 940 2210 997 sibi
2268 941 2533 999 foederati
2585 943 2884 1013 cujusdam
2935 943 3164 1014 Tburci,
3223 942 3438 999 Balduc
3470 956 3562 999 no-

1925 1027 2095 1099 mine,
2127 1029 2279 1087 dolis
2308 1037 2493 1088 semet
2520 1031 2844 1103 expedierit
2870 1032 3172 1103 ipsumque
3194 1031 3569 1103 comprehen-

1924 1130 2050 1172 sum
2085 1119 2380 1175 necaverit
2408 1138 2421 1187 ;
2470 1135 2596 1191 quae
2630 1120 2719 1154 ³⁸⁷³
2747 1122 2937 1178 omnia
2968 1122 3227 1178 scribere
3277 1119 3566 1179 volentem

1927 1205 2090 1277 prius
2114 1211 2344 1278 tempus
2370 1208 2603 1265 descrot
2625 1225 2793 1281 quam
2828 1210 3090 1267 materia.
3142 1209 3354 1266 Audito
3378 1214 3566 1266 tamen

1923 1294 2085 1351 obitu
2117 1297 2316 1355 fratris
2348 1298 2680 1359 Gotefridis.
2713 1299 3290 1368 Balduvinojuniori,
3315 1301 3565 1368 cognato

1924 1398 2052 1454 suo,
2077 1385 2374 1443 civitatem
2406 1393 2465 1444 et
2491 1388 2763 1459 populum
2796 1387 3131 1457 committit,
3170 1388 3409 1459 ipseque
3435 1400 3566 1444 cum

1922 1474 2209 1530 trecentis
2245 1476 2361 1531 fere
2396 1476 2535 1533 viris
2568 1476 3009 1534 "ierosolimam
3054 1475 3260 1547 tendit,
3296 1475 3569 1533 insidian-

1908 1561 2071 1617 tium
2104 1563 2213 1619 sibi
2268 1579 2620 1635 paganorum
2677 1566 2830 1622 milia
2863 1565 3101 1636 delusit,
3163 1564 3562 1635 congreditur,

1921 1650 2083 1721 vicit,
2102 1658 2469 1724 onustusque
2497 1655 2703 1726 spoliis
2734 1669 2862 1713 cum
2888 1655 3182 1727 triumpho
3207 1654 3564 1712 Hierusalem

1924 1739 2159 1796 intravit
2187 1742 2401 1813 (Nec).
2434 1746 2688 1813 Rogatus
2711 1751 2767 1802 et
2792 1744 3158 1801 collaudatus
3182 1745 3254 1800 ab
3277 1744 3562 1814 omnibus,

153 1828 418 1919 cisorum
468 1860 661 1925 sanie;
709 1859 861 1916 unde
886 1863 1088 1915 exorta
1123 1857 1456 1929 pestilentia
1490 1855 1706 1913 multos
1735 1870 1807 1912 ex
1838 1862 1892 1923 Β
1922 1832 1986 1885 ιη
2015 1828 2288 1929 Ρ¹ξίηειεῗβε
2318 1838 2473 1886 (³88οῐ
2521 1847 2721 1929 eorum
2753 1833 2841 1866 “7‘
2872 1833 3209 1929 consensit,
3241 1847 3346 1929 nec
3382 1831 3566 1929 multo

155 1952 405 2020 nostris,
430 1954 636 2022 utpote
660 1952 768 2007 sub
793 1966 926 2007 aere
950 1947 1260 2020 peregrino
1294 1947 1631 2016 militantes,
1657 1946 1808 2003 occi-

154 2041 281 2107 dit;
312 2041 465 2097 inter
487 2054 634 2110 quos
664 2040 851 2110 ipsum
884 2040 1067 2097 totius
1099 2039 1381 2097 aaccleisae
1404 2038 1707 2095 catholicae
1731 2034 1809 2091 la-

157 2129 369 2188 crimis
388 2128 735 2201 plagendum
767 2128 1126 2186 Gotefridum
1153 2129 1368 2200 p0pulo
1384 2128 1503 2196 Dei,
1530 2140 1698 2197 quem
1721 2122 1811 2157 m‘

156 2222 405 2291 paterna
432 2216 830 2273 sollicitudine
849 2217 1112 2286 curabat,
1138 2223 1395 2273 materna
1418 2217 1636 2286 pietate
1663 2214 1815 2269 fove-

157 2306 783 2377 bat,nimisimmature
831 2306 1145 2363 subtraxit.
1176 2307 1538 2361 Unotantum
1555 2301 1643 2336 1°“
1667 2315 1815 2357 anno

154 2397 380 2472 populo
402 2395 500 2453 Dei
518 2396 754 2468 prefuit,
788 2396 1070 2463 languore
1092 2401 1405 2466 superatus
1422 2394 1730 2466 producto,
1749 2396 1813 2446 15

156 2484 1033 2557 Kalend.Augustiplenamﬁde
1070 2486 1352 2554 bonisque
1396 2483 1674 2555 Operibus
1693 2493 1815 2551 pre-

153 2578 387 2633 sentem
409 2572 465 2629 in
489 2573 723 2631 Christo
742 2575 918 2630 vitam
942 2574 1146 2632 finivit.
1186 2558 1459 2648 Exceptis
1493 2572 1568 2595 ”‘
1581 2574 1703 2631 sive
1724 2567 1816 2609 ‘m

158 2662 363 2721 tacitis
393 2662 623 2720 cunctis
653 2662 867 2733 quibus
894 2664 1157 2736 pollebat
1184 2665 1525 2733 virtutibus,
1560 2666 1723 2719 tanta
1754 2673 1817 2716 se

154 2750 607 2808 mansuetudine
630 2752 1016 2823 coniunxerat
1040 2760 1156 2809 tam
1174 2752 1461 2823 indigenis
1475 2766 1642 2822 quam
1660 2763 1815 2805 com-

160 2840 494 2912 peregrinis
522 2838 635 2911 ³⁸⁸⁸,
692 2846 756 2899 ut
789 2841 1329 2913 vixfadverteretur
1384 2841 1695 2897 Francisne
1726 2829 1818 2869 ¹⁶⁶⁷

154 2928 287 3000 plus
312 2927 697 3000 plangeretur
722 2943 891 3000 quam
924 2930 1083 3000 Syris
1106 2929 1198 2986 vel
1224 2930 1444 2987 Grecis.
1488 2931 1634 2985 Ante
1659 2943 1818 2983 mon-

152 3024 271 3074 tem
299 3017 603 3088 Calvarize,
625 3017 681 3072 in
704 3018 997 3075 vestibulo
1020 3017 1395 3088 Golgatbana:
1414 3017 1695 3075 mcclesize
1717 3032 1815 3073 ex-

146 3111 268 3166 stat
295 3108 429 3178 ejus
452 3106 829 3177 mausoleum,
859 3107 1051 3180 lapide
1074 3108 1243 3164 Pario
1272 3110 1699 3165 constructum.

1923 1929 2052 1988 post
2078 1917 2361 1976 inclinans
2387 1926 2558 1991 caput
2589 1938 2750 1978 suum
2775 1937 2951 1993 super
2973 1921 3252 1977 Dominici
3268 1919 3565 1991 sepulchri

1920 2005 2199 2073 tumbam,
2236 2006 2415 2077 ipsius
2447 2024 2508 2064 se
2534 2010 2806 2065 servituti
2840 2009 3263 2082 perpetualiter
3295 2007 3566 2078 subjuga-

1923 2092 2024 2148 vit.
2052 2094 2188 2149 Post
2214 2095 2333 2151 haec
2368 2112 2480 2166 quo
2521 2099 2700 2168 major
2725 2099 2964 2170 paganis
2989 2098 3451 2154 Christianorum
3474 2094 3566 2130 “7‘

1924 2182 2101 2239 timor
2130 2183 2514 2257 incuteretur,
2547 2187 2640 2243 die
2672 2192 3039 2258 pentecostes
3070 2186 3159 2220 “7°
3178 2200 3280 2259 per
3310 2185 3563 2255 legatum

1926 2272 2266 2340 apostolicae
2292 2274 2449 2331 sedis
2475 2280 2713 2345 accepta
2736 2274 2825 2308 “"7
2848 2274 3026 2343 regali
3048 2274 3450 2331 benedictione
3472 2287 3568 2330 co-

1927 2365 2169 2416 ronatur
2214 2360 2335 2430 (an.
2383 2368 2538 2433 1101,
2572 2363 2701 2421 Mai
2729 2366 2839 2437 :21).
2901 2363 3116 2420 Deinde
3146 2361 3237 2396 1⁸⁷⁸
3267 2365 3453 2419 Assur
3507 2365 3564 2418 et

1930 2448 2246 2504 Caesaream
2277 2450 2549 2507 civitates
2576 2452 2894 2507 maritimas
2918 2450 3254 2520 debellavit,
3280 2449 3566 2522 caasisque

1930 2534 2028 2605 qui
2052 2536 2189 2591 inibi
2213 2545 2380 2594 crant
2403 2539 2760 2610 Sarraccnis,
2778 2552 3017 2609 regnum
3041 2554 3204 2595 suum
3221 2538 3376 2610 regis
3392 2537 3569 2610 Baby-

1929 2620 2099 2679 lonia":
2132 2625 2339 2687 damno
2370 2626 2655 2683 dilatavit.

2068 2732 2090 2753 ‘
2119 2730 2176 2785 C.
2211 2731 2304 2789 ita
2339 2751 2351 2786 :
2387 2734 2486 2789 Cui
2540 2733 2898 2789 Ba'diwinus
2953 2734 3131 2789 frater
3188 2735 3316 2791 eius
3369 2747 3568 2791 succe-

2142 2802 2318 2875 dens,
2346 2818 2447 2875 per
2486 2803 2739 2875 legatum
2771 2802 3105 2875 apostolicaa
3139 2802 3295 2860 sedis
3326 2808 3563 2875 accepta

2142 2818 2307 2867 oens,
2346 2818 2447 2929 ger
2486 2818 2739 2872 legatum
2771 2818 3105 2875 apoStoucaa
3139 2818 3295 2860 seuis
3326 2818 3563 2875 accepta

2141 2873 2338 2953 regali
2387 2874 2752 2953 enedictione
2775 2880 3110 2953 coronatur,
3136 2878 3192 2929 et
3216 2873 3563 2953 exinde_ta_m

2138 2943 2341 3015 optimi
2403 2944 2608 3000 militis
2663 2960 2829 3014 quam
2864 2944 2937 3015 pii
2995 2946 3320 3002 defensoris
3372 2945 3562 3002 oﬁlcio

2139 3013 2563 3142 pgllaetlclomini
2612 3013 2895 3072 indefesso
2953 3016 3273 3087 praeliatur.
3307 3016 3568 3086 Wigber—

2208 3100 2253 3142 s.
2377 3128 2389 3140 .

2208 3100 2253 3155 s,
2286 3100 2389 3142 etc.

292 3196 318 3219 '
349 3194 1099 3283 Subr-vdamn‘odi‘latavit;
1126 3194 1640 3283 [focnlecowaesuai
1843 3220 1892 3283 ο
1924 3190 3371 3283 “AWigbertusRavennensisarcbiepiscopus,qui
3391 3210 3567 3268 super

369 3296 440 3306 —
461 3266 524 3321 A.
553 3266 697 3324 Hac
738 3266 969 3323 tantum
989 3266 1200 3323 habet:
1235 3266 1537 3337 Heinricus
1566 3266 1811 3337 impera-

369 3341 467 3393 tor
500 3337 749 3396 natalem
803 3337 1026 3393 Domini
1061 3337 1243 3406 Spirte
1276 3336 1618 3406 celebravit,
1650 3336 1720 3393 et
1752 3336 1808 3392 in

370 3407 1064 3489 Epiphaniaj‘ridericum
1087 3407 1158 3462 Ba
1171 3409 1497 3489 benbergen
1507 3422 1625 3489 sem
1641 3421 1810 3489 cano-

372 3478 588 3551 nicum,
633 3478 822 3551 adhuc
852 3478 1307 3551 adolescentem,
1342 3479 1591 3551 Coloniae
1624 3478 1810 3551 archi-

370 3549 713 3623 episcopum
760 3549 1106 3623 designavit.
1134 3550 1273 3623 ΔΩιιὶ⁸
1288 3549 1610 3623 ordinatus
1625 3553 1719 3606 est
1751 3549 1805 3603 in

375 3619 695 3679 festivitate
740 3621 931 3677 sancti
979 3620 1208 3676 Martini
1242 3619 1336 3677 die
1392 3620 1707 3676 Dominica.
1739 3650 1809 3660 —

377 3692 712 3819 rgigpertus
751 3706 922 3764 papa,
950 3691 1045 3764 qui
1071 3696 1130 3749 et
1182 3692 1445 3749 Clemens
1468 3692 1661 3749 dictus
1692 3695 1804 3760 est,

456 3780 495 3819 ιι
528 3806 541 3819 .

375 3763 541 3820 obiit.

302 3851 350 3875 ”
372 3855 543 3909 erant
574 3852 631 3907 C.

303 3939 376 3963 "‘
391 3938 664 4011 Exceptis
688 3969 759 3980 —
781 3937 999 3996 Grecis.
1028 3937 1244 3997 desunt
1266 3940 1324 3994 C.

229 4029 683 4101 Hoo‘tempore
739 4029 1094 4088 Balduvinus
1132 4026 1225 4061 m'
1250 4042 1448 4086 comes
1506 4028 1562 4083 in
1618 4027 1808 4085 Robas

151 4116 269 4189 ⁸⁸⁸⁸,
298 4132 427 4190 quae
448 4122 540 4175 est
570 4117 780 4175 civitas
801 4118 1021 4190 inclita,
1062 4120 1233 4175 immo
1270 4118 1430 4189 regio
1460 4116 1551 4151 ¹⁸⁷⁰
1579 4121 1636 4174 et
1671 4132 1807 4189 pars

157 4205 472 4278 Armenias,
508 4207 877 4281 consederat,
896 4208 1285 4281 principatum
1296 4206 1410 4277 jam
1442 4206 1810 4277 gentisillius

148 4299 535 4367 consecutus,
563 4296 838 4354 defuncto
861 4296 1085 4353 scilicet
1112 4296 1342 4352 interim
1365 4295 1695 4367 grandaevo
1718 4310 1806 4352 se-

153 4386 328 4441 niore
361 4384 462 4442 illo
485 4385 997 4456 Cbristianissimo,
1043 4386 1141 4456 qui
1171 4401 1230 4443 se
1256 4386 1326 4441 ab
1358 4384 1661 4441 Antiochia
1694 4384 1805 4440 sibi

157 4475 218 4530 in
253 4480 749 4545 propugnatorem
806 4475 1097 4532 asciverat
1128 4476 1424 4546 multaque
1477 4474 1676 4548 praelia
1710 4489 1808 4530 na-

1922 3277 2350 3337 Hiltibrandum
2380 3282 2718 3352 Gregorium
2744 3281 2835 3315 “7’
2890 3284 3112 3354 positus
3156 3282 3269 3352 ¹⁶⁸⁰,
3302 3282 3567 3341 Clemens

1921 3382 2067 3440 papa
2094 3369 2288 3427 dictus
2316 3378 2425 3440 est,
2460 3371 2625 3440 obiit,
2676 3371 2766 3427 vir
2799 3372 3001 3443 utique
3034 3372 3176 3429 satis
3207 3371 3456 3443 ingenio,
3489 3373 3562 3430 fa-

1918 3457 2468 3526 cundia,nobilitate
2485 3474 2869 3530 personaeque
2883 3460 3211 3516 reverentia
3226 3459 3439 3531 clarus,
3457 3475 3564 3519 nec

1918 3545 2095 3602 Roma
2126 3551 2263 3603 tunc
2310 3560 2418 3604 nec
2463 3548 2733 3603 Ravenna
2768 3549 2913 3603 bene
2945 3564 3105 3619 usus,
3165 3554 3225 3605 ct
3257 3549 3353 3621 qui
3388 3565 3566 3621 super

1920 3647 2093 3690 unum
2121 3648 2325 3704 papam
2347 3634 2660 3700 viventem,
2689 3636 2953 3704 quamvis
2984 3640 3247 3703 coactus,
3293 3641 3356 3693 ut
3378 3637 3561 3703 aiunt,

1919 3721 2202 3791 ascendit,
2241 3721 2364 3792 ipse
2422 3725 2543 3777 tres
2574 3720 2663 3754 1‘“
2696 3721 2928 3777 sibimet
2981 3722 3311 3778 alternatim
3367 3739 3567 3781 succe-

1918 3808 2126 3865 dentes
2158 3809 2506 3881 supervixit,
2537 3809 2793 3864 extorris
2828 3813 3074 3879 utraque
3110 3808 3246 3866 sede
3279 3811 3474 3868 Romae
3504 3818 3566 3869 et

1917 3897 2225 3965 Ravennae,
2262 3895 2502 3966 malens,
2540 3902 2601 3953 ut
2629 3897 2701 3952 ab
2726 3897 2908 3968 ipsius
2941 3911 3042 3952 ore
3066 3896 3399 3969 didicimus,
3431 3915 3562 3971 apo-

1918 3983 2111 4042 stolici
2146 3999 2351 4040 nomen
2379 3983 2468 4018 1°"
2500 3999 2791 4055 nunquam
2822 3984 3153 4057 suscepisse
3183 3984 3291 4041 m’.

2501 4109 2570 4162 A.
2607 4106 2697 4140 ³⁵⁸⁸
2728 4110 2789 4163 D.
2822 4108 2969 4163 Μαι.

1989 4213 2399 4271 Chuonradus‘
2419 4212 2510 4247 ³⁸⁸⁸
2533 4228 2635 4270 rex
2658 4213 3025 4286 adolescens,
3071 4231 3221 4273 nono
3253 4221 3561 4289 postquam

1918 4316 1949 4359 a
1982 4301 2167 4374 patris
2200 4301 2417 4373 palatio
2477 4302 2834 4358 discesserat
2865 4318 3034 4374 anno,
3095 4304 3423 4361 Mahthildis
3451 4303 3561 4377 ³⁸⁸⁸,

1917 4405 2136 4461 magum
2170 4389 2325 4445 illius
2357 4394 2413 4445 ct
2451 4390 2826 4447 nobilissimas
2856 4395 2935 4462 ct,
2973 4396 3033 4448 ut
3077 4393 3307 4463 quidam
3340 4394 3562 4465 dicunt,

1916 4479 2211 4549 religiosm
2238 4479 2481 4549 feminae,
2519 4479 2669 4535 sicut
2695 4480 2975 4549 sanguine
3000 4480 3073 4535 i‘a
3093 4484 3148 4535 et
3174 4480 3561 4538 contubernio

152 4563 313 4620 viter
342 4561 431 4597 “7‘
478 4569 776 4634 gerentem
830 4564 1006 4621 etiam
1064 4564 1117 4620 in
1178 4564 1357 4621 ﬁlium
1411 4568 1469 4622 et
1532 4565 1800 4623 heredem
1833 4576 1886 4637 Ι)
1915 4568 2284 4638 conjunctus,
2311 4570 2369 4621 et
2396 4566 2449 4621 in
2475 4568 2651 4624 rebus
2674 4582 2774 4639 per
2796 4567 3016 4623 Italiam
3042 4567 3559 4639 disponendistam

151 4651 565 4724 adoptaverat.
615 4656 659 4709 Α
681 4652 887 4711 diebus
918 4653 1132 4725 quippe
1164 4653 1423 4724 antiquis
1443 4669 1673 4726 semper
1706 4655 1806 4710 im-

158 4746 752 4814 pugnata,nunquam
779 4756 1004 4799 manum
1038 4741 1283 4798 dederat
1325 4742 1466 4799 urbs
1495 4742 1593 4797 illa
1618 4743 1804 4815 ampla

154 4829 423 4901 paganis,
449 4844 517 4886 eo
542 4830 694 4901 quod
741 4830 922 4888 muris
946 4829 1097 4886 ultra
1147 4830 1378 4885 humani
1409 4831 1605 4901 operis
1630 4832 1808 4902 quali-

157 4926 344 4977 tatem
380 4920 582 4996 lirmis,
615 4918 791 4976 lluvio
822 4932 1053 4991 quoque
1086 4918 1237 4974 intra
1268 4919 1608 4989 ebulliente,
1652 4922 1806 4978 omni

154 5009 338 5067 etiam
372 5008 492 5065 situ
526 5007 777 5065 naturali
812 5006 1126 5081 populique
1156 5012 1218 5064 et
1234 5006 1490 5064 victuum
1514 5008 1808 5066 muniatur

1918 4656 2074 4713 illius
2106 4670 2272 4726 quam
2312 4654 2508 4710 domui
2548 4654 2857 4727 apostoii-si
2907 4660 3352 4724 ceterarumque
3380 4655 3557 4711 Deum

1915 4743 2005 4777 “'7
2037 4743 2362 4799 timentium
2424 4756 2802 4813 personarum
2856 4740 3100 4796 consilio
3135 4755 3366 4811 semper
3401 4755 3559 4813 usus,

1918 4831 2224 4887 immaturo
2249 4834 2563 4902 preventus
2589 4845 2822 4898 occasu,
2848 4828 3013 4900 plena
3041 4826 3151 4883 lide
3174 4831 3232 4882 ct
3256 4828 3402 4884 bona
3426 4844 3565 4885 con-

1918 4920 2167 4977 fessione
2202 4934 2230 4973 a
2265 4932 2443 4987 regno
2489 4915 2829 4972 transitorio
2860 4915 2931 4970 ad
2982 4923 3262 4971 aeternum
3295 4915 3560 4974 creditur

1918 5023 2159 5079 regnum
2192 5005 2488 5075 migrasse.
2552 5006 2692 5059 Sunt
2726 5002 2897 5058 etiam
2931 5002 3030 5073 qui
3062 5016 3282 5059 veneno
3313 5016 3445 5059 eum
3476 5002 3561 5060 di-

1530 5106 1767 5162 VARUE
1809 5103 2207 5162 LECTIONES.

231 5203 323 5238 ιοιο
352 5207 402 5259 5.
467 5201 801 5260 addtzztt.
862 5206 948 5258 17.
1056 5199 1146 5234 ’κο
1194 5216 1245 5259 a.
1308 5216 1356 5257 ι’.
1406 5206 1456 5258 5.

154 5282 208 5332 6.
247 5275 473 5355 qui_9°L
553 5272 642 5307 ““
675 5278 867 5355 tamen
926 5275 984 5355 ti:
1041 5342 1055 5355 _
1094 5270 1185 5306 ¹⁸⁸⁸
1213 5272 1305 5329 vel
1338 5277 1388 5355 5.

157 5342 288 5419 (μιεὲ
318 5350 381 5402 et
434 5345 623 5415 Rages
674 5344 885 5401 civitas
934 5342 1228 5400 Medorum
1259 5345 1521 5415 putatur.
1628 5342 1718 5377 ¹⁸⁸⁹
1747 5344 1772 5400 b

156 5422 207 5475 5.
248 5420 333 5474 ll.
415 5413 505 5449 ⁸⁸⁷⁸
534 5415 795 5486 graviter
823 5418 901 5471 9°.
924 5484 938 5486 _
981 5412 1072 5447 “7'
1101 5414 1265 5486 deest
1290 5418 1340 5470 4,
1370 5416 1537 5486 DLH,
1616 5413 1707 5449 ma
1738 5431 1772 5486 q

154 5488 247 5524 εστ·
276 5488 441 5548 deos!
469 5484 557 5542 ix
600 5484 690 5519 ητα
722 5486 777 5558 d.
808 5500 874 5558 ρ.
899 5484 1108 5558 deam
1134 5487 1198 5558 ι).
1223 5487 1287 5558 n.

150 5558 612 5619 succedentibus
643 5558 702 5613 C.
738 5554 893 5613 DIE.
1000 5554 1090 5590 ω’
1120 5556 1283 5615 deest
1307 5559 1356 5611 6.
1393 5561 1471 5612 9°.

152 5632 291 5691 add.
324 5650 337 5689 :
374 5634 464 5688 45.
488 5628 589 5685 ~18.
690 5625 780 5662 ³⁸⁸⁸
807 5626 1163 5701 cuonradus,
1195 5634 1246 5687 5.
1302 5639 1545 5698 semper.
1600 5631 1649 5683 4.
1690 5630 1772 5683 10.

153 5702 472 5780 ιτοτρονοίι
496 5705 545 5759 t.

1559 5201 1651 5235 W‘
1707 5205 2129 5260 consecrantur
2181 5203 2408 5255 5-11,

1493 5271 1581 5306 ¹⁶⁶⁶
1608 5288 1761 5352 0.9.1.“.
1796 5271 2238 5352 RG.PGBPi"i§-i°:
2268 5273 2358 5352 μς
2384 5338 2424 5352 .,
2466 5271 2554 5348 "3“
2586 5282 2616 5323 ³
2655 5271 2859 5352 frg-"
2889 5271 3058 5352 mm".
3087 5271 3150 5322 θ·
3183 5271 3251 5352 Ηο
3277 5271 3521 5352 Mdu"!

1628 5342 1718 5377 ¹⁸⁶⁹
1747 5337 2059 5401 balduinus
2108 5337 2232 5397 Hl.’
2268 5337 2625 5410 baldewinus
2654 5341 2704 5392 5.
2738 5340 2816 5410 9°.
2851 5342 2967 5410 _iO_.
3000 5350 3245 5410 semper.
3277 5338 3370 5372 “7°
3402 5341 3560 5410 regia

1370 5416 1434 5469 D.
1472 5416 1537 5471 Η.
1616 5413 1707 5449 ⁸⁸⁷³
1738 5415 1871 5486 quia
1904 5418 1954 5470 4.
2033 5411 2123 5446 ⁸⁸⁷⁸
2150 5412 2236 5468 eis
2275 5409 2569 5465 consensit
2601 5410 2650 5462 4.
2679 5409 2962 5511 Ρθιίοἱοηὶ
2995 5423 3061 5465 aa

1368 5484 1458 5518 16⁸1⁸1
1489 5486 1653 5518 Hnno!
1676 5490 1708 5518 R
1809 5484 1899 5518 1778
1927 5484 2056 5518 Agin
2090 5489 2117 5518 ‘1
2221 5480 2309 5514 16⁸19
2345 5483 2380 5518 ιι
2436 5480 2529 5518 4δ9
2609 5477 2676 5510 “8
2733 5479 2893 5518 dp!!!
2919 5481 2952 5518 η
3000 5485 3061 5518 Oc

1486 5486 1653 5543 deest
1676 5490 1727 5541 6.
1756 5479 1772 5486 ’
1809 5484 1899 5518 ¹⁷⁷⁸
1927 5484 2057 5540 dein
2088 5489 2139 5540 3.
2221 5480 2309 5514 ¹⁶⁷⁹
2345 5483 2399 5535 Β.
2436 5480 2529 5534 1η
2609 5479 2700 5511 ¹⁶⁸⁰
2732 5479 2893 5535 deest
2919 5481 2970 5535 ϐ.
3000 5485 3078 5536 9°.
3160 5479 3248 5511 ¹⁶⁸¹
3284 5480 3371 5534 tril

1570 5555 1661 5590 “”
1688 5557 1765 5613 In
1796 5554 2097 5631 maga-bis
2131 5551 2540 5631 .Eigrasaism
2589 5548 2909 5631 descriptio
2965 5548 3307 5631 inseritar."
3336 5617 3371 5631 η

1880 5624 1971 5661 im
2001 5622 2378 5685 machthildis
2411 5626 2461 5678 5.
2522 5617 2822 5678 mathildis
2858 5634 3014 5679 corr.
3073 5617 3408 5677 macthildis
3436 5619 3480 5675 E
3507 5621 3554 5672 1.

2510 5196 2599 5230 ³⁸⁸³
2642 5211 2815 5265 surge
2873 5201 2931 5252 ct
2984 5200 3036 5251 6.
3095 5200 3173 5253 9°.

2466 5266 2554 5300 "‘7
2586 5282 2616 5323 a
2678 5268 2766 5321 Fr.
2810 5270 2859 5322 4.

3278 5195 3370 5229 1018
3402 5198 3564 5257 deest

2967 5265 3058 5299 ³⁸⁸⁸
3087 5268 3150 5322 D.
3186 5267 3251 5323 Η.
3283 5268 3558 5326 addunt:

2727 5407 2962 5481 elicioni
2995 5407 3138 5465 add:
3166 5409 3243 5481 ira,
3261 5424 3457 5481 marg.
3473 5407 3552 5465 '6.

3160 5476 3248 5511 ί⁸⁸¹
3284 5476 3564 5536 tribus—

3161 5549 3276 5605 ίαν.
3385 5548 3473 5582 ¹⁸⁸⁴
3505 5554 3555 5605 5.
