  <div class='ocr_page' id='page_1' title='image "/cluster/home/n/w/nwhite01/storage/ocr_20150623/154/uva.x000829797/495.png"; bbox 0 0 3962 6308; ppageno 0'>
   <div class='ocr_carea' id='block_1_1' title="bbox 368 371 486 437">
    <p class='ocr_par' dir='ltr' id='par_1_1' title="bbox 368 371 486 437">
     <span class='ocr_line' id='line_1_1' title="bbox 368 371 486 437; baseline 0.025 -4"><span class='ocrx_word' id='word_1_1' title='bbox 368 371 486 437; x_wconf 80' lang='grc'><strong>979</strong></span> 
     </span>
    </p>
   </div>
   <div class='ocr_carea' id='block_1_2' title="bbox 1537 347 2618 426">
    <p class='ocr_par' dir='ltr' id='par_1_2' title="bbox 1537 347 2618 426">
     <span class='ocr_line' id='line_1_2' title="bbox 1537 347 2618 426; baseline -0.008 -1"><span class='ocrx_word' id='word_1_2' title='bbox 1537 353 2021 426; x_wconf 83' lang='lat' dir='ltr'><strong>EKKEHARDI</strong></span> <span class='ocrx_word' id='word_1_3' title='bbox 2059 347 2618 423; x_wconf 80' lang='lat' dir='ltr'><strong>URAUGIENSIS</strong></span> 
     </span>
    </p>
   </div>
   <div class='ocr_carea' id='block_1_3' title="bbox 3671 327 3784 398">
    <p class='ocr_par' dir='ltr' id='par_1_3' title="bbox 3671 327 3784 398">
     <span class='ocr_line' id='line_1_3' title="bbox 3671 327 3784 398; baseline -0.018 1"><span class='ocrx_word' id='word_1_4' title='bbox 3671 327 3784 398; x_wconf 83' lang='lat'><strong>980</strong></span> 
     </span>
    </p>
   </div>
   <div class='ocr_carea' id='block_1_4' title="bbox 372 469 3781 576">
    <p class='ocr_par' dir='ltr' id='par_1_4' title="bbox 372 469 3781 576">
     <span class='ocr_line' id='line_1_4' title="bbox 372 469 3781 576; baseline -0.012 -7"><span class='ocrx_word' id='word_1_5' title='bbox 372 513 505 569; x_wconf 90' lang='lat' dir='ltr'><strong>cant</strong></span> <span class='ocrx_word' id='word_1_6' title='bbox 530 503 824 566; x_wconf 81' lang='lat' dir='ltr'><strong>interisse.</strong></span> <span class='ocrx_word' id='word_1_7' title='bbox 849 503 1072 566; x_wconf 77' lang='lat' dir='ltr'><strong>Testari</strong></span> <span class='ocrx_word' id='word_1_8' title='bbox 1091 503 1282 564; x_wconf 85' lang='lat' dir='ltr'><strong>solent</strong></span> <span class='ocrx_word' id='word_1_9' title='bbox 1303 500 1399 576; x_wconf 89' lang='lat' dir='ltr'><strong>qui</strong></span> <span class='ocrx_word' id='word_1_10' title='bbox 1416 501 1678 570; x_wconf 89' lang='lat' dir='ltr'><strong>aderant,</strong></span> <span class='ocrx_word' id='word_1_11' title='bbox 1705 496 1758 556; x_wconf 89' lang='lat' dir='ltr'><strong>in</strong></span> <span class='ocrx_word' id='word_1_12' title='bbox 1776 495 2016 554; x_wconf 88' lang='lat' dir='ltr'><strong>brachio</strong></span> <span class='ocrx_word' id='word_1_13' title='bbox 2049 495 2104 556; x_wconf 86' lang='lat' dir='ltr'><strong>A</strong></span> <span class='ocrx_word' id='word_1_14' title='bbox 2138 495 2363 554; x_wconf 89' lang='lat' dir='ltr'><strong>vicinus</strong></span> <span class='ocrx_word' id='word_1_15' title='bbox 2383 497 2441 550; x_wconf 94' lang='lat' dir='ltr'><strong>et</strong></span> <span class='ocrx_word' id='word_1_16' title='bbox 2472 491 2719 548; x_wconf 90' lang='lat' dir='ltr'><strong>infestus</strong></span> <span class='ocrx_word' id='word_1_17' title='bbox 2742 485 2870 558; x_wconf 83' lang='lat' dir='ltr'><strong>fuit,</strong></span> <span class='ocrx_word' id='word_1_18' title='bbox 2889 481 3074 542; x_wconf 89' lang='lat' dir='ltr'><strong>donec</strong></span> <span class='ocrx_word' id='word_1_19' title='bbox 3097 474 3352 536; x_wconf 78' lang='lat' dir='ltr'><strong>statione</strong></span> <span class='ocrx_word' id='word_1_20' title='bbox 3377 469 3648 532; x_wconf 77' lang='lat' dir='ltr'><strong>fruentes</strong></span> <span class='ocrx_word' id='word_1_21' title='bbox 3660 481 3781 544; x_wconf 49' lang='lat' dir='ltr'><strong>prec</strong></span> 
     </span>
    </p>
   </div>
   <div class='ocr_carea' id='block_1_5' title="bbox 373 591 2017 671">
    <p class='ocr_par' dir='ltr' id='par_1_5' title="bbox 373 591 2017 671">
     <span class='ocr_line' id='line_1_5' title="bbox 373 591 2017 671; baseline -0.009 -15"><span class='ocrx_word' id='word_1_22' title='bbox 373 599 641 671; x_wconf 89' lang='lat' dir='ltr'><strong>corporis</strong></span> <span class='ocrx_word' id='word_1_23' title='bbox 663 597 912 656; x_wconf 85' lang='lat' dir='ltr'><strong>exanimi</strong></span> <span class='ocrx_word' id='word_1_24' title='bbox 937 597 1130 654; x_wconf 89' lang='lat' dir='ltr'><strong>crucis</strong></span> <span class='ocrx_word' id='word_1_25' title='bbox 1144 593 1504 666; x_wconf 84' lang='lat' dir='ltr'><strong>signaculum</strong></span> <span class='ocrx_word' id='word_1_26' title='bbox 1531 591 1727 648; x_wconf 86' lang='lat' dir='ltr'><strong>subito</strong></span> <span class='ocrx_word' id='word_1_27' title='bbox 1749 591 2017 645; x_wconf 86' lang='lat' dir='ltr'><strong>exortum</strong></span> 
     </span>
    </p>
   </div>
   <div class='ocr_carea' id='block_1_6' title="bbox 372 677 2020 758">
    <p class='ocr_par' dir='ltr' id='par_1_6' title="bbox 372 677 2020 758">
     <span class='ocr_line' id='line_1_6' title="bbox 372 677 2020 758; baseline -0.007 -14"><span class='ocrx_word' id='word_1_28' title='bbox 372 703 434 744; x_wconf 90' lang='lat' dir='ltr'><strong>se</strong></span> <span class='ocrx_word' id='word_1_29' title='bbox 457 688 693 757; x_wconf 81' lang='lat' dir='ltr'><strong>vidisse,</strong></span> <span class='ocrx_word' id='word_1_30' title='bbox 721 688 996 758; x_wconf 88' lang='lat' dir='ltr'><strong>ipsasque</strong></span> <span class='ocrx_word' id='word_1_31' title='bbox 1027 687 1153 754; x_wconf 87' lang='lat' dir='ltr'><strong>ejus</strong></span> <span class='ocrx_word' id='word_1_32' title='bbox 1171 683 1450 754; x_wconf 76' lang='lat' dir='ltr'><strong>exequias</strong></span> <span class='ocrx_word' id='word_1_33' title='bbox 1471 679 1818 752; x_wconf 89' lang='lat' dir='ltr'><strong>quibusdam</strong></span> <span class='ocrx_word' id='word_1_34' title='bbox 1854 677 2020 732; x_wconf 89' lang='lat' dir='ltr'><strong>mira-</strong></span> 
     </span>
    </p>
   </div>
   <div class='ocr_carea' id='block_1_7' title="bbox 371 776 1268 834">
    <p class='ocr_par' dir='ltr' id='par_1_7' title="bbox 371 776 1268 834">
     <span class='ocr_line' id='line_1_7' title="bbox 371 776 1268 834; baseline -0.008 0"><span class='ocrx_word' id='word_1_35' title='bbox 371 776 521 834; x_wconf 87' lang='lat' dir='ltr'><strong>culis</strong></span> <span class='ocrx_word' id='word_1_36' title='bbox 552 777 966 831; x_wconf 88' lang='lat' dir='ltr'><strong>bonoriﬁcatas</strong></span> <span class='ocrx_word' id='word_1_37' title='bbox 998 777 1179 830; x_wconf 84' lang='lat' dir='ltr'><strong>fuisse</strong></span> <span class='ocrx_word' id='word_1_38' title='bbox 1203 777 1268 827; x_wconf 82' lang='lat'><strong>“.</strong></span> 
     </span>
    </p>
   </div>
   <div class='ocr_carea' id='block_1_8' title="bbox 551 854 2022 931">
    <p class='ocr_par' dir='ltr' id='par_1_8' title="bbox 551 854 2022 931">
     <span class='ocr_line' id='line_1_8' title="bbox 551 854 2022 931; baseline -0.007 -12"><span class='ocrx_word' id='word_1_39' title='bbox 551 865 615 919; x_wconf 80' lang='grc' dir='ltr'><strong>Α.</strong></span> <span class='ocrx_word' id='word_1_40' title='bbox 652 863 760 919; x_wconf 75' lang='lat' dir='ltr'><strong>liae</strong></span> <span class='ocrx_word' id='word_1_41' title='bbox 785 878 938 921; x_wconf 71' lang='lat' dir='ltr'><strong>anno</strong></span> <span class='ocrx_word' id='word_1_42' title='bbox 967 865 1060 922; x_wconf 73' lang='lat' dir='ltr'><strong>ita</strong></span> <span class='ocrx_word' id='word_1_43' title='bbox 1090 885 1102 918; x_wconf 90' lang='lat'>:</span> <span class='ocrx_word' id='word_1_44' title='bbox 1139 862 1444 920; x_wconf 85' lang='lat' dir='ltr'><strong>lleinricus</strong></span> <span class='ocrx_word' id='word_1_45' title='bbox 1480 861 1798 931; x_wconf 72' lang='lat' dir='ltr'><strong>imperator</strong></span> <span class='ocrx_word' id='word_1_46' title='bbox 1829 854 2022 931; x_wconf 76' lang='lat' dir='ltr'><strong>natale</strong></span> 
     </span>
    </p>
   </div>
   <div class='ocr_carea' id='block_1_9' title="bbox 586 927 2023 1006">
    <p class='ocr_par' dir='ltr' id='par_1_9' title="bbox 586 927 2023 1006">
     <span class='ocr_line' id='line_1_9' title="bbox 586 927 2023 1006; baseline -0.008 -17"><span class='ocrx_word' id='word_1_47' title='bbox 586 935 810 1006; x_wconf 78' lang='lat' dir='ltr'><strong>Domini</strong></span> <span class='ocrx_word' id='word_1_48' title='bbox 858 935 1160 1006; x_wconf 71' lang='lat' dir='ltr'><strong>Mogontize</strong></span> <span class='ocrx_word' id='word_1_49' title='bbox 1213 933 1480 998; x_wconf 88' lang='lat' dir='ltr'><strong>plurimis</strong></span> <span class='ocrx_word' id='word_1_50' title='bbox 1540 927 2023 1006; x_wconf 75' lang='lat' dir='ltr'><strong>convenientibus</strong></span> 
     </span>
    </p>
   </div>
   <div class='ocr_carea' id='block_1_10' title="bbox 585 996 2025 1084">
    <p class='ocr_par' dir='ltr' id='par_1_10' title="bbox 585 996 2025 1084">
     <span class='ocr_line' id='line_1_10' title="bbox 585 996 2025 1084; baseline -0.01 -22"><span class='ocrx_word' id='word_1_51' title='bbox 585 1005 920 1084; x_wconf 71' lang='lat' dir='ltr'><strong>celebravit.</strong></span> <span class='ocrx_word' id='word_1_52' title='bbox 947 996 1016 1084; x_wconf 56' lang='grc' dir='ltr'><strong>νέ-</strong></span> <span class='ocrx_word' id='word_1_53' title='bbox 1042 996 1797 1084; x_wconf 25' lang='lat' dir='ltr'><strong>_Egi|b_vrtus_‘Treviro-rum</strong></span> <span class='ocrx_word' id='word_1_54' title='bbox 1841 996 2025 1084; x_wconf 76' lang='lat' dir='ltr'><strong>archi-</strong></span> 
     </span>
    </p>
   </div>
   <div class='ocr_carea' id='block_1_11' title="bbox 586 1067 2027 1149">
    <p class='ocr_par' dir='ltr' id='par_1_11' title="bbox 586 1067 2027 1149">
     <span class='ocr_line' id='line_1_11' title="bbox 586 1067 2027 1149; baseline -0.006 -19"><span class='ocrx_word' id='word_1_55' title='bbox 586 1077 899 1149; x_wconf 85' lang='lat' dir='ltr'><strong>episcopus</strong></span> <span class='ocrx_word' id='word_1_56' title='bbox 929 1083 985 1132; x_wconf 90' lang='lat' dir='ltr'><strong>et</strong></span> <span class='ocrx_word' id='word_1_57' title='bbox 1042 1067 1334 1149; x_wconf 74' lang='lat' dir='ltr'><strong>Liémarus</strong></span> <span class='ocrx_word' id='word_1_58' title='bbox 1384 1074 1712 1149; x_wconf 68' lang='lat' dir='ltr'><strong>Premensis</strong></span> <span class='ocrx_word' id='word_1_59' title='bbox 1741 1067 2027 1149; x_wconf 69' lang='lat' dir='ltr'><strong>archiepi-</strong></span> 
     </span>
    </p>
   </div>
   <div class='ocr_carea' id='block_1_12' title="bbox 589 1140 2026 1218">
    <p class='ocr_par' dir='ltr' id='par_1_12' title="bbox 589 1140 2026 1218">
     <span class='ocr_line' id='line_1_12' title="bbox 589 1140 2026 1218; baseline -0.007 -16"><span class='ocrx_word' id='word_1_60' title='bbox 589 1140 805 1218; x_wconf 79' lang='lat' dir='ltr'><strong>scopus</strong></span> <span class='ocrx_word' id='word_1_61' title='bbox 828 1145 1742 1218; x_wconf 64' lang='lat' dir='ltr'><strong>obierunt.—iIi-inricus_comes</strong></span> <span class='ocrx_word' id='word_1_62' title='bbox 1773 1143 1842 1197; x_wconf 88' lang='lat' dir='ltr'><strong>de</strong></span> <span class='ocrx_word' id='word_1_63' title='bbox 1875 1140 2026 1218; x_wconf 79' lang='lat' dir='ltr'><strong>Lint-</strong></span> 
     </span>
    </p>
   </div>
   <div class='ocr_carea' id='block_1_13' title="bbox 589 1210 2026 1288">
    <p class='ocr_par' dir='ltr' id='par_1_13' title="bbox 589 1210 2026 1288">
     <span class='ocr_line' id='line_1_13' title="bbox 589 1210 2026 1288; baseline -0.006 -16"><span class='ocrx_word' id='word_1_64' title='bbox 589 1210 737 1288; x_wconf 63' lang='lat' dir='ltr'><strong>pnr&#39;g</strong></span> <span class='ocrx_word' id='word_1_65' title='bbox 781 1219 1105 1285; x_wconf 88' lang='lat' dir='ltr'><strong>rebellavit,</strong></span> <span class='ocrx_word' id='word_1_66' title='bbox 1161 1219 1259 1272; x_wconf 90' lang='lat' dir='ltr'><strong>sed</strong></span> <span class='ocrx_word' id='word_1_67' title='bbox 1317 1216 1584 1283; x_wconf 79' lang='lat' dir='ltr'><strong>obsessit,</strong></span> <span class='ocrx_word' id='word_1_68' title='bbox 1617 1221 1675 1288; x_wconf 86' lang='lat' dir='ltr'><strong>et</strong></span> <span class='ocrx_word' id='word_1_69' title='bbox 1705 1210 2026 1288; x_wconf 70' lang='lat' dir='ltr'><strong>destructis</strong></span> 
     </span>
    </p>
   </div>
   <div class='ocr_carea' id='block_1_14' title="bbox 588 1282 2028 1355">
    <p class='ocr_par' dir='ltr' id='par_1_14' title="bbox 588 1282 2028 1355">
     <span class='ocr_line' id='line_1_14' title="bbox 588 1282 2028 1355; baseline -0.001 -12"><span class='ocrx_word' id='word_1_70' title='bbox 588 1282 854 1345; x_wconf 79' lang='lat' dir='ltr'><strong>castellis</strong></span> <span class='ocrx_word' id='word_1_71' title='bbox 879 1291 1022 1355; x_wconf 82' lang='lat' dir='ltr'><strong>suis,</strong></span> <span class='ocrx_word' id='word_1_72' title='bbox 1077 1282 1131 1344; x_wconf 82' lang='lat' dir='ltr'><strong>in</strong></span> <span class='ocrx_word' id='word_1_73' title='bbox 1161 1289 1512 1345; x_wconf 74' lang='lat' dir='ltr'><strong>deditionem</strong></span> <span class='ocrx_word' id='word_1_74' title='bbox 1543 1287 1720 1340; x_wconf 85' lang='lat' dir='ltr'><strong>venit.</strong></span> <span class='ocrx_word' id='word_1_75' title='bbox 1743 1316 1809 1323; x_wconf 91' lang='lat'><strong><em>—</em></strong></span> <span class='ocrx_word' id='word_1_76' title='bbox 1835 1284 1932 1338; x_wconf 67' lang='lat' dir='ltr'><strong>Ila</strong></span> <span class='ocrx_word' id='word_1_77' title='bbox 1965 1282 2028 1342; x_wconf 73' lang='lat' dir='ltr'><strong>ﬂ-</strong></span> 
     </span>
    </p>
   </div>
   <div class='ocr_carea' id='block_1_15' title="bbox 587 1359 1137 1431">
    <p class='ocr_par' dir='ltr' id='par_1_15' title="bbox 587 1359 1137 1431">
     <span class='ocr_line' id='line_1_15' title="bbox 587 1359 1137 1431; baseline 0 -17"><span class='ocrx_word' id='word_1_78' title='bbox 587 1359 684 1415; x_wconf 80' lang='lat' dir='ltr'><strong>uis</strong></span> <span class='ocrx_word' id='word_1_79' title='bbox 712 1360 894 1431; x_wconf 73' lang='lat' dir='ltr'><strong>hujus</strong></span> <span class='ocrx_word' id='word_1_80' title='bbox 927 1362 1137 1431; x_wconf 73' lang='lat' dir='ltr'><strong>operis.</strong></span> 
     </span>
    </p>
   </div>
   <div class='ocr_carea' id='block_1_16' title="bbox 515 1421 2030 1496">
    <p class='ocr_par' dir='ltr' id='par_1_16' title="bbox 515 1421 2030 1496">
     <span class='ocr_line' id='line_1_16' title="bbox 515 1421 2030 1496; baseline -0.004 -13"><span class='ocrx_word' id='word_1_81' title='bbox 515 1428 562 1451; x_wconf 83' lang='lat'>“</span> <span class='ocrx_word' id='word_1_82' title='bbox 595 1431 652 1484; x_wconf 86' lang='lat' dir='ltr'><strong>C.</strong></span> <span class='ocrx_word' id='word_1_83' title='bbox 680 1421 890 1487; x_wconf 65' lang='lat' dir='ltr'><strong>addit:</strong></span> <span class='ocrx_word' id='word_1_84' title='bbox 936 1421 1046 1487; x_wconf 68' lang='lat' dir='ltr'><strong>Nec</strong></span> <span class='ocrx_word' id='word_1_85' title='bbox 1081 1429 1389 1485; x_wconf 72' lang='lat' dir='ltr'><strong>immrrito.</strong></span> <span class='ocrx_word' id='word_1_86' title='bbox 1423 1429 1666 1482; x_wconf 88' lang='lat' dir='ltr'><strong>Tantum</strong></span> <span class='ocrx_word' id='word_1_87' title='bbox 1701 1425 1915 1496; x_wconf 82' lang='lat' dir='ltr'><strong>quippe</strong></span> <span class='ocrx_word' id='word_1_88' title='bbox 1951 1421 2030 1496; x_wconf 77' lang='lat' dir='ltr'><strong>in-</strong></span> 
     </span>
    </p>
   </div>
   <div class='ocr_carea' id='block_1_17' title="bbox 591 1491 2030 1563">
    <p class='ocr_par' dir='ltr' id='par_1_17' title="bbox 591 1491 2030 1563">
     <span class='ocr_line' id='line_1_17' title="bbox 591 1491 2030 1563; baseline -0.007 -9"><span class='ocrx_word' id='word_1_89' title='bbox 591 1499 740 1557; x_wconf 89' lang='lat' dir='ltr'><strong>dolis</strong></span> <span class='ocrx_word' id='word_1_90' title='bbox 768 1518 886 1558; x_wconf 66' lang='lat' dir='ltr'><strong>sua:</strong></span> <span class='ocrx_word' id='word_1_91' title='bbox 912 1535 970 1542; x_wconf 88' lang='lat'><strong>—</strong></span> <span class='ocrx_word' id='word_1_92' title='bbox 999 1502 1195 1557; x_wconf 89' lang='lat' dir='ltr'><strong>extitit</strong></span> <span class='ocrx_word' id='word_1_93' title='bbox 1241 1499 1524 1555; x_wconf 89' lang='lat' dir='ltr'><strong>amabilis.</strong></span> <span class='ocrx_word' id='word_1_94' title='bbox 1561 1491 1732 1552; x_wconf 78' lang='lat' dir='ltr'><strong>Juxta</strong></span> <span class='ocrx_word' id='word_1_95' title='bbox 1756 1491 1941 1563; x_wconf 71' lang='lat' dir='ltr'><strong>legale</strong></span> <span class='ocrx_word' id='word_1_96' title='bbox 1967 1491 2030 1547; x_wconf 90' lang='lat' dir='ltr'><strong>il-</strong></span> 
     </span>
    </p>
   </div>
   <div class='ocr_carea' id='block_1_18' title="bbox 591 1569 2032 1644">
    <p class='ocr_par' dir='ltr' id='par_1_18' title="bbox 591 1569 2032 1644">
     <span class='ocr_line' id='line_1_18' title="bbox 591 1569 2032 1644; baseline -0.008 -17"><span class='ocrx_word' id='word_1_97' title='bbox 591 1569 688 1626; x_wconf 90' lang='lat' dir='ltr'><strong>lud</strong></span> <span class='ocrx_word' id='word_1_98' title='bbox 707 1577 1075 1644; x_wconf 88' lang='lat' dir='ltr'><strong>preceptum:</strong></span> <span class='ocrx_word' id='word_1_99' title='bbox 1106 1595 1132 1622; x_wconf 77' lang='grc' dir='ltr'>«ι</span> <span class='ocrx_word' id='word_1_100' title='bbox 1156 1575 1384 1644; x_wconf 80' lang='lat' dir='ltr'><strong>Honora</strong></span> <span class='ocrx_word' id='word_1_101' title='bbox 1407 1575 1630 1644; x_wconf 82' lang='lat' dir='ltr'><strong>patrem</strong></span> <span class='ocrx_word' id='word_1_102' title='bbox 1658 1573 1819 1644; x_wconf 85' lang='lat' dir='ltr'><strong>tuum</strong></span> <span class='ocrx_word' id='word_1_103' title='bbox 1837 1589 1861 1644; x_wconf 63' lang='grc' dir='ltr'>τι</span> <span class='ocrx_word' id='word_1_104' title='bbox 1880 1578 2032 1644; x_wconf 72' lang='lat' dir='ltr'><strong>niur-</strong></span> 
     </span>
    </p>
   </div>
   <div class='ocr_carea' id='block_1_19' title="bbox 592 1637 2030 1716">
    <p class='ocr_par' dir='ltr' id='par_1_19' title="bbox 592 1637 2030 1716">
     <span class='ocr_line' id='line_1_19' title="bbox 592 1637 2030 1716; baseline -0.007 -19"><span class='ocrx_word' id='word_1_105' title='bbox 592 1637 866 1716; x_wconf 15' lang='lat' dir='ltr'><strong>muriquo</strong></span> <span class='ocrx_word' id='word_1_106' title='bbox 887 1637 1160 1716; x_wconf 81' lang='lat' dir='ltr'><strong>plerique</strong></span> <span class='ocrx_word' id='word_1_107' title='bbox 1193 1643 1379 1716; x_wconf 85' lang='lat' dir='ltr'><strong>patris</strong></span> <span class='ocrx_word' id='word_1_108' title='bbox 1409 1637 1504 1696; x_wconf 51' lang='lat' dir='ltr'><strong>&#39;sui</strong></span> <span class='ocrx_word' id='word_1_109' title='bbox 1525 1654 1714 1716; x_wconf 83' lang='lat' dir='ltr'><strong>mores</strong></span> <span class='ocrx_word' id='word_1_110' title='bbox 1735 1637 2030 1716; x_wconf 77' lang='lat' dir='ltr'><strong>laniabant</strong></span> 
     </span>
    </p>
   </div>
   <div class='ocr_carea' id='block_1_20' title="bbox 593 1707 2034 1784">
    <p class='ocr_par' dir='ltr' id='par_1_20' title="bbox 593 1707 2034 1784">
     <span class='ocr_line' id='line_1_20' title="bbox 593 1707 2034 1784; baseline -0.007 -15"><span class='ocrx_word' id='word_1_111' title='bbox 593 1707 863 1784; x_wconf 76' lang='lat' dir='ltr'><strong>quodque</strong></span> <span class='ocrx_word' id='word_1_112' title='bbox 899 1707 948 1754; x_wconf 66' lang='lat'><strong>&#39;—</strong></span> <span class='ocrx_word' id='word_1_113' title='bbox 979 1707 1152 1770; x_wconf 77' lang='lat' dir='ltr'><strong>causa</strong></span> <span class='ocrx_word' id='word_1_114' title='bbox 1191 1707 1460 1770; x_wconf 73' lang='lat' dir='ltr'><strong>extitisse</strong></span> <span class='ocrx_word' id='word_1_115' title='bbox 1498 1714 1756 1781; x_wconf 80' lang='lat' dir='ltr'><strong>putatur,</strong></span> <span class='ocrx_word' id='word_1_116' title='bbox 1793 1707 2034 1763; x_wconf 82' lang='lat' dir='ltr'><strong>auribus</strong></span> 
     </span>
    </p>
   </div>
   <div class='ocr_carea' id='block_1_21' title="bbox 590 1784 1570 1857">
    <p class='ocr_par' dir='ltr' id='par_1_21' title="bbox 590 1784 1570 1857">
     <span class='ocr_line' id='line_1_21' title="bbox 590 1784 1570 1857; baseline -0.007 -16"><span class='ocrx_word' id='word_1_117' title='bbox 590 1815 659 1823; x_wconf 90' lang='lat'><strong><em>—</em></strong></span> <span class='ocrx_word' id='word_1_118' title='bbox 691 1801 984 1856; x_wconf 87' lang='lat' dir='ltr'><strong>proceres.</strong></span> <span class='ocrx_word' id='word_1_119' title='bbox 1021 1787 1091 1841; x_wconf 76' lang='lat' dir='ltr'><strong>ut</strong></span> <span class='ocrx_word' id='word_1_120' title='bbox 1114 1799 1299 1857; x_wconf 71' lang='lat' dir='ltr'><strong>supra</strong></span> <span class='ocrx_word' id='word_1_121' title='bbox 1327 1799 1383 1840; x_wconf 87' lang='grc' dir='ltr'><strong>α.</strong></span> <span class='ocrx_word' id='word_1_122' title='bbox 1417 1784 1570 1837; x_wconf 83' lang='grc'><strong>1099.</strong></span> 
     </span>
    </p>
   </div>
   <div class='ocr_carea' id='block_1_22' title="bbox 455 1862 2037 1946">
    <p class='ocr_par' dir='ltr' id='par_1_22' title="bbox 455 1862 2037 1946">
     <span class='ocr_line' id='line_1_22' title="bbox 455 1862 2037 1946; baseline -0.004 -21"><span class='ocrx_word' id='word_1_123' title='bbox 455 1871 776 1930; x_wconf 72' lang='lat' dir='ltr'><strong>Visus‘est</strong></span> <span class='ocrx_word' id='word_1_124' title='bbox 808 1889 837 1930; x_wconf 90' lang='lat' dir='ltr'><strong>a</strong></span> <span class='ocrx_word' id='word_1_125' title='bbox 873 1881 1072 1931; x_wconf 88' lang='lat' dir='ltr'><strong>nostro</strong></span> <span class='ocrx_word' id='word_1_126' title='bbox 1139 1875 1386 1946; x_wconf 87' lang='lat' dir='ltr'><strong>quodam</strong></span> <span class='ocrx_word' id='word_1_127' title='bbox 1450 1869 1720 1926; x_wconf 80' lang='lat' dir='ltr'><strong>familiari</strong></span> <span class='ocrx_word' id='word_1_128' title='bbox 1779 1868 1850 1922; x_wconf 90' lang='lat' dir='ltr'><strong>ab</strong></span> <span class='ocrx_word' id='word_1_129' title='bbox 1884 1862 2037 1921; x_wconf 85' lang='lat' dir='ltr'><strong>occi&#39;</strong></span> 
     </span>
    </p>
   </div>
   <div class='ocr_carea' id='block_1_23' title="bbox 386 1945 2042 2033">
    <p class='ocr_par' dir='ltr' id='par_1_23' title="bbox 386 1945 2042 2033">
     <span class='ocr_line' id='line_1_23' title="bbox 386 1945 2042 2033; baseline -0.004 -21"><span class='ocrx_word' id='word_1_130' title='bbox 386 1957 556 2015; x_wconf 88' lang='lat' dir='ltr'><strong>dente</strong></span> <span class='ocrx_word' id='word_1_131' title='bbox 586 1961 639 2017; x_wconf 93' lang='lat' dir='ltr'><strong>in</strong></span> <span class='ocrx_word' id='word_1_132' title='bbox 665 1964 947 2020; x_wconf 80' lang='lat' dir='ltr'><strong>orientem</strong></span> <span class='ocrx_word' id='word_1_133' title='bbox 983 1945 1186 2020; x_wconf 88' lang='lat' dir='ltr'><strong>volans</strong></span> <span class='ocrx_word' id='word_1_134' title='bbox 1218 1963 1368 2033; x_wconf 81' lang='lat' dir='ltr'><strong>ignis</strong></span> <span class='ocrx_word' id='word_1_135' title='bbox 1402 1961 1471 2017; x_wconf 88' lang='lat' dir='ltr'><strong>ad</strong></span> <span class='ocrx_word' id='word_1_136' title='bbox 1502 1961 1685 2015; x_wconf 88' lang='lat' dir='ltr'><strong>instar</strong></span> <span class='ocrx_word' id='word_1_137' title='bbox 1714 1971 1822 2013; x_wconf 91' lang='lat' dir='ltr'><strong>non</strong></span> <span class='ocrx_word' id='word_1_138' title='bbox 1858 1945 2042 2031; x_wconf 66' lang='lat' dir='ltr'><strong>modi:</strong></span> 
     </span>
    </p>
   </div>
   <div class='ocr_carea' id='block_1_24' title="bbox 383 2041 2040 2120">
    <p class='ocr_par' dir='ltr' id='par_1_24' title="bbox 383 2041 2040 2120">
     <span class='ocr_line' id='line_1_24' title="bbox 383 2041 2040 2120; baseline 0.008 -19"><span class='ocrx_word' id='word_1_139' title='bbox 383 2061 464 2102; x_wconf 63' lang='lat' dir='ltr'><strong>civ</strong></span> <span class='ocrx_word' id='word_1_140' title='bbox 495 2049 773 2106; x_wconf 83' lang='lat' dir='ltr'><strong>civitatis.</strong></span> <span class='ocrx_word' id='word_1_141' title='bbox 809 2084 875 2092; x_wconf 61' lang='grc' dir='ltr'>ι-</span> <span class='ocrx_word' id='word_1_142' title='bbox 908 2052 1370 2109; x_wconf 83' lang='lat' dir='ltr'><strong>Vermiculorum</strong></span> <span class='ocrx_word' id='word_1_143' title='bbox 1413 2063 1662 2120; x_wconf 83' lang='lat' dir='ltr'><strong>quoque,</strong></span> <span class='ocrx_word' id='word_1_144' title='bbox 1702 2060 1848 2116; x_wconf 77' lang='lat' dir='ltr'><strong>quos</strong></span> <span class='ocrx_word' id='word_1_145' title='bbox 1881 2041 2040 2115; x_wconf 69' lang='lat' dir='ltr'><strong>Papi-</strong></span> 
     </span>
    </p>
   </div>
   <div class='ocr_carea' id='block_1_25' title="bbox 389 2132 2040 2202">
    <p class='ocr_par' dir='ltr' id='par_1_25' title="bbox 389 2132 2040 2202">
     <span class='ocr_line' id='line_1_25' title="bbox 389 2132 2040 2202; baseline 0.001 -15"><span class='ocrx_word' id='word_1_146' title='bbox 389 2132 571 2192; x_wconf 88' lang='lat' dir='ltr'><strong>liones</strong></span> <span class='ocrx_word' id='word_1_147' title='bbox 601 2152 628 2192; x_wconf 91' lang='lat' dir='ltr'><strong>a</strong></span> <span class='ocrx_word' id='word_1_148' title='bbox 663 2139 1578 2196; x_wconf 88' lang='lat' dir='ltr'><strong>similitudinetabernaculorum</strong></span> <span class='ocrx_word' id='word_1_149' title='bbox 1607 2136 1844 2202; x_wconf 88' lang='lat' dir='ltr'><strong>vobant,</strong></span> <span class='ocrx_word' id='word_1_150' title='bbox 1871 2145 2040 2188; x_wconf 84' lang='lat' dir='ltr'><strong>exers</strong></span> 
     </span>
    </p>
   </div>
   <div class='ocr_carea' id='block_1_26' title="bbox 383 2221 2040 2297">
    <p class='ocr_par' dir='ltr' id='par_1_26' title="bbox 383 2221 2040 2297">
     <span class='ocr_line' id='line_1_26' title="bbox 383 2221 2040 2297; baseline -0.003 -17"><span class='ocrx_word' id='word_1_151' title='bbox 383 2224 538 2282; x_wconf 90' lang='lat' dir='ltr'><strong>citus</strong></span> <span class='ocrx_word' id='word_1_152' title='bbox 571 2227 932 2285; x_wconf 82' lang='lat' dir='ltr'><strong>incredibilis</strong></span> <span class='ocrx_word' id='word_1_153' title='bbox 991 2229 1386 2286; x_wconf 84' lang='lat' dir='ltr'><strong>multitudinis</strong></span> <span class='ocrx_word' id='word_1_154' title='bbox 1446 2242 1549 2297; x_wconf 88' lang='lat' dir='ltr'><strong>per</strong></span> <span class='ocrx_word' id='word_1_155' title='bbox 1583 2230 1706 2279; x_wconf 89' lang='lat' dir='ltr'><strong>tres</strong></span> <span class='ocrx_word' id='word_1_156' title='bbox 1736 2221 2040 2278; x_wconf 72' lang='lat' dir='ltr'><strong>continue“</strong></span> 
     </span>
    </p>
   </div>
   <div class='ocr_carea' id='block_1_27' title="bbox 389 2308 2041 2385">
    <p class='ocr_par' dir='ltr' id='par_1_27' title="bbox 389 2308 2041 2385">
     <span class='ocr_line' id='line_1_27' title="bbox 389 2308 2041 2385; baseline -0.004 -17"><span class='ocrx_word' id='word_1_157' title='bbox 389 2313 516 2370; x_wconf 73' lang='lat' dir='ltr'><strong>dies</strong></span> <span class='ocrx_word' id='word_1_158' title='bbox 545 2317 706 2385; x_wconf 81' lang='lat' dir='ltr'><strong>quasi</strong></span> <span class='ocrx_word' id='word_1_159' title='bbox 743 2333 772 2372; x_wconf 89' lang='lat' dir='ltr'><strong>a</strong></span> <span class='ocrx_word' id='word_1_160' title='bbox 831 2321 1094 2374; x_wconf 70' lang='lat' dir='ltr'><strong>Saxonis:</strong></span> <span class='ocrx_word' id='word_1_161' title='bbox 1153 2318 1364 2372; x_wconf 88' lang='lat' dir='ltr'><strong>ﬁnibus</strong></span> <span class='ocrx_word' id='word_1_162' title='bbox 1407 2315 1460 2369; x_wconf 93' lang='lat' dir='ltr'><strong>in</strong></span> <span class='ocrx_word' id='word_1_163' title='bbox 1541 2312 1862 2380; x_wconf 82' lang='lat' dir='ltr'><strong>Bajoariam</strong></span> <span class='ocrx_word' id='word_1_164' title='bbox 1913 2308 2041 2363; x_wconf 90' lang='lat' dir='ltr'><strong>vola</strong></span> 
     </span>
    </p>
   </div>
   <div class='ocr_carea' id='block_1_28' title="bbox 390 2401 2038 2477">
    <p class='ocr_par' dir='ltr' id='par_1_28' title="bbox 390 2401 2038 2477">
     <span class='ocr_line' id='line_1_28' title="bbox 390 2401 2038 2477; baseline 0.002 -22"><span class='ocrx_word' id='word_1_165' title='bbox 390 2401 569 2457; x_wconf 74' lang='lat' dir='ltr'><strong>bat“.</strong></span> <span class='ocrx_word' id='word_1_166' title='bbox 611 2435 651 2443; x_wconf 91' lang='lat'><strong>-</strong></span> <span class='ocrx_word' id='word_1_167' title='bbox 703 2407 828 2462; x_wconf 83' lang='lat' dir='ltr'><strong>Mox</strong></span> <span class='ocrx_word' id='word_1_168' title='bbox 881 2407 1170 2477; x_wconf 79' lang='lat' dir='ltr'><strong>profectio</strong></span> <span class='ocrx_word' id='word_1_169' title='bbox 1231 2405 1536 2477; x_wconf 86' lang='lat' dir='ltr'><strong>pepulosa,</strong></span> <span class='ocrx_word' id='word_1_170' title='bbox 1591 2405 1648 2456; x_wconf 90' lang='lat' dir='ltr'><strong>et</strong></span> <span class='ocrx_word' id='word_1_171' title='bbox 1710 2416 1836 2471; x_wconf 61' lang='lat' dir='ltr'><strong>quae</strong></span> <span class='ocrx_word' id='word_1_172' title='bbox 1896 2411 2038 2469; x_wconf 75' lang='lat' dir='ltr'><strong>pene</strong></span> 
     </span>
    </p>
   </div>
   <div class='ocr_carea' id='block_1_29' title="bbox 387 2486 2038 2562">
    <p class='ocr_par' dir='ltr' id='par_1_29' title="bbox 387 2486 2038 2562">
     <span class='ocr_line' id='line_1_29' title="bbox 387 2486 2038 2562; baseline -0.004 -17"><span class='ocrx_word' id='word_1_173' title='bbox 387 2490 566 2558; x_wconf 91' lang='lat' dir='ltr'><strong>priori</strong></span> <span class='ocrx_word' id='word_1_174' title='bbox 587 2501 778 2562; x_wconf 84' lang='lat' dir='ltr'><strong>posset</strong></span> <span class='ocrx_word' id='word_1_175' title='bbox 801 2494 1356 2550; x_wconf 79' lang='lat' dir='ltr'><strong>immerodumtaxat</strong></span> <span class='ocrx_word' id='word_1_176' title='bbox 1393 2486 2038 2562; x_wconf 65' lang='lat' dir='ltr'><strong>mquari,subsequitur,</strong></span> 
     </span>
    </p>
   </div>
   <div class='ocr_carea' id='block_1_30' title="bbox 387 2576 2043 2653">
    <p class='ocr_par' dir='ltr' id='par_1_30' title="bbox 387 2576 2043 2653">
     <span class='ocr_line' id='line_1_30' title="bbox 387 2576 2043 2653; baseline -0.005 -18"><span class='ocrx_word' id='word_1_177' title='bbox 387 2592 514 2647; x_wconf 61' lang='lat' dir='ltr'><strong>quae</strong></span> <span class='ocrx_word' id='word_1_178' title='bbox 543 2586 677 2651; x_wconf 90' lang='lat' dir='ltr'><strong>post</strong></span> <span class='ocrx_word' id='word_1_179' title='bbox 712 2583 942 2638; x_wconf 88' lang='lat' dir='ltr'><strong>auditas</strong></span> <span class='ocrx_word' id='word_1_180' title='bbox 977 2582 1127 2638; x_wconf 86' lang='lat' dir='ltr'><strong>ultra</strong></span> <span class='ocrx_word' id='word_1_181' title='bbox 1159 2597 1315 2653; x_wconf 87' lang='lat' dir='ltr'><strong>spem</strong></span> <span class='ocrx_word' id='word_1_182' title='bbox 1352 2596 1444 2636; x_wconf 86' lang='lat' dir='ltr'><strong>res</strong></span> <span class='ocrx_word' id='word_1_183' title='bbox 1497 2576 1888 2633; x_wconf 72' lang='lat' dir='ltr'><strong>liierosolimze</strong></span> <span class='ocrx_word' id='word_1_184' title='bbox 1916 2589 2043 2645; x_wconf 88' lang='lat' dir='ltr'><strong>pro-</strong></span> 
     </span>
    </p>
   </div>
   <div class='ocr_carea' id='block_1_31' title="bbox 403 2663 2040 2738">
    <p class='ocr_par' dir='ltr' id='par_1_31' title="bbox 403 2663 2040 2738">
     <span class='ocr_line' id='line_1_31' title="bbox 403 2663 2040 2738; baseline -0.002 -17"><span class='ocrx_word' id='word_1_185' title='bbox 403 2681 574 2738; x_wconf 80' lang='lat' dir='ltr'><strong>SpCl‘e</strong></span> <span class='ocrx_word' id='word_1_186' title='bbox 604 2675 820 2738; x_wconf 81' lang='lat' dir='ltr'><strong>gestas,</strong></span> <span class='ocrx_word' id='word_1_187' title='bbox 849 2689 877 2726; x_wconf 86' lang='lat' dir='ltr'><strong>a</strong></span> <span class='ocrx_word' id='word_1_188' title='bbox 912 2671 1161 2727; x_wconf 87' lang='lat' dir='ltr'><strong>residuis</strong></span> <span class='ocrx_word' id='word_1_189' title='bbox 1193 2670 1372 2725; x_wconf 88' lang='lat' dir='ltr'><strong>totius</strong></span> <span class='ocrx_word' id='word_1_190' title='bbox 1401 2666 1727 2724; x_wconf 74' lang='lat' dir='ltr'><strong>cecidentis’</strong></span> <span class='ocrx_word' id='word_1_191' title='bbox 1747 2663 2040 2734; x_wconf 82' lang='lat' dir='ltr'><strong>gentibus,</strong></span> 
     </span>
    </p>
   </div>
   <div class='ocr_carea' id='block_1_32' title="bbox 408 2752 2044 2830">
    <p class='ocr_par' dir='ltr' id='par_1_32' title="bbox 408 2752 2044 2830">
     <span class='ocr_line' id='line_1_32' title="bbox 408 2752 2044 2830; baseline -0.002 -21"><span class='ocrx_word' id='word_1_192' title='bbox 408 2758 652 2814; x_wconf 84' lang='lat' dir='ltr'><strong>maxime</strong></span> <span class='ocrx_word' id='word_1_193' title='bbox 683 2760 752 2814; x_wconf 91' lang='lat' dir='ltr'><strong>ab</strong></span> <span class='ocrx_word' id='word_1_194' title='bbox 780 2760 870 2815; x_wconf 88' lang='lat' dir='ltr'><strong>bis</strong></span> <span class='ocrx_word' id='word_1_195' title='bbox 921 2775 1162 2829; x_wconf 83' lang='lat' dir='ltr'><strong>quorum</strong></span> <span class='ocrx_word' id='word_1_196' title='bbox 1201 2758 1360 2830; x_wconf 90' lang='lat' dir='ltr'><strong>prius</strong></span> <span class='ocrx_word' id='word_1_197' title='bbox 1392 2757 1543 2813; x_wconf 89' lang='lat' dir='ltr'><strong>votis</strong></span> <span class='ocrx_word' id='word_1_198' title='bbox 1583 2755 1752 2810; x_wconf 86' lang='lat' dir='ltr'><strong>timor</strong></span> <span class='ocrx_word' id='word_1_199' title='bbox 1782 2752 1872 2810; x_wconf 92' lang='lat' dir='ltr'><strong>vel</strong></span> <span class='ocrx_word' id='word_1_200' title='bbox 1905 2752 2044 2807; x_wconf 74' lang='lat' dir='ltr'><strong>ditii-</strong></span> 
     </span>
    </p>
   </div>
   <div class='ocr_carea' id='block_1_33' title="bbox 388 2842 2044 2918">
    <p class='ocr_par' dir='ltr' id='par_1_33' title="bbox 388 2842 2044 2918">
     <span class='ocr_line' id='line_1_33' title="bbox 388 2842 2044 2918; baseline -0.002 -19"><span class='ocrx_word' id='word_1_201' title='bbox 388 2843 602 2913; x_wconf 88' lang='lat' dir='ltr'><strong>dentia,</strong></span> <span class='ocrx_word' id='word_1_202' title='bbox 621 2847 807 2918; x_wconf 85' lang='lat' dir='ltr'><strong>inopia</strong></span> <span class='ocrx_word' id='word_1_203' title='bbox 833 2849 923 2904; x_wconf 90' lang='lat' dir='ltr'><strong>vel</strong></span> <span class='ocrx_word' id='word_1_204' title='bbox 949 2847 1301 2904; x_wconf 85' lang='lat' dir='ltr'><strong>inbecillitas</strong></span> <span class='ocrx_word' id='word_1_205' title='bbox 1343 2845 1720 2912; x_wconf 82' lang='lat' dir='ltr'><strong>obstiterant,</strong></span> <span class='ocrx_word' id='word_1_206' title='bbox 1740 2842 1924 2898; x_wconf 87' lang='lat' dir='ltr'><strong>denuo</strong></span> <span class='ocrx_word' id='word_1_207' title='bbox 1948 2855 2044 2910; x_wconf 89' lang='lat' dir='ltr'><strong>pa-</strong></span> 
     </span>
    </p>
   </div>
   <div class='ocr_carea' id='block_1_34' title="bbox 394 2929 2035 3009">
    <p class='ocr_par' dir='ltr' id='par_1_34' title="bbox 394 2929 2035 3009">
     <span class='ocr_line' id='line_1_34' title="bbox 394 2929 2035 3009; baseline -0.005 -19"><span class='ocrx_word' id='word_1_208' title='bbox 394 2937 636 2992; x_wconf 86' lang='lat' dir='ltr'><strong>rabatur</strong></span> <span class='ocrx_word' id='word_1_209' title='bbox 663 2939 764 3003; x_wconf 83' lang='lat'><strong>“&quot;;</strong></span> <span class='ocrx_word' id='word_1_210' title='bbox 822 2938 1068 3009; x_wconf 86' lang='lat' dir='ltr'><strong>primum</strong></span> <span class='ocrx_word' id='word_1_211' title='bbox 1131 2938 1201 2992; x_wconf 85' lang='lat' dir='ltr'><strong>ab</strong></span> <span class='ocrx_word' id='word_1_212' title='bbox 1251 2933 1546 3008; x_wconf 85' lang='lat' dir='ltr'><strong>episcopis</strong></span> <span class='ocrx_word' id='word_1_213' title='bbox 1604 2929 2035 2998; x_wconf 87' lang='lat' dir='ltr'><strong>Mcdiolanensi,</strong></span> 
     </span>
    </p>
   </div>
   <div class='ocr_carea' id='block_1_35' title="bbox 393 3019 2042 3096">
    <p class='ocr_par' dir='ltr' id='par_1_35' title="bbox 393 3019 2042 3096">
     <span class='ocr_line' id='line_1_35' title="bbox 393 3019 2042 3096; baseline -0.003 -18"><span class='ocrx_word' id='word_1_214' title='bbox 393 3025 665 3094; x_wconf 80' lang='lat' dir='ltr'><strong>Papiensi</strong></span> <span class='ocrx_word' id='word_1_215' title='bbox 699 3027 1048 3096; x_wconf 63' lang='lat' dir='ltr'><strong>ueterisque</strong></span> <span class='ocrx_word' id='word_1_216' title='bbox 1084 3024 1592 3094; x_wconf 57' lang='lat' dir='ltr'><strong>Longobardorui‘n</strong></span> <span class='ocrx_word' id='word_1_217' title='bbox 1629 3019 1859 3093; x_wconf 88' lang='lat' dir='ltr'><strong>populis</strong></span> <span class='ocrx_word' id='word_1_218' title='bbox 1881 3019 1948 3073; x_wconf 91' lang='lat' dir='ltr'><strong>ad</strong></span> <span class='ocrx_word' id='word_1_219' title='bbox 1974 3022 2042 3073; x_wconf 77' lang='lat'>50</span> 
     </span>
    </p>
   </div>
   <div class='ocr_carea' id='block_1_36' title="bbox 396 3107 2038 3184">
    <p class='ocr_par' dir='ltr' id='par_1_36' title="bbox 396 3107 2038 3184">
     <span class='ocr_line' id='line_1_36' title="bbox 396 3107 2038 3184; baseline -0.004 -19"><span class='ocrx_word' id='word_1_220' title='bbox 396 3113 547 3167; x_wconf 85' lang='lat' dir='ltr'><strong>milia</strong></span> <span class='ocrx_word' id='word_1_221' title='bbox 591 3115 853 3184; x_wconf 80' lang='lat' dir='ltr'><strong>signatis,</strong></span> <span class='ocrx_word' id='word_1_222' title='bbox 905 3113 1112 3170; x_wconf 89' lang='lat' dir='ltr'><strong>deinde</strong></span> <span class='ocrx_word' id='word_1_223' title='bbox 1147 3131 1174 3169; x_wconf 89' lang='lat' dir='ltr'><strong>a</strong></span> <span class='ocrx_word' id='word_1_224' title='bbox 1211 3115 1576 3169; x_wconf 76' lang='lat' dir='ltr'><strong>diversarum</strong></span> <span class='ocrx_word' id='word_1_225' title='bbox 1612 3107 2038 3182; x_wconf 86' lang='lat' dir='ltr'><strong>provinciarum</strong></span> 
     </span>
    </p>
   </div>
   <div class='ocr_carea' id='block_1_37' title="bbox 394 3194 2119 3274">
    <p class='ocr_par' dir='ltr' id='par_1_37' title="bbox 394 3194 2119 3274">
     <span class='ocr_line' id='line_1_37' title="bbox 394 3194 2119 3274; baseline -0.005 -20"><span class='ocrx_word' id='word_1_226' title='bbox 394 3201 788 3272; x_wconf 87' lang='lat' dir='ltr'><strong>Theutonicis,</strong></span> <span class='ocrx_word' id='word_1_227' title='bbox 809 3207 1103 3274; x_wconf 85' lang='lat' dir='ltr'><strong>postremo</strong></span> <span class='ocrx_word' id='word_1_228' title='bbox 1129 3204 1200 3257; x_wconf 91' lang='lat' dir='ltr'><strong>ab</strong></span> <span class='ocrx_word' id='word_1_229' title='bbox 1219 3199 1600 3272; x_wconf 86' lang='lat' dir='ltr'><strong>Aquitanicis,</strong></span> <span class='ocrx_word' id='word_1_230' title='bbox 1629 3197 1839 3268; x_wconf 88' lang='lat' dir='ltr'><strong>quibus</strong></span> <span class='ocrx_word' id='word_1_231' title='bbox 1859 3194 2039 3250; x_wconf 82' lang='lat' dir='ltr'><strong>Willi-</strong></span> <span class='ocrx_word' id='word_1_232' title='bbox 2071 3208 2119 3269; x_wconf 68' lang='grc' dir='ltr'>Ο</span> 
     </span>
    </p>
   </div>
   <div class='ocr_carea' id='block_1_38' title="bbox 393 3284 2042 3361">
    <p class='ocr_par' dir='ltr' id='par_1_38' title="bbox 393 3284 2042 3361">
     <span class='ocr_line' id='line_1_38' title="bbox 393 3284 2042 3361; baseline -0.002 -19"><span class='ocrx_word' id='word_1_233' title='bbox 393 3289 547 3344; x_wconf 88' lang='lat' dir='ltr'><strong>belm</strong></span> <span class='ocrx_word' id='word_1_234' title='bbox 559 3306 624 3346; x_wconf 91' lang='lat' dir='ltr'><strong>us</strong></span> <span class='ocrx_word' id='word_1_235' title='bbox 643 3289 1029 3346; x_wconf 87' lang='lat' dir='ltr'><strong>Pictaviensis</strong></span> <span class='ocrx_word' id='word_1_236' title='bbox 1045 3295 1301 3361; x_wconf 89' lang='lat' dir='ltr'><strong>prcerat,</strong></span> <span class='ocrx_word' id='word_1_237' title='bbox 1332 3285 1750 3360; x_wconf 78' lang='lat' dir='ltr'><strong>pretervulgus</strong></span> <span class='ocrx_word' id='word_1_238' title='bbox 1773 3284 1840 3339; x_wconf 89' lang='lat' dir='ltr'><strong>ad</strong></span> <span class='ocrx_word' id='word_1_239' title='bbox 1866 3286 2042 3340; x_wconf 90' lang='lat'>30000</span> 
     </span>
    </p>
   </div>
   <div class='ocr_carea' id='block_1_39' title="bbox 393 3371 2042 3448">
    <p class='ocr_par' dir='ltr' id='par_1_39' title="bbox 393 3371 2042 3448">
     <span class='ocr_line' id='line_1_39' title="bbox 393 3371 2042 3448; baseline -0.003 -18"><span class='ocrx_word' id='word_1_240' title='bbox 393 3376 674 3434; x_wconf 89' lang='lat' dir='ltr'><strong>loricatis.</strong></span> <span class='ocrx_word' id='word_1_241' title='bbox 729 3379 1236 3448; x_wconf 80' lang='lat' dir='ltr'><strong>Longobardorum</strong></span> <span class='ocrx_word' id='word_1_242' title='bbox 1276 3376 1496 3448; x_wconf 89' lang='lat' dir='ltr'><strong>plebes,</strong></span> <span class='ocrx_word' id='word_1_243' title='bbox 1554 3373 1843 3446; x_wconf 89' lang='lat' dir='ltr'><strong>permissu</strong></span> <span class='ocrx_word' id='word_1_244' title='bbox 1876 3371 2042 3426; x_wconf 86' lang='lat' dir='ltr'><strong>Hein-</strong></span> 
     </span>
    </p>
   </div>
   <div class='ocr_carea' id='block_1_40' title="bbox 392 3463 2042 3538">
    <p class='ocr_par' dir='ltr' id='par_1_40' title="bbox 392 3463 2042 3538">
     <span class='ocr_line' id='line_1_40' title="bbox 392 3463 2042 3538; baseline -0.002 -18"><span class='ocrx_word' id='word_1_245' title='bbox 392 3465 498 3521; x_wconf 91' lang='lat' dir='ltr'><strong>rici</strong></span> <span class='ocrx_word' id='word_1_246' title='bbox 524 3465 614 3498; x_wconf 72' lang='grc'>³⁸⁸⁸</span> <span class='ocrx_word' id='word_1_247' title='bbox 632 3467 798 3522; x_wconf 90' lang='lat' dir='ltr'><strong>ducis</strong></span> <span class='ocrx_word' id='word_1_248' title='bbox 823 3467 1115 3522; x_wconf 69' lang='lat' dir='ltr'><strong>(larinthia</strong></span> <span class='ocrx_word' id='word_1_249' title='bbox 1141 3469 1461 3538; x_wconf 90' lang='lat' dir='ltr'><strong>permeata,</strong></span> <span class='ocrx_word' id='word_1_250' title='bbox 1501 3463 1631 3518; x_wconf 91' lang='lat' dir='ltr'><strong>dum</strong></span> <span class='ocrx_word' id='word_1_251' title='bbox 1659 3464 1792 3534; x_wconf 87' lang='lat' dir='ltr'><strong>post</strong></span> <span class='ocrx_word' id='word_1_252' title='bbox 1815 3463 2042 3531; x_wconf 86' lang='lat' dir='ltr'><strong>Ungros</strong></span> 
     </span>
    </p>
   </div>
   <div class='ocr_carea' id='block_1_41' title="bbox 396 3549 2045 3625">
    <p class='ocr_par' dir='ltr' id='par_1_41' title="bbox 396 3549 2045 3625">
     <span class='ocr_line' id='line_1_41' title="bbox 396 3549 2045 3625; baseline -0.002 -18"><span class='ocrx_word' id='word_1_253' title='bbox 396 3557 559 3622; x_wconf 86' lang='lat' dir='ltr'><strong>tergo</strong></span> <span class='ocrx_word' id='word_1_254' title='bbox 591 3554 830 3610; x_wconf 72' lang='lat' dir='ltr'><strong>relictos</strong></span> <span class='ocrx_word' id='word_1_255' title='bbox 859 3557 912 3610; x_wconf 91' lang='lat' dir='ltr'><strong>in</strong></span> <span class='ocrx_word' id='word_1_256' title='bbox 947 3555 1239 3625; x_wconf 67' lang='lat' dir='ltr'><strong>Burgaria:</strong></span> <span class='ocrx_word' id='word_1_257' title='bbox 1278 3555 1424 3624; x_wconf 80' lang='lat'>(203)</span> <span class='ocrx_word' id='word_1_258' title='bbox 1460 3551 1798 3608; x_wconf 85' lang='lat' dir='ltr'><strong>civitatibus</strong></span> <span class='ocrx_word' id='word_1_259' title='bbox 1832 3549 2045 3604; x_wconf 90' lang='lat' dir='ltr'><strong>hiema-</strong></span> 
     </span>
    </p>
   </div>
   <div class='ocr_carea' id='block_1_42' title="bbox 393 3639 2046 3714">
    <p class='ocr_par' dir='ltr' id='par_1_42' title="bbox 393 3639 2046 3714">
     <span class='ocr_line' id='line_1_42' title="bbox 393 3639 2046 3714; baseline -0.001 -20"><span class='ocrx_word' id='word_1_260' title='bbox 393 3646 541 3712; x_wconf 89' lang='lat' dir='ltr'><strong>rent,</strong></span> <span class='ocrx_word' id='word_1_261' title='bbox 571 3657 808 3701; x_wconf 88' lang='lat' dir='ltr'><strong>numero</strong></span> <span class='ocrx_word' id='word_1_262' title='bbox 845 3658 1146 3700; x_wconf 86' lang='lat' dir='ltr'><strong>rarescere</strong></span> <span class='ocrx_word' id='word_1_263' title='bbox 1181 3646 1485 3714; x_wconf 82' lang='lat' dir='ltr'><strong>ceperunt,</strong></span> <span class='ocrx_word' id='word_1_264' title='bbox 1523 3640 1871 3708; x_wconf 87' lang='lat' dir='ltr'><strong>tandemque</strong></span> <span class='ocrx_word' id='word_1_265' title='bbox 1906 3639 2046 3693; x_wconf 88' lang='lat' dir='ltr'><strong>Con-</strong></span> 
     </span>
    </p>
   </div>
   <div class='ocr_carea' id='block_1_43' title="bbox 393 3727 2046 3803">
    <p class='ocr_par' dir='ltr' id='par_1_43' title="bbox 393 3727 2046 3803">
     <span class='ocr_line' id='line_1_43' title="bbox 393 3727 2046 3803; baseline -0.001 -20"><span class='ocrx_word' id='word_1_266' title='bbox 393 3731 833 3802; x_wconf 73' lang='lat' dir='ltr'><strong>stantinopolim</strong></span> <span class='ocrx_word' id='word_1_267' title='bbox 895 3732 1324 3803; x_wconf 85' lang='lat' dir='ltr'><strong>pervenientes,</strong></span> <span class='ocrx_word' id='word_1_268' title='bbox 1376 3730 1430 3784; x_wconf 93' lang='lat' dir='ltr'><strong>in</strong></span> <span class='ocrx_word' id='word_1_269' title='bbox 1484 3729 1728 3784; x_wconf 87' lang='lat' dir='ltr'><strong>alteram</strong></span> <span class='ocrx_word' id='word_1_270' title='bbox 1760 3727 1944 3798; x_wconf 89' lang='lat' dir='ltr'><strong>ripam</strong></span> <span class='ocrx_word' id='word_1_271' title='bbox 1975 3757 2046 3764; x_wconf 99' lang='lat'>—</span> 
     </span>
    </p>
   </div>
   <div class='ocr_carea' id='block_1_44' title="bbox 393 3814 2050 3886">
    <p class='ocr_par' dir='ltr' id='par_1_44' title="bbox 393 3814 2050 3886">
     <span class='ocr_line' id='line_1_44' title="bbox 393 3814 2050 3886; baseline -0.001 -16"><span class='ocrx_word' id='word_1_272' title='bbox 393 3817 532 3875; x_wconf 90' lang='lat' dir='ltr'><strong>illud</strong></span> <span class='ocrx_word' id='word_1_273' title='bbox 557 3821 708 3875; x_wconf 90' lang='lat' dir='ltr'><strong>enim</strong></span> <span class='ocrx_word' id='word_1_274' title='bbox 735 3821 1078 3877; x_wconf 82' lang='lat' dir='ltr'><strong>beneficium</strong></span> <span class='ocrx_word' id='word_1_275' title='bbox 1116 3819 1465 3876; x_wconf 89' lang='lat' dir='ltr'><strong>maledictus</strong></span> <span class='ocrx_word' id='word_1_276' title='bbox 1499 3817 1736 3874; x_wconf 84' lang='lat' dir='ltr'><strong>Alexius</strong></span> <span class='ocrx_word' id='word_1_277' title='bbox 1767 3814 1858 3848; x_wconf 79' lang='grc'>¹⁶⁸⁹</span> <span class='ocrx_word' id='word_1_278' title='bbox 1889 3829 2050 3886; x_wconf 88' lang='lat' dir='ltr'><strong>pere-</strong></span> 
     </span>
    </p>
   </div>
   <div class='ocr_carea' id='block_1_45' title="bbox 389 3904 2051 3979">
    <p class='ocr_par' dir='ltr' id='par_1_45' title="bbox 389 3904 2051 3979">
     <span class='ocr_line' id='line_1_45' title="bbox 389 3904 2051 3979; baseline -0.002 -18"><span class='ocrx_word' id='word_1_279' title='bbox 389 3907 576 3976; x_wconf 78' lang='lat' dir='ltr'><strong>grinis</strong></span> <span class='ocrx_word' id='word_1_280' title='bbox 592 3909 924 3966; x_wconf 81' lang='lat' dir='ltr'><strong>accelerare</strong></span> <span class='ocrx_word' id='word_1_281' title='bbox 941 3909 1093 3966; x_wconf 89' lang='lat' dir='ltr'><strong>solet</strong></span> <span class='ocrx_word' id='word_1_282' title='bbox 1113 3941 1178 3950; x_wconf 89' lang='lat'><strong>—</strong></span> <span class='ocrx_word' id='word_1_283' title='bbox 1192 3907 1571 3979; x_wconf 69' lang='lat' dir='ltr'><strong>transposita)</strong></span> <span class='ocrx_word' id='word_1_284' title='bbox 1587 3909 1746 3975; x_wconf 89' lang='lat' dir='ltr'><strong>sunt,</strong></span> <span class='ocrx_word' id='word_1_285' title='bbox 1770 3904 1942 3959; x_wconf 91' lang='lat' dir='ltr'><strong>immo</strong></span> <span class='ocrx_word' id='word_1_286' title='bbox 1961 3911 2051 3974; x_wconf 83' lang='lat' dir='ltr'><strong>pa‘</strong></span> 
     </span>
    </p>
   </div>
   <div class='ocr_carea' id='block_1_46' title="bbox 389 3992 2046 4069">
    <p class='ocr_par' dir='ltr' id='par_1_46' title="bbox 389 3992 2046 4069">
     <span class='ocr_line' id='line_1_46' title="bbox 389 3992 2046 4069; baseline -0.001 -21"><span class='ocrx_word' id='word_1_287' title='bbox 389 4008 668 4061; x_wconf 79' lang='lat' dir='ltr'><strong>ganorum</strong></span> <span class='ocrx_word' id='word_1_288' title='bbox 689 3999 930 4067; x_wconf 83' lang='lat' dir='ltr'><strong>sagittis</strong></span> <span class='ocrx_word' id='word_1_289' title='bbox 953 3998 1258 4069; x_wconf 78' lang='lat' dir='ltr'><strong>expositae.</strong></span> <span class='ocrx_word' id='word_1_290' title='bbox 1297 3995 1505 4052; x_wconf 84' lang='lat' dir='ltr'><strong>Thnrci</strong></span> <span class='ocrx_word' id='word_1_291' title='bbox 1538 3994 1710 4063; x_wconf 71' lang='lat' dir='ltr'><strong>enim,</strong></span> <span class='ocrx_word' id='word_1_292' title='bbox 1745 3992 2046 4064; x_wconf 84' lang='lat' dir='ltr'><strong>explorata</strong></span> 
     </span>
    </p>
   </div>
   <div class='ocr_carea' id='block_1_47' title="bbox 392 4081 2050 4156">
    <p class='ocr_par' dir='ltr' id='par_1_47' title="bbox 392 4081 2050 4156">
     <span class='ocr_line' id='line_1_47' title="bbox 392 4081 2050 4156; baseline 0 -22"><span class='ocrx_word' id='word_1_293' title='bbox 392 4082 907 4153; x_wconf 85' lang='lat' dir='ltr'><strong>Longobardorum</strong></span> <span class='ocrx_word' id='word_1_294' title='bbox 962 4083 1193 4154; x_wconf 85' lang='lat' dir='ltr'><strong>inertia,</strong></span> <span class='ocrx_word' id='word_1_295' title='bbox 1252 4083 1604 4156; x_wconf 89' lang='lat' dir='ltr'><strong>stipularum</strong></span> <span class='ocrx_word' id='word_1_296' title='bbox 1641 4096 1744 4138; x_wconf 90' lang='lat' dir='ltr'><strong>eos</strong></span> <span class='ocrx_word' id='word_1_297' title='bbox 1778 4081 2050 4135; x_wconf 87' lang='lat' dir='ltr'><strong>terebant</strong></span> 
     </span>
    </p>
   </div>
   <div class='ocr_carea' id='block_1_48' title="bbox 395 4169 2052 4242">
    <p class='ocr_par' dir='ltr' id='par_1_48' title="bbox 395 4169 2052 4242">
     <span class='ocr_line' id='line_1_48' title="bbox 395 4169 2052 4242; baseline 0 -19"><span class='ocrx_word' id='word_1_298' title='bbox 395 4185 574 4242; x_wconf 89' lang='lat' dir='ltr'><strong>more,</strong></span> <span class='ocrx_word' id='word_1_299' title='bbox 619 4172 675 4229; x_wconf 93' lang='lat' dir='ltr'><strong>in</strong></span> <span class='ocrx_word' id='word_1_300' title='bbox 725 4179 951 4232; x_wconf 90' lang='lat' dir='ltr'><strong>tantum</strong></span> <span class='ocrx_word' id='word_1_301' title='bbox 981 4178 1043 4230; x_wconf 89' lang='lat' dir='ltr'><strong>ut</strong></span> <span class='ocrx_word' id='word_1_302' title='bbox 1067 4174 1366 4231; x_wconf 84' lang='lat' dir='ltr'><strong>exercitus</strong></span> <span class='ocrx_word' id='word_1_303' title='bbox 1389 4170 1803 4238; x_wconf 90' lang='lat' dir='ltr'><strong>Theutonicus,</strong></span> <span class='ocrx_word' id='word_1_304' title='bbox 1831 4169 1927 4240; x_wconf 90' lang='lat' dir='ltr'><strong>qui</strong></span> <span class='ocrx_word' id='word_1_305' title='bbox 1961 4183 2052 4224; x_wconf 91' lang='lat' dir='ltr'><strong>ea-</strong></span> 
     </span>
    </p>
   </div>
   <div class='ocr_carea' id='block_1_49' title="bbox 393 4257 2052 4336">
    <p class='ocr_par' dir='ltr' id='par_1_49' title="bbox 393 4257 2052 4336">
     <span class='ocr_line' id='line_1_49' title="bbox 393 4257 2052 4336; baseline -0.006 -16"><span class='ocrx_word' id='word_1_306' title='bbox 393 4263 522 4320; x_wconf 87' lang='lat' dir='ltr'><strong>dem</strong></span> <span class='ocrx_word' id='word_1_307' title='bbox 575 4263 662 4320; x_wconf 88' lang='lat' dir='ltr'><strong>via</strong></span> <span class='ocrx_word' id='word_1_308' title='bbox 697 4265 1076 4336; x_wconf 75' lang='lat' dir='ltr'><strong>subsecutus</strong></span> <span class='ocrx_word' id='word_1_309' title='bbox 1129 4262 1285 4318; x_wconf 89' lang='lat' dir='ltr'><strong>circa</strong></span> <span class='ocrx_word' id='word_1_310' title='bbox 1317 4261 1468 4318; x_wconf 84' lang='lat' dir='ltr'><strong>Junii</strong></span> <span class='ocrx_word' id='word_1_311' title='bbox 1503 4259 1790 4315; x_wconf 89' lang='lat' dir='ltr'><strong>Kalendas</strong></span> <span class='ocrx_word' id='word_1_312' title='bbox 1820 4257 1889 4313; x_wconf 87' lang='lat' dir='ltr'><strong>ad</strong></span> <span class='ocrx_word' id='word_1_313' title='bbox 1919 4264 2052 4312; x_wconf 81' lang='lat' dir='ltr'><strong>ean‘</strong></span> 
     </span>
    </p>
   </div>
   <div class='ocr_carea' id='block_1_50' title="bbox 395 4345 2049 4424">
    <p class='ocr_par' dir='ltr' id='par_1_50' title="bbox 395 4345 2049 4424">
     <span class='ocr_line' id='line_1_50' title="bbox 395 4345 2049 4424; baseline -0.003 -18"><span class='ocrx_word' id='word_1_314' title='bbox 395 4351 524 4406; x_wconf 88' lang='lat' dir='ltr'><strong>dem</strong></span> <span class='ocrx_word' id='word_1_315' title='bbox 559 4351 924 4423; x_wconf 90' lang='lat' dir='ltr'><strong>metropolim</strong></span> <span class='ocrx_word' id='word_1_316' title='bbox 989 4351 1274 4424; x_wconf 86' lang='lat' dir='ltr'><strong>pervenit,</strong></span> <span class='ocrx_word' id='word_1_317' title='bbox 1321 4349 1458 4420; x_wconf 89' lang='lat' dir='ltr'><strong>quid</strong></span> <span class='ocrx_word' id='word_1_318' title='bbox 1491 4349 1562 4403; x_wconf 90' lang='lat' dir='ltr'><strong>de</strong></span> <span class='ocrx_word' id='word_1_319' title='bbox 1597 4345 2049 4418; x_wconf 88' lang='lat' dir='ltr'><strong>precedentibus</strong></span> 
     </span>
    </p>
   </div>
   <div class='ocr_carea' id='block_1_51' title="bbox 395 4435 2047 4510">
    <p class='ocr_par' dir='ltr' id='par_1_51' title="bbox 395 4435 2047 4510">
     <span class='ocr_line' id='line_1_51' title="bbox 395 4435 2047 4510; baseline -0.005 -14"><span class='ocrx_word' id='word_1_320' title='bbox 395 4455 456 4496; x_wconf 88' lang='lat' dir='ltr'><strong>se</strong></span> <span class='ocrx_word' id='word_1_321' title='bbox 485 4445 718 4510; x_wconf 80' lang='lat' dir='ltr'><strong>gestum</strong></span> <span class='ocrx_word' id='word_1_322' title='bbox 751 4441 846 4510; x_wconf 90' lang='lat' dir='ltr'><strong>sit,</strong></span> <span class='ocrx_word' id='word_1_323' title='bbox 883 4439 1045 4498; x_wconf 89' lang='lat' dir='ltr'><strong>nullo</strong></span> <span class='ocrx_word' id='word_1_324' title='bbox 1069 4441 1260 4510; x_wconf 90' lang='lat' dir='ltr'><strong>modo,</strong></span> <span class='ocrx_word' id='word_1_325' title='bbox 1294 4444 1498 4510; x_wconf 87' lang='lat' dir='ltr'><strong>utpote</strong></span> <span class='ocrx_word' id='word_1_326' title='bbox 1532 4435 1692 4491; x_wconf 91' lang='lat' dir='ltr'><strong>nullo</strong></span> <span class='ocrx_word' id='word_1_327' title='bbox 1722 4435 2047 4506; x_wconf 88' lang='lat' dir='ltr'><strong>superstite</strong></span> 
     </span>
    </p>
   </div>
   <div class='ocr_carea' id='block_1_52' title="bbox 393 4523 2047 4600">
    <p class='ocr_par' dir='ltr' id='par_1_52' title="bbox 393 4523 2047 4600">
     <span class='ocr_line' id='line_1_52' title="bbox 393 4523 2047 4600; baseline -0.006 -14"><span class='ocrx_word' id='word_1_328' title='bbox 393 4531 465 4587; x_wconf 91' lang='lat' dir='ltr'><strong>de</strong></span> <span class='ocrx_word' id='word_1_329' title='bbox 511 4529 788 4586; x_wconf 82' lang='lat' dir='ltr'><strong>Romania</strong></span> <span class='ocrx_word' id='word_1_330' title='bbox 824 4530 1122 4599; x_wconf 90' lang='lat' dir='ltr'><strong>redeunte,</strong></span> <span class='ocrx_word' id='word_1_331' title='bbox 1185 4531 1388 4600; x_wconf 89' lang='lat' dir='ltr'><strong>posset</strong></span> <span class='ocrx_word' id='word_1_332' title='bbox 1437 4523 1810 4594; x_wconf 83' lang='lat' dir='ltr'><strong>investigare.</strong></span> <span class='ocrx_word' id='word_1_333' title='bbox 1851 4523 1932 4577; x_wconf 76' lang='lat' dir='ltr'><strong>Ab</strong></span> <span class='ocrx_word' id='word_1_334' title='bbox 1965 4523 2047 4576; x_wconf 92' lang='lat' dir='ltr'><strong>in-</strong></span> 
     </span>
    </p>
   </div>
   <div class='ocr_carea' id='block_1_53' title="bbox 393 4611 2042 4691">
    <p class='ocr_par' dir='ltr' id='par_1_53' title="bbox 393 4611 2042 4691">
     <span class='ocr_line' id='line_1_53' title="bbox 393 4611 2042 4691; baseline -0.007 -15"><span class='ocrx_word' id='word_1_335' title='bbox 393 4635 602 4690; x_wconf 75' lang='lat' dir='ltr'><strong>gressu</strong></span> <span class='ocrx_word' id='word_1_336' title='bbox 629 4619 842 4691; x_wconf 89' lang='lat' dir='ltr'><strong>quippe</strong></span> <span class='ocrx_word' id='word_1_337' title='bbox 865 4619 958 4675; x_wconf 87' lang='lat' dir='ltr'><strong>vel</strong></span> <span class='ocrx_word' id='word_1_338' title='bbox 983 4618 1164 4690; x_wconf 87' lang='lat' dir='ltr'><strong>prima</strong></span> <span class='ocrx_word' id='word_1_339' title='bbox 1186 4616 1429 4674; x_wconf 88' lang='lat' dir='ltr'><strong>civitate</strong></span> <span class='ocrx_word' id='word_1_340' title='bbox 1454 4612 1740 4684; x_wconf 64' lang='lat' dir='ltr'><strong>Bulgaria:</strong></span> <span class='ocrx_word' id='word_1_341' title='bbox 1766 4625 1950 4682; x_wconf 89' lang='lat' dir='ltr'><strong>usque</strong></span> <span class='ocrx_word' id='word_1_342' title='bbox 1974 4611 2042 4666; x_wconf 89' lang='lat' dir='ltr'><strong>ad</strong></span> 
     </span>
    </p>
   </div>
   <div class='ocr_carea' id='block_1_54' title="bbox 398 4699 2046 4780">
    <p class='ocr_par' dir='ltr' id='par_1_54' title="bbox 398 4699 2046 4780">
     <span class='ocr_line' id='line_1_54' title="bbox 398 4699 2046 4780; baseline -0.005 -15"><span class='ocrx_word' id='word_1_343' title='bbox 398 4709 594 4765; x_wconf 89' lang='lat' dir='ltr'><strong>sedem</strong></span> <span class='ocrx_word' id='word_1_344' title='bbox 623 4707 828 4780; x_wconf 83' lang='lat' dir='ltr'><strong>Alexii,</strong></span> <span class='ocrx_word' id='word_1_345' title='bbox 875 4721 1105 4778; x_wconf 89' lang='lat' dir='ltr'><strong>semper</strong></span> <span class='ocrx_word' id='word_1_346' title='bbox 1129 4705 1298 4760; x_wconf 88' lang='lat' dir='ltr'><strong>nobis</strong></span> <span class='ocrx_word' id='word_1_347' title='bbox 1323 4703 1450 4774; x_wconf 88' lang='lat' dir='ltr'><strong>ejus</strong></span> <span class='ocrx_word' id='word_1_348' title='bbox 1473 4701 1697 4775; x_wconf 91' lang='lat' dir='ltr'><strong>paciﬁci</strong></span> <span class='ocrx_word' id='word_1_349' title='bbox 1723 4699 1918 4756; x_wconf 88' lang='lat' dir='ltr'><strong>nuncii</strong></span> <span class='ocrx_word' id='word_1_350' title='bbox 1951 4715 2046 4756; x_wconf 86' lang='lat' dir='ltr'><strong>oc-</strong></span> 
     </span>
    </p>
   </div>
   <div class='ocr_carea' id='block_1_55' title="bbox 397 4788 2044 4868">
    <p class='ocr_par' dir='ltr' id='par_1_55' title="bbox 397 4788 2044 4868">
     <span class='ocr_line' id='line_1_55' title="bbox 397 4788 2044 4868; baseline -0.007 -15"><span class='ocrx_word' id='word_1_351' title='bbox 397 4799 736 4868; x_wconf 87' lang='lat' dir='ltr'><strong>currebant,</strong></span> <span class='ocrx_word' id='word_1_352' title='bbox 758 4797 854 4868; x_wconf 89' lang='lat' dir='ltr'><strong>qni</strong></span> <span class='ocrx_word' id='word_1_353' title='bbox 874 4801 1068 4851; x_wconf 89' lang='lat' dir='ltr'><strong>tamen</strong></span> <span class='ocrx_word' id='word_1_354' title='bbox 1087 4793 1402 4864; x_wconf 88' lang='lat' dir='ltr'><strong>aliquando</strong></span> <span class='ocrx_word' id='word_1_355' title='bbox 1426 4807 1529 4847; x_wconf 90' lang='lat' dir='ltr'><strong>nos</strong></span> <span class='ocrx_word' id='word_1_356' title='bbox 1551 4788 1936 4863; x_wconf 83' lang='lat' dir='ltr'><strong>precedentes</strong></span> <span class='ocrx_word' id='word_1_357' title='bbox 1953 4788 2044 4844; x_wconf 88' lang='lat' dir='ltr'><strong>vel</strong></span> 
     </span>
    </p>
   </div>
   <div class='ocr_carea' id='block_1_56' title="bbox 394 4877 2046 4948">
    <p class='ocr_par' dir='ltr' id='par_1_56' title="bbox 394 4877 2046 4948">
     <span class='ocr_line' id='line_1_56' title="bbox 394 4877 2046 4948; baseline -0.008 -4"><span class='ocrx_word' id='word_1_358' title='bbox 394 4886 748 4944; x_wconf 86' lang='lat' dir='ltr'><strong>comitantes</strong></span> <span class='ocrx_word' id='word_1_359' title='bbox 774 4884 1098 4940; x_wconf 79' lang='lat' dir='ltr'><strong>favillarum</strong></span> <span class='ocrx_word' id='word_1_360' title='bbox 1122 4880 1593 4938; x_wconf 89' lang='lat' dir='ltr'><strong>evanescentium</strong></span> <span class='ocrx_word' id='word_1_361' title='bbox 1615 4892 1772 4934; x_wconf 88' lang='lat' dir='ltr'><strong>more</strong></span> <span class='ocrx_word' id='word_1_362' title='bbox 1792 4877 2046 4948; x_wconf 88' lang='lat' dir='ltr'><strong>dispare-</strong></span> 
     </span>
    </p>
   </div>
   <div class='ocr_carea' id='block_1_57' title="bbox 399 4965 2044 5041">
    <p class='ocr_par' dir='ltr' id='par_1_57' title="bbox 399 4965 2044 5041">
     <span class='ocr_line' id='line_1_57' title="bbox 399 4965 2044 5041; baseline -0.007 -10"><span class='ocrx_word' id='word_1_363' title='bbox 399 4977 559 5031; x_wconf 86' lang='lat' dir='ltr'><strong>bant.</strong></span> <span class='ocrx_word' id='word_1_364' title='bbox 600 4975 843 5031; x_wconf 85' lang='lat' dir='ltr'><strong>Militum</strong></span> <span class='ocrx_word' id='word_1_365' title='bbox 871 4973 1044 5030; x_wconf 89' lang='lat' dir='ltr'><strong>etiam</strong></span> <span class='ocrx_word' id='word_1_366' title='bbox 1071 4985 1330 5040; x_wconf 91' lang='lat' dir='ltr'><strong>suorum,</strong></span> <span class='ocrx_word' id='word_1_367' title='bbox 1359 4983 1506 5041; x_wconf 91' lang='lat' dir='ltr'><strong>quos</strong></span> <span class='ocrx_word' id='word_1_368' title='bbox 1521 4967 1857 5023; x_wconf 88' lang='lat' dir='ltr'><strong>Pincinatos</strong></span> <span class='ocrx_word' id='word_1_369' title='bbox 1890 4965 2044 5021; x_wconf 90' lang='lat' dir='ltr'><strong>voci-</strong></span> 
     </span>
    </p>
   </div>
   <div class='ocr_carea' id='block_1_58' title="bbox 399 5052 2039 5133">
    <p class='ocr_par' dir='ltr' id='par_1_58' title="bbox 399 5052 2039 5133">
     <span class='ocr_line' id='line_1_58' title="bbox 399 5052 2039 5133; baseline -0.007 -14"><span class='ocrx_word' id='word_1_370' title='bbox 399 5067 547 5133; x_wconf 85' lang='lat' dir='ltr'><strong>tant,</strong></span> <span class='ocrx_word' id='word_1_371' title='bbox 581 5063 878 5119; x_wconf 81' lang='lat' dir='ltr'><strong>exercitns</strong></span> <span class='ocrx_word' id='word_1_372' title='bbox 899 5076 1050 5118; x_wconf 91' lang='lat' dir='ltr'><strong>nunc</strong></span> <span class='ocrx_word' id='word_1_373' title='bbox 1082 5058 1250 5116; x_wconf 89' lang='lat' dir='ltr'><strong>nobis</strong></span> <span class='ocrx_word' id='word_1_374' title='bbox 1279 5073 1308 5115; x_wconf 93' lang='lat' dir='ltr'><strong>a</strong></span> <span class='ocrx_word' id='word_1_375' title='bbox 1339 5061 1504 5126; x_wconf 79' lang='lat' dir='ltr'><strong>tergo</strong></span> <span class='ocrx_word' id='word_1_376' title='bbox 1537 5055 1806 5112; x_wconf 88' lang='lat' dir='ltr'><strong>damnum</strong></span> <span class='ocrx_word' id='word_1_377' title='bbox 1843 5052 2039 5110; x_wconf 91' lang='lat' dir='ltr'><strong>intulit</strong></span> 
     </span>
    </p>
   </div>
   <div class='ocr_carea' id='block_1_59' title="bbox 397 5141 2039 5218">
    <p class='ocr_par' dir='ltr' id='par_1_59' title="bbox 397 5141 2039 5218">
     <span class='ocr_line' id='line_1_59' title="bbox 397 5141 2039 5218; baseline -0.007 -11"><span class='ocrx_word' id='word_1_378' title='bbox 397 5166 549 5208; x_wconf 89' lang='lat' dir='ltr'><strong>nunc</strong></span> <span class='ocrx_word' id='word_1_379' title='bbox 581 5166 612 5206; x_wconf 90' lang='lat' dir='ltr'><strong>a</strong></span> <span class='ocrx_word' id='word_1_380' title='bbox 667 5151 851 5206; x_wconf 86' lang='lat' dir='ltr'><strong>latere</strong></span> <span class='ocrx_word' id='word_1_381' title='bbox 885 5150 996 5206; x_wconf 91' lang='lat' dir='ltr'><strong>vim</strong></span> <span class='ocrx_word' id='word_1_382' title='bbox 1056 5149 1294 5218; x_wconf 87' lang='lat' dir='ltr'><strong>inferre,</strong></span> <span class='ocrx_word' id='word_1_383' title='bbox 1325 5161 1477 5204; x_wconf 87' lang='lat' dir='ltr'><strong>nunc</strong></span> <span class='ocrx_word' id='word_1_384' title='bbox 1515 5159 1544 5201; x_wconf 91' lang='lat' dir='ltr'><strong>a</strong></span> <span class='ocrx_word' id='word_1_385' title='bbox 1580 5144 1771 5200; x_wconf 88' lang='lat' dir='ltr'><strong>fronte</strong></span> <span class='ocrx_word' id='word_1_386' title='bbox 1817 5141 2039 5197; x_wconf 89' lang='lat' dir='ltr'><strong>directa</strong></span> 
     </span>
    </p>
   </div>
   <div class='ocr_carea' id='block_1_60' title="bbox 402 5235 2042 5308">
    <p class='ocr_par' dir='ltr' id='par_1_60' title="bbox 402 5235 2042 5308">
     <span class='ocr_line' id='line_1_60' title="bbox 402 5235 2042 5308; baseline -0.005 -14"><span class='ocrx_word' id='word_1_387' title='bbox 402 5239 546 5294; x_wconf 88' lang='lat' dir='ltr'><strong>facie</strong></span> <span class='ocrx_word' id='word_1_388' title='bbox 595 5253 821 5296; x_wconf 89' lang='lat' dir='ltr'><strong>manum</strong></span> <span class='ocrx_word' id='word_1_389' title='bbox 870 5238 1158 5308; x_wconf 85' lang='lat' dir='ltr'><strong>conferre,</strong></span> <span class='ocrx_word' id='word_1_390' title='bbox 1219 5251 1370 5292; x_wconf 91' lang='lat' dir='ltr'><strong>nunc</strong></span> <span class='ocrx_word' id='word_1_391' title='bbox 1427 5248 1531 5304; x_wconf 90' lang='lat' dir='ltr'><strong>per</strong></span> <span class='ocrx_word' id='word_1_392' title='bbox 1588 5235 1791 5289; x_wconf 87' lang='lat' dir='ltr'><strong>noctes</strong></span> <span class='ocrx_word' id='word_1_393' title='bbox 1845 5237 2042 5287; x_wconf 87' lang='lat' dir='ltr'><strong>castra</strong></span> 
     </span>
    </p>
   </div>
   <div class='ocr_carea' id='block_1_61' title="bbox 404 5319 2040 5398">
    <p class='ocr_par' dir='ltr' id='par_1_61' title="bbox 404 5319 2040 5398">
     <span class='ocr_line' id='line_1_61' title="bbox 404 5319 2040 5398; baseline -0.002 -18"><span class='ocrx_word' id='word_1_394' title='bbox 404 5327 728 5397; x_wconf 88' lang='lat' dir='ltr'><strong>irrumpere</strong></span> <span class='ocrx_word' id='word_1_395' title='bbox 743 5326 1056 5398; x_wconf 86' lang='lat' dir='ltr'><strong>disposuit,</strong></span> <span class='ocrx_word' id='word_1_396' title='bbox 1075 5339 1308 5397; x_wconf 90' lang='lat' dir='ltr'><strong>semper</strong></span> <span class='ocrx_word' id='word_1_397' title='bbox 1323 5328 1513 5380; x_wconf 88' lang='lat' dir='ltr'><strong>tamen</strong></span> <span class='ocrx_word' id='word_1_398' title='bbox 1527 5320 1696 5378; x_wconf 91' lang='lat' dir='ltr'><strong>nobis</strong></span> <span class='ocrx_word' id='word_1_399' title='bbox 1707 5335 1812 5392; x_wconf 89' lang='lat' dir='ltr'><strong>per</strong></span> <span class='ocrx_word' id='word_1_400' title='bbox 1824 5323 1894 5376; x_wconf 75' lang='lat'>20</span> <span class='ocrx_word' id='word_1_401' title='bbox 1915 5319 2040 5376; x_wconf 90' lang='lat' dir='ltr'><strong>dies</strong></span> 
     </span>
    </p>
   </div>
   <div class='ocr_carea' id='block_1_62' title="bbox 2136 563 3783 643">
    <p class='ocr_par' dir='ltr' id='par_1_62' title="bbox 2136 563 3783 643">
     <span class='ocr_line' id='line_1_62' title="bbox 2136 563 3783 643; baseline -0.013 -2"><span class='ocrx_word' id='word_1_402' title='bbox 2136 585 2432 643; x_wconf 87' lang='lat' dir='ltr'><strong>nominata</strong></span> <span class='ocrx_word' id='word_1_403' title='bbox 2464 597 2594 639; x_wconf 93' lang='lat' dir='ltr'><strong>cum</strong></span> <span class='ocrx_word' id='word_1_404' title='bbox 2647 584 2835 636; x_wconf 90' lang='lat' dir='ltr'><strong>turma</strong></span> <span class='ocrx_word' id='word_1_405' title='bbox 2871 571 3152 631; x_wconf 78' lang='lat' dir='ltr'><strong>Welfonis</strong></span> <span class='ocrx_word' id='word_1_406' title='bbox 3181 566 3350 624; x_wconf 88' lang='lat' dir='ltr'><strong>ducis</strong></span> <span class='ocrx_word' id='word_1_407' title='bbox 3399 563 3783 632; x_wconf 86' lang='lat' dir='ltr'><strong>exercituque</strong></span> 
     </span>
    </p>
   </div>
   <div class='ocr_carea' id='block_1_63' title="bbox 2133 651 3785 741">
    <p class='ocr_par' dir='ltr' id='par_1_63' title="bbox 2133 651 3785 741">
     <span class='ocr_line' id='line_1_63' title="bbox 2133 651 3785 741; baseline -0.013 -10"><span class='ocrx_word' id='word_1_408' title='bbox 2133 671 2491 741; x_wconf 79' lang='lat' dir='ltr'><strong>Willihelmi,</strong></span> <span class='ocrx_word' id='word_1_409' title='bbox 2539 667 2791 726; x_wconf 86' lang='lat' dir='ltr'><strong>diversis</strong></span> <span class='ocrx_word' id='word_1_410' title='bbox 2820 676 3048 736; x_wconf 88' lang='lat' dir='ltr'><strong>quoque</strong></span> <span class='ocrx_word' id='word_1_411' title='bbox 3101 657 3318 715; x_wconf 86' lang='lat' dir='ltr'><strong>cotidie</strong></span> <span class='ocrx_word' id='word_1_412' title='bbox 3351 651 3785 741; x_wconf 80' lang='lat' dir='ltr'><strong>conﬂuentibus</strong></span> 
     </span>
    </p>
   </div>
   <div class='ocr_carea' id='block_1_64' title="bbox 2135 740 3786 834">
    <p class='ocr_par' dir='ltr' id='par_1_64' title="bbox 2135 740 3786 834">
     <span class='ocr_line' id='line_1_64' title="bbox 2135 740 3786 834; baseline -0.016 -14"><span class='ocrx_word' id='word_1_413' title='bbox 2135 761 2338 834; x_wconf 86' lang='lat' dir='ltr'><strong>cepiis,</strong></span> <span class='ocrx_word' id='word_1_414' title='bbox 2391 740 2493 832; x_wconf 77' lang='lat' dir='ltr'><strong>per</strong></span> <span class='ocrx_word' id='word_1_415' title='bbox 2539 757 2666 812; x_wconf 90' lang='lat' dir='ltr'><strong>dies</strong></span> <span class='ocrx_word' id='word_1_416' title='bbox 2712 760 2778 810; x_wconf 78' lang='lat'><strong>15</strong></span> <span class='ocrx_word' id='word_1_417' title='bbox 2824 753 2895 808; x_wconf 89' lang='lat' dir='ltr'><strong>ad</strong></span> <span class='ocrx_word' id='word_1_418' title='bbox 2950 751 3160 805; x_wconf 89' lang='lat'>100000</span> <span class='ocrx_word' id='word_1_419' title='bbox 3187 743 3717 834; x_wconf 70' lang='lat' dir='ltr'><strong>congregabantur.</strong></span> <span class='ocrx_word' id='word_1_420' title='bbox 3751 740 3786 795; x_wconf 88' lang='lat' dir='ltr'><strong>E</strong></span> 
     </span>
    </p>
   </div>
   <div class='ocr_carea' id='block_1_65' title="bbox 2137 827 3785 923">
    <p class='ocr_par' dir='ltr' id='par_1_65' title="bbox 2137 827 3785 923">
     <span class='ocr_line' id='line_1_65' title="bbox 2137 827 3785 923; baseline -0.016 -14"><span class='ocrx_word' id='word_1_421' title='bbox 2137 827 2350 923; x_wconf 82' lang='lat' dir='ltr'><strong>quibus</strong></span> <span class='ocrx_word' id='word_1_422' title='bbox 2391 827 2666 904; x_wconf 76' lang='lat' dir='ltr'><strong>omnibus</strong></span> <span class='ocrx_word' id='word_1_423' title='bbox 2717 839 3076 910; x_wconf 78' lang='lat' dir='ltr'><strong>singularum</strong></span> <span class='ocrx_word' id='word_1_424' title='bbox 3112 840 3434 890; x_wconf 89' lang='lat' dir='ltr'><strong>turmarum</strong></span> <span class='ocrx_word' id='word_1_425' title='bbox 3487 827 3785 901; x_wconf 86' lang='lat' dir='ltr'><strong>principes</strong></span> 
     </span>
    </p>
   </div>
   <div class='ocr_carea' id='block_1_66' title="bbox 2138 919 3788 999">
    <p class='ocr_par' dir='ltr' id='par_1_66' title="bbox 2138 919 3788 999">
     <span class='ocr_line' id='line_1_66' title="bbox 2138 919 3788 999; baseline -0.015 -3"><span class='ocrx_word' id='word_1_426' title='bbox 2138 919 2377 996; x_wconf 54' lang='lat' dir='ltr'><strong>Alexius</strong></span> <span class='ocrx_word' id='word_1_427' title='bbox 2406 949 2564 992; x_wconf 87' lang='lat' dir='ltr'><strong>more</strong></span> <span class='ocrx_word' id='word_1_428' title='bbox 2599 948 2706 988; x_wconf 91' lang='lat' dir='ltr'><strong>suo</strong></span> <span class='ocrx_word' id='word_1_429' title='bbox 2740 931 2848 987; x_wconf 91' lang='lat' dir='ltr'><strong>sub</strong></span> <span class='ocrx_word' id='word_1_430' title='bbox 2880 923 3271 999; x_wconf 87' lang='lat' dir='ltr'><strong>appellatione</strong></span> <span class='ocrx_word' id='word_1_431' title='bbox 3304 919 3558 978; x_wconf 84' lang='lat' dir='ltr'><strong>ﬁliorum</strong></span> <span class='ocrx_word' id='word_1_432' title='bbox 3593 930 3788 974; x_wconf 86' lang='lat' dir='ltr'><strong>susce-</strong></span> 
     </span>
    </p>
   </div>
   <div class='ocr_carea' id='block_1_67' title="bbox 2140 1010 3786 1101">
    <p class='ocr_par' dir='ltr' id='par_1_67' title="bbox 2140 1010 3786 1101">
     <span class='ocr_line' id='line_1_67' title="bbox 2140 1010 3786 1101; baseline -0.015 -16"><span class='ocrx_word' id='word_1_433' title='bbox 2140 1029 2242 1101; x_wconf 88' lang='lat' dir='ltr'><strong>pit,</strong></span> <span class='ocrx_word' id='word_1_434' title='bbox 2259 1025 2594 1093; x_wconf 87' lang='lat' dir='ltr'><strong>eisdcmqne</strong></span> <span class='ocrx_word' id='word_1_435' title='bbox 2611 1024 2742 1094; x_wconf 88' lang='lat' dir='ltr'><strong>post</strong></span> <span class='ocrx_word' id='word_1_436' title='bbox 2767 1030 2972 1074; x_wconf 86' lang='lat' dir='ltr'><strong>manus</strong></span> <span class='ocrx_word' id='word_1_437' title='bbox 2997 1016 3270 1084; x_wconf 87' lang='lat' dir='ltr'><strong>acceptas</strong></span> <span class='ocrx_word' id='word_1_438' title='bbox 3301 1010 3786 1076; x_wconf 84' lang='lat' dir='ltr'><strong>sacramentaque</strong></span> 
     </span>
    </p>
   </div>
   <div class='ocr_carea' id='block_1_68' title="bbox 2139 1093 3791 1184">
    <p class='ocr_par' dir='ltr' id='par_1_68' title="bbox 2139 1093 3791 1184">
     <span class='ocr_line' id='line_1_68' title="bbox 2139 1093 3791 1184; baseline -0.015 -11"><span class='ocrx_word' id='word_1_439' title='bbox 2139 1093 2384 1184; x_wconf 81' lang='lat' dir='ltr'><strong>ﬁrmata,</strong></span> <span class='ocrx_word' id='word_1_440' title='bbox 2433 1093 2621 1169; x_wconf 86' lang='lat' dir='ltr'><strong>sicuti</strong></span> <span class='ocrx_word' id='word_1_441' title='bbox 2659 1107 2956 1182; x_wconf 88' lang='lat' dir='ltr'><strong>prioribus</strong></span> <span class='ocrx_word' id='word_1_442' title='bbox 2987 1101 3368 1169; x_wconf 80' lang='lat' dir='ltr'><strong>exercitibus,</strong></span> <span class='ocrx_word' id='word_1_443' title='bbox 3401 1109 3644 1153; x_wconf 90' lang='lat' dir='ltr'><strong>munera</strong></span> <span class='ocrx_word' id='word_1_444' title='bbox 3679 1093 3791 1150; x_wconf 89' lang='lat' dir='ltr'><strong>dis-</strong></span> 
     </span>
    </p>
   </div>
   <div class='ocr_carea' id='block_1_69' title="bbox 2138 1183 3790 1280">
    <p class='ocr_par' dir='ltr' id='par_1_69' title="bbox 2138 1183 3790 1280">
     <span class='ocr_line' id='line_1_69' title="bbox 2138 1183 3790 1280; baseline -0.016 -17"><span class='ocrx_word' id='word_1_445' title='bbox 2138 1204 2402 1280; x_wconf 88' lang='lat' dir='ltr'><strong>pertivit,</strong></span> <span class='ocrx_word' id='word_1_446' title='bbox 2439 1199 2795 1274; x_wconf 88' lang='lat' dir='ltr'><strong>pauperibus</strong></span> <span class='ocrx_word' id='word_1_447' title='bbox 2827 1208 2964 1250; x_wconf 90' lang='lat' dir='ltr'><strong>vero</strong></span> <span class='ocrx_word' id='word_1_448' title='bbox 2997 1196 3164 1248; x_wconf 84' lang='lat' dir='ltr'><strong>extra</strong></span> <span class='ocrx_word' id='word_1_449' title='bbox 3188 1189 3488 1246; x_wconf 88' lang='lat' dir='ltr'><strong>civitatem</strong></span> <span class='ocrx_word' id='word_1_450' title='bbox 3521 1183 3790 1240; x_wconf 89' lang='lat' dir='ltr'><strong>elemosi-</strong></span> 
     </span>
    </p>
   </div>
   <div class='ocr_carea' id='block_1_70' title="bbox 2141 1272 3793 1361">
    <p class='ocr_par' dir='ltr' id='par_1_70' title="bbox 2141 1272 3793 1361">
     <span class='ocr_line' id='line_1_70' title="bbox 2141 1272 3793 1361; baseline -0.015 -11"><span class='ocrx_word' id='word_1_451' title='bbox 2141 1272 2268 1350; x_wconf 80' lang='lat' dir='ltr'><strong>nam</strong></span> <span class='ocrx_word' id='word_1_452' title='bbox 2293 1272 2494 1361; x_wconf 36' lang='lat' dir='ltr'><strong>largi—ri</strong></span> <span class='ocrx_word' id='word_1_453' title='bbox 2519 1290 2958 1355; x_wconf 89' lang='lat' dir='ltr'><strong>mercatumque</strong></span> <span class='ocrx_word' id='word_1_454' title='bbox 2985 1279 3176 1353; x_wconf 84' lang='lat' dir='ltr'><strong>parari</strong></span> <span class='ocrx_word' id='word_1_455' title='bbox 3204 1274 3483 1350; x_wconf 89' lang='lat' dir='ltr'><strong>precepit.</strong></span> <span class='ocrx_word' id='word_1_456' title='bbox 3513 1274 3655 1329; x_wconf 84' lang='lat' dir='ltr'><strong>Nam</strong></span> <span class='ocrx_word' id='word_1_457' title='bbox 3697 1272 3793 1326; x_wconf 85' lang='lat' dir='ltr'><strong>ob-</strong></span> 
     </span>
    </p>
   </div>
   <div class='ocr_carea' id='block_1_71' title="bbox 2143 1360 3791 1449">
    <p class='ocr_par' dir='ltr' id='par_1_71' title="bbox 2143 1360 3791 1449">
     <span class='ocr_line' id='line_1_71' title="bbox 2143 1360 3791 1449; baseline -0.015 -11"><span class='ocrx_word' id='word_1_458' title='bbox 2143 1360 2787 1449; x_wconf 13' lang='lat' dir='ltr'><strong>sistenteisuspicicne,</strong></span> <span class='ocrx_word' id='word_1_459' title='bbox 2835 1367 3204 1444; x_wconf 90' lang='lat' dir='ltr'><strong>paucissimis</strong></span> <span class='ocrx_word' id='word_1_460' title='bbox 3239 1363 3524 1437; x_wconf 89' lang='lat' dir='ltr'><strong>personis,</strong></span> <span class='ocrx_word' id='word_1_461' title='bbox 3558 1365 3619 1416; x_wconf 91' lang='lat' dir='ltr'><strong>et</strong></span> <span class='ocrx_word' id='word_1_462' title='bbox 3654 1360 3791 1432; x_wconf 90' lang='lat' dir='ltr'><strong>ipsis</strong></span> 
     </span>
    </p>
   </div>
   <div class='ocr_carea' id='block_1_72' title="bbox 2143 1449 3793 1544">
    <p class='ocr_par' dir='ltr' id='par_1_72' title="bbox 2143 1449 3793 1544">
     <span class='ocr_line' id='line_1_72' title="bbox 2143 1449 3793 1544; baseline -0.013 -18"><span class='ocrx_word' id='word_1_463' title='bbox 2143 1470 2340 1544; x_wconf 87' lang='lat' dir='ltr'><strong>prccio</strong></span> <span class='ocrx_word' id='word_1_464' title='bbox 2392 1466 2730 1536; x_wconf 84' lang='lat' dir='ltr'><strong>furtimque,</strong></span> <span class='ocrx_word' id='word_1_465' title='bbox 2779 1460 3082 1532; x_wconf 84' lang='lat' dir='ltr'><strong>cujusdam</strong></span> <span class='ocrx_word' id='word_1_466' title='bbox 3133 1455 3296 1511; x_wconf 88' lang='lat' dir='ltr'><strong>urbis</strong></span> <span class='ocrx_word' id='word_1_467' title='bbox 3329 1452 3418 1510; x_wconf 84' lang='lat' dir='ltr'><strong>vel</strong></span> <span class='ocrx_word' id='word_1_468' title='bbox 3450 1449 3637 1508; x_wconf 85' lang='lat' dir='ltr'><strong>castri</strong></span> <span class='ocrx_word' id='word_1_469' title='bbox 3674 1449 3793 1504; x_wconf 83' lang='lat' dir='ltr'><strong>sive</strong></span> 
     </span>
    </p>
   </div>
   <div class='ocr_carea' id='block_1_73' title="bbox 2147 1539 3794 1627">
    <p class='ocr_par' dir='ltr' id='par_1_73' title="bbox 2147 1539 3794 1627">
     <span class='ocr_line' id='line_1_73' title="bbox 2147 1539 3794 1627; baseline -0.014 -12"><span class='ocrx_word' id='word_1_470' title='bbox 2147 1539 2488 1616; x_wconf 83' lang='lat' dir='ltr'><strong>munitionis</strong></span> <span class='ocrx_word' id='word_1_471' title='bbox 2513 1570 2616 1627; x_wconf 87' lang='lat' dir='ltr'><strong>per</strong></span> <span class='ocrx_word' id='word_1_472' title='bbox 2641 1557 2827 1608; x_wconf 90' lang='lat' dir='ltr'><strong>totum</strong></span> <span class='ocrx_word' id='word_1_473' title='bbox 2853 1547 3155 1620; x_wconf 89' lang='lat' dir='ltr'><strong>imperium</strong></span> <span class='ocrx_word' id='word_1_474' title='bbox 3187 1545 3314 1615; x_wconf 90' lang='lat' dir='ltr'><strong>ejus</strong></span> <span class='ocrx_word' id='word_1_475' title='bbox 3341 1539 3794 1614; x_wconf 87' lang='lat' dir='ltr'><strong>permittebatur</strong></span> 
     </span>
    </p>
   </div>
   <div class='ocr_carea' id='block_1_74' title="bbox 2147 1629 3792 1718">
    <p class='ocr_par' dir='ltr' id='par_1_74' title="bbox 2147 1629 3792 1718">
     <span class='ocr_line' id='line_1_74' title="bbox 2147 1629 3792 1718; baseline -0.014 -14"><span class='ocrx_word' id='word_1_476' title='bbox 2147 1649 2464 1718; x_wconf 74' lang='lat' dir='ltr'><strong>ingressus.</strong></span> <span class='ocrx_word' id='word_1_477' title='bbox 2514 1644 2634 1710; x_wconf 86' lang='lat' dir='ltr'><strong>Qua</strong></span> <span class='ocrx_word' id='word_1_478' title='bbox 2669 1641 2842 1696; x_wconf 88' lang='lat' dir='ltr'><strong>etiam</strong></span> <span class='ocrx_word' id='word_1_479' title='bbox 2876 1651 3055 1694; x_wconf 90' lang='lat' dir='ltr'><strong>causa</strong></span> <span class='ocrx_word' id='word_1_480' title='bbox 3081 1635 3216 1690; x_wconf 87' lang='lat' dir='ltr'><strong>dum</strong></span> <span class='ocrx_word' id='word_1_481' title='bbox 3245 1629 3638 1688; x_wconf 84' lang='lat' dir='ltr'><strong>Willihelmus</strong></span> <span class='ocrx_word' id='word_1_482' title='bbox 3667 1641 3792 1684; x_wconf 88' lang='lat' dir='ltr'><strong>cum</strong></span> 
     </span>
    </p>
   </div>
   <div class='ocr_carea' id='block_1_75' title="bbox 2147 1717 3795 1806">
    <p class='ocr_par' dir='ltr' id='par_1_75' title="bbox 2147 1717 3795 1806">
     <span class='ocr_line' id='line_1_75' title="bbox 2147 1717 3795 1806; baseline -0.015 -13"><span class='ocrx_word' id='word_1_483' title='bbox 2147 1717 2410 1793; x_wconf 85' lang='lat' dir='ltr'><strong>exercitu</strong></span> <span class='ocrx_word' id='word_1_484' title='bbox 2429 1730 2787 1806; x_wconf 88' lang='lat' dir='ltr'><strong>permediam</strong></span> <span class='ocrx_word' id='word_1_485' title='bbox 2805 1721 3420 1796; x_wconf 78' lang='lat' dir='ltr'><strong>Andrianopolim,qua</strong></span> <span class='ocrx_word' id='word_1_486' title='bbox 3435 1717 3598 1788; x_wconf 85' lang='lat' dir='ltr'><strong>regia</strong></span> <span class='ocrx_word' id='word_1_487' title='bbox 3612 1719 3795 1773; x_wconf 87' lang='lat' dir='ltr'><strong>strata</strong></span> 
     </span>
    </p>
   </div>
   <div class='ocr_carea' id='block_1_76' title="bbox 2067 1802 3795 1914">
    <p class='ocr_par' dir='ltr' id='par_1_76' title="bbox 2067 1802 3795 1914">
     <span class='ocr_line' id='line_1_76' title="bbox 2067 1802 3795 1914; baseline -0.015 -30"><span class='ocrx_word' id='word_1_488' title='bbox 2067 1854 2120 1914; x_wconf 78' lang='grc' dir='ltr'>Β</span> <span class='ocrx_word' id='word_1_489' title='bbox 2150 1825 2334 1894; x_wconf 87' lang='lat' dir='ltr'><strong>ducit,</strong></span> <span class='ocrx_word' id='word_1_490' title='bbox 2358 1802 2608 1878; x_wconf 85' lang='lat' dir='ltr'><strong>transire</strong></span> <span class='ocrx_word' id='word_1_491' title='bbox 2635 1817 3065 1891; x_wconf 88' lang='lat' dir='ltr'><strong>prohiberetur,</strong></span> <span class='ocrx_word' id='word_1_492' title='bbox 3093 1811 3366 1914; x_wconf 79' lang='lat' dir='ltr'><strong>Aquitani</strong></span> <span class='ocrx_word' id='word_1_493' title='bbox 3399 1822 3532 1863; x_wconf 84' lang='lat' dir='ltr'><strong>mox</strong></span> <span class='ocrx_word' id='word_1_494' title='bbox 3553 1802 3795 1914; x_wconf 56' lang='lat' dir='ltr'><strong>genLitali</strong></span> 
     </span>
    </p>
   </div>
   <div class='ocr_carea' id='block_1_77' title="bbox 2153 1893 3797 1977">
    <p class='ocr_par' dir='ltr' id='par_1_77' title="bbox 2153 1893 3797 1977">
     <span class='ocr_line' id='line_1_77' title="bbox 2153 1893 3797 1977; baseline -0.013 -8"><span class='ocrx_word' id='word_1_495' title='bbox 2153 1916 2547 1969; x_wconf 88' lang='lat' dir='ltr'><strong>tumescentes</strong></span> <span class='ocrx_word' id='word_1_496' title='bbox 2582 1910 2752 1977; x_wconf 86' lang='lat' dir='ltr'><strong>fastu,</strong></span> <span class='ocrx_word' id='word_1_497' title='bbox 2779 1903 3026 1962; x_wconf 81' lang='lat' dir='ltr'><strong>siinbola</strong></span> <span class='ocrx_word' id='word_1_498' title='bbox 3046 1899 3430 1967; x_wconf 90' lang='lat' dir='ltr'><strong>conclamant,</strong></span> <span class='ocrx_word' id='word_1_499' title='bbox 3459 1893 3797 1952; x_wconf 88' lang='lat' dir='ltr'><strong>suburbana</strong></span> 
     </span>
    </p>
   </div>
   <div class='ocr_carea' id='block_1_78' title="bbox 2150 1983 3798 2066">
    <p class='ocr_par' dir='ltr' id='par_1_78' title="bbox 2150 1983 3798 2066">
     <span class='ocr_line' id='line_1_78' title="bbox 2150 1983 3798 2066; baseline -0.014 -7"><span class='ocrx_word' id='word_1_500' title='bbox 2150 1987 3342 2066; x_wconf 86' lang='lat' dir='ltr'><strong>succendunt,civitateminvadunt,cujus</strong></span> <span class='ocrx_word' id='word_1_501' title='bbox 3374 1983 3798 2057; x_wconf 81' lang='lat' dir='ltr'><strong>oppugnationi</strong></span> 
     </span>
    </p>
   </div>
   <div class='ocr_carea' id='block_1_79' title="bbox 2151 2070 3797 2153">
    <p class='ocr_par' dir='ltr' id='par_1_79' title="bbox 2151 2070 3797 2153">
     <span class='ocr_line' id='line_1_79' title="bbox 2151 2070 3797 2153; baseline -0.014 -4"><span class='ocrx_word' id='word_1_502' title='bbox 2151 2091 2284 2148; x_wconf 91' lang='lat' dir='ltr'><strong>dum</strong></span> <span class='ocrx_word' id='word_1_503' title='bbox 2309 2090 2528 2146; x_wconf 89' lang='lat' dir='ltr'><strong>acriter</strong></span> <span class='ocrx_word' id='word_1_504' title='bbox 2551 2086 2844 2153; x_wconf 89' lang='lat' dir='ltr'><strong>insistunt,</strong></span> <span class='ocrx_word' id='word_1_505' title='bbox 2863 2081 3298 2137; x_wconf 77' lang='lat' dir='ltr'><strong>Pincinatorum</strong></span> <span class='ocrx_word' id='word_1_506' title='bbox 3321 2073 3672 2142; x_wconf 83' lang='lat' dir='ltr'><strong>exercitum,</strong></span> <span class='ocrx_word' id='word_1_507' title='bbox 3701 2070 3797 2143; x_wconf 89' lang='lat' dir='ltr'><strong>qui</strong></span> 
     </span>
    </p>
   </div>
   <div class='ocr_carea' id='block_1_80' title="bbox 2151 2159 3802 2251">
    <p class='ocr_par' dir='ltr' id='par_1_80' title="bbox 2151 2159 3802 2251">
     <span class='ocr_line' id='line_1_80' title="bbox 2151 2159 3802 2251; baseline -0.013 -14"><span class='ocrx_word' id='word_1_508' title='bbox 2151 2195 2400 2251; x_wconf 88' lang='lat' dir='ltr'><strong>semper,</strong></span> <span class='ocrx_word' id='word_1_509' title='bbox 2428 2182 2490 2233; x_wconf 90' lang='lat' dir='ltr'><strong>ut</strong></span> <span class='ocrx_word' id='word_1_510' title='bbox 2521 2174 2864 2248; x_wconf 87' lang='lat' dir='ltr'><strong>premissum</strong></span> <span class='ocrx_word' id='word_1_511' title='bbox 2889 2174 3000 2241; x_wconf 79' lang='lat' dir='ltr'><strong>est,</strong></span> <span class='ocrx_word' id='word_1_512' title='bbox 3029 2169 3141 2224; x_wconf 90' lang='lat' dir='ltr'><strong>iter</strong></span> <span class='ocrx_word' id='word_1_513' title='bbox 3161 2164 3538 2239; x_wconf 88' lang='lat' dir='ltr'><strong>ipsumjussu</strong></span> <span class='ocrx_word' id='word_1_514' title='bbox 3562 2159 3802 2218; x_wconf 62' lang='lat' dir='ltr'><strong>cresaris</strong></span> 
     </span>
    </p>
   </div>
   <div class='ocr_carea' id='block_1_81' title="bbox 2149 2249 3798 2338">
    <p class='ocr_par' dir='ltr' id='par_1_81' title="bbox 2149 2249 3798 2338">
     <span class='ocr_line' id='line_1_81' title="bbox 2149 2249 3798 2338; baseline -0.016 -10"><span class='ocrx_word' id='word_1_515' title='bbox 2149 2249 2444 2338; x_wconf 79' lang='lat' dir='ltr'><strong>observat,</strong></span> <span class='ocrx_word' id='word_1_516' title='bbox 2483 2280 2511 2320; x_wconf 91' lang='lat' dir='ltr'><strong>a</strong></span> <span class='ocrx_word' id='word_1_517' title='bbox 2554 2269 2720 2332; x_wconf 80' lang='lat' dir='ltr'><strong>tergo</strong></span> <span class='ocrx_word' id='word_1_518' title='bbox 2771 2258 3138 2331; x_wconf 87' lang='lat' dir='ltr'><strong>suscipiunt;</strong></span> <span class='ocrx_word' id='word_1_519' title='bbox 3201 2255 3413 2326; x_wconf 89' lang='lat' dir='ltr'><strong>quibus</strong></span> <span class='ocrx_word' id='word_1_520' title='bbox 3470 2249 3798 2321; x_wconf 81' lang='lat' dir='ltr'><strong>congressi,</strong></span> 
     </span>
    </p>
   </div>
   <div class='ocr_carea' id='block_1_82' title="bbox 2149 2339 3803 2422">
    <p class='ocr_par' dir='ltr' id='par_1_82' title="bbox 2149 2339 3803 2422">
     <span class='ocr_line' id='line_1_82' title="bbox 2149 2339 3803 2422; baseline -0.014 -7"><span class='ocrx_word' id='word_1_521' title='bbox 2149 2358 2364 2414; x_wconf 88' lang='lat' dir='ltr'><strong>multos</strong></span> <span class='ocrx_word' id='word_1_522' title='bbox 2397 2357 2690 2422; x_wconf 87' lang='lat' dir='ltr'><strong>sternunt,</strong></span> <span class='ocrx_word' id='word_1_523' title='bbox 2733 2348 2948 2406; x_wconf 89' lang='lat' dir='ltr'><strong>multos</strong></span> <span class='ocrx_word' id='word_1_524' title='bbox 2982 2345 3276 2414; x_wconf 90' lang='lat' dir='ltr'><strong>amittunt,</strong></span> <span class='ocrx_word' id='word_1_525' title='bbox 3305 2340 3544 2398; x_wconf 87' lang='lat' dir='ltr'><strong>tandem</strong></span> <span class='ocrx_word' id='word_1_526' title='bbox 3575 2339 3669 2395; x_wconf 87' lang='lat' dir='ltr'><strong>via</strong></span> <span class='ocrx_word' id='word_1_527' title='bbox 3699 2339 3803 2394; x_wconf 87' lang='lat' dir='ltr'><strong>dn-</strong></span> 
     </span>
    </p>
   </div>
   <div class='ocr_carea' id='block_1_83' title="bbox 2150 2429 3804 2514">
    <p class='ocr_par' dir='ltr' id='par_1_83' title="bbox 2150 2429 3804 2514">
     <span class='ocr_line' id='line_1_83' title="bbox 2150 2429 3804 2514; baseline -0.014 -9"><span class='ocrx_word' id='word_1_528' title='bbox 2150 2449 2284 2505; x_wconf 90' lang='lat' dir='ltr'><strong>dum</strong></span> <span class='ocrx_word' id='word_1_529' title='bbox 2319 2448 2654 2514; x_wconf 88' lang='lat' dir='ltr'><strong>contempta</strong></span> <span class='ocrx_word' id='word_1_530' title='bbox 2682 2440 2923 2496; x_wconf 88' lang='lat' dir='ltr'><strong>vadunt.</strong></span> <span class='ocrx_word' id='word_1_531' title='bbox 2950 2436 3132 2506; x_wconf 82' lang='lat' dir='ltr'><strong>Igitur</strong></span> <span class='ocrx_word' id='word_1_532' title='bbox 3167 2438 3327 2488; x_wconf 90' lang='lat' dir='ltr'><strong>totus</strong></span> <span class='ocrx_word' id='word_1_533' title='bbox 3361 2429 3458 2484; x_wconf 89' lang='lat' dir='ltr'><strong>ille</strong></span> <span class='ocrx_word' id='word_1_534' title='bbox 3483 2433 3804 2497; x_wconf 87' lang='lat' dir='ltr'><strong>tantusque</strong></span> 
     </span>
    </p>
   </div>
   <div class='ocr_carea' id='block_1_84' title="bbox 2150 2517 3804 2608">
    <p class='ocr_par' dir='ltr' id='par_1_84' title="bbox 2150 2517 3804 2608">
     <span class='ocr_line' id='line_1_84' title="bbox 2150 2517 3804 2608; baseline -0.015 -15"><span class='ocrx_word' id='word_1_535' title='bbox 2150 2533 2404 2608; x_wconf 85' lang='lat' dir='ltr'><strong>pepnlus</strong></span> <span class='ocrx_word' id='word_1_536' title='bbox 2429 2547 2530 2604; x_wconf 86' lang='lat' dir='ltr'><strong>per</strong></span> <span class='ocrx_word' id='word_1_537' title='bbox 2548 2528 2880 2586; x_wconf 83' lang='lat' dir='ltr'><strong>Romaniam</strong></span> <span class='ocrx_word' id='word_1_538' title='bbox 2906 2527 3018 2580; x_wconf 91' lang='lat' dir='ltr'><strong>iter</strong></span> <span class='ocrx_word' id='word_1_539' title='bbox 3042 2522 3296 2592; x_wconf 75' lang='lat' dir='ltr'><strong>dirigere</strong></span> <span class='ocrx_word' id='word_1_540' title='bbox 3317 2517 3691 2590; x_wconf 87' lang='lat' dir='ltr'><strong>disponebat,</strong></span> <span class='ocrx_word' id='word_1_541' title='bbox 3707 2529 3804 2569; x_wconf 89' lang='lat' dir='ltr'><strong>ne-</strong></span> 
     </span>
    </p>
   </div>
   <div class='ocr_carea' id='block_1_85' title="bbox 2150 2602 3806 2688">
    <p class='ocr_par' dir='ltr' id='par_1_85' title="bbox 2150 2602 3806 2688">
     <span class='ocr_line' id='line_1_85' title="bbox 2150 2602 3806 2688; baseline -0.013 -10"><span class='ocrx_word' id='word_1_542' title='bbox 2150 2602 2406 2680; x_wconf 75' lang='lat' dir='ltr'><strong>cessaria</strong></span> <span class='ocrx_word' id='word_1_543' title='bbox 2429 2602 2552 2674; x_wconf 40' lang='lat' dir='ltr'><strong>_sibi</strong></span> <span class='ocrx_word' id='word_1_544' title='bbox 2587 2617 2835 2688; x_wconf 87' lang='lat' dir='ltr'><strong>quisque</strong></span> <span class='ocrx_word' id='word_1_545' title='bbox 2865 2628 2967 2685; x_wconf 90' lang='lat' dir='ltr'><strong>per</strong></span> <span class='ocrx_word' id='word_1_546' title='bbox 2999 2611 3232 2666; x_wconf 85' lang='lat' dir='ltr'><strong>deserta</strong></span> <span class='ocrx_word' id='word_1_547' title='bbox 3263 2606 3568 2664; x_wconf 88' lang='lat' dir='ltr'><strong>coemebat</strong></span> <span class='ocrx_word' id='word_1_548' title='bbox 3596 2621 3611 2669; x_wconf 85' lang='lat'><strong>;</strong></span> <span class='ocrx_word' id='word_1_549' title='bbox 3647 2602 3806 2660; x_wconf 88' lang='lat' dir='ltr'><strong>ultra</strong></span> 
     </span>
    </p>
   </div>
   <div class='ocr_carea' id='block_1_86' title="bbox 2155 2693 3802 2774">
    <p class='ocr_par' dir='ltr' id='par_1_86' title="bbox 2155 2693 3802 2774">
     <span class='ocr_line' id='line_1_86' title="bbox 2155 2693 3802 2774; baseline -0.013 -6"><span class='ocrx_word' id='word_1_550' title='bbox 2155 2711 2390 2768; x_wconf 89' lang='lat' dir='ltr'><strong>bracbiu</strong></span> <span class='ocrx_word' id='word_1_551' title='bbox 2404 2725 2451 2764; x_wconf 84' lang='lat' dir='ltr'><strong>in</strong></span> <span class='ocrx_word' id='word_1_552' title='bbox 2479 2707 2615 2764; x_wconf 89' lang='lat' dir='ltr'><strong>illud</strong></span> <span class='ocrx_word' id='word_1_553' title='bbox 2635 2705 2810 2761; x_wconf 87' lang='lat' dir='ltr'><strong>maris</strong></span> <span class='ocrx_word' id='word_1_554' title='bbox 2826 2702 2980 2774; x_wconf 90' lang='lat' dir='ltr'><strong>quod</strong></span> <span class='ocrx_word' id='word_1_555' title='bbox 2997 2699 3190 2756; x_wconf 87' lang='lat' dir='ltr'><strong>Sancti</strong></span> <span class='ocrx_word' id='word_1_556' title='bbox 3205 2695 3435 2766; x_wconf 83' lang='lat' dir='ltr'><strong>Georgii</strong></span> <span class='ocrx_word' id='word_1_557' title='bbox 3453 2693 3592 2750; x_wconf 88' lang='lat' dir='ltr'><strong>dicit</strong></span> <span class='ocrx_word' id='word_1_558' title='bbox 3605 2707 3674 2749; x_wconf 91' lang='lat' dir='ltr'><strong>ur</strong></span> <span class='ocrx_word' id='word_1_559' title='bbox 3687 2697 3802 2748; x_wconf 88' lang='lat' dir='ltr'><strong>tam</strong></span> 
     </span>
    </p>
   </div>
   <div class='ocr_carea' id='block_1_87' title="bbox 2152 2781 3806 2871">
    <p class='ocr_par' dir='ltr' id='par_1_87' title="bbox 2152 2781 3806 2871">
     <span class='ocr_line' id='line_1_87' title="bbox 2152 2781 3806 2871; baseline -0.014 -14"><span class='ocrx_word' id='word_1_560' title='bbox 2152 2798 2435 2871; x_wconf 72' lang='lat' dir='ltr'><strong>compulsi</strong></span> <span class='ocrx_word' id='word_1_561' title='bbox 2482 2811 2649 2868; x_wconf 90' lang='lat' dir='ltr'><strong>quam</strong></span> <span class='ocrx_word' id='word_1_562' title='bbox 2685 2789 3000 2849; x_wconf 87' lang='lat' dir='ltr'><strong>voluntarii</strong></span> <span class='ocrx_word' id='word_1_563' title='bbox 3037 2786 3488 2853; x_wconf 88' lang='lat' dir='ltr'><strong>transvehimnr,</strong></span> <span class='ocrx_word' id='word_1_564' title='bbox 3524 2783 3626 2838; x_wconf 90' lang='lat' dir='ltr'><strong>sed</strong></span> <span class='ocrx_word' id='word_1_565' title='bbox 3662 2781 3806 2836; x_wconf 85' lang='lat' dir='ltr'><strong>coti-</strong></span> 
     </span>
    </p>
   </div>
   <div class='ocr_carea' id='block_1_88' title="bbox 2152 2870 3808 2958">
    <p class='ocr_par' dir='ltr' id='par_1_88' title="bbox 2152 2870 3808 2958">
     <span class='ocr_line' id='line_1_88' title="bbox 2152 2870 3808 2958; baseline -0.011 -14"><span class='ocrx_word' id='word_1_566' title='bbox 2152 2870 2306 2944; x_wconf 89' lang='lat' dir='ltr'><strong>diani</strong></span> <span class='ocrx_word' id='word_1_567' title='bbox 2359 2885 2682 2958; x_wconf 89' lang='lat' dir='ltr'><strong>principum</strong></span> <span class='ocrx_word' id='word_1_568' title='bbox 2713 2884 3055 2948; x_wconf 87' lang='lat' dir='ltr'><strong>conventus,</strong></span> <span class='ocrx_word' id='word_1_569' title='bbox 3110 2875 3406 2934; x_wconf 89' lang='lat' dir='ltr'><strong>cotidiana</strong></span> <span class='ocrx_word' id='word_1_570' title='bbox 3441 2873 3618 2928; x_wconf 89' lang='lat' dir='ltr'><strong>etiam</strong></span> <span class='ocrx_word' id='word_1_571' title='bbox 3651 2870 3808 2941; x_wconf 87' lang='lat' dir='ltr'><strong>ipso—</strong></span> 
     </span>
    </p>
   </div>
   <div class='ocr_carea' id='block_1_89' title="bbox 2156 2959 3807 3044">
    <p class='ocr_par' dir='ltr' id='par_1_89' title="bbox 2156 2959 3807 3044">
     <span class='ocr_line' id='line_1_89' title="bbox 2156 2959 3807 3044; baseline -0.013 -10"><span class='ocrx_word' id='word_1_572' title='bbox 2156 2993 2277 3034; x_wconf 90' lang='lat' dir='ltr'><strong>rum</strong></span> <span class='ocrx_word' id='word_1_573' title='bbox 2311 2990 2438 3030; x_wconf 91' lang='lat' dir='ltr'><strong>cum</strong></span> <span class='ocrx_word' id='word_1_574' title='bbox 2466 2974 2816 3044; x_wconf 85' lang='lat' dir='ltr'><strong>imperatore</strong></span> <span class='ocrx_word' id='word_1_575' title='bbox 2847 2966 3138 3038; x_wconf 90' lang='lat' dir='ltr'><strong>colloquia</strong></span> <span class='ocrx_word' id='word_1_576' title='bbox 3163 2978 3334 3036; x_wconf 89' lang='lat' dir='ltr'><strong>quem</strong></span> <span class='ocrx_word' id='word_1_577' title='bbox 3361 2963 3530 3016; x_wconf 87' lang='lat' dir='ltr'><strong>ﬁnem</strong></span> <span class='ocrx_word' id='word_1_578' title='bbox 3566 2960 3686 3015; x_wconf 88' lang='lat' dir='ltr'><strong>sint</strong></span> <span class='ocrx_word' id='word_1_579' title='bbox 3706 2959 3807 3013; x_wconf 87' lang='lat' dir='ltr'><strong>ha-</strong></span> 
     </span>
    </p>
   </div>
   <div class='ocr_carea' id='block_1_90' title="bbox 2155 3047 3806 3134">
    <p class='ocr_par' dir='ltr' id='par_1_90' title="bbox 2155 3047 3806 3134">
     <span class='ocr_line' id='line_1_90' title="bbox 2155 3047 3806 3134; baseline -0.012 -14"><span class='ocrx_word' id='word_1_580' title='bbox 2155 3065 2366 3132; x_wconf 88' lang='lat' dir='ltr'><strong>bitura,</strong></span> <span class='ocrx_word' id='word_1_581' title='bbox 2403 3059 2638 3134; x_wconf 89' lang='lat' dir='ltr'><strong>penduli</strong></span> <span class='ocrx_word' id='word_1_582' title='bbox 2693 3057 2864 3113; x_wconf 89' lang='lat' dir='ltr'><strong>nimis</strong></span> <span class='ocrx_word' id='word_1_583' title='bbox 2894 3055 3212 3128; x_wconf 91' lang='lat' dir='ltr'><strong>operimur.</strong></span> <span class='ocrx_word' id='word_1_584' title='bbox 3273 3050 3382 3107; x_wconf 82' lang='lat' dir='ltr'><strong>Sed</strong></span> <span class='ocrx_word' id='word_1_585' title='bbox 3432 3063 3573 3106; x_wconf 90' lang='lat' dir='ltr'><strong>ecce</strong></span> <span class='ocrx_word' id='word_1_586' title='bbox 3605 3047 3806 3104; x_wconf 87' lang='lat' dir='ltr'><strong>subito</strong></span> 
     </span>
    </p>
   </div>
   <div class='ocr_carea' id='block_1_91' title="bbox 2149 3138 3802 3214">
    <p class='ocr_par' dir='ltr' id='par_1_91' title="bbox 2149 3138 3802 3214">
     <span class='ocr_line' id='line_1_91' title="bbox 2149 3138 3802 3214; baseline -0.012 -4"><span class='ocrx_word' id='word_1_587' title='bbox 2149 3167 2410 3210; x_wconf 91' lang='lat' dir='ltr'><strong>murmur</strong></span> <span class='ocrx_word' id='word_1_588' title='bbox 2431 3149 2698 3206; x_wconf 90' lang='lat' dir='ltr'><strong>exoritur</strong></span> <span class='ocrx_word' id='word_1_589' title='bbox 2722 3145 2988 3214; x_wconf 83' lang='lat' dir='ltr'><strong>invisum,</strong></span> <span class='ocrx_word' id='word_1_590' title='bbox 3013 3144 3424 3214; x_wconf 89' lang='lat' dir='ltr'><strong>imperatorem</strong></span> <span class='ocrx_word' id='word_1_591' title='bbox 3437 3138 3802 3194; x_wconf 87' lang='lat' dir='ltr'><strong>Thurcorum</strong></span> 
     </span>
    </p>
   </div>
   <div class='ocr_carea' id='block_1_92' title="bbox 2151 3225 3802 3315">
    <p class='ocr_par' dir='ltr' id='par_1_92' title="bbox 2151 3225 3802 3315">
     <span class='ocr_line' id='line_1_92' title="bbox 2151 3225 3802 3315; baseline -0.012 -15"><span class='ocrx_word' id='word_1_592' title='bbox 2151 3243 2347 3315; x_wconf 89' lang='lat' dir='ltr'><strong>potius</strong></span> <span class='ocrx_word' id='word_1_593' title='bbox 2364 3255 2533 3312; x_wconf 88' lang='lat' dir='ltr'><strong>quam</strong></span> <span class='ocrx_word' id='word_1_594' title='bbox 2563 3237 3027 3292; x_wconf 89' lang='lat' dir='ltr'><strong>Christianorum</strong></span> <span class='ocrx_word' id='word_1_595' title='bbox 3049 3231 3200 3305; x_wconf 88' lang='lat' dir='ltr'><strong>parti</strong></span> <span class='ocrx_word' id='word_1_596' title='bbox 3216 3231 3432 3298; x_wconf 87' lang='lat' dir='ltr'><strong>favere,</strong></span> <span class='ocrx_word' id='word_1_597' title='bbox 3448 3225 3802 3298; x_wconf 82' lang='lat' dir='ltr'><strong>exploratis-</strong></span> 
     </span>
    </p>
   </div>
   <div class='ocr_carea' id='block_1_93' title="bbox 2149 3315 3806 3402">
    <p class='ocr_par' dir='ltr' id='par_1_93' title="bbox 2149 3315 3806 3402">
     <span class='ocr_line' id='line_1_93' title="bbox 2149 3315 3806 3402; baseline -0.012 -16"><span class='ocrx_word' id='word_1_598' title='bbox 2149 3345 2258 3402; x_wconf 90' lang='lat' dir='ltr'><strong>que</strong></span> <span class='ocrx_word' id='word_1_599' title='bbox 2283 3343 2410 3399; x_wconf 68' lang='lat' dir='ltr'><strong>quaa</strong></span> <span class='ocrx_word' id='word_1_600' title='bbox 2429 3326 2584 3382; x_wconf 87' lang='lat' dir='ltr'><strong>circa</strong></span> <span class='ocrx_word' id='word_1_601' title='bbox 2609 3340 2716 3380; x_wconf 89' lang='lat' dir='ltr'><strong>nos</strong></span> <span class='ocrx_word' id='word_1_602' title='bbox 2762 3327 2952 3392; x_wconf 88' lang='lat' dir='ltr'><strong>erant,</strong></span> <span class='ocrx_word' id='word_1_603' title='bbox 2983 3319 3390 3390; x_wconf 87' lang='lat' dir='ltr'><strong>frequentibus</strong></span> <span class='ocrx_word' id='word_1_604' title='bbox 3411 3315 3544 3372; x_wconf 89' lang='lat' dir='ltr'><strong>illos</strong></span> <span class='ocrx_word' id='word_1_605' title='bbox 3597 3317 3806 3370; x_wconf 90' lang='lat' dir='ltr'><strong>contra</strong></span> 
     </span>
    </p>
   </div>
   <div class='ocr_carea' id='block_1_94' title="bbox 2149 3401 3816 3478">
    <p class='ocr_par' dir='ltr' id='par_1_94' title="bbox 2149 3401 3816 3478">
     <span class='ocr_line' id='line_1_94' title="bbox 2149 3401 3816 3478; baseline -0.011 -4"><span class='ocrx_word' id='word_1_606' title='bbox 2149 3401 2256 3474; x_wconf 87' lang='lat' dir='ltr'><strong>nos</strong></span> <span class='ocrx_word' id='word_1_607' title='bbox 2286 3415 2513 3472; x_wconf 90' lang='lat' dir='ltr'><strong>nunciis</strong></span> <span class='ocrx_word' id='word_1_608' title='bbox 2537 3413 2811 3470; x_wconf 86' lang='lat' dir='ltr'><strong>animare.</strong></span> <span class='ocrx_word' id='word_1_609' title='bbox 2838 3409 2959 3468; x_wconf 79' lang='lat' dir='ltr'><strong>Hie</strong></span> <span class='ocrx_word' id='word_1_610' title='bbox 2983 3406 3384 3478; x_wconf 76' lang='lat' dir='ltr'><strong>est,inquiunt,</strong></span> <span class='ocrx_word' id='word_1_611' title='bbox 3405 3403 3675 3476; x_wconf 67' lang='lat' dir='ltr'><strong>perﬁdus</strong></span> <span class='ocrx_word' id='word_1_612' title='bbox 3704 3401 3816 3456; x_wconf 79' lang='lat' dir='ltr'><strong>ille</strong></span> 
     </span>
    </p>
   </div>
   <div class='ocr_carea' id='block_1_95' title="bbox 2153 3493 3818 3575">
    <p class='ocr_par' dir='ltr' id='par_1_95' title="bbox 2153 3493 3818 3575">
     <span class='ocr_line' id='line_1_95' title="bbox 2153 3493 3818 3575; baseline -0.01 -13"><span class='ocrx_word' id='word_1_613' title='bbox 2153 3507 2420 3574; x_wconf 62' lang='lat' dir='ltr'><strong>Alexius,</strong></span> <span class='ocrx_word' id='word_1_614' title='bbox 2439 3503 2566 3575; x_wconf 74' lang='lat' dir='ltr'><strong>qui,</strong></span> <span class='ocrx_word' id='word_1_615' title='bbox 2589 3503 2822 3558; x_wconf 69' lang='lat' dir='ltr'><strong>domino</strong></span> <span class='ocrx_word' id='word_1_616' title='bbox 2850 3513 2954 3558; x_wconf 81' lang='lat' dir='ltr'><strong>suo</strong></span> <span class='ocrx_word' id='word_1_617' title='bbox 2981 3495 3318 3555; x_wconf 74' lang='lat' dir='ltr'><strong>Michaheli</strong></span> <span class='ocrx_word' id='word_1_618' title='bbox 3345 3493 3555 3566; x_wconf 67' lang='grc' dir='ltr'><strong>¹⁶⁹⁰ρεν</strong></span> <span class='ocrx_word' id='word_1_619' title='bbox 3575 3503 3818 3563; x_wconf 65' lang='lat' dir='ltr'><strong>quaram</strong></span> 
     </span>
    </p>
   </div>
   <div class='ocr_carea' id='block_1_96' title="bbox 2153 3579 3819 3654">
    <p class='ocr_par' dir='ltr' id='par_1_96' title="bbox 2153 3579 3819 3654">
     <span class='ocr_line' id='line_1_96' title="bbox 2153 3579 3819 3654; baseline -0.012 0"><span class='ocrx_word' id='word_1_620' title='bbox 2153 3595 2291 3654; x_wconf 84' lang='lat' dir='ltr'><strong>dam</strong></span> <span class='ocrx_word' id='word_1_621' title='bbox 2319 3595 2792 3652; x_wconf 77' lang='lat' dir='ltr'><strong>Alamannorum</strong></span> <span class='ocrx_word' id='word_1_622' title='bbox 2821 3587 3328 3646; x_wconf 73' lang='lat' dir='ltr'><strong>oonducticz‘orum</strong></span> <span class='ocrx_word' id='word_1_623' title='bbox 3370 3581 3682 3640; x_wconf 64' lang='lat' dir='ltr'><strong>auxilium</strong></span> <span class='ocrx_word' id='word_1_624' title='bbox 3722 3579 3819 3634; x_wconf 72' lang='grc' dir='ltr'><strong><em>(ἰε-</em></strong></span> 
     </span>
    </p>
   </div>
   <div class='ocr_carea' id='block_1_97' title="bbox 2144 3669 3816 3758">
    <p class='ocr_par' dir='ltr' id='par_1_97' title="bbox 2144 3669 3816 3758">
     <span class='ocr_line' id='line_1_97' title="bbox 2144 3669 3816 3758; baseline -0.011 -16"><span class='ocrx_word' id='word_1_625' title='bbox 2144 3686 2340 3758; x_wconf 76' lang='lat' dir='ltr'><strong>pulso,</strong></span> <span class='ocrx_word' id='word_1_626' title='bbox 2367 3680 2712 3753; x_wconf 66' lang='lat' dir='ltr'><strong>~a&#39;mpom’zmz</strong></span> <span class='ocrx_word' id='word_1_627' title='bbox 2756 3677 2849 3751; x_wconf 65' lang='lat'><strong>:“1</strong></span> <span class='ocrx_word' id='word_1_628' title='bbox 2871 3680 3004 3750; x_wconf 85' lang='lat' dir='ltr'><strong>ejus</strong></span> <span class='ocrx_word' id='word_1_629' title='bbox 3041 3672 3380 3746; x_wconf 69' lang='lat' dir='ltr'><strong>usurpavit.</strong></span> <span class='ocrx_word' id='word_1_630' title='bbox 3415 3672 3694 3744; x_wconf 75' lang='lat' dir='ltr'><strong>ipsosque</strong></span> <span class='ocrx_word' id='word_1_631' title='bbox 3712 3669 3816 3724; x_wconf 78' lang='lat' dir='ltr'><strong>sui</strong></span> 
     </span>
    </p>
   </div>
   <div class='ocr_carea' id='block_1_98' title="bbox 2152 3757 3818 3840">
    <p class='ocr_par' dir='ltr' id='par_1_98' title="bbox 2152 3757 3818 3840">
     <span class='ocr_line' id='line_1_98' title="bbox 2152 3757 3818 3840; baseline -0.012 -8"><span class='ocrx_word' id='word_1_632' title='bbox 2152 3757 2392 3832; x_wconf 75' lang='lat' dir='ltr'><strong>sceleris</strong></span> <span class='ocrx_word' id='word_1_633' title='bbox 2423 3769 2823 3840; x_wconf 75' lang='lat' dir='ltr'><strong>cooperatores</strong></span> <span class='ocrx_word' id='word_1_634' title='bbox 2855 3766 3040 3822; x_wconf 66' lang='lat' dir='ltr'><strong>exilio</strong></span> <span class='ocrx_word' id='word_1_635' title='bbox 3071 3763 3380 3821; x_wconf 75' lang='lat' dir='ltr'><strong>damnatos</strong></span> <span class='ocrx_word' id='word_1_636' title='bbox 3410 3757 3818 3830; x_wconf 68' lang='lat' dir='ltr'><strong>necarifecit;</strong></span> 
     </span>
    </p>
   </div>
   <div class='ocr_carea' id='block_1_99' title="bbox 2151 3846 3813 3932">
    <p class='ocr_par' dir='ltr' id='par_1_99' title="bbox 2151 3846 3813 3932">
     <span class='ocr_line' id='line_1_99' title="bbox 2151 3846 3813 3932; baseline -0.011 -13"><span class='ocrx_word' id='word_1_637' title='bbox 2151 3872 2494 3932; x_wconf 75' lang='lat' dir='ltr'><strong>uunoquese</strong></span> <span class='ocrx_word' id='word_1_638' title='bbox 2518 3857 2675 3914; x_wconf 73' lang='lat' dir='ltr'><strong>tanti</strong></span> <span class='ocrx_word' id='word_1_639' title='bbox 2689 3857 2906 3928; x_wconf 83' lang='lat' dir='ltr'><strong>facere</strong></span> <span class='ocrx_word' id='word_1_640' title='bbox 2928 3853 3080 3910; x_wconf 75' lang='lat' dir='ltr'><strong>dicit</strong></span> <span class='ocrx_word' id='word_1_641' title='bbox 3109 3851 3363 3908; x_wconf 70' lang='lat' dir='ltr'><strong>Franws</strong></span> <span class='ocrx_word' id='word_1_642' title='bbox 3389 3861 3524 3906; x_wconf 83' lang='lat' dir='ltr'><strong>cum</strong></span> <span class='ocrx_word' id='word_1_643' title='bbox 3557 3846 3813 3903; x_wconf 73' lang='lat' dir='ltr'><strong>Tha-rcis</strong></span> 
     </span>
    </p>
   </div>
   <div class='ocr_carea' id='block_1_100' title="bbox 2147 3935 3810 4025">
    <p class='ocr_par' dir='ltr' id='par_1_100' title="bbox 2147 3935 3810 4025">
     <span class='ocr_line' id='line_1_100' title="bbox 2147 3935 3810 4025; baseline -0.013 -16"><span class='ocrx_word' id='word_1_644' title='bbox 2147 3950 2303 4025; x_wconf 75' lang='lat' dir='ltr'><strong>pral</strong></span> <span class='ocrx_word' id='word_1_645' title='bbox 2313 3948 2507 4005; x_wconf 74' lang='lat' dir='ltr'><strong>iantes</strong></span> <span class='ocrx_word' id='word_1_646' title='bbox 2527 3945 2742 4016; x_wconf 74' lang='lat' dir='ltr'><strong>quanti</strong></span> <span class='ocrx_word' id='word_1_647' title='bbox 2755 3955 2930 4001; x_wconf 75' lang='lat' dir='ltr'><strong>canes</strong></span> <span class='ocrx_word' id='word_1_648' title='bbox 2941 3955 3002 3999; x_wconf 85' lang='lat' dir='ltr'><strong>se</strong></span> <span class='ocrx_word' id='word_1_649' title='bbox 3018 3941 3273 3999; x_wconf 73' lang='lat' dir='ltr'><strong>invicem</strong></span> <span class='ocrx_word' id='word_1_650' title='bbox 3291 3935 3642 3995; x_wconf 71' lang='lat' dir='ltr'><strong>mordentes.</strong></span> <span class='ocrx_word' id='word_1_651' title='bbox 3670 3935 3810 3990; x_wconf 88' lang='lat' dir='ltr'><strong>Cum</strong></span> 
     </span>
    </p>
   </div>
   <div class='ocr_carea' id='block_1_101' title="bbox 2158 4027 3813 4104">
    <p class='ocr_par' dir='ltr' id='par_1_101' title="bbox 2158 4027 3813 4104">
     <span class='ocr_line' id='line_1_101' title="bbox 2158 4027 3813 4104; baseline -0.011 -10"><span class='ocrx_word' id='word_1_652' title='bbox 2158 4042 2350 4095; x_wconf 91' lang='lat' dir='ltr'><strong>autem</strong></span> <span class='ocrx_word' id='word_1_653' title='bbox 2382 4035 2609 4104; x_wconf 84' lang='lat' dir='ltr'><strong>navigia</strong></span> <span class='ocrx_word' id='word_1_654' title='bbox 2651 4033 2956 4104; x_wconf 90' lang='lat' dir='ltr'><strong>quisquam</strong></span> <span class='ocrx_word' id='word_1_655' title='bbox 2989 4029 3316 4085; x_wconf 89' lang='lat' dir='ltr'><strong>conducere</strong></span> <span class='ocrx_word' id='word_1_656' title='bbox 3336 4027 3680 4096; x_wconf 88' lang='lat' dir='ltr'><strong>temptaret,</strong></span> <span class='ocrx_word' id='word_1_657' title='bbox 3713 4035 3813 4077; x_wconf 86' lang='lat' dir='ltr'><strong>au-</strong></span> 
     </span>
    </p>
   </div>
   <div class='ocr_carea' id='block_1_102' title="bbox 2160 4109 3809 4190">
    <p class='ocr_par' dir='ltr' id='par_1_102' title="bbox 2160 4109 3809 4190">
     <span class='ocr_line' id='line_1_102' title="bbox 2160 4109 3809 4190; baseline -0.012 -8"><span class='ocrx_word' id='word_1_658' title='bbox 2160 4126 2307 4182; x_wconf 90' lang='lat' dir='ltr'><strong>divit</strong></span> <span class='ocrx_word' id='word_1_659' title='bbox 2353 4138 2631 4180; x_wconf 74' lang='lat' dir='ltr'><strong>czesarem</strong></span> <span class='ocrx_word' id='word_1_660' title='bbox 2691 4119 2936 4176; x_wconf 90' lang='lat' dir='ltr'><strong>insidias</strong></span> <span class='ocrx_word' id='word_1_661' title='bbox 2971 4115 3295 4190; x_wconf 84' lang='lat' dir='ltr'><strong>peregrinis</strong></span> <span class='ocrx_word' id='word_1_662' title='bbox 3346 4112 3613 4169; x_wconf 89' lang='lat' dir='ltr'><strong>etiamin</strong></span> <span class='ocrx_word' id='word_1_663' title='bbox 3667 4109 3809 4166; x_wconf 88' lang='lat' dir='ltr'><strong>mari</strong></span> 
     </span>
    </p>
   </div>
   <div class='ocr_carea' id='block_1_103' title="bbox 2161 4201 3809 4287">
    <p class='ocr_par' dir='ltr' id='par_1_103' title="bbox 2161 4201 3809 4287">
     <span class='ocr_line' id='line_1_103' title="bbox 2161 4201 3809 4287; baseline -0.012 -15"><span class='ocrx_word' id='word_1_664' title='bbox 2161 4213 2452 4287; x_wconf 89' lang='lat' dir='ltr'><strong>posuisse,</strong></span> <span class='ocrx_word' id='word_1_665' title='bbox 2491 4211 2821 4280; x_wconf 87' lang='lat' dir='ltr'><strong>multasque</strong></span> <span class='ocrx_word' id='word_1_666' title='bbox 2851 4206 3069 4263; x_wconf 90' lang='lat' dir='ltr'><strong>dudum</strong></span> <span class='ocrx_word' id='word_1_667' title='bbox 3099 4203 3302 4262; x_wconf 89' lang='lat' dir='ltr'><strong>eodem</strong></span> <span class='ocrx_word' id='word_1_668' title='bbox 3337 4201 3598 4258; x_wconf 84' lang='lat' dir='ltr'><strong>facinore</strong></span> <span class='ocrx_word' id='word_1_669' title='bbox 3630 4213 3809 4255; x_wconf 87' lang='lat' dir='ltr'><strong>naves</strong></span> 
     </span>
    </p>
   </div>
   <div class='ocr_carea' id='block_1_104' title="bbox 2157 4285 3810 4367">
    <p class='ocr_par' dir='ltr' id='par_1_104' title="bbox 2157 4285 3810 4367">
     <span class='ocr_line' id='line_1_104' title="bbox 2157 4285 3810 4367; baseline -0.011 -7"><span class='ocrx_word' id='word_1_670' title='bbox 2157 4285 2288 4361; x_wconf 81' lang='lat' dir='ltr'><strong>eum</strong></span> <span class='ocrx_word' id='word_1_671' title='bbox 2321 4299 2730 4359; x_wconf 91' lang='lat' dir='ltr'><strong>submersisse.</strong></span> <span class='ocrx_word' id='word_1_672' title='bbox 2781 4297 3150 4367; x_wconf 87' lang='lat' dir='ltr'><strong>Quapropter</strong></span> <span class='ocrx_word' id='word_1_673' title='bbox 3183 4305 3384 4350; x_wconf 89' lang='lat' dir='ltr'><strong>omnes</strong></span> <span class='ocrx_word' id='word_1_674' title='bbox 3412 4304 3544 4348; x_wconf 91' lang='lat' dir='ltr'><strong>eum</strong></span> <span class='ocrx_word' id='word_1_675' title='bbox 3577 4285 3810 4345; x_wconf 86' lang='lat' dir='ltr'><strong>maledi-</strong></span> 
     </span>
    </p>
   </div>
   <div class='ocr_carea' id='block_1_105' title="bbox 2157 4376 3807 4451">
    <p class='ocr_par' dir='ltr' id='par_1_105' title="bbox 2157 4376 3807 4451">
     <span class='ocr_line' id='line_1_105' title="bbox 2157 4376 3807 4451; baseline -0.012 -2"><span class='ocrx_word' id='word_1_676' title='bbox 2157 4391 2368 4449; x_wconf 90' lang='lat' dir='ltr'><strong>cebant</strong></span> <span class='ocrx_word' id='word_1_677' title='bbox 2415 4393 2475 4445; x_wconf 90' lang='lat' dir='ltr'><strong>et</strong></span> <span class='ocrx_word' id='word_1_678' title='bbox 2524 4385 3114 4451; x_wconf 88' lang='lat' dir='ltr'><strong>anathematizabant,</strong></span> <span class='ocrx_word' id='word_1_679' title='bbox 3173 4395 3374 4438; x_wconf 91' lang='lat' dir='ltr'><strong>omnes</strong></span> <span class='ocrx_word' id='word_1_680' title='bbox 3405 4378 3572 4436; x_wconf 87' lang='lat' dir='ltr'><strong>illum</strong></span> <span class='ocrx_word' id='word_1_681' title='bbox 3598 4376 3807 4447; x_wconf 63' lang='lat' dir='ltr'><strong>linguae</strong></span> 
     </span>
    </p>
   </div>
   <div class='ocr_carea' id='block_1_106' title="bbox 2157 4465 3804 4550">
    <p class='ocr_par' dir='ltr' id='par_1_106' title="bbox 2157 4465 3804 4550">
     <span class='ocr_line' id='line_1_106' title="bbox 2157 4465 3804 4550; baseline -0.01 -14"><span class='ocrx_word' id='word_1_682' title='bbox 2157 4495 2269 4537; x_wconf 93' lang='lat' dir='ltr'><strong>non</strong></span> <span class='ocrx_word' id='word_1_683' title='bbox 2301 4479 2713 4550; x_wconf 89' lang='lat' dir='ltr'><strong>imperatorem</strong></span> <span class='ocrx_word' id='word_1_684' title='bbox 2767 4473 2866 4530; x_wconf 88' lang='lat' dir='ltr'><strong>sed</strong></span> <span class='ocrx_word' id='word_1_685' title='bbox 2897 4471 3246 4527; x_wconf 89' lang='lat' dir='ltr'><strong>traditorem</strong></span> <span class='ocrx_word' id='word_1_686' title='bbox 3276 4466 3684 4540; x_wconf 83' lang='lat' dir='ltr'><strong>appellabant.</strong></span> <span class='ocrx_word' id='word_1_687' title='bbox 3725 4465 3804 4518; x_wconf 84' lang='lat' dir='ltr'><strong>[n-</strong></span> 
     </span>
    </p>
   </div>
   <div class='ocr_carea' id='block_1_107' title="bbox 2075 4551 3803 4625">
    <p class='ocr_par' dir='ltr' id='par_1_107' title="bbox 2075 4551 3803 4625">
     <span class='ocr_line' id='line_1_107' title="bbox 2075 4551 3803 4625; baseline -0.01 -1"><span class='ocrx_word' id='word_1_688' title='bbox 2075 4563 2128 4624; x_wconf 95' lang='lat' dir='ltr'><strong>D</strong></span> <span class='ocrx_word' id='word_1_689' title='bbox 2157 4566 2442 4624; x_wconf 89' lang='lat' dir='ltr'><strong>credibile</strong></span> <span class='ocrx_word' id='word_1_690' title='bbox 2465 4568 2788 4620; x_wconf 89' lang='lat' dir='ltr'><strong>memoratu</strong></span> <span class='ocrx_word' id='word_1_691' title='bbox 2813 4565 2902 4618; x_wconf 90' lang='lat' dir='ltr'><strong>est</strong></span> <span class='ocrx_word' id='word_1_692' title='bbox 2921 4566 2980 4615; x_wconf 88' lang='lat' dir='ltr'><strong>et</strong></span> <span class='ocrx_word' id='word_1_693' title='bbox 3001 4559 3072 4616; x_wconf 90' lang='lat' dir='ltr'><strong>ad</strong></span> <span class='ocrx_word' id='word_1_694' title='bbox 3097 4555 3523 4614; x_wconf 88' lang='lat' dir='ltr'><strong>recordandum</strong></span> <span class='ocrx_word' id='word_1_695' title='bbox 3544 4551 3803 4625; x_wconf 85' lang='lat' dir='ltr'><strong>expertis</strong></span> 
     </span>
    </p>
   </div>
   <div class='ocr_carea' id='block_1_108' title="bbox 2156 4638 3808 4724">
    <p class='ocr_par' dir='ltr' id='par_1_108' title="bbox 2156 4638 3808 4724">
     <span class='ocr_line' id='line_1_108' title="bbox 2156 4638 3808 4724; baseline -0.012 -13"><span class='ocrx_word' id='word_1_696' title='bbox 2156 4655 2458 4723; x_wconf 88' lang='lat' dir='ltr'><strong>horribile,</strong></span> <span class='ocrx_word' id='word_1_697' title='bbox 2487 4655 2701 4724; x_wconf 89' lang='lat' dir='ltr'><strong>quanta</strong></span> <span class='ocrx_word' id='word_1_698' title='bbox 2727 4651 2780 4706; x_wconf 91' lang='lat' dir='ltr'><strong>in</strong></span> <span class='ocrx_word' id='word_1_699' title='bbox 2809 4653 3032 4718; x_wconf 90' lang='lat' dir='ltr'><strong>nostro,</strong></span> <span class='ocrx_word' id='word_1_700' title='bbox 3059 4647 3168 4703; x_wconf 89' lang='lat' dir='ltr'><strong>hoc</strong></span> <span class='ocrx_word' id='word_1_701' title='bbox 3191 4650 3278 4702; x_wconf 89' lang='lat' dir='ltr'><strong>est</strong></span> <span class='ocrx_word' id='word_1_702' title='bbox 3305 4642 3675 4711; x_wconf 88' lang='lat' dir='ltr'><strong>Germanico,</strong></span> <span class='ocrx_word' id='word_1_703' title='bbox 3696 4638 3808 4696; x_wconf 85' lang='lat' dir='ltr'><strong>col-</strong></span> 
     </span>
    </p>
   </div>
   <div class='ocr_carea' id='block_1_109' title="bbox 2155 4728 3805 4814">
    <p class='ocr_par' dir='ltr' id='par_1_109' title="bbox 2155 4728 3805 4814">
     <span class='ocr_line' id='line_1_109' title="bbox 2155 4728 3805 4814; baseline -0.01 -15"><span class='ocrx_word' id='word_1_704' title='bbox 2155 4744 2308 4814; x_wconf 80' lang='lat' dir='ltr'><strong>legio</strong></span> <span class='ocrx_word' id='word_1_705' title='bbox 2341 4741 2495 4813; x_wconf 90' lang='lat' dir='ltr'><strong>quod</strong></span> <span class='ocrx_word' id='word_1_706' title='bbox 2545 4739 2815 4796; x_wconf 84' lang='lat' dir='ltr'><strong>omnibus</strong></span> <span class='ocrx_word' id='word_1_707' title='bbox 2862 4741 2987 4793; x_wconf 89' lang='lat' dir='ltr'><strong>erat</strong></span> <span class='ocrx_word' id='word_1_708' title='bbox 3027 4735 3236 4804; x_wconf 87' lang='lat' dir='ltr'><strong>rarius,</strong></span> <span class='ocrx_word' id='word_1_709' title='bbox 3290 4736 3431 4789; x_wconf 88' lang='lat' dir='ltr'><strong>tunc</strong></span> <span class='ocrx_word' id='word_1_710' title='bbox 3461 4729 3642 4788; x_wconf 84' lang='lat' dir='ltr'><strong>fuerit</strong></span> <span class='ocrx_word' id='word_1_711' title='bbox 3676 4728 3805 4784; x_wconf 84' lang='lat' dir='ltr'><strong>titu-</strong></span> 
     </span>
    </p>
   </div>
   <div class='ocr_carea' id='block_1_110' title="bbox 2153 4822 3809 4901">
    <p class='ocr_par' dir='ltr' id='par_1_110' title="bbox 2153 4822 3809 4901">
     <span class='ocr_line' id='line_1_110' title="bbox 2153 4822 3809 4901; baseline -0.011 -13"><span class='ocrx_word' id='word_1_712' title='bbox 2153 4832 2334 4901; x_wconf 90' lang='lat' dir='ltr'><strong>batio,</strong></span> <span class='ocrx_word' id='word_1_713' title='bbox 2360 4831 2494 4886; x_wconf 91' lang='lat' dir='ltr'><strong>dum</strong></span> <span class='ocrx_word' id='word_1_714' title='bbox 2528 4827 2764 4886; x_wconf 90' lang='lat' dir='ltr'><strong>videres</strong></span> <span class='ocrx_word' id='word_1_715' title='bbox 2793 4831 3021 4897; x_wconf 90' lang='lat' dir='ltr'><strong>patrem</strong></span> <span class='ocrx_word' id='word_1_716' title='bbox 3045 4838 3074 4879; x_wconf 89' lang='lat' dir='ltr'><strong>a</strong></span> <span class='ocrx_word' id='word_1_717' title='bbox 3100 4822 3240 4891; x_wconf 89' lang='lat' dir='ltr'><strong>ﬁlio,</strong></span> <span class='ocrx_word' id='word_1_718' title='bbox 3269 4822 3510 4878; x_wconf 89' lang='lat' dir='ltr'><strong>fratrem</strong></span> <span class='ocrx_word' id='word_1_719' title='bbox 3532 4834 3564 4874; x_wconf 89' lang='lat' dir='ltr'><strong>a</strong></span> <span class='ocrx_word' id='word_1_720' title='bbox 3588 4831 3809 4888; x_wconf 77' lang='lat' dir='ltr'><strong>germa-</strong></span> 
     </span>
    </p>
   </div>
   <div class='ocr_carea' id='block_1_111' title="bbox 2151 4916 3806 4997">
    <p class='ocr_par' dir='ltr' id='par_1_111' title="bbox 2151 4916 3806 4997">
     <span class='ocr_line' id='line_1_111' title="bbox 2151 4916 3806 4997; baseline -0.011 -11"><span class='ocrx_word' id='word_1_721' title='bbox 2151 4943 2245 4997; x_wconf 92' lang='lat' dir='ltr'><strong>no,</strong></span> <span class='ocrx_word' id='word_1_722' title='bbox 2281 4927 2502 4984; x_wconf 90' lang='lat' dir='ltr'><strong>socium</strong></span> <span class='ocrx_word' id='word_1_723' title='bbox 2554 4925 2624 4981; x_wconf 89' lang='lat' dir='ltr'><strong>ab</strong></span> <span class='ocrx_word' id='word_1_724' title='bbox 2668 4922 2856 4979; x_wconf 89' lang='lat' dir='ltr'><strong>amico</strong></span> <span class='ocrx_word' id='word_1_725' title='bbox 2905 4919 3090 4976; x_wconf 89' lang='lat' dir='ltr'><strong>multo</strong></span> <span class='ocrx_word' id='word_1_726' title='bbox 3121 4916 3376 4975; x_wconf 88' lang='lat' dir='ltr'><strong>amarius</strong></span> <span class='ocrx_word' id='word_1_727' title='bbox 3431 4929 3606 4988; x_wconf 86' lang='lat' dir='ltr'><strong>quam</strong></span> <span class='ocrx_word' id='word_1_728' title='bbox 3653 4924 3806 4969; x_wconf 87' lang='lat' dir='ltr'><strong>mors</strong></span> 
     </span>
    </p>
   </div>
   <div class='ocr_carea' id='block_1_112' title="bbox 2151 5011 3803 5098">
    <p class='ocr_par' dir='ltr' id='par_1_112' title="bbox 2151 5011 3803 5098">
     <span class='ocr_line' id='line_1_112' title="bbox 2151 5011 3803 5098; baseline -0.012 -14"><span class='ocrx_word' id='word_1_729' title='bbox 2151 5028 2384 5098; x_wconf 87' lang='lat' dir='ltr'><strong>separat</strong></span> <span class='ocrx_word' id='word_1_730' title='bbox 2415 5037 2546 5080; x_wconf 88' lang='lat' dir='ltr'><strong>cum</strong></span> <span class='ocrx_word' id='word_1_731' title='bbox 2596 5020 2715 5078; x_wconf 90' lang='lat' dir='ltr'><strong>vita</strong></span> <span class='ocrx_word' id='word_1_732' title='bbox 2749 5017 3033 5092; x_wconf 88' lang='lat' dir='ltr'><strong>separari,</strong></span> <span class='ocrx_word' id='word_1_733' title='bbox 3071 5013 3260 5072; x_wconf 89' lang='lat' dir='ltr'><strong>altero</strong></span> <span class='ocrx_word' id='word_1_734' title='bbox 3292 5018 3488 5083; x_wconf 65' lang='lat' dir='ltr'><strong>terra,</strong></span> <span class='ocrx_word' id='word_1_735' title='bbox 3523 5011 3712 5068; x_wconf 90' lang='lat' dir='ltr'><strong>altero</strong></span> <span class='ocrx_word' id='word_1_736' title='bbox 3744 5021 3803 5064; x_wconf 89' lang='lat' dir='ltr'><strong>se</strong></span> 
     </span>
    </p>
   </div>
   <div class='ocr_carea' id='block_1_113' title="bbox 2151 5109 3804 5188">
    <p class='ocr_par' dir='ltr' id='par_1_113' title="bbox 2151 5109 3804 5188">
     <span class='ocr_line' id='line_1_113' title="bbox 2151 5109 3804 5188; baseline -0.011 -8"><span class='ocrx_word' id='word_1_737' title='bbox 2151 5122 2552 5181; x_wconf 88' lang='lat' dir='ltr'><strong>committente</strong></span> <span class='ocrx_word' id='word_1_738' title='bbox 2578 5117 3111 5188; x_wconf 89' lang='lat' dir='ltr'><strong>mari,rursumque</strong></span> <span class='ocrx_word' id='word_1_739' title='bbox 3135 5109 3422 5185; x_wconf 86' lang='lat' dir='ltr'><strong>quosdam</strong></span> <span class='ocrx_word' id='word_1_740' title='bbox 3444 5113 3580 5182; x_wconf 85' lang='lat' dir='ltr'><strong>post</strong></span> <span class='ocrx_word' id='word_1_741' title='bbox 3597 5121 3804 5180; x_wconf 85' lang='lat' dir='ltr'><strong>appen-</strong></span> 
     </span>
    </p>
   </div>
   <div class='ocr_carea' id='block_1_114' title="bbox 2150 5205 3800 5288">
    <p class='ocr_par' dir='ltr' id='par_1_114' title="bbox 2150 5205 3800 5288">
     <span class='ocr_line' id='line_1_114' title="bbox 2150 5205 3800 5288; baseline -0.012 -9"><span class='ocrx_word' id='word_1_742' title='bbox 2150 5235 2274 5278; x_wconf 90' lang='lat' dir='ltr'><strong>sum</strong></span> <span class='ocrx_word' id='word_1_743' title='bbox 2307 5218 2560 5287; x_wconf 90' lang='lat' dir='ltr'><strong>naulum,</strong></span> <span class='ocrx_word' id='word_1_744' title='bbox 2593 5219 2727 5288; x_wconf 85' lang='lat' dir='ltr'><strong>post</strong></span> <span class='ocrx_word' id='word_1_745' title='bbox 2769 5226 2940 5270; x_wconf 86' lang='lat' dir='ltr'><strong>unam</strong></span> <span class='ocrx_word' id='word_1_746' title='bbox 2969 5211 3062 5268; x_wconf 90' lang='lat' dir='ltr'><strong>vel</strong></span> <span class='ocrx_word' id='word_1_747' title='bbox 3093 5208 3239 5266; x_wconf 87' lang='lat' dir='ltr'><strong>duas</strong></span> <span class='ocrx_word' id='word_1_748' title='bbox 3282 5207 3338 5264; x_wconf 92' lang='lat' dir='ltr'><strong>in</strong></span> <span class='ocrx_word' id='word_1_749' title='bbox 3371 5205 3504 5264; x_wconf 88' lang='lat' dir='ltr'><strong>navi</strong></span> <span class='ocrx_word' id='word_1_750' title='bbox 3540 5211 3800 5262; x_wconf 88' lang='lat' dir='ltr'><strong>transac-</strong></span> 
     </span>
    </p>
   </div>
   <div class='ocr_carea' id='block_1_115' title="bbox 2147 5300 3795 5384">
    <p class='ocr_par' dir='ltr' id='par_1_115' title="bbox 2147 5300 3795 5384">
     <span class='ocr_line' id='line_1_115' title="bbox 2147 5300 3795 5384; baseline -0.011 -12"><span class='ocrx_word' id='word_1_751' title='bbox 2147 5320 2240 5374; x_wconf 90' lang='lat' dir='ltr'><strong>tas</strong></span> <span class='ocrx_word' id='word_1_752' title='bbox 2269 5319 2492 5382; x_wconf 89' lang='lat' dir='ltr'><strong>noctes,</strong></span> <span class='ocrx_word' id='word_1_753' title='bbox 2527 5313 2824 5384; x_wconf 88' lang='lat' dir='ltr'><strong>resumpta</strong></span> <span class='ocrx_word' id='word_1_754' title='bbox 2855 5303 3254 5381; x_wconf 87' lang='lat' dir='ltr'><strong>suppellectili</strong></span> <span class='ocrx_word' id='word_1_755' title='bbox 3277 5301 3350 5361; x_wconf 89' lang='lat' dir='ltr'><strong>ad</strong></span> <span class='ocrx_word' id='word_1_756' title='bbox 3380 5303 3526 5362; x_wconf 88' lang='lat' dir='ltr'><strong>litus</strong></span> <span class='ocrx_word' id='word_1_757' title='bbox 3554 5315 3685 5359; x_wconf 90' lang='lat' dir='ltr'><strong>cum</strong></span> <span class='ocrx_word' id='word_1_758' title='bbox 3719 5300 3795 5356; x_wconf 90' lang='lat' dir='ltr'><strong>in-</strong></span> 
     </span>
    </p>
   </div>
   <div class='ocr_carea' id='block_1_116' title="bbox 1757 5411 2436 5474">
    <p class='ocr_par' dir='ltr' id='par_1_116' title="bbox 1757 5411 2436 5474">
     <span class='ocr_line' id='line_1_116' title="bbox 1757 5411 2436 5474; baseline -0.01 0"><span class='ocrx_word' id='word_1_759' title='bbox 1757 5415 1994 5474; x_wconf 75' lang='lat' dir='ltr'><strong>VARUE</strong></span> <span class='ocrx_word' id='word_1_760' title='bbox 2035 5411 2436 5472; x_wconf 85' lang='lat' dir='ltr'><strong>LECTIONES.</strong></span> 
     </span>
    </p>
   </div>
   <div class='ocr_carea' id='block_1_117' title="bbox 478 5503 1878 5579">
    <p class='ocr_par' dir='ltr' id='par_1_117' title="bbox 478 5503 1878 5579">
     <span class='ocr_line' id='line_1_117' title="bbox 478 5503 1878 5579; baseline 0.006 -17"><span class='ocrx_word' id='word_1_761' title='bbox 478 5507 565 5541; x_wconf 78' lang='grc'><strong>¹⁶⁸⁸</strong></span> <span class='ocrx_word' id='word_1_762' title='bbox 595 5510 660 5564; x_wconf 83' lang='grc' dir='ltr'><strong>Η.</strong></span> <span class='ocrx_word' id='word_1_763' title='bbox 696 5515 744 5564; x_wconf 87' lang='grc'><strong>1.</strong></span> <span class='ocrx_word' id='word_1_764' title='bbox 774 5509 908 5566; x_wconf 71' lang='lat' dir='ltr'><strong>rell.</strong></span> <span class='ocrx_word' id='word_1_765' title='bbox 988 5508 1079 5543; x_wconf 73' lang='grc'>³⁸⁸³</span> <span class='ocrx_word' id='word_1_766' title='bbox 1107 5510 1172 5564; x_wconf 84' lang='grc' dir='ltr'><strong>Α.</strong></span> <span class='ocrx_word' id='word_1_767' title='bbox 1210 5513 1256 5565; x_wconf 83' lang='grc'><strong>1.</strong></span> <span class='ocrx_word' id='word_1_768' title='bbox 1290 5509 1525 5579; x_wconf 72' lang='lat' dir='ltr'><strong>sapius.</strong></span> <span class='ocrx_word' id='word_1_769' title='bbox 1606 5503 1698 5539; x_wconf 78' lang='grc'>¹⁶⁹⁰</span> <span class='ocrx_word' id='word_1_770' title='bbox 1729 5506 1796 5560; x_wconf 81' lang='grc' dir='ltr'><strong>Μ.</strong></span> <span class='ocrx_word' id='word_1_771' title='bbox 1831 5509 1878 5559; x_wconf 82' lang='lat'><strong>1-</strong></span> 
     </span>
    </p>
   </div>
   <div class='ocr_carea' id='block_1_118' title="bbox 1957 5502 2405 5572">
    <p class='ocr_par' dir='ltr' id='par_1_118' title="bbox 1957 5502 2405 5572">
     <span class='ocr_line' id='line_1_118' title="bbox 1957 5502 2405 5572; baseline -0.007 -12"><span class='ocrx_word' id='word_1_772' title='bbox 1957 5502 2049 5538; x_wconf 71' lang='lat'><strong>&quot;“</strong></span> <span class='ocrx_word' id='word_1_773' title='bbox 2077 5515 2318 5572; x_wconf 83' lang='lat' dir='ltr'><strong>regnum</strong></span> <span class='ocrx_word' id='word_1_774' title='bbox 2354 5505 2405 5558; x_wconf 69' lang='grc' dir='ltr'><strong>ὅ.</strong></span> 
     </span>
    </p>
   </div>
   <div class='ocr_carea' id='block_1_119' title="bbox 1995 5589 2216 5649">
    <p class='ocr_par' dir='ltr' id='par_1_119' title="bbox 1995 5589 2216 5649">
     <span class='ocr_line' id='line_1_119' title="bbox 1995 5589 2216 5649; baseline -0.009 -2"><span class='ocrx_word' id='word_1_775' title='bbox 1995 5589 2216 5649; x_wconf 65' lang='lat' dir='ltr'><strong>NOTAE.</strong></span> 
     </span>
    </p>
   </div>
   <div class='ocr_carea' id='block_1_120' title="bbox 477 5663 1124 5734">
    <p class='ocr_par' dir='ltr' id='par_1_120' title="bbox 477 5663 1124 5734">
     <span class='ocr_line' id='line_1_120' title="bbox 477 5663 1124 5734; baseline 0.008 -18"><span class='ocrx_word' id='word_1_776' title='bbox 477 5663 628 5733; x_wconf 80' lang='lat'><strong>(293)</strong></span> <span class='ocrx_word' id='word_1_777' title='bbox 660 5663 696 5718; x_wconf 91' lang='lat' dir='ltr'><strong>i.</strong></span> <span class='ocrx_word' id='word_1_778' title='bbox 731 5679 782 5719; x_wconf 91' lang='lat' dir='ltr'><strong>e.</strong></span> <span class='ocrx_word' id='word_1_779' title='bbox 820 5664 1124 5734; x_wconf 74' lang='lat' dir='ltr'><strong>Bulgariae.</strong></span> 
     </span>
    </p>
   </div>
  </div>
