3962 6310
152 292 275 361 981

1043 276 1485 347 CHRONICA.
1518 310 1596 324 —
1623 266 2102 339 CHRONICON
2146 274 2697 342 UNIVERSALE.

3466 282 3585 347 982

153 432 325 507 genti
368 430 579 525 damno
622 429 917 508 prosilire,
962 428 1281 525 redemptis
1312 427 1508 504 precio
1535 428 1820 525 ampliori,
1856 462 1906 525 Α
1944 429 2079 491 bant
2108 429 2588 525 machinamenta.
2622 428 2764 501 Quid
2795 429 3023 493 moror?
3055 431 3145 489 Sic
3169 447 3272 505 per
3295 431 3415 493 dies
3439 445 3584 511 pene

153 540 314 597 quos
338 540 526 598 nuper
550 523 971 595 distraxerant,
997 523 1183 594 equis,
1212 523 1282 579 ad
1307 536 1526 591 necem,
1550 519 1822 590 fugiendo

152 620 418 674 mortem
450 614 561 688 im,
592 629 929 687 properare.
977 615 1093 670 Nos
1133 628 1362 685 quoque
1403 613 1604 668 eadem
1647 610 1819 668 animi

147 704 473 764 nutatione
500 705 599 761 diu
634 703 995 773 multumque
1022 702 1237 772 vexati,
1268 701 1499 757 tandem
1534 700 1686 757 inter
1716 714 1820 757 eos

147 795 258 867 qui
285 810 353 852 se
374 793 498 852 salo
520 793 764 851 credere
794 795 1293 866 presumpserant,
1328 791 1519 848 divina
1554 789 1819 847 miserias

150 889 405 943 nostras
435 885 802 955 gubernante
843 883 1170 951 clementia,
1208 884 1388 953 Joppe
1417 885 1648 952 portum
1683 882 1815 952 post

145 989 267 1031 sex
318 972 678 1031 ebdomadas
728 972 1027 1042 attigimus
1058 969 1278 1043 (Anq),
1315 969 1663 1026 benedictus
1715 983 1818 1041 per

141 1062 354 1121 omnia
384 1064 552 1120 Iesus
583 1063 883 1120 Christus!

303 1158 330 1177 '
360 1152 623 1225 Reliqua
656 1151 838 1224 hujus
867 1151 1015 1209 anni
1052 1149 1158 1207 hoc
1188 1151 1306 1207 loco
1339 1148 1552 1205 desunt
1576 1147 1637 1201 Ι).

304 1243 358 1267 “
386 1242 649 1314 Reliqua
675 1243 857 1313 hujus
882 1240 1029 1299 anni
1058 1241 1274 1297 desunt
1297 1239 1353 1294 E.

306 1333 380 1357 “"
414 1349 467 1404 p.
508 1334 583 1388 De
622 1333 789 1404 cujus
829 1332 913 1387 rei
952 1336 1161 1404 eventu
1210 1330 1354 1385 alias
1400 1327 1630 1404 plenius
1678 1324 1821 1383 scri'

376 1401 543 1478 ptum
575 1401 872 1460 habemus.
913 1405 969 1459 C.
1002 1402 1262 1472 reliquis
1293 1401 1549 1457 omissis.

232 1515 424 1570 Porro
463 1510 764 1568 exercitus
802 1508 1174 1577 universalis,
1215 1510 1286 1564 ab
1328 1508 1679 1579 imperatore
1719 1507 1823 1560 300

156 1599 575 1674 Tburcopolis,
613 1600 708 1671 qui
738 1599 999 1669 legiones
1029 1603 1166 1670 apto
1199 1599 1408 1654 itinere
1441 1596 1818 1651 deducerent.

1937 523 2198 596 20quasi
2248 523 2475 594 signum
2529 525 2597 583 ad
2649 524 2898 595 sagittas
2945 526 3222 597 expositi,
3257 527 3339 584 sic
3367 528 3585 585 cotidie

1933 617 2228 685 tamquam
2274 630 2410 671 oves
2459 616 2773 674 occisionis
2819 616 3093 685 estimati,
3139 618 3369 674 tandem
3404 619 3460 673 in
3489 633 3585 674 ex-

1934 707 2117 760 trema
2146 705 2261 776 jam
2296 710 2454 762 sorte
2488 707 2683 778 positi,
2719 722 3017 764 nemorum
3043 722 3103 764 se
3126 706 3376 765 saltibus
3404 711 3582 764 noctu

1932 794 2196 867 tradunt,
2241 812 2527 855 morosam
2561 798 2662 855 sed
2694 801 2913 855 certam
2948 798 3056 856 sibi
3090 803 3335 856 mortem
3365 797 3584 855 accele-

1933 898 2062 940 rare
2096 891 2394 957 satagunt,
2429 889 2690 959 quamvis
2723 889 3088 959 paucissimis
3114 888 3244 958 fuga
3274 889 3582 961 quicquam

1928 973 2303 1033 emolumenti
2330 978 2665 1048 contulerit,
2702 983 2897 1050 preter
2923 978 3074 1049 quod
3101 979 3351 1035 omnium
3378 978 3580 1035 ultima

1930 1062 2045 1119 fata
2078 1065 2370 1122 tardantia
2400 1068 2844 1124 consummavit.
2881 1069 3016 1123 Nam
3043 1067 3112 1123 de
3136 1072 3253 1124 tam
3277 1068 3580 1124 innumero

1933 1155 2146 1226 populo
2174 1156 2293 1227 Dei,
2329 1157 2470 1213 heu!
2508 1157 2649 1213 heu!
2686 1173 2796 1214 non
2822 1157 3116 1214 credimus
3140 1158 3294 1213 mille
3317 1158 3475 1215 viros
3500 1169 3583 1215 re'

1931 1245 2238 1315 mansisse,
2280 1262 2422 1316 quos
2462 1252 2666 1318 postea
2700 1248 2796 1303 vix
2828 1248 3060 1304 ossibus
3091 1247 3365 1303 herentcs
3395 1248 3575 1317 Rodo,

1932 1335 2131 1405 Papho
2186 1336 2535 1407 czeterisque
2587 1337 2893 1407 portubus,
2945 1352 3111 1391 raros
3160 1340 3350 1393 autem
3402 1337 3578 1393 etiam

1930 1424 2114 1494 Joppe
2132 1424 2415 1489 vidimus;
2441 1439 2471 1479 e
2496 1426 2709 1495 quibus
2734 1426 3106 1483 Bernhardus
3125 1441 3319 1483 comes
3337 1431 3395 1480 et
3412 1424 3583 1481 Hein-

1935 1512 2091 1568 ricus
2126 1528 2322 1569 comes
2364 1514 2807 1585 Ratisponensis
2848 1515 3243 1572 Hierosolima:
3283 1515 3576 1583 obierunt,

1934 1601 2047 1658 dux
2081 1616 2219 1658 vero
2251 1603 2533 1660 Waiulfus
2563 1602 2650 1636 “9‘
2682 1605 3033 1660 revertendo
3072 1606 3342 1673 moriens,
3383 1602 3579 1675 Papho

158 1692 452 1764 acceptis,
485 1696 690 1747 contra
717 1689 1108 1746 Nicomediam
1138 1688 1408 1757 vertitur,
1437 1687 1684 1756 indeque
1712 1685 1825 1739 R0-
1932 1695 2019 1746 est
2036 1690 2329 1748 humatus.
2360 1693 2515 1747 Inter
2537 1693 2928 1759 longissimam
2953 1694 3314 1750 cruciatuum
3338 1709 3577 1750 suorum

151 1781 416 1838 maniam
454 1779 777 1881 declinans,
809 1779 881 1834 ad
915 1778 1301 1849 aquilonalem
1351 1777 1573 1848 plagam
1616 1779 1817 1872 contra
1847 1820 1901 1881 Β
1934 1780 2276 1849 hystoriam,
2310 1796 2477 1850 quam
2511 1782 2601 1837 hic
2636 1786 2835 1837 texere
2866 1797 2972 1838 nec
3013 1783 3139 1853 ipsa
3177 1764 3576 1854 compendiosi

154 1878 385 1926 terram
436 1867 835 1937 Cborizanam,
891 1882 1017 1938 quae
1064 1866 1418 1922 Thurcorum
1466 1869 1554 1920 est
1607 1862 1814 1935 patria,

153 1957 554 2015 convertitur.
587 1957 731 2013 Loca
755 1955 970 2028 quippe
993 1955 1303 2023 Romaniae,
1337 1968 1464 2024 quae
1488 1952 1642 2009 circa
1672 1953 1819 2007 stra-

161 2053 285 2104 tam
312 2046 603 2119 publicam
626 2049 814 2115 erant,
836 2046 1107 2116 perjurus
1129 2043 1363 2099 Alexius
1387 2042 1812 2109 devastavcrat,

148 2137 296 2192 dum
326 2134 551 2192 nostris
576 2134 630 2189 in
656 2132 959 2190 Antiochia
994 2131 1209 2189 dudum
1245 2130 1506 2187 obsessis
1537 2128 1813 2185 auxilium

152 2223 315 2281 ferre
348 2238 460 2281 non
495 2223 741 2280 auderet
776 2225 838 2279 ut
866 2222 1188 2292 juraverat,
1236 2223 1542 2290 snspectus
1582 2215 1809 2273 scilicet

147 2320 371 2370 extunc
403 2315 527 2369 tam
558 2311 794 2367 Francis
827 2324 993 2381 quam
1032 2308 1293 2365 Thurcis.
1331 2309 1572 2378 Insuper
1603 2303 1813 2360 milicia

148 2400 281 2459 haec
314 2416 522 2458 nomen
555 2400 665 2457 sibi
694 2400 885 2456 facere
915 2399 969 2454 in
1002 2398 1295 2467 gentibus,
1332 2394 1812 2467 quemadmodum

150 2490 444 2560 anterior,
493 2488 831 2561 preposuit;
873 2488 996 2557 sed,
1031 2492 1094 2543 ut
1123 2486 1205 2541 rei
1243 2485 1509 2556 probavit
1542 2487 1810 2540 eventus.

146 2580 369 2637 divina:
390 2578 445 2634 id
467 2576 956 2650 predestinationi
982 2591 1095 2631 non
1118 2573 1491 2645 complacuit.
1521 2574 1657 2627 Nam
1681 2574 1812 2627 ante

148 2683 379 2741 paucos
402 2667 527 2724 dies
553 2667 702 2723 idem
730 2665 932 2738 pagani
960 2665 1015 2720 in
1041 2662 1577 2732 Longobardorum,
1604 2666 1662 2717 ut
1689 2670 1813 2733 pre'

152 2757 400 2813 missum
427 2759 541 2825 est,
576 2754 675 2811 vix
707 2754 904 2826 tepido
951 2752 1230 2821 sanguine
1279 2752 1588 2806 hebetatos
1638 2754 1809 2805 antea

153 2843 389 2915 gladios
430 2843 806 2913 duraverant,
846 2840 1095 2911 indeque
1127 2839 1385 2908 animati,
1419 2843 1536 2893 tam
1569 2836 1809 2893 infinitae

157 2931 524 2990 multitudini
550 2931 900 2988 bellatorum
924 2929 1205 2986 resistere
1230 2928 1663 2999 presumebant.
1685 2927 1806 2981 Non

157 3020 348 3079 multo
378 3020 512 3093 plus
543 3035 712 3091 quam
746 3022 999 3090 quatuor
1032 3021 1197 3075 erant
1233 3015 1389 3072 milia
1427 3016 1802 3083 Thurcorum,

150 3110 252 3183 qui
295 3114 487 3166 tamen
520 3108 631 3181 ipsi
666 3106 837 3165 electi
866 3111 922 3165 et
955 3105 1122 3177 equis
1168 3104 1578 3174 velocissimis,
1632 3102 1807 3160 armis

1932 1869 2105 1938 hujus
2151 1870 2347 1941 Operis
2391 1872 2716 1941 pr0prietas
2768 1871 3075 1941 permittit,
3114 1871 3184 1926 de
3212 1872 3577 1929 nostratibus

1932 1959 2396 2030 archipiscopum
2448 1959 2925 2026 Salzburgensem
2972 1960 3295 2015 Tiemonem
3347 1957 3436 1993 ¹⁶⁹⁸
3483 1974 3577 2016 ca-

1932 2053 2113 2118 ptum,
2164 2048 2527 2104 marchisiam
2561 2049 2623 2103 N.
2660 2048 3029 2115 trucidatam,
3080 2047 3227 2103 duos
3275 2048 3575 2104 Brunones

1926 2137 2258 2205 canonicos,
2297 2137 2523 2192 nobiles
2570 2138 2748 2206 viros,
2784 2137 2971 2193 inedia
3024 2136 3237 2206 sitique
3289 2136 3572 2194 defecisse

1929 2226 2291 2289 referebant;
2327 2226 2396 2281 de
2430 2226 2649 2280 Latinis
2697 2240 2836 2280 vero
2886 2224 3251 2296 principibus
3300 2224 3574 2281 Willihel-

1927 2328 2100 2383 mum,
2163 2314 2608 2383 Regimundum,
2673 2314 3046 2383 Stephanum,
3108 2318 3571 2385 caeterorumque

1926 2401 2176 2472 aliquam
2211 2407 2433 2473 partem
2471 2416 2777 2472 superesse
2813 2401 3104 2456 dicebant.

1998 2492 2135 2545 Dum
2170 2491 2292 2547 haec
2325 2491 2403 2546 ita
2438 2495 2742 2558 geruntur,
2773 2503 2879 2545 nec
2910 2490 3001 2544 his
3032 2489 3128 2560 qui
3151 2489 3207 2545 in
3228 2489 3407 2545 Judea
3434 2494 3567 2547 sunt

1926 2578 2272 2634 Christianis
2313 2578 2593 2649 parcitur,
2627 2578 2728 2632 sed
2764 2581 2878 2633 tam
2908 2578 2981 2633 ab
3014 2576 3364 2634 Ascalonitis
3394 2582 3569 2648 atque

1923 2666 2293 2722 Damascenis
2322 2665 2610 2722 cotidiana
2644 2664 2949 2721 latrocinia
2982 2678 3149 2733 quam
3179 2680 3207 2719 a
3238 2664 3568 2735 Babyloniis

1925 2753 2074 2811 bella
2099 2758 2399 2825 parantur.
2426 2756 2563 2809 Post
2589 2754 2689 2807 Mai
2717 2753 2929 2823 quippe
2954 2752 3238 2809 Kalendas
3261 2767 3372 2809 non
3397 2752 3568 2822 longe

1922 2856 1950 2896 a
1984 2843 2156 2898 Rama
2189 2847 2378 2898 castra
2416 2846 2666 2897 metatus
2696 2844 2788 2895 est
2820 2839 3205 2908 Babylonicus
3243 2840 3562 2909 exercitus,

1919 2936 2121 2988 contra
2147 2946 2314 3001 quem
2340 2930 2521 2986 aciem
2547 2929 2759 2985 direxit
2786 2926 2877 2961 “9°
2901 2942 2998 2983 rex
3028 2925 3400 2995 Balduvinus,
3428 2942 3565 2983 suos

1919 3018 2190 3075 hortatus
2224 3024 2286 3074 ut
2317 3018 2466 3075 sicut
2497 3023 2630 3073 ante
2658 3030 2880 3088 paucos
2907 3015 3032 3072 dies
3063 3030 3163 3086 per
3191 3014 3288 3071 Dei
3316 3015 3562 3084 gratiam

1918 3123 2094 3181 parva
2121 3122 2290 3165 manu
2317 3108 2551 3164 multam
2579 3107 2649 3161 de
2676 3105 2884 3161 Arabia
2918 3104 3152 3175 predam
3182 3102 3456 3173 tulerant,
3484 3104 3562 3161 ita

150 3177 407 3270 telisque
431 3213 498 3256 ac
520 3177 839 3268 sagittandi
872 3195 1078 3268 peritia
1102 3194 1272 3251 nimis
1300 3192 1595 3263 instructi,
1628 3192 1807 3247 fortu-
1838 3177 1886 3239 C
1918 3177 2069 3253 nunc
2098 3197 2352 3253 hostium
2387 3193 2744 3253 multitudini
2779 3209 2886 3249 non
2917 3194 3143 3250 cedant.
3179 3190 3448 3262 Illorum,
3483 3191 3565 3249 in-

149 3302 281 3346 nam
315 3301 481 3344 suam
515 3299 618 3341 seu
652 3284 928 3341 virtutem
977 3280 1160 3353 ignoti
1210 3280 1503 3337 exercitus
1551 3277 1803 3351 experiri

149 3377 351 3449 potius
371 3372 735 3447 explorando
755 3387 924 3444 quam
945 3374 1149 3442 aperte
1166 3366 1598 3438 congrediendo
1618 3366 1807 3423 venie-

150 3467 313 3523 bant.
371 3463 530 3521 [Tnde
581 3460 846 3533 inprimis
894 3458 1372 3515 latrocinantium
1406 3470 1565 3512 more
1598 3454 1808 3525 vulgus

148 3558 481 3611 extremum
529 3550 805 3621 diripere,
844 3551 977 3621 post
1020 3547 1143 3603 haec
1183 3558 1393 3617 capere
1432 3542 1524 3600 vel
1572 3542 1801 3613 cedere,

148 3639 365 3699 deinde
389 3654 492 3712 per
514 3640 782 3710 competa
809 3637 1241 3708 precurrentes,
1267 3632 1534 3689 incendio
1560 3631 1649 3687 vel
1675 3646 1808 3702 quo.

151 3743 405 3800 cumque
460 3725 752 3783 molimine
811 3721 1023 3796 pabula
1079 3724 1445 3794 prevastare,
1492 3718 1803 3791 aliquando

144 3820 331 3876 etiam
357 3831 461 3889 per
478 3814 714 3885 junceta
733 3812 825 3870 vel
843 3815 1075 3869 carecta
1097 3809 1457 3880 gradientem
1482 3808 1801 3864 exercitum

148 3910 270 3966 tota
327 3905 420 3963 die
467 3902 713 3961 ﬂammis
756 3901 851 3960 vel
902 3901 1056 3957 fumo
1105 3912 1337 3967 vexare,
1394 3911 1802 3969 nonnunquam

146 3998 345 4054 fontes
366 3991 456 4028 1°”
478 3991 570 4050 vel
591 3990 881 4049 cisternas
912 3989 1223 4058 obdurare,
1252 4002 1280 4043 a
1304 3986 1453 4042 locis
1481 3985 1803 4043 tutioribus

143 4084 287 4142 telis
308 4083 605 4151 infestare,
629 4094 731 4152 per
754 4083 959 4136 noctes
981 4092 1133 4134 nunc
1156 4078 1262 4132 hac
1285 4090 1433 4131 nunc
1458 4074 1555 4130 illa
1578 4078 1804 4133 castro-

142 4187 277 4232 rum
310 4174 477 4245 parte
510 4169 922 4240 irrumpentes,
955 4165 1185 4223 cunctis
1227 4162 1690 4236 inquietudinem
1721 4162 1802 4220 in-

140 4263 323 4320 ferre.
349 4262 508 4316 Inter
525 4258 649 4315 haec
667 4260 860 4313 tamen
884 4254 1072 4312 omnia
1097 4266 1390 4323 nunquam
1410 4251 1534 4307 acie
1553 4249 1797 4322 directa,

138 4361 444 4420 nunquam
487 4348 679 4403 fronte
717 4348 919 4417 aperta
952 4357 1112 4399 more
1143 4340 1535 4413 praeliantium
1563 4353 1801 4410 congre-

141 4437 478 4505 diebantur,
506 4434 606 4492 sed
639 4431 1053 4491 resistentibus
1078 4430 1383 4501 cedebant,
1421 4429 1799 4500 insequentes

1919 3286 2065 3357 quit,
2090 3286 2304 3342 damno
2324 3286 2599 3342 vivamus
2621 3284 2731 3341 aut
2736 3282 3009 3355 periculo
3028 3281 3388 3339 moriamur!
3414 3282 3565 3339 Ecce

1919 3373 2153 3443 bellum,
2176 3389 2207 3429 ο
2226 3373 2359 3430 boni
2376 3374 2622 3443 milites,
2647 3358 2808 3443 qu5d
2825 3372 2967 3427 olim
2986 3370 3075 3403 “9"
3091 3370 3439 3442 optavimus,
3449 3383 3563 3442 pro

1915 3476 2031 3535 quo
2040 3464 2336 3535 patr-iam,
2346 3462 2628 3533 parentes
2644 3474 2968 3532 pacemque
2984 3457 3075 3492 ’⁸⁸⁸
3092 3458 3557 3529 contempsimus.

1916 3552 2105 3608 Porro
2116 3566 2229 3622 pro
2256 3551 2479 3609 Chriin
2508 3549 2837 3606 hereditate
2857 3549 3062 3606 contra
3086 3548 3389 3606 incusares
3407 3547 3564 3605 San-

1916 3641 2022 3698 cta
2056 3642 2247 3697 Terra:
2260 3640 2671 3712 predonesqu‘
2699 3637 3077 3707 alienigenas
3103 3648 3374 3707 pug-nare
3394 3635 3566 3692 hone-

1915 3729 2073 3786 stum
2093 3729 2197 3795 est,
2220 3729 2452 3785 vincere
2483 3726 2631 3783 tales
2659 3739 3043 3795 nequaquam
3064 3724 3381 3791 incertum,
3413 3725 3569 3781 mori

1908 3817 2255 3888 gloriosum.
2283 3814 2424 3873 Illis
2432 3813 2647 3886 patria
2662 3812 2977 3869 ministrat
2980 3810 3228 3883 fugam,
3252 3808 3422 3866 nobis
3440 3812 3566 3867 exi-

1918 3906 2064 3963 lium
2082 3903 2293 3961 cictori
2299 3917 2413 3960 am.
2445 3899 2892 3972 Comprehemus
2897 3900 3034 3971 jam
3050 3899 3210 3971 quod
3224 3896 3343 3968 ipsi
3360 3911 3567 3969 capro-

1917 3992 2112 4062 brant,
2148 3990 2407 4048 Francos
2432 3989 2677 4046 mortem
2704 4002 2821 4044 non
2860 3987 3086 4056 timere,
3120 3986 3295 4042 immo
3331 3983 3565 4043 Christi

1907 4082 2252 4154 peregrinos
2273 4080 2387 4136 aut
2402 4079 2464 4135 in
2490 4077 2730 4136 Christo
2750 4077 2982 4133 vincere
3012 4075 3123 4133 aut
3144 4088 3251 4146 pro
3274 4072 3364 4106 1°"
3388 4073 3563 4132 Chri-

1912 4171 2000 4229 sto
2019 4171 2172 4227 mori
2192 4167 2374 4225 velle!
2398 4166 2552 4223 Talia
2587 4164 2760 4223 multa
2789 4168 3097 4237 postquam
3127 4162 3445 4235 peroravit,
3472 4175 3562 4218 ar-

1914 4258 2095 4315 rectis
2126 4272 2361 4314 suorum
2392 4254 2618 4319 animis,
2644 4254 2790 4310 miro
2819 4253 2917 4308 Dei
2948 4249 3367 4324 omnipotentis
3393 4256 3561 4317 nutu,

1913 4344 2118 4415 ingens
2146 4346 2593 4399 Sarracenorum
2622 4339 2873 4412 populus
2903 4338 2997 4396 uni
3027 4342 3252 4395 tantum
3276 4335 3369 4393 vel
3391 4336 3564 4409 paulo

1913 4433 2046 4506 plus
2069 4432 2282 4502 legioni
2306 4435 2631 4488 nostratum
2663 4429 2859 4498 cessit,
2893 4427 3037 4485 adeo
3071 4426 3155 4483 uti
3184 4440 3255 4482 ne
3283 4424 3561 4495 congredi

143 4525 471 4598 fugiebant,
505 4525 869 4581 revertentes
898 4520 1089 4577 denuo
1119 4519 1575 4590 subsequuntur.
1613 4518 1667 4574 Si
1698 4516 1800 4573 mi-
1829 4534 1881 4593 Ι)
1913 4521 2144 4595 quidem
2169 4522 2596 4591 presumerent,
2623 4516 2723 4575 sed
2750 4521 2880 4589 post
2901 4518 3236 4573 transactos
3258 4512 3480 4582 aliquot
3505 4512 3561 4567 in

144 4614 337 4673 serias
371 4613 504 4670 illas
533 4611 804 4669 omnibus
857 4608 1108 4666 miseriis
1154 4607 1610 4665 miserabiliores
1660 4607 1797 4665 stilo

143 4700 425 4774 prosequi
456 4698 623 4771 plene
650 4701 1021 4769 temptamus,
1055 4694 1507 4767 possibilitatem
1536 4693 1708 4750 simul
1737 4697 1793 4750 et

144 4790 377 4849 modum
418 4786 791 4853 excedimus;
833 4784 932 4842 ubi
977 4783 1226 4857 turpiter
1268 4788 1360 4839 tot
1400 4782 1646 4853 nobiles,
1692 4798 1795 4857 per

145 4877 397 4951 inopiam
422 4879 514 4933 tot
533 4873 769 4946 divites,
795 4873 922 4930 sine
947 4874 1101 4929 ferro
1127 4876 1213 4928 tot
1239 4872 1420 4929 fortes
1439 4870 1793 4928 occubuisse

144 4968 475 5037 referimus,
521 4965 656 5024 dum
693 4963 924 5023 domino
966 4977 1175 5020 servus
1216 4976 1477 5035 presens,
1513 4960 1791 5035 locupleti

146 5055 388 5131 pecunia
410 5054 704 5114 suﬁlciens
724 5052 954 5109 minime
972 5050 1160 5123 quivit
1178 5050 1507 5122 subvenire,
1529 5064 1635 5107 nec
1656 5050 1791 5108 forti

141 5144 304 5205 licuit
334 5157 610 5217 pugnare.
644 5143 788 5200 Loca
813 5141 1029 5213 quippe
1049 5140 1250 5197 eadem
1275 5144 1443 5197 erant
1465 5143 1611 5208 arta,
1641 5137 1790 5197 invia

142 5239 315 5309 atque
336 5230 763 5303 inbabitabilia,
779 5229 1052 5287 hostibus
1063 5229 1319 5301 cognita,
1337 5228 1553 5287 nostris
1571 5228 1787 5299 ignota,

1911 4611 2112 4669 eadem
2135 4609 2387 4667 statione
2407 4608 2529 4664 dies
2550 4607 2801 4678 turpiter
2818 4610 2876 4661 et
2898 4605 3086 4660 inactc
3111 4600 3389 4658 redirent.
3415 4599 3561 4656 Rur-

1910 4715 2039 4758 sum
2072 4699 2227 4756 circa
2262 4696 2544 4754 Kalendas
2578 4694 2973 4765 Septembres,
3010 4706 3122 4762 quo
3155 4688 3385 4746 scilicet
3416 4691 3563 4743 tem-

1910 4802 2051 4861 pore
2095 4786 2570 4849 Christianorum,
2616 4796 2762 4852 quos
2790 4785 2927 4837 ante
2956 4776 3420 4845 memoravimus,
3464 4774 3562 4831 ad-

1906 4875 2269 4934 ventantium
2305 4873 2450 4929 fama
2486 4868 2811 4941 Babylonia:
2849 4881 3025 4936 regna
3057 4867 3377 4932 terruerat,
3413 4862 3559 4920 inito

1908 4963 2177 5032 consilio,
2197 4973 2590 5035 preoccupare
2610 4962 2890 5022 nostram,
2908 4956 3014 5011 hoc
3034 4958 3122 5011 est
3146 4952 3558 5009 universorum

1908 5053 2003 5125 qui
2032 5056 2174 5108 tunc
2206 5050 2261 5106 in
2290 5050 2471 5105 Judea
2504 5046 2594 5103 vel
2619 5047 2671 5101 in
2696 5044 2925 5101 cunctis
2958 5043 3171 5098 finibus
3196 5039 3314 5097 illis
3340 5039 3560 5111 reperi-

1905 5146 2132 5209 rentur,
2159 5136 2536 5193 interneciem
2562 5133 2973 5204 disponebant,
3007 5129 3316 5199 missisque
3341 5126 3561 5199 episto-

1902 5221 1982 5285 lis
2002 5229 2300 5296 Damasco,
2330 5223 2567 5295 Tripoli,
2601 5221 2783 5290 Gibel,
2813 5220 3164 5289 cieterisque
3194 5215 3461 5273 barbaris
3482 5215 3562 5271 ci-

145 5302 251 5397 qua
274 5327 504 5382 tantum
523 5319 624 5377 Dei
647 5302 925 5393 populum
947 5316 1136 5376 Alexii
1159 5317 1471 5375 traditoris
1494 5316 1826 5377 incarcera-
1873 5316 2182 5386 vitatibus,
2200 5311 2485 5370 adversus
2505 5323 2709 5367 nomen
2735 5306 3195 5365 Christianitatis
3210 5318 3273 5362 se
3296 5302 3548 5359 invicem

1498 5436 1735 5493 νΑΒιΑε]
1774 5430 2174 5493 LECTIONES.

211 5536 301 5621 ‘f"
328 5546 637 5621 mergor“
670 5536 764 5621 1.“
767 5529 877 5621 at”?
908 5530 1495 5621 fontesl—‘lnfestare
1523 5532 1962 5621 destinatam“
1994 5529 2082 5621 “'9:
2142 5526 2355 5586 welfus
2380 5526 2443 5581 ll.
2508 5521 2595 5556 ι⁶⁰¹
2627 5523 2683 5577 Τ.
2720 5527 2770 5578 1.
2829 5519 2920 5555 ¹⁶⁹⁶
2942 5520 3123 5577 aciem
3167 5512 3566 5573 balduwimus

164 5600 429 5669 astruxit
490 5604 556 5665 D.
592 5605 659 5663 Η.
722 5600 812 5638 ¹⁸⁹⁷
841 5616 872 5663 e
899 5616 1056 5663 corr.
1097 5607 1148 5662 1.
1174 5601 1264 5637 ¹⁶⁹⁸
1291 5619 1486 5678 pacem
1519 5604 1583 5675 Β,
1616 5605 1681 5660 Η.
1714 5603 1805 5637 ¹⁶⁹⁹
1835 5603 1891 5661 in
1922 5605 1984 5660 D.
2030 5603 2095 5660 Η.
