3962 6332
161 346 274 414 985

1035 360 1475 431 ΟΗΗΟΝΙΟΧ.
1566 400 1585 407 -
1644 358 2119 433 CHRGNICON
2168 359 2715 432 UNIVERSALE.

3464 362 3587 430 986

163 488 586 569 bamus,usque
615 497 698 556 ad
713 514 1017 572 cesperam
1032 519 1137 566 ora
1146 507 1405 569 tionibus
1416 509 1616 569 solitis
1645 510 1810 569 insti-

1944 514 2007 559 ac
2042 504 2327 574 perpetuo
2358 515 2486 559 cum
2508 498 2631 559 suis
2663 496 3005 559 auctoribus
3028 502 3202 574 atque
3234 493 3588 575 sequacibu’

163 585 381 655 timus;
401 590 657 660 tuncyue
668 595 914 664 propter
942 599 1194 668 peccata
1224 601 1433 657 nostra
1481 601 1815 658 desiderato

160 675 310 732 dono
331 678 739 751 celestiﬂuod
759 685 942 742 etiam
973 689 1039 744 in
1062 690 1367 760 conspectu
1377 690 1648 761 gentium
1674 691 1817 747 olim

162 764 512 826 Christiani
524 774 665 829 ante
684 789 786 833 nos
798 788 1023 847 semper
1033 781 1333 850 suscipere
1343 779 1815 849 solebant,omni-

158 855 332 910 modo
339 858 662 931 frustrati,
681 864 1073 935 absqueomni
1070 869 1314 939 festiue
1353 871 1606 939 sg/naa'is
1629 869 1816 938 oﬂcio

158 945 387 1002 noctem
415 949 591 1008 illam
604 955 927 1014 Dominicis
936 961 1402 1017 resurrectionis
1425 960 1674 1030 lugendo
1689 958 1818 1015 tan-

156 1033 358 1092 tumet
372 1044 645 1099 merendo
677 1046 1095 1117 transegimus.
1132 1053 1380 1107 Summo
1397 1051 1599 1108 autem
1641 1062 1818 1105 mane

158 1137 297 1179 cum
308 1125 942 1204 latan-iisasepulchro
962 1139 1203 1195 Domini
1229 1140 1557 1210 nudipedes
1596 1151 1820 1209 proces-

158 1215 377 1285 simus,
401 1220 779 1293 ingressique
801 1226 1078 1296 templum
1090 1229 1473 1301 Dominiazuo
1489 1227 1724 1285 scilicet
1740 1227 1820 1283 ιο·

157 1304 325 1371 co,id
351 1308 443 1363 est
466 1311 718 1367 montem
736 1312 825 1346 ίτοτ
846 1314 1043 1372 Morta
1066 1318 1133 1374 in
1147 1333 1291 1373 area
1311 1320 1551 1374 Areuna
1568 1317 1585 1373 (
1596 1318 1813 1385 ll.Reg.

166 1407 307 1448 xxnv
338 1399 662 1467 23),Daoid
670 1402 732 1458 in
746 1406 1017 1461 maxima
1032 1408 1383 1463 exauditam
1401 1406 1625 1462 tributa
1635 1406 1813 1473 tione,

160 1484 523 1555 cunctosque
559 1490 962 1548 eaau'licndos
990 1494 1095 1563 aui
1125 1494 1345 1551 ibidem
1396 1496 1569 1551 corde
1620 1494 1818 1550 devoto

160 1573 496 1643 eruperint,
530 1577 839 1635 Salomoni
852 1584 1214 1650 promissum
1243 1584 1489 1653 legimus
1511 1596 1672 1639 :maa
1686 1581 1824 1652 post

154 1670 376 1726 preces
392 1660 813 1734 lacrimasyue,
850 1682 920 1723 ne
940 1684 1042 1725 nos
1065 1670 1372 1726 deserendo
1392 1670 1668 1727 Christus
1720 1684 1818 1725 no-

172 1746 452 1804 minisuo
493 1749 917 1822 blasphemiam
936 1758 1090 1812 inter
1098 1760 1303 1829 gen/es
1314 1759 1691 1830 prepararet,
1707 1757 1817 1828 fu-

167 1837 553 1927 sas,necdum
574 1841 802 1898 atrium
847 1845 1008 1901 illud
1028 1847 1340 1918 famosum
1363 1847 1719 1918 egredimur,
1764 1846 1825 1901 et
1847 1868 1899 1927 Β

168 1934 306 1980 ecce
327 1926 507 1996 signa
525 1933 943 2003 concrepantia
968 1934 1175 1993 laudes
1192 1937 1486 1993 altisonas
1510 1937 1573 1992 in
1622 1949 1817 1992 occur-

170 2022 308 2066 sum
326 2013 494 2072 nobis
508 2016 581 2073 ab
596 2016 691 2076 his
720 2021 826 2090 qui
872 2026 1289 2082 remanserant
1304 2026 1609 2081 reboantes
1645 2022 1818 2081 audi-

166 2112 332 2168 mus;
354 2103 650 2163 intrantes
674 2122 809 2164 vero
823 2113 1402 2184 acclesiamprenom
1413 2114 1657 2181 inatam,
1686 2113 1816 2167 lam‘

162 2188 362 2257 pades
377 2189 528 2250 duas
541 2197 769 2255 caelitus
781 2199 1054 2259 incensas
1070 2203 1296 2273 gaudio
1312 2204 1587 2259 immenso
1602 2215 1705 2271 rep
1714 2200 1817 2256 leti

171 2279 592 2347 conspicimus.
632 2284 789 2350 Quid
820 2288 1025 2358 plura?
1047 2291 1091 2346 Α
1119 2291 1396 2362 baptismi
1421 2291 1625 2360 oﬁcio,
1660 2286 1819 2359 Quod

166 2365 845 2444 pridiecessaceramus,
878 2379 1250 2449 incipientes,
1288 2381 1470 2436 totum
1506 2377 1814 2436 servitutis

169 2454 398 2513 nostra
422 2472 676 2528 pensum
714 2465 961 2522 Domino
977 2467 1592 2537 dudmnsubtractum,
1627 2477 1815 2537 usque

181 2543 270 2598 ad
293 2545 493 2603 missa
508 2550 943 2621 completionem
958 2557 1266 2614 latissima
1285 2557 1588 2613 devotione
1591 2553 1813 2625 persol-

178 2631 403 2705 cimus;
424 2636 593 2694 nobis
618 2654 849 2712 quoque
880 2646 1150 2714 egress’s,
1180 2646 1593 2703 intermissam
1631 2644 1812 2712 Syro-

171 2725 449 2794 νῑιτηναῖιί
501 2740 727 2798 semper
768 2732 911 2801 post
936 2735 1204 2790 nostrum
1278 2747 1576 2806 egressum
1620 2730 1815 2787 eodem

166 2810 442 2879 psallere
461 2812 631 2871 choro
649 2817 1170 2893 solent,lampades
1201 2822 1340 2879 alia
1395 2820 1691 2879 divinitus
1721 2832 1815 2875 ac-

177 2898 678 2971 cenduntur,ante
689 2920 958 2977 oesperas
977 2923 1111 2965 vero
1132 2910 1189 2965 et
1216 2912 1373 2967 inter
1392 2913 1560 2981 ipsas
1594 2921 1815 2978 resper-

178 2983 346 3044 tinas
369 2988 576 3046 laudes
605 3007 793 3063 usque
814 2996 895 3052 ad
922 3001 986 3052 16
1000 2996 1343 3069 hujusmodi
1368 2994 1816 3054 luminarisibi—

177 3071 319 3130 liter
358 3078 979 3154 anuilianturﬁicque
1022 3088 1291 3158 contigit,
1328 3088 1399 3142 ut
1428 3088 1612 3158 pauci
1654 3084 1816 3141 intra

178 3162 565 3224 Hierusalem
591 3183 695 3226 seu
738 3170 1076 3231 Christiani
1102 3189 1205 3231 seu
1222 3177 1451 3247 pagani
1491 3175 1815 3246 reperiren-
1847 3229 1891 3251 η

172 3251 413 3324 tumqui
436 3256 559 3313 tam
580 3260 900 3319 evidentem
959 3263 1191 3322 Christi
1201 3232 1538 3337 potentiam
1589 3279 1652 3322 se
1698 3278 1810 3321 non

1944 3241 2009 3297 rir
2042 3257 2143 3312 per
2172 3242 2349 3298 multa
2384 3241 2715 3309 laudabilis,
2745 3242 2989 3297 maxime
3020 3232 3210 3295 tamen
3238 3232 3561 3311 popularis,

177 3341 406 3400 cidisse
433 3344 794 3406 testarentur

750 3439 822 3493 H.
858 3437 948 3471 ¹⁷⁰⁸
976 3441 1039 3495 D.
1076 3440 1237 3496 MCH.

238 3520 571 3592 Imperator
602 3523 904 3583 Heinricus
933 3527 1252 3599 "°°,habito
1283 3545 1412 3587 cum
1452 3531 1813 3604 principibus

165 3607 467 3679 colloquio
488 3612 530 3678 ‘,
550 3612 784 3669 Romam
804 3631 867 3671 se
882 3618 1279 3687 profecturum
1306 3634 1371 3675 ac
1394 3621 1811 3689 generalecon-

171 3696 377 3753 cilium
434 3699 588 3755 circa
614 3703 779 3759 Febr.
815 3704 1102 3762 Kalendas
1153 3707 1291 3763 inibi
1353 3716 1809 3767 convocaturum

161 3786 901 3860 condixit,quatinus,tam
931 3810 1035 3851 sua
1069 3810 1239 3867 quam
1262 3796 1455 3853 domui
1500 3800 1808 3869 apostolici

162 3889 346 3931 causa
382 3878 660 3934 canonice
683 3881 1289 3952 ventilata,catholica
1323 3885 1477 3943 inter
1500 3903 1737 3958 regnum
1755 3893 1810 3947 et

170 3965 575 4023 sacerdotium
631 3969 1078 4028 continuaretur
1108 3974 1320 4043 unitas,
1358 3991 1485 4046 quas
1518 3983 1609 4034 tot
1651 3980 1815 4039 annis

159 4051 351 4108 scissa
382 4056 723 4123 permansit.
758 4058 998 4115 Constat
1030 4065 1223 4118 tamen
1256 4078 1361 4120 nec
1418 4064 1607 4134 ipsum
1633 4067 1800 4136 juxta

167 4139 455 4211 placitum
492 4143 737 4207 venisse,
771 4161 876 4203 nec
901 4149 1108 4206 nuncia
1141 4150 1410 4219 dignitati
1475 4155 1817 4223 apostolicm

155 4228 595 4298 subiectionem
646 4234 978 4305 proﬁtentia
1069 4238 1317 4295 misisse.
1358 4241 1469 4296 Nec
1518 4242 1625 4297 hoc
1649 4242 1817 4313 latet,

164 4317 329 4387 quod,
370 4317 617 4376 alterum
654 4336 856 4393 papam
892 4324 1000 4395 ipsi
1035 4324 1245 4381 domno
1307 4329 1569 4384 Paschali
1617 4346 1825 4402 super-

164 4419 419 4476 ponere,
449 4408 493 4463 si
527 4408 648 4467 ﬁeri
676 4416 1154 4481 posset,conatus
1189 4416 1286 4485 sit,
1328 4431 1434 4472 nec
1479 4420 1815 4489 profecerit.

348 4496 371 4518 "
404 4497 704 4568 C.pergit.
730 4504 1193 4579 tractarecepit,
1221 4505 1268 4561 si
1303 4506 1426 4579 ﬁeri
1458 4513 1676 4579 posset,
1716 4511 1825 4567 Ro-

1091 4520 1193 4629 ga,
1221 4520 1268 4561 sn
1303 4520 1426 4561 ueri
1458 4520 1676 4579 posset,
1716 4520 1825 4567 tio-

1091 4646 1100 4652 _
1133 4590 1179 4630 r.
1218 4578 1635 4652 profecturum,
1686 4596 1822 4652 qua-
1849 4576 1905 4639 D

422 4580 566 4646 mam
596 4583 659 4624 se
691 4570 844 4646 circa
884 4573 1086 4629 Kal.Fe

420 4642 581 4720 tinus
611 4672 677 4680 —
717 4642 913 4720 unitas
952 4642 1422 4720 confirmaretur.
1462 4650 1592 4720 Ipso
1622 4642 1819 4708 autem

417 4707 549 4765 aliis
567 4712 828 4780 negociis
849 4713 1450 4786 impedito,transacta
1468 4707 1653 4777 media
1672 4707 1823 4793 q.etc

230 4796 548 4854 Transacto
580 4805 709 4869 post
741 4800 863 4857 haec
890 4803 1073 4859 media
1107 4805 1577 4877 quadragesima,
1608 4825 1820 4867 conve.

158 4884 786 4944 nientibus‘universis
821 4890 1049 4960 Apulia:
1070 4892 1396 4965 Campanize
1430 4895 1540 4966 "1°,
1579 4899 1810 4978 Siciliae,

156 4973 461 5029 Tuscaniae
482 4972 570 5006 1"“
598 4976 895 5047 totiusque
927 4979 1096 5034 simul
1128 4981 1311 5039 Italize
1344 4986 1694 5058 presnlihus,
1729 4972 1814 5045 ul;

161 5066 667 5119 tramontanorum
701 5070 894 5121 autem
932 5080 1100 5137 quam
1152 5069 1530 5140 plurimorum
1580 5082 1806 5145 patrum

158 5150 394 5220 legatis,
423 5151 680 5221 synodus
713 5167 915 5224 magna
946 5156 1140 5211 Romae
1171 5162 1256 5212 est
1292 5159 1488 5215 habita
1544 5161 1802 5235 (Mart),

160 5238 259 5294 ubi
288 5243 494 5311 preter
522 5240 759 5311 antiqua
785 5243 1019 5299 Patrum
1049 5243 1319 5303 instituta
1352 5250 1805 5308 moresolitore-

157 5333 435 5384 verenter
465 5329 829 5400 conﬁrmata,
855 5332 1029 5386 etiam
1062 5334 1624 5404 sepedictumnostri
1662 5340 1811 5397 tem-'

159 5417 323 5486 poris
349 5417 565 5474 scisma
590 5416 742 5473 inter
773 5420 1080 5492 prccipuas
1127 5423 1366 5478 hereses
1403 5432 1794 5499 computatur,

1940 592 2656 664 anathematehujusmodi
2700 591 3036 664 subscripta
3072 592 3436 663 professione
3451 607 3583 650 con-

1934 680 3253 751 demnatur:Anathematimomnemheresim,
3287 681 3347 740 et
3387 681 3586 754 preci-

1919 785 2040 845 pue
2054 782 2181 827 eam
2218 770 2902 842 quastatumpresentis
2936 770 3213 829 acclesia
3238 770 3578 844 perturbat,

1928 874 2058 931 qua
2082 859 2253 916 docet
2272 861 2332 916 et
2348 859 2764 927 asruit,anath
2775 861 2967 917 emata
2983 859 3504 931 contempnendum
3520 861 3578 918 el

1928 948 2547 1019 acclesiceligamenta
2563 950 3054 1019 spernendaesse.
3091 949 3385 1007 Promitto
3416 950 3438 972 ‘
3474 964 3579 1008 au-

1930 1037 2043 1093 tem
2063 1037 2475 1093 oboedientiam
2518 1038 2854 1107 apostolica!
2868 1037 3029 1094 sedis
3031 1037 3209 1108 ponti
3204 1037 3317 1108 fici
3367 1038 3576 1096 domno

1928 1127 2222 1185 Paschali
2258 1126 2503 1196 ejusque
2566 1127 3003 1183 successoribus
3061 1126 3169 1184 sub
3240 1127 3583 1186 testimonio

1933 1216 2163 1272 Christi
2177 1221 2228 1271 et
2239 1215 2530 1281 ecclesia,
2540 1216 2848 1285 aﬂirmans
2862 1232 2897 1287 ᾳ
2908 1230 2976 1272 uo
2988 1216 3021 1270 ί
3033 1216 3331 1287 affirmat,
3341 1217 3400 1272 et
3419 1217 3578 1273 dam.

1923 1304 2288 1375 pnansquod
2302 1305 2807 1374 dampnatsancta
2829 1304 3263 1361 etunicersalis
3285 1305 3577 1362 ecclesia.

1930 1393 2393 1462 Ibietiamquam
2439 1394 2788 1449 sententiam
2818 1395 2869 1449 in
2913 1395 3325 1465 imperatorem
3370 1392 3459 1426 1""
3492 1390 3580 1450 vel

1932 1482 2236 1553 patricium
2279 1483 2593 1537 Romanum
2630 1484 2956 1539 [Icinricum
3004 1483 3153 1538 ilem
3207 1480 3575 1554 apostolicus

1929 1570 2225 1625 Paschalis
2246 1569 2332 1602 “’1”
2355 1571 2950 1640 promulgaverit,nos
2976 1586 3209 1641 quoque
3248 1571 3401 1627 inter
3422 1571 3584 1627 innu-

1931 1658 2780 1727 merasdiversarumgontium
2813 1665 3083 1714 catervas
3122 1659 3569 1729 proximacoena

1931 1748 2408 1818 (.4pr.3.)l)omini
2426 1748 2760 1803 inmeclcsia
2781 1748 3153 1803 Lateranansi
3172 1747 3242 1802 ab
3259 1748 3347 1818 ips
3368 1747 3457 1804 ius
3480 1762 3581 1805 ore

1931 1835 2255 1899 didicimus;
2303 1836 2568 1892 nimirum
2590 1840 2895 1907 postquam
2912 1840 2961 1891 8.
2983 1837 3102 1891 Kal.
3124 1837 3341 1891 Octobr
3397 1837 3574 1891 maris

1931 1924 2205 1981 ﬂuctibus
2226 1926 2408 1996 Joppe
2425 1925 2648 1993 traditi,
2670 1927 2858 1980 Romae
2874 1940 3074 1980 sumus
3093 1940 3191 1994 per
3210 1923 3426 1980 Christi
3445 1939 3573 1993 gra-

1930 2011 2065 2067 tiam
2092 2012 2356 2082 predicta
2381 2013 2580 2083 majori
2635 2012 2954 2068 ebdomada
3007 2012 3347 2067 introducti.
3397 2011 3578 2081 Quia,

1934 2099 2413 2170 inquit,tunicam
2464 2101 2697 2158 Christi
2734 2100 3123 2169 scindere,id
3142 2099 3232 2157 est
3273 2099 3584 2157 ecclesiam

1924 2190 2164 2261 rapinis
2183 2190 2551 2247 etincendiis
2585 2191 2918 2259 decastare,
2957 2190 3248 2259 luauriis,
3279 2188 3582 2261 perjuriis

1926 2281 2106 2349 atyue
2119 2278 2459 2335 homicidiis
2484 2279 3060 2341 commacularemon
3077 2277 3350 2347 cessavit,
3385 2277 3581 2348 primo

1925 2381 1964 2423 a
1985 2366 2163 2423 beata
2182 2368 2474 2424 memoria
2488 2366 2771 2437 Gregorio
2780 2366 3182 2438 papa,deinde
3204 2380 3243 2422 a
3262 2366 3579 2423 sanctissi-

1922 2470 2013 2510 mo
2034 2457 2163 2512 oiro
2190 2456 2424 2512 Urbano
2443 2457 2848 2524 prerlecessore
2860 2469 2982 2511 meo
2998 2455 3240 2526 propter
3259 2468 3433 2511 suam
3453 2454 3571 2510 ino-

1926 2543 2303 2601 bwdientiam
2321 2546 2859 2601 accommunicatus
2878 2545 2967 2602 est
2979 2544 3162 2614 at7ue
3181 2543 3568 2614 condempna-

1926 2631 2043 2697 tus;
2062 2646 2168 2687 nos
2190 2646 2421 2703 qzeoyue
2441 2633 2506 2687 in
2522 2632 2800 2701 proxima
2822 2632 3047 2702 synodo
3087 2631 3294 2687 nostra
3328 2630 3569 2703 judicio

1925 2719 2106 2776 totius
2125 2720 2399 2776 acclesire
2409 2721 2692 2789 perpetuo
2724 2734 2854 2775 eum
2877 2718 3251 2775 anathemati
3297 2718 3560 2774 tradidi-

1921 2809 2156 2865 musld
2172 2810 2372 2865 notum
2390 2809 2658 2865 columns
2677 2806 2946 2864 omnibus
2967 2807 3026 2862 et
3057 2807 3318 2862 maxime
3366 2808 3562 2863 ultra-

1922 2899 2221 2955 montanis
2247 2898 2569 2970 esse,quati
2579 2912 2686 2954 nus
2703 2896 2775 2953 ab
2797 2897 2989 2968 ipsius
3009 2908 3071 2952 se
3083 2895 3433 2952 contineant
3447 2895 3573 2953 ini-

1925 2987 2176 3057 quitate.

2066 3075 2389 3130 ‘Promitto
2413 3106 2480 3115 -—
2531 3075 2865 3129 contineant
2889 3073 3216 3144 iniquitate.
3255 3071 3468 3129 desunt
3502 3071 3560 3126 C.

1997 3164 2317 3220 Hartwicus
2338 3163 2870 3232 *Magdeburgensis
2890 3162 3367 3233 archiepiscopus
3387 3159 3561 3229 obiit,

1922 3333 1978 3385 et
2013 3330 2292 3387 zecclesize
2323 3330 2414 3385 cui
2446 3335 2678 3401 proerat
2714 3330 3069 3386 utilitatibus
3104 3328 3350 3385 multum
3408 3326 3567 3382 insu-

1923 3417 2067 3475 dans
2097 3417 2433 3488 dilatandis,
2471 3434 2572 3489 pro
2600 3420 3081 3489 scismatequoqu
3106 3434 3117 3471 ξ
3141 3430 3281 3487 sepe
3302 3414 3459 3470 dicto
3476 3429 3570 3469 ro-

1921 3506 2228 3563 sarcieudo
2250 3507 2402 3562 inter
2422 3510 2726 3577 utramque
2741 3510 2969 3577 partem
2996 3505 3282 3561 mediator
3301 3501 3568 3573 infatiga-

1922 3595 2176 3650 bilis.—
2234 3598 2592 3666 Ruotpertus
2649 3596 2965 3665 episcopus
3054 3590 3559 3661 Babenbergensis

1920 3684 2103 3749 obiit;
2134 3684 2226 3740 cui
2262 3699 2362 3755 per
2394 3684 2802 3754 imperatorem
2836 3683 3166 3739 Heinricum
3217 3683 3374 3748 Otto,
3427 3694 3561 3735 can-

1921 3772 2196 3828 cellarius
2229 3771 2763 3840 ejus,substituitur
2790 3770 2896 3837 vir,
2927 3775 2985 3824 ut
3018 3768 3566 3838 creditur,benere-

1923 3859 2186 3929 ligiosus.
2211 3890 2263 3899 —
2296 3858 2612 3927 Aerbojam
2652 3857 3004 3926 grandevus,
3032 3856 3246 3912 nobilis
3270 3854 3340 3910 de
3362 3852 3563 3910 Carin-

1921 3948 2044 4003 tbia
2077 3948 2348 4019 princeps
2378 3951 2438 4002 et
2460 3945 2746 4016 quondam
2772 3945 3065 4016 palatinus
3087 3944 3140 3999 in
3168 3942 3429 4012 Bajoaria
3467 3956 3563 3998 co-

1928 4050 2067 4106 mes,
2102 4035 2372 4104 migravit
2404 4033 2457 4089 in
2482 4033 2739 4089 Domino.

2071 4144 2094 4164 "
2125 4143 2185 4195 Ι).
2224 4142 2283 4195 Ε.
2318 4138 2557 4209 reliqua
2572 4138 2754 4208 huius
2775 4137 2924 4195 anni
2971 4137 3063 4195 ita
3077 4134 3438 4209 disponunt:
3472 4135 3575 4189 Er-

2145 4213 2217 4267 bo
2250 4209 2339 4241 ‘7“
2369 4206 2705 4265 —‘domin‘o.
2726 4210 3089 4280 Ruotpertus
3108 4206 3189 4248 —'
3234 4206 3570 4280 religiosus.

2148 4280 2481 4338 llartwicus
2509 4312 2578 4320 —
2611 4276 3010 4351 infatigabilis.
3072 4281 3148 4337 In
3179 4280 3238 4333 C.
3296 4291 3433 4351 vero
3454 4276 3579 4334 hac

2149 4353 2382 4423 tantum
2441 4352 2745 4423 leguntur:
2788 4348 3183 4422 'Ruotpertus
3257 4348 3575 4423 episcopus

2148 4420 2551 4504 substituitur,
2579 4422 2665 4478 vir
2683 4420 2993 4504 peroninia‘
3008 4424 3158 4504 bene
3187 4420 3500 4489 religiosus
3515 4422 3578 4504 et

2148 4494 2660 4567 precipuedomno
2684 4493 3021 4567 imperatori
3066 4506 3239 4567 super
3271 4504 3471 4546 omnes
3515 4493 3575 4567 et

2148 4561 2248 4638 pre
2285 4561 2552 4640 omnibus
2588 4561 3473 4640 usquea_d_mortem'eti_amnon
3499 4561 3575 4612 si-

2145 4633 2215 4692 ne
2247 4636 2468 4705 magnis
2501 4633 2778 4707 periculis
2811 4633 3204 4707 ﬁdelissimus.
3233 4633 3570 4697 Hartwigus

2145 4702 2659 4777 Magdeburgensis
2680 4705 2994 4776 episcopus
3024 4702 3191 4758 obiit.

1999 4814 2370 4871 Commissum
2400 4814 2423 4837 *
2451 4814 2542 4867 est
2574 4811 2748 4866 etiam
2781 4808 3065 4881 praelium.
3094 4807 3267 4877 (Jul)
3291 4822 3321 4863 a
3356 4804 3560 4863 Baldu-

1926 4901 2058 4959 vino
2088 4907 2145 4958 et
2179 4901 2266 4957 his
2295 4899 2393 4971 qui
2424 4913 2622 4956 secum
2667 4901 2836 4953 erant
2870 4895 3323 4952 Hierosolimitis
3352 4898 3559 4951 contra

1922 4991 2201 5046 inﬁnitam
2224 4990 2671 5044 Sarracenorum
2705 4984 3165 5049 multitudinem;
3194 4983 3293 5039 ubi
3325 4981 3561 5039 dumin-

1921 5077 2285 5135 considerate
2318 5090 2412 5131 res
2449 5075 2660 5145 agitur,
2692 5072 3074 5130 circumventi
3117 5070 3556 5143 sagittariorum

1919 5165 2337 5222 numerositate
2369 5163 2577 5233 nostri,
2613 5165 2814 5233 utpote
2847 5160 2965 5231 jam
3020 5159 3329 5217 admodum
3390 5160 3559 5231 pauci

1916 5253 2072 5322 facti,
2110 5253 2258 5309 intra
2292 5266 2485 5307 muros
2518 5250 2778 5306 c'vitatis
2818 5251 3014 5319 Rama,
3041 5264 3168 5319 quae
3192 5248 3381 5304 vicina
3403 5252 3553 5319 erat,

1918 5341 2129 5399 cedere
2162 5340 2613 5411 compelluntur,
2634 5353 2735 5394 rex
2758 5354 2895 5395 vero
2909 5337 3267 5405 cumtribus,
3287 5341 3351 5394 ut
3387 5336 3572 5408 aiunt,

1914 5430 2227 5501 equitibus
2260 5426 2715 5485 evasit.Barbari
2751 5432 2943 5483 autem
2972 5441 3102 5482 cum
3136 5425 3335 5497 plures
3366 5423 3574 5498 lapidi-

1525 5524 1759 5581 VARHS
1800 5529 1885 5583 LE
1896 5528 2207 5587 CTIONES.

227 5612 320 5650 ¹τ⁰⁷
362 5617 565 5668 monte
594 5614 657 5668 II.
708 5611 802 5645 ¹⁷⁰⁸
856 5618 904 5670 3.

150 5698 182 5741 e
218 5698 376 5746 corr.
413 5688 473 5740 1.
502 5681 595 5716 ¹⁷¹³
624 5685 685 5739 Ρ.
726 5689 773 5739 1,
806 5681 1042 5758 sapius.
1098 5685 1187 5721 ‘7“
1239 5690 1430 5745 Aerbo
1460 5691 1556 5746 Et.

960 5600 1279 5695 premittit
1305 5620 1387 5695 46.
1432 5624 1508 5695 lg.
1556 5619 1644 5654 ""9
1667 5625 1727 5678 ll.
1762 5630 1807 5679 t.
1850 5626 2077 5695 sapius.
2114 5625 2206 5658 ¹⁷ί⁰
2228 5623 2389 5683 deest
2412 5625 2507 5679 Dt.
2571 5622 2657 5656 ιτα
2690 5624 2898 5683 tusciaa
2958 5625 3019 5679 C.
3047 5620 3139 5657 1"“
3173 5635 3282 5679 em.
3318 5636 3372 5677 v.
3418 5634 3472 5690 p.
3511 5634 3563 5676 r.
