3962 6332
62 328 214 392 993

1026 320 1463 390 CIIRONICA.
1504 365 1556 373 --
1609 320 2084 392 CHRONICUN
2129 323 2654 401 UNIVERSALE

3435 335 3551 401 994

69 479 198 521 nes
229 465 452 535 regni
478 477 758 536 proceres
782 461 940 518 inter‘
958 476 1022 518 se
1047 461 1430 530 trutinabant,
1451 466 1615 532 patre
1637 459 1797 530 regni
1832 463 1884 522 A
1910 461 2107 520 rietur
2135 467 2391 526 occisum
2429 470 2528 526 vel
2566 484 2832 542 unquam
2879 469 3113 526 estimet
3153 471 3548 529 occidendum.

71 551 500 609 divisionem
525 555 584 606 et
602 550 974 608 hereditariae
998 549 1391 606 successionis
1411 548 1802 604 confirmatio-

73 657 228 696 nem
267 640 654 712 pollicente,
687 641 807 697 filio
831 655 969 695 vero
1002 639 1078 694 nil
1100 638 1208 693 nisi
1234 636 1575 709 apostolicae
1611 637 1804 706 subje-

73 729 348 784 ctionis
387 733 462 784 et
492 727 918 784 tecclesiastice
948 726 1192 783 unitatis
1221 725 1585 782 efﬁcientiam
1632 739 1806 795 expo-

78 818 408 874 stulante
465 817 582 872 .Sic
658 816 850 873 inacte
923 814 1012 848 1""
1087 813 1417 883 discedens,
1474 813 1807 880 Wirziburg

83 905 381 962 devenit
447 904 632 976 (Jul.),
685 906 706 928 ‘
745 903 1129 973 Errolougum
1171 905 1216 926 “
1273 901 1580 972 quendam,
1639 913 1806 970 quem

89 995 354 1051 dudum
397 991 734 1048 Emehardo
760 992 1036 1048 defuncto
1061 989 1350 1062 presulem
1378 991 1696 1062 imperator
1713 988 1804 1042 dc-

86 1083 284 1152 signa
297 1085 516 1148 verat,
543 1079 863 1152 expellens,
888 1081 1296 1150 Ruotpertum,
1325 1077 1585 1148 ejusdem
1608 1073 1808 1132 aeccle-

92 1173 211 1228 siae
253 1168 682 1241 prepositum,
715 1173 774 1224 et
801 1170 874 1192 ’"
905 1173 1020 1224 tam
1058 1166 1218 1238 prius
1245 1181 1414 1237 quam
1440 1171 1624 1221 tunca
1649 1162 1809 1218 clero

89 1265 160 1315 et
200 1257 470 1328 populo
502 1257 777 1327 electum,
813 1271 918 1328 per
943 1255 1271 1328 predicttim
1303 1252 1810 1324 archiepiscopum

99 1345 572 1402 Ruothardum
623 1343 1146 1400 ""inthronizavit
1170 1360 1182 1406 ;
1204 1342 1402 1413 sicque
1425 1340 1691 1398 {ecclesia
1719 1355 1812 1396 ca-

104 1435 254 1488 dem
295 1431 670 1502 apostolicae
701 1431 1086 1488 communioni
1121 1430 1514 1498 reconciliata,
1549 1444 1615 1485 ac
1646 1443 1809 1484 secu-

108 1522 312 1578 ritate
355 1519 446 1575 ai)
486 1520 726 1575 urbanis
758 1519 1294 1590 accepta,dimissis
1314 1517 1659 1586 Saxonibus,
1686 1517 1807 1588 ipse

97 1624 242 1664 cum
316 1607 628 1677 Bajoariis
679 1606 750 1663 ad
807 1606 1097 1663 obsidium
1155 1605 1382 1662 castelli
1443 1604 1807 1661 Nourinberc

99 1709 506 1762 conversus,
539 1693 801 1766 illudque
831 1698 962 1766 post
992 1694 1138 1751 duos
1163 1693 1258 1750 vel
1289 1693 1538 1766 amplius
1579 1707 1804 1750 menses

105 1784 306 1854 (Aug.
333 1782 716 1854 Septembr.)
743 1796 1022 1855 prospere
1035 1781 1294 1854 capiens,
1307 1781 1501 1838 soluto
1513 1781 1799 1850 exercitu,

107 1871 494 1942 Ratisponze
533 1885 595 1926 se
629 1870 896 1927 contulit.
929 1870 1109 1936 Quem
1143 1875 1308 1942 pater
1337 1885 1370 1926 e
1392 1870 1640 1940 vestigio
1671 1869 1806 1926 sub-

111 1974 420 2030 sequens,
487 1958 872 2028 Errolongum
941 1958 1542 2028 Wirziburgcnsibus,
1606 1958 1805 2028 fugato

109 2049 506 2118 Ruotperto,
540 2047 824 2117 restituit,
857 2045 1106 2117 indeque
1137 2047 1328 2102 omnia
1355 2060 1482 2117 quae
1515 2047 1805 2103 fautorum

114 2143 300 2192 erant
333 2134 454 2190 filii
488 2135 826 2205 dcvastans,
861 2134 1094 2191 tandem
1129 2134 1457 2191 faventibus
1497 2134 1604 2191 sibi
1655 2133 1808 2190 dolis

117 2220 700 2294 Ratisponensium,
733 2220 911 2278 filium
938 2222 1084 2277 urbe
1107 2221 1348 2290 fugavit.
1375 2220 1497 2287 Qua
1521 2220 1804 2291 residens,
1829 2233 1844 2242 '

121 2310 452 2382 presulcm
497 2309 686 2366 cidem
731 2310 1029 2366 katliedra:
1072 2309 1358 2380 quendam
1400 2309 1810 2366 adolescentu-

119 2400 266 2470 lum,
296 2398 559 2455 nomine
583 2397 952 2454 Oudelricum
971 2397 1063 2431 1"”
1082 2398 1180 2421 ““
1202 2398 1466 2468 prefecit,
1487 2398 1807 2454 exercitum

127 2489 572 2557 undecumque
603 2486 1000 2558 congregavit,
1035 2501 1524 2558 progressusque,
1556 2500 1807 2542 marcam

121 2575 444 2649 Diotpaldi
479 2589 590 2646 per
617 2575 896 2631 Boemica;
919 2573 1111 2644 gentis
1131 2574 1377 2630 maxime
1401 2573 1808 2631 crudelitatem

128 2664 520 2724 devastavit.
553 2665 669 2719 Nec
719 2663 850 2735 plus
899 2676 1010 2718 una
1054 2677 1181 2719 eum
1227 2677 1332 2719 suo
1383 2661 1615 2718 domino
1665 2662 1807 2730 regii

129 2757 457 2810 morantur
499 2751 718 2808 milites
747 2758 1098 2808 conventum
1133 2765 1550 2822 usquequaque
1597 2750 1806 2819 facere,

131 2840 512 2898 caesarianis
549 2853 576 2894 a
621 2845 787 2910 tergo
831 2839 1075 2896 flammis
1112 2837 1410 2910 predaquc
1458 2838 1640 2895 vicem
1682 2838 1810 2894 red-

133 2931 302 3000 dere,
357 2934 680 3002 postremo
725 2943 853 2984 cum
909 2929 1076 2985 IOOOO
1135 2927 1338 2984 electae
1382 2927 1710 2996 juventutis
1753 2926 1809 2982 in

137 3018 410 3090 quinque
439 3017 712 3087 legiones
743 3017 1068 3088 dispertitis
1094 3031 1467 3086 congressum
1507 3021 1804 3086 expetere.

135 3109 262 3164 Jam
294 3105 525 3163 castris
557 3104 610 3160 in
637 3106 988 3160 contrarium
1014 3105 1244 3176 pos‘tis,
1277 3103 1618 3174 spectaculo
1643 3103 1812 3160 nimis

136 3194 446 3265 horribili,
503 3208 611 3266 per
657 3193 909 3249 triduum
976 3193 1314 3248 continuum
1381 3208 1451 3248 ex
1517 3207 1625 3250 una
1686 3192 1808 3264 ripa
1845 3183 1890 3239 (Σ

141 3284 352 3355 Regini
385 3281 656 3339 ﬂuminis
685 3281 1076 3357 imperatoris,
1109 3297 1178 3335 ex
1207 3281 1392 3336 altera
1423 3281 1576 3350 regis
1608 3279 1814 3337 volita-

147 3373 286 3428 bant
328 3370 556 3440 signa;
593 3369 707 3438 jam
755 3369 1078 3439 frequentia
1121 3369 1548 3438 grassabantur
1587 3369 1640 3424 in
1685 3369 1812 3440 ipso

147 3459 409 3516 fluminis
444 3458 624 3514 alveo
656 3457 868 3525 duella,
899 3457 1050 3511 inter
1078 3471 1206 3525 qum
1236 3461 1286 3511 et
1320 3458 1442 3480 “"'
1481 3456 1813 3512 ilartwicus

148 3561 351 3605 comes
400 3562 480 3603 ex
544 3549 712 3617 parte
757 3544 1131 3616 imperatoris
1177 3543 1472 3599 occubuit.
1519 3545 1667 3568 “‘m
1708 3560 1813 3600 nec

152 3651 373 3706 paucos
416 3652 498 3692 ex
544 3640 795 3704 utraque
839 3639 1002 3704 parte
1054 3633 1251 3688 Martis
1298 3647 1426 3688 SUI‘S
1467 3647 1680 3704 anceps
1719 3634 1817 3688 ab-

154 3724 424 3794 sumpsit.
460 3726 738 3778 Atta-nen
787 3721 880 3777 die
931 3736 1058 3791 quae
1105 3720 1436 3790 generalem
1485 3720 1816 3776 certissime

152 3813 644 3882 congressionem
675 3810 1048 3882 preccdcbat,
1075 3808 1366 3880 principes
1389 3810 1486 3879 qui
1511 3809 1702 3879 capita
1729 3823 1818 3864 ro-

161 3900 388 3970 burque
432 3899 751 3970 utriusque
797 3897 1148 3955 videbantur
1196 3897 1514 3968 exercitus,
1563 3896 1820 3968 pacificis

159 3985 408 4042 invicem
439 3986 751 4043 concessis
782 3984 1112 4056 colloquiis,
1145 3989 1278 4056 post
1307 3998 1538 4040 morose
1579 3983 1820 4039 ventila-

159 4078 274 4129 tam
305 4075 466 4132 inter
491 4089 560 4130 se
585 4073 720 4130 belli
744 4075 1038 4145 presentis
1061 4088 1315 4139 causam,
1348 4073 1574 4129 tandem
1599 4071 1816 4143 divino,

163 4166 221 4216 ut
247 4162 548 4231 creditur,
566 4163 757 4218 edocti
775 4165 1216 4234 spiritu,parum
1234 4162 1478 4232 iustitiae
1502 4173 1821 4233 parumque

164 4250 552 4307 emolumenti
577 4257 690 4306 tam
718 4251 866 4308 duro
895 4259 1125 4322 tamque
1147 4251 1484 4322 periculoso
1515 4251 1702 4306 inesse
1726 4263 1823 4306 ue-

164 4338 354 4410 gocio,
371 4339 636 4396 unanimi
653 4341 1127 4396 consideratione
1142 4340 1522 4396 conferebant
1543 4356 1556 4405 ;
1574 4339 1822 4409 indeque

170 4425 442 4484 nimirum
489 4428 794 4498 fratribus,
842 4429 893 4484 id
935 4434 1023 4485 est
1067 4429 1280 4500 populo
1343 4433 1590 4498 utraque
1657 4431 1822 4499 parte

169 4513 529 4587 Christiano,
574 4517 945 4588 parcendum,
1015 4519 1186 4576 immo
1249 4516 1584 4591 parricidali
1631 4531 1820 4589 pugna
1855 4531 1904 4592 υ

171 4605 548 4675 cessandum,
581 4605 702 4676 pari
734 4610 868 4662 voto
893 4606 1254 4676 judicabant.
1302 4607 1422 4662 Rex
1466 4605 1643 4662 etiam
1687 4607 1824 4663 ado-

172 4687 422 4763 lescens,
458 4693 596 4750 dum
621 4693 761 4763 jam,
798 4699 857 4750 ut
885 4695 1158 4759 diximus,
1191 4710 1296 4766 per
1322 4695 1622 4752 ordinatas
1669 4696 1822 4752 omni

175 4784 340 4848 parte
368 4782 532 4838 acies
560 4783 708 4838 Mars
737 4789 1020 4840 cruentus
1049 4785 1301 4856 cepisset
1333 4783 1622 4856 frendere,
1671 4800 1826 4840 com-

176 4869 349 4924 motis
373 4869 709 4928 visceribus
735 4886 914 4944 super
941 4877 1110 4944 patre
1137 4887 1245 4929 suo
1278 4872 1610 4942 lugubriter
1639 4874 1824 4930 fertur

173 4951 548 5016 inclamasse:
574 4958 806 5026 Grates.
826 4961 1033 5032 inquit,
1054 4975 1086 5018 ο
1108 4961 1244 5019 boni
1263 4961 1704 5033 commilitones,
1730 4962 1828 5035 af-

165 5041 361 5108 fectui
381 5048 552 5104 circa
571 5063 662 5106 me
681 5049 874 5106 oestro
884 5064 1271 5122 summopere:
1291 5052 1448 5125 qfero
1466 5068 1480 5118 ;
1499 5050 1747 5124 unicuig
1757 5064 1826 5108 ue

175 5131 568 5206 vestr-impar
586 5139 728 5208 pari
745 5137 995 5210 referre,
1010 5139 1066 5197 si
1075 5154 1170 5197 res
1185 5139 1586 5214 exegeritmon
1597 5139 1823 5210 abnuo;

177 5229 342 5276 nemo
365 5221 648 5283 tamenin
669 5225 776 5285 hoc
793 5242 884 5284 me
909 5228 1030 5286 sibi
1055 5230 1206 5288 velit
1229 5229 1328 5288 cel
1348 5229 1554 5288 credat
1565 5231 1711 5304 fore
1737 5229 1828 5264 ¹⁷³⁰

163 5304 554 5385 Illitteratum,
573 5315 647 5373 ut
663 5308 966 5376 dominium
986 5317 1046 5374 et
1063 5318 1298 5390 patrem
1305 5332 1500 5376 mum
1502 5332 1614 5390 per
1628 5333 1692 5378 se
1702 5319 1828 5391 glo-

1915 554 2040 623 Ego
2087 555 2327 624 quidem
2365 557 2738 614 Christianis
2778 557 2962 614 michi
3011 556 3240 626 legibus
3274 559 3555 616 subera-

1917 641 2038 696 bum
2079 655 2328 712 regnum.
2365 644 2437 699 ut
2473 645 2637 701 lieres
2673 644 2847 668 mm"
2879 643 2938 700 et
2972 657 3266 698 successor
3311 647 3557 714 augusti

1917 729 2129 794 tenere,
2160 731 2216 786 si
2253 731 2450 787 tamen
2485 747 2688 789 rerum
2723 732 2974 788 omnium
3013 732 3373 789 dominatori
3411 747 3560 788 erm-

1912 814 2229 886 placuerit,
2269 821 2438 889 cupio
2453 836 2474 883 ,·
2491 819 2810 890 parricida
2856 821 3061 877 vocari
3099 819 3194 875 vel
3231 834 3354 876 esse
3399 822 3549 877 W910.

1923 905 2144 969 Quodsi
2168 907 2342 977 pater
2387 921 2552 965 meus
2605 907 2922 978 apostolice
2952 922 3014 962 se
3055 908 3381 977 subjecerit
3418 910 3557 966 obre-

1920 992 2160 1050 dieutiee
2182 994 2354 1065 jugo,
2397 1009 2498 1065 ego
2535 1010 2674 1051 mox
2725 996 2792 1051 in.
2842 995 2938 1051 his
2963 1009 3095 1066 quae
3113 997 3558 1053 suartum’arat

1916 1081 2102 1137 michi
2139 1081 2450 1140 clementia
2489 1083 2854 1153 concesserit,
2906 1084 3208 1140 contentus
3245 1099 3360 1147 ero,
3412 1085 3560 1140 inte-

1916 1170 2038 1226 rim
2058 1184 2148 1224 me
2175 1184 2293 1226 non
2323 1170 2794 1242 intpuguatorem
2815 1184 2937 1228 esse
2960 1170 3176 1242 patris.
3201 1173 3303 1227 sed
3323 1175 3561 1240 paterni

1917 1259 2092 1327 regni
2117 1260 2617 1329 propugnatorem
2637 1259 2944 1316 noveritis.
2973 1260 3426 1328 Vesperascente
3459 1262 3562 1314 ita-

1923 1361 2034 1416 que
2084 1345 2198 1414 jam
2258 1347 2370 1418 die,
2415 1363 2648 1405 cessere
2701 1347 2827 1404 loco
2867 1347 3042 1418 regite
3084 1348 3416 1419 phalanges,
3465 1350 3564 1404 im-

1909 1435 2230 1516 peratoria)
2270 1435 2560 1504 majestati
2606 1451 2668 1492 se
2710 1437 3099 1492 reverentiam
3136 1437 3414 1493 exhibere
3448 1437 3564 1494 cla-

1920 1528 2161 1580 mantcs.
2189 1525 2508 1594 Imperator
2525 1529 2717 1580 autem
2739 1525 2873 1580 dum
2897 1525 2952 1579 in
2977 1525 3190 1580 castris
3213 1524 3284 1580 de
3303 1525 3563 1581 crastino

1917 1612 2138 1668 certior
2160 1612 2431 1668 conflictu
2449 1611 2727 1682 disponit,
2745 1626 2850 1668 nec
2875 1627 3119 1683 pugnam
3147 1628 3248 1668 nec
3273 1615 3560 1684 pugnandi

1920 1705 2115 1757 votum
2151 1700 2513 1772 principibus
2545 1715 2694 1770 esse,
2730 1715 2834 1771 per
2868 1703 3113 1756 Bor-mize
3163 1701 3364 1757 ducem
3421 1695 3582 1758 mar-'

1917 1789 2298 1859 chionemque
2327 1788 2666 1858 Liupaldum
2707 1794 2908 1844 contra
2955 1805 3115 1857 Spem
3163 1789 3402 1845 audivit.
3454 1789 3559 1857 Qui

1919 1891 2048 1932 mox
2081 1876 2269 1934 animo
2297 1881 2732 1948 consternatus,
2763 1877 3011 1950 supplex
3061 1878 3288 1933 illorum
3341 1879 3566 1948 adjuto-

1919 1966 2067 2022 rium
2095 1967 2264 2038 petit,
2295 1980 2397 2021 nec
2420 1966 2724 2036 impetrat;
2752 1965 3080 2021 instructus
3108 1965 3282 2020 etiam
3315 1967 3564 2022 secretis

1920 2051 2020 2108 iilii
2065 2043 2312 2123 nunciis,
2355 2069 2593 2110 suorum
2642 2053 3130 2124 conspirationem
3179 2053 3459 2109 adversus
3500 2067 3564 2108 se

1919 2143 2154 2210 factam,
2189 2142 2446 2198 latenter
2486 2156 2517 2197 e
2563 2141 2778 2198 castris
2821 2157 2950 2197 cum
3006 2141 3206 2212 paucis
3255 2141 3561 2198 admodum

1918 2229 2062 2286 viris
2090 2229 2499 2296 subtrahitur;
2542 2230 2742 2299 sicque
2772 2229 2961 2285 divina
2997 2228 3402 2299 dispositione,
3452 2245 3566 2285 uno

1921 2316 2104 2386 salvo,
2163 2317 2496 2386 multorum,
2539 2317 2636 2387 qui
2671 2316 2998 2373 fundendus
3032 2316 3386 2372 credebatur
3441 2331 3565 2372 san-

1920 2405 2051 2476 guis
2073 2405 2352 2462 salvator.
2381 2407 2516 2461 Nam
2539 2405 2808 2476 protinus
2833 2409 2896 2460 ut
2914 2405 3286 2476 imperatoris
3299 2405 3565 2460 absentia

1921 2494 2066 2550 totis
2100 2494 2590 2564 undiqueversum
2621 2493 2834 2550 castris
2865 2493 3140 2561 innotuit,
3171 2494 3568 2564 unusquisque

1924 2581 2156 2654 prepria
2191 2586 2480 2653 repetere,
2513 2581 2759 2637 maxime
2788 2581 2980 2636 noctis
3005 2595 3200 2652 epacze
3229 2580 3466 2636 latibulo
3489 2581 3570 2636 di-

1921 2669 2186 2726 vertendi
2204 2670 2584 2726 securitatem
2602 2669 2994 2736 ministrante,
3019 2668 3340 2724 contendit.
3361 2671 3430 2722 At
3448 2683 3568 2738 rex,

1922 2759 2056 2814 dum
2087 2757 2436 2814 disturbatis
2485 2756 2736 2813 inimicis
2783 2755 2853 2811 ad
2906 2754 3135 2811 libitum
3185 2755 3295 2812 frui
3349 2761 3568 2828 posset,

1925 2860 2163 2918 parcere
2197 2860 2366 2916 quam
2419 2844 2693 2916 persequi
2743 2843 3099 2912 deliberans,
3151 2844 3448 2900 civitatem
3495 2846 3570 2901 ob

1923 2935 2044 2990 dati
2099 2934 2262 3006 prius
2310 2933 2546 2989 foederis
2589 2933 2878 2989 defectum
2933 2931 3249 2988 austeriori
3300 2932 3570 2990 nimirum

1927 3027 2096 3094 pacto
2124 3022 2236 3078 sibi
2266 3022 2594 3090 confirmat,
2631 3021 2984 3076 Hartwicum
3017 3019 3128 3082 ‘7“.
3162 3020 3347 3076 virum
3369 3021 3570 3092 utique

1926 3111 2232 3181 probatum
2265 3110 2618 3166 catholicum
2653 3116 2828 3179 atque
2861 3108 3132 3178 nobilem,
3165 3108 3435 3165 abdicato
3461 3109 3572 3166 Ou-

1923 3199 2143 3256 delrico
2203 3195 2294 3231 "3’
2351 3198 2566 3254 ibidem
2619 3198 2997 3266 inthronizat,
3070 3197 3331 3268 presules
3397 3197 3571 3254 etiam

1923 3287 2203 3358 quosdam
2225 3303 2293 3344 ac
2318 3287 2614 3358 principes
2637 3292 2896 3358 paternae
2925 3285 3146 3342 militiae
3171 3287 3321 3342 intra
3347 3301 3570 3342 murum

1925 3382 2194 3447 repertos
2225 3375 2338 3432 sibi
2369 3374 2664 3443 conciliat,
2699 3389 2945 3444 moxque
2981 3374 3236 3430 Francia?
3282 3373 3572 3447 redditus,

1926 3464 2130 3521 eodem
2163 3463 2492 3536 propinavit
2525 3461 2708 3520 calice
2743 3462 2982 3535 perfidis
3005 3463 3116 3519 sibi
3147 3463 3577 3534 Wirciburgen-

1924 3553 2107 3609 sibus.
2127 3555 2284 3608 Inter
2297 3554 2492 3577 “"‘m
2507 3553 2629 3609 haec
2645 3551 2947 3624 predictus
2961 3552 3321 3622 Errolongus
3341 3550 3453 3618 1⁷³⁸,
3478 3553 3576 3624 qui

1929 3640 2179 3706 presulis
2212 3640 2351 3695 inibi
2386 3655 2592 3696 nomen
2646 3645 3050 3710 usurpaverat.
3103 3654 3206 3711 spc
3259 3642 3580 3698 frustratus

1927 3734 2231 3799 concepta,
2265 3730 2593 3798 Ruotperto
2625 3727 2764 3782 sede
2793 3727 3030 3794 cedens,
3066 3727 3187 3797 regi
3221 3728 3478 3798 deditur,
3513 3734 3572 3785 et

1927 3831 1996 3872 ex
2021 3816 2132 3872 hoc
2156 3816 2308 3871 inter
2324 3830 2463 3872 suos
2485 3815 2821 3884 capellanos
2843 3829 3008 3885 teque
3029 3813 3216 3870 fidelis
3236 3815 3566 3874 estimatur.

2069 3905 2092 3928 "
2122 3905 2178 3958 C.
2205 3905 2334 3960 ita:
2362 3903 2614 3970 devenit,
2645 3902 2840 3972 ibique
2862 3906 3029 3972 extra
3053 3903 3352 3958 civitatem
3377 3909 3576 3964 castra

2182 3973 2358 4030 osuit.
2393 3974 2772 4029 Successerat
2820 3971 3024 4028 eodem
3074 3986 3248 4042 anno,
3298 3973 3578 4035 defuncto

2190 4042 2462 4116 mehardo
2482 4043 2780 4116 episcopo,
2803 4041 2891 4116 vi_r
2913 4041 3228 4116 singularis
3262 4047 3578 4116 probitatis

2141 4119 2200 4186 ct
2230 4113 2469 4186 eximia:
2491 4113 2816 4186 prudentiae
2848 4113 3354 4186 Babcnbergen'sis
3372 4117 3580 4175 tecelc-

2144 4185 2242 4242 siae
2269 4183 2587 4240 canonicus
2610 4183 2926 4256 ,Erlungus,
2965 4185 3058 4255 qui
3095 4199 3126 4241 a
3152 4183 3279 4244 viro
3311 4188 3580 4246 scolasti-

2144 4256 2384 4332 cissiino
2417 4255 2810 4332 Meginhardo,
2843 4256 3128 4332 avunculo
3170 4258 3396 4332 scilicet
3447 4275 3574 4332 suo,

2144 4327 2406 4408 ejusdem
2439 4325 2594 4408 sedis
2637 4325 2877 4408 dudum
2898 4325 3583 4408 episcpp0,__diligentis_'-

2145 4397 2288 4455 sime
2315 4397 2599 4454 educatus
2629 4402 2686 4454 et
2714 4397 2974 4469 apprime
3013 4397 3382 4456 liberalibus
3412 4401 3584 4457 disci-

2148 4469 2324 4540 plinis
2356 4469 2706 4540 instructus,
2739 4468 2812 4524 Ob
2846 4468 3008 4524 fama:
3039 4485 3156 4526 sua:
3190 4471 3400 4526 bonum
3445 4473 3584 4528 odo-

2149 4510 2270 4596 rem
2302 4540 2372 4596 de
2402 4510 2660 4598 claustro
2691 4510 3582 4612 halienAbergc‘n‘s’iup‘aiati‘ui’n

2149 4617 2508 4682 assumptus,
2561 4608 2894 4682 cancellarii
2957 4608 3082 4682 per
3117 4608 3342 4681 aliquot
3398 4627 3587 4682 annos

2148 4679 2385 4738 strenue
2420 4679 2654 4738 rexerat
2683 4679 3239 4750 ofiicium,’indeque
3273 4688 3388 4737 tam
3437 4681 3584 4742 cleri

2150 4767 2319 4824 quam
2354 4751 2550 4824 populi
2581 4749 3434 4824 consensuﬁ‘t'i‘rciburgensem
3458 4768 3585 4810 sor-

2150 4819 2296 4878 titus
2321 4819 2408 4877 est
2435 4819 2856 4897 episcopatum.
2875 4819 3221 4897 lsvirtutem
3237 4822 3588 4897 bonioperis

2153 4890 2653 4970 perseverantiam
2693 4905 2825 4970 esse
2891 4890 3288 4970 considerans,
3355 4890 3582 4970 maluit,

2150 4961 2615 5035 quandoquidem
2629 4962 2885 5035 necdum
2905 4967 3032 5017 erat
3051 4961 3437 5035 consecratus
3458 4961 3586 5026 loco

2151 5032 2362 5090 cedere
2394 5032 2561 5104 quam
2591 5032 3072 5104 abin-.peratore,
3107 5033 3200 5092 cui
3229 5042 3472 5094 eatenus
3505 5040 3590 5096 in-

2153 5100 2447 5176 indefessa
2481 5100 2824 5176 sinceritate
2855 5100 3160 5176 servierat,
3218 5106 3306 5164 vel
3352 5109 3586 5168 minima

2153 5175 2502 5234 infidelitate
2536 5175 2744 5232 notari.
2789 5175 2914 5244 Quo
2959 5173 3204 5234 cedente
3255 5193 3358 5238 rex
3407 5180 3589 5240 Ruot-

2085 5273 2094 5289 ι
2153 5251 2404 5319 pertum,
2436 5247 2540 5304 etc.

2081 5321 2128 5345 “
2155 5318 2494 5390 Erluugum,
2528 5332 2697 5390 quem
2726 5319 2788 5374 D.
2824 5318 2885 5374 E.

1539 5437 1628 5492 VA
1639 5436 1776 5492 RIE
1817 5435 2216 5495 LECTIONES.

248 5519 340 5557 ""7
369 5523 426 5584 in
459 5536 866 5595 nocteecorr.
927 5533 986 5593 C.
1064 5531 1155 5570 ‘7"
1205 5535 1272 5592 R.
1330 5538 1377 5590 1.

1458 5531 1550 5567 1719
1603 5547 1657 5592 ο.
1713 5539 1763 5591 1.

1843 5533 1944 5609 ξζῇ
1975 5545 2279 5609 superscr.
2337 5537 2386 5594 l.

181 5596 530 5670 margini.
611 5601 700 5640 ³⁷³³
725 5621 778 5664 o.
813 5611 863 5665 l.
905 5605 1072 5676 Quod
1096 5607 1160 5667 D.
1197 5604 1469 5692 legerunt
1496 5607 1571 5662 9°.
1611 5610 1656 5662 ι.
1693 5609 1814 5664 tio.
1851 5601 1946 5652 *τυ
1973 5605 2035 5666 E.
2059 5596 2120 5694 ἰε

2469 5534 2560 5574 ‘7“
2614 5537 3064 5600 Hartwicum—
3096 5536 3458 5601 inthronizat
3541 5549 3552 5611 ς
