3962 6292
66 320 201 392 1001

916 323 1353 390 CHRONICA.
1389 364 1466 373 —-
1497 326 1973 393 CHRONICON
2016 330 2567 396 UNIVERSALE.

3292 340 3445 401 1002

61 479 160 521 non
186 464 445 534 possent,
507 460 632 533 ipse
688 456 871 533 partis
920 460 1229 531 utriusque
1278 461 1539 518 consiliis
1588 476 1685 518 an-
1719 461 1962 532 Ajuxta
1995 464 2201 520 summi
2222 465 2881 538 sacerdotistotiusque
2900 468 3178 526 {ecclesiae
3209 471 3445 528 decreta

62 567 245 622 nuens,
278 549 492 621 regalia
526 550 614 605 vel
651 548 969 619 imperialia
1019 548 1286 620 insignia,
1322 565 1553 606 crucem
1583 551 1690 606 sci-

66 642 189 697 licet
210 644 268 694 et
290 638 568 704 lanceam,
596 641 914 709 sceptrum,
941 634 1176 705 globum
1200 642 1375 708 atque
1395 651 1689 707 coronam,

1804 567 1922 609 sure
1956 553 2359 610 consulturum
2392 554 2597 612 animze
2626 557 2910 628 promisit.

69 728 160 782 lilii
184 725 454 798 potestati
475 724 737 793 tradidit,
767 737 1046 796 prospera
1068 723 1148 778 illi
1199 739 1524 796 mprecans,
1554 725 1712 781 illum
1737 728 2086 795 primatibus
2109 730 2294 788 multo
2312 730 2449 787 fletu
2475 732 2976 805 commendans,et
3002 751 3098 792 ex-

70 816 374 885 tuncjuxta
397 814 601 871 summi
626 812 951 869 sacerdotis
976 814 1283 884 tociusque
1307 814 1590 871 aecclesiae
1617 814 1851 874 decreta
1889 834 2009 876 sua:
2034 818 2440 876 consulturum
2468 822 2670 878 animze
2695 825 2984 894 promisit.

134 907 245 962 Hoc
266 903 469 960 ordine
502 903 808 959 lleinricus
842 901 1000 958 illius
1024 902 1273 959 nomiuis
1306 903 1561 973 quintus,
1587 904 1701 975 pri-

74 1009 210 1051 mum
242 1008 270 1049 a
325 996 510 1064 patre,
557 990 766 1047 deinde
826 991 897 1046 ab
930 989 1019 1023 1⁷⁸⁸
1051 990 1337 1047 universis
1385 992 1702 1049 Germania).

75 1081 423 1154 principibus
447 1081 503 1135 in
531 1078 852 1149 regcmjam
876 1080 1133 1136 secundo
1151 1079 1375 1135 electus
1396 1079 1605 1150 (Jan.),
1633 1080 1703 1135 ab

76 1169 395 1242 apostolicis
428 1183 661 1239 quoque
689 1168 897 1237 legatis
920 1183 1023 1239 per
1047 1183 1249 1224 manus
1270 1168 1703 1240 impositionem

75 1258 344 1315 catholice
392 1257 792 1327 confirmatus,
844 1257 1105 1328 acceptis
1137 1262 1252 1312 tam
1308 1258 1380 1312 ab
1410 1256 1706 1329 episcopis

78 1360 233 1419 quam
279 1346 446 1402 laicis
474 1345 639 1415 juxta
674 1360 891 1401 morem
926 1344 1129 1417 patrias
1182 1345 1586 1417 sacramentis,
1621 1360 1709 1403 re-

76 1450 237 1508 gnare
250 1435 404 1507 cepit
419 1437 517 1490 82°
541 1434 669 1491 loco
692 1433 762 1489 ab
803 1436 1086 1504 Augusto,
1104 1437 1197 1489 50°
1223 1432 1385 1504 regni
1408 1433 1592 1505 patris
1614 1434 1706 1491 sui

79 1539 232 1595 anno,
250 1524 320 1581 ab
351 1522 507 1580 Urbe
539 1521 957 1579 eondita1858°
980 1524 1235 1593 anno,ab
1265 1522 1488 1593 origine
1512 1520 1707 1579 mundi

80 1617 249 1669 50580.
274 1611 589 1668 Dominicze
632 1626 769 1667 vero
793 1611 1230 1681 incarnationis,
1259 1614 1320 1667 ut
1346 1610 1565 1666 dictum
1595 1614 1705 1681 est,

80 1705 227 1757 1106o
254 1716 419 1757 anno.

145 1789 354 1846 Relatis
384 1788 568 1859 igitur
593 1801 786 1844 coram
814 1802 949 1856 rege
981 1787 1326 1859 cunctisque
1360 1788 1551 1844 tocius
1576 1788 1710 1843 Ger-

84 1878 268 1934 maniae
300 1877 685 1949 optimatibus
705 1881 765 1932 et
798 1875 1129 1947 presulibus
1160 1877 1429 1947 omnique
1455 1876 1614 1934 clero
1638 1875 1714 1931 si-

85 1967 187 2023 mul
208 1971 262 2022 et
285 1965 502 2037 populo
526 1965 917 2035 legationibus
941 1965 1206 2021 Romanae
1230 1965 1387 2021 sedis
1406 1979 1583 2036 super
1604 1979 1713 2021 aec-

82 2055 370 2114 clcsiarum
427 2055 593 2125 regni
629 2054 802 2109 istius
848 2053 1369 2109 eommaeulatione
1395 2054 1622 2109 diVersa
1654 2057 1711 2109 et

87 2144 410 2213 inveterata,
428 2150 485 2198 et
504 2148 743 2198 econtra
758 2141 1161 2198 emendatione
1186 2143 1256 2197 ab
1272 2142 1562 2198 universis
1581 2157 1717 2197 una-

88 2232 299 2288 nimiter
333 2228 643 2304 promissa,
682 2231 901 2303 placuit
942 2234 1059 2286 tam
1094 2231 1213 2299 regi
1247 2245 1416 2301 quam
1451 2230 1717 2302 primori-

90 2321 203 2390 bus,
259 2320 328 2377 ad
385 2324 647 2377 sanctam
710 2324 951 2376 matrem
1022 2320 1333 2375 Romanam
1392 2319 1716 2377 aaeclesiam

88 2415 267 2465 tantos
296 2423 361 2465 ac
406 2409 561 2465 tales
592 2423 620 2464 a
651 2410 921 2480 partibus
953 2408 1084 2464 istis
1116 2408 1339 2478 legatos
1374 2408 1714 2479 transmitti,

92 2497 175 2569 qui
196 2503 253 2554 et
274 2498 342 2554 de
365 2498 624 2569 objectis
648 2497 760 2553 rite
786 2497 1067 2552 rationem
1093 2495 1338 2552 reddere
1360 2501 1419 2550 et
1443 2497 1514 2552 de
1536 2496 1720 2552 incer-
1756 2538 1769 2547 η

96 2585 161 2641 tis
174 2586 455 2656 sagaciter
476 2585 829 2655 investigare
846 2599 911 2641 ac
926 2601 1027 2656 per
1039 2585 1230 2640 omnia
1246 2584 1722 2641 utilitatibuszec-

90 2674 417 2732 clesiasticis
438 2675 1064 2746 sapienterconsulere
1089 2674 1205 2730 sint
1226 2672 1722 2745 idonei.Separan-

94 2769 178 2819 tur
201 2764 252 2819 in
275 2765 379 2821 hoc
401 2778 559 2836 opus
579 2763 689 2820 viri
712 2763 919 2835 spiritu
944 2763 1246 2834 sapientiae
1276 2762 1450 2833 pleni,
1477 2762 1725 2833 dignita-

93 2850 256 2922 tibus,
305 2854 605 2909 natalibus
659 2857 718 2907 et
764 2851 1053 2921 elegantia
1086 2867 1189 2908 seu
1220 2851 1444 2909 divitiis
1476 2851 1723 2923 preclari

95 2942 349 3014 nullaque
370 2942 697 2999 secundum
722 2942 897 2997 Deum
928 2942 1048 2997 sive
1072 2939 1333 2997 seculum
1350 2940 1725 2997 veneratione

1889 909 2006 965 lloc
2028 908 2229 964 ordine
2270 910 2572 967 Ileinricus
2594 911 2753 968 illius
2774 914 3023 970 nominis
3046 916 3302 986 quintus,
3338 918 3455 989 pri-

1818 1011 1968 1052 mum
2001 1011 2030 1051 a
2064 1002 2250 1067 patre,
2294 996 2502 1052 deinde
2534 999 2606 1053 ab
2634 1000 2921 1056 universis
2950 1003 3267 1061 Germaniae
3303 1005 3455 1075 prin-

1816 1082 2047 1155 cipibus
2063 1083 2118 1138 in
2134 1083 2448 1153 regemjam
2483 1086 2979 1145 secundoeleetus
3000 1088 3210 1161 (Jam),
3236 1092 3456 1163 abapo-

1816 1170 2042 1227 stolicis
2064 1186 2294 1242 quoque
2318 1172 2527 1242 legatis
2550 1189 2651 1245 per
2683 1190 2884 1231 manus
2907 1176 3337 1247 impositionem
3368 1195 3461 1236 ca-

1816 1257 2035 1315 tholice
2056 1258 2739 1333 confirmatus,'acceptis
2757 1268 2872 1319 tam
2892 1264 2963 1318 ab
2979 1266 3268 1337 episcopis
3292 1283 3461 1338 quam

1820 1346 2167 1417 laicisjuxta
2193 1362 2410 1404 morem
2450 1351 2653 1421 patrim
2678 1355 3078 1422 sacramentis,
3108 1370 3350 1424 regnare
3374 1371 3466 1414 ce-

1819 1434 1906 1506 pit
1926 1438 2022 1490 88°
2045 1435 2176 1492 loco
2223 1437 2296 1491 ab
2330 1439 2612 1508 Augusto,
2644 1444 2739 1493 50°
2762 1442 2923 1509 regni
2958 1443 3143 1512 patris
3174 1444 3261 1500 sui
3293 1460 3462 1516 anno,

1823 1522 1893 1577 ab
1938 1522 2093 1578 Urbe
2152 1524 2387 1579 condita
2448 1529 2629 1595 18570,
2664 1528 2735 1582 ab
2790 1528 3014 1599 origine
3062 1532 3258 1587 mundi
3301 1535 3467 1589 50580

1736 1651 1792 1712 Β
1820 1611 2131 1670 Dominicte
2160 1627 2299 1668 vero
2357 1616 2794 1686 incarnationis,
2841 1623 2901 1671 ut
2934 1618 3154 1674 dictum
3184 1625 3293 1691 est,
3332 1623 3467 1679 1106

1822 1714 1990 1756 anno.

1892 1787 2114 1867 Relatis
2146 1788 2324 1859 igitur
2355 1805 2548 1846 coram
2583 1806 2719 1860 rege
2750 1795 3097 1865 cunctisque
3127 1797 3312 1855 totius
3332 1799 3469 1858 Ger-

1823 1876 2024 1933 maniae
2048 1876 2429 1947 eptimatibus
2456 1883 2514 1933 et
2546 1880 2883 1949 presulibus
2905 1884 3174 1954 omnique
3204 1886 3361 1942 clero
3394 1888 3470 1944 si-

1822 1963 1937 2020 mul
1961 1968 2018 2023 et
2045 1965 2258 2036 populo
2284 1966 2675 2036 legationibus
2699 1969 2967 2028 Romanae
2991 1972 3146 2029 sedis
3167 1989 3470 2045 superzeco

1822 2054 2131 2111 clesiarum
2185 2055 2345 2124 regni
2380 2055 2550 2111 istius
2599 2059 3115 2118 commaculatione
3148 2062 3377 2121 diversa
3409 2068 3470 2120 et

1824 2144 2148 2199 inveterata
2171 2146 2225 2197 et
2252 2149 2491 2198 econtra
2515 2146 2918 2202 emendatione
2937 2149 3007 2204 ab
3024 2150 3312 2209 universis
3335 2167 3470 2208 una-

1826 2231 2061 2287 nimiter
2090 2230 2398 2302 promissa,
2440 2231 2665 2302 placuit
2706 2239 2820 2290 tam
2850 2237 2972 2306 regi
3004 2252 3172 2307 quam
3208 2239 3470 2309 primori-

1829 2320 1958 2389 bus,
1984 2318 2055 2374 ad
2078 2324 2337 2375 sanctam
2384 2326 2628 2377 matrem
2651 2322 2962 2379 Romanam
2994 2326 3322 2385 aecclesiam
3354 2333 3475 2384 tan-

1829 2410 1926 2463 tos
1950 2421 2018 2463 ac
2049 2406 2200 2463 tales
2228 2423 2255 2463 a
2288 2408 2558 2480 partibus
2588 2410 2719 2467 istis
2752 2411 2976 2482 legatos
3002 2416 3345 2485 transmitti,
3374 2417 3471 2487 qui

1829 2501 1889 2550 et
1920 2496 1991 2550 de
2024 2495 2272 2566 objectis
2304 2496 2415 2551 rite
2456 2499 2739 2554 rationem
2774 2502 3019 2559 reddere
3052 2506 3107 2558 et
3140 2504 3209 2559 de
3232 2505 3476 2566 incertis

1831 2584 2125 2653 sagaciter
2141 2584 2494 2655 investigare
2508 2601 2573 2641 ac
2591 2602 2693 2657 per
2708 2589 2894 2645 omnia
2913 2590 3479 2653 utilitatibusaeccle-

1834 2672 2092 2729 siasticis
2121 2673 2420 2743 sapienter
2468 2675 2772 2731 consulere
2804 2678 2919 2733 sint
2950 2679 3158 2735 idonei.
3196 2683 3479 2752 Separan-

1835 2766 1929 2817 tur
1954 2760 2008 2814 in
2039 2760 2150 2816 hoc
2193 2776 2341 2831 opus
2373 2762 2479 2817 viri
2512 2763 2723 2833 spiritu
2753 2766 3050 2835 sapientiae
3082 2767 3257 2838 pleni,
3292 2770 3478 2840 digni-

1833 2848 2394 2918 tatibus,natalibus
2426 2850 2785 2919 etelegantia
2819 2867 2920 2907 seu
2945 2852 3167 2909 divitiis
3201 2856 3474 2928 preclari,

1836 2935 2111 3006 nullaque
2136 2937 2451 2992 secundum
2472 2939 2646 2993 Deum
2672 2938 2793 2995 sive
2816 2941 3075 2996 seculum
3100 2944 3478 3001 veneratione

97 3005 315 3101 indigni,
374 3047 402 3087 a
456 3030 833 3101 Lotharingia
865 3029 954 3063 ¹⁷⁵⁷
987 3030 1179 3085 Bruno
1222 3030 1582 3085 Trevirensis
1616 3028 1722 3100 ηδε,
1756 3005 1805 3068 C
1838 3026 2079 3097 indigni,
2106 3041 2135 3082 a
2160 3027 2528 3097 Lotharingia
2554 3030 2745 3084 Bruno
2771 3030 3147 3102 Trevirensis,
3174 3048 3203 3088 a
3230 3035 3478 3091 Saxonia

99 3132 123 3172 a
149 3119 381 3176 Saxonia
427 3118 741 3174 Heinricus
785 3118 1298 3188 Magdeburgensis
1326 3117 1415 3150 1""
1446 3117 1728 3190 archiepi-

91 3207 257 3279 SCOpi,
286 3209 357 3264 ab
380 3206 661 3264 orientali
715 3206 949 3262 Francia
976 3207 1113 3262 Otto
1137 3206 1659 3277 Babenbcrgensis,
1693 3220 1725 3261 a

93 3295 332 3367 Bajoaria
347 3295 580 3353 Eberha
592 3294 653 3350 rd
665 3310 730 3351 us
742 3294 1370 3365 Eistatcnsis,uterque
1384 3294 1725 3365 designatus

92 3384 353 3457 pontifex,
371 3385 442 3441 ab
478 3383 811 3440 Alemannia
836 3383 1211 3439 Cebehardus
1236 3382 1721 3453 Constantiensis,

91 3470 287 3545 aliique
311 3470 582 3530 nonnulli
611 3470 899 3543 presules,
924 3470 1189 3543 plerique
1211 3472 1385 3527 etiam
1415 3470 1723 3528 nobilesde

94 3560 425 3634 latereregis
448 3561 618 3618 laicae
653 3560 1060 3633 professionis;
1090 3560 1265 3631 idque
1280 3562 1618 3633 precipuum
1644 3563 1724 3618 in-

98 3656 177 3705 ter
195 3655 398 3708 caetera
424 3648 761 3721 suscipiunt
778 3648 1052 3719 mandati,
1073 3654 1155 3718 ut,
1174 3650 1219 3704 si
1256 3650 1378 3705 fieri
1395 3651 1600 3721 possit,
1619 3666 1722 3722 per

102 3736 216 3794 illos
236 3739 545 3811 impetrata
579 3738 769 3795 domni
795 3737 1101 3810 apostolici
1137 3736 1442 3809 Cisalpinis
1454 3740 1723 3811 partibus

97 3827 422 3886 cxhibeatur
453 3827 772 3901 presentia.

159 3916 243 3974 Sic
276 3918 567 3987 nimirum,
604 3917 691 3973 sic
739 3931 843 3988 per
884 3921 974 3973 tot
1015 3916 1131 3987 jam
1163 3931 1347 3973 ant-os
1386 3916 1724 3976 obnubilata

100 4001 187 4059 lux
213 4006 349 4062 oriri
381 4006 563 4078 coepit
617 4006 836 4062 nostris
866 4006 921 4060 in
964 4006 1230 4077 partibus
1254 4004 1342 4038 ¹⁷⁶⁰
1363 4004 1721 4072 orthodoxa;

96 4092 493 4165 depublicatur
516 4093 1472 4165 etventllatur,dijudicatur'met
1496 4092 1726 4150 convin-

96 4178 255 4251 citur,
290 4181 450 4237 foetet
484 4185 545 4237 et
572 4180 889 4252 respuitur,
916 4180 1380 4251 condempnatur
1401 4185 1459 4235 et
1490 4179 1728 4236 anathe-

96 4269 394 4328 matizatur
443 4269 672 4327 heresis
700 4269 1059 4340 Wigbertina
1090 4268 1181 4325 vel
1237 4268 1604 4325 Heinriciana
1637 4266 1726 4301 ¹⁷⁶²

1839 3116 2144 3174 Heinricus
2173 3117 2683 3188 Magdeburgensis
2715 3120 3164 3191 archiepiscOpi,
3198 3125 3269 3178 ab
3293 3123 3483 3180 orien-

1838 3204 1940 3261 tali
1974 3206 2211 3261 Francia
2244 3207 2381 3261 Otto
2411 3207 2911 3277 Babenbergensis
2953 3224 2982 3264 a
3017 3210 3272 3280 Bajoaria
3309 3212 3482 3269 Eber-

1837 3295 2054 3353 hardus
2075 3296 2448 3366 Eistatensis,
2471 3302 2717 3366 uterque
2742 3297 3080 3367 designatus
3104 3302 3385 3373 pontifex,
3410 3304 3482 3359 ab

1836 3384 2173 3441 Alemannia
2199 3385 2573 3441 (:ebehardus
2599 3386 3086 3458 Constantiensis,
3110 3389 3324 3460 aliique
3346 3406 3483 3448 non-

1836 3472 1977 3530 nulli
2002 3473 2292 3544 presules,
2317 3472 2578 3544 plerique
2592 3474 2766 3530 etiam
2793 3475 3018 3531 nobiles
3043 3476 3312 3535 delatere
3328 3480 3483 3549 regis

1833 3562 1998 3619 laicze
2035 3562 2443 3634 professionis;
2495 3561 2667 3632 idque
2712 3564 3052 3634 precipuum
3086 3565 3239 3621 inter
3269 3573 3483 3626 caetera

1836 3649 2164 3721 suscipiunt
2209 3651 2499 3720 mandata,
2519 3655 2602 3719 ut,
2626 3651 2674 3705 si
2701 3651 2823 3705 fieri
2850 3656 3067 3722 posset,
3099 3668 3201 3723 per
3227 3653 3359 3711 illos
3385 3655 3477 3712 im.

1835 3743 2065 3812 petrata
2119 3738 2312 3795 domni
2342 3738 2647 3809 apostolici
2684 3738 2993 3809 Cisalpinis
3024 3742 3293 3811 partibus
3322 3743 3483 3800 exhi-

1840 3834 2043 3888 beatur
2077 3827 2389 3898 presentia.

1908 3918 2001 3975 Sic
2033 3914 2320 3985 nimirum,
2371 3915 2457 3971 sic
2488 3929 2591 3985 per
2647 3914 2876 3971 viscera
2931 3916 3351 3977 misericordiae
3382 3924 3479 3978 Dei

1837 4006 2047 4074 nostri,
2081 4009 2248 4061 tanto
2293 4003 2460 4059 nobis
2509 4003 2735 4061 oriente
2767 4004 3033 4077 lucifero,
3097 4023 3198 4079 per
3256 4014 3340 4066 tot
3364 4011 3481 4081 jam

1837 4110 2021 4152 annos
2034 4092 2290 4151 nubilata
2306 4091 2406 4147 lux
2420 4092 2830 4164 Splendescere
2845 4096 3022 4167 caspit
3038 4096 3480 4172 :ecclesiastica,

1837 4189 1917 4255 et,
1946 4187 2006 4239 ut
2032 4182 2289 4239 breviter
2311 4181 2559 4253 plurima
2592 4182 2953 4255 concludam,
2990 4193 3336 4258 capessente
3361 4205 3484 4247 rem

1842 4269 2132 4343 publicam
2156 4282 2222 4325 ac
2246 4270 2558 4325 Romanam
2596 4267 2935 4328 defensante
2958 4272 3295 4331 kathedram
3320 4276 3487 4334 Hein-

98 4356 369 4416 abdicatis
399 4360 527 4416 sive
551 4357 766 4430 fugatis
787 4358 1065 4415 hereticis
1088 4355 1199 4428 ‘7",
1226 4356 1504 4414 Catholici
1530 4357 1728 4414 kathe-
1754 4362 1808 4423 D
1842 4359 1984 4429 rico,
2003 4356 2245 4429 speciali
2276 4356 2460 4414 totius
2486 4358 2648 4416 orbis
2668 4358 2815 4430 flori,
2833 4361 3101 4418 universa
3124 4363 3488 4436 circumqua-

95 4444 207 4505 dris
232 4448 668 4521 pontiﬁcalibus
719 4447 1110 4518 destinantur,
1135 4462 1166 4503 e
1186 4447 1396 4518 quibus
1425 4446 1598 4505 etiam
1626 4446 1727 4505 ali-

95 4536 182 4607 qui
205 4537 356 4595 inter
404 4539 532 4610 ipsa
562 4538 713 4594 festa
758 4540 1195 4593 consecrantur.
1228 4538 1485 4608 Denique
1517 4536 1570 4594 in
1607 4542 1729 4595 tan-

94 4630 207 4685 tum
236 4626 448 4686 divinae
507 4626 656 4697 legis
683 4626 878 4683 subito
939 4624 1101 4683 zelus
1130 4626 1422 4697 efferbuit,
1458 4631 1519 4684 ut
1553 4627 1728 4685 etiam

96 4715 210 4787 ipsa
229 4717 517 4774 cadavera
553 4714 1195 4788 pseudoepiscOporum
1218 4715 1291 4771 ab
1311 4714 1601 4773 ecclesiis
1630 4715 1731 4772 eli-

1842 4447 2341 4519 queeliminantur
2370 4448 2674 4519 ad_purum
2690 4449 3026 4507 scismatum
3059 4451 3488 4523 scandala,scis

1841 4550 2021 4608 saque
2045 4536 2262 4593 Christi
2286 4535 2840 4609 resarciturtunica,
2866 4538 3073 4595 electis
3090 4540 3255 4596 bonis
3288 4541 3345 4596 in
3375 4557 3487 4599 ωε·
3546 4542 3551 4547 “

1840 4624 2035 4683 clesiae
2056 4638 2195 4682 vasa
2222 4624 2353 4681 mali
2370 4625 2759 4697 projiciuntur
2779 4627 2975 4698 pisces
2988 4628 3059 4684 de
3072 4627 3231 4684 Petri
3248 4642 3483 4701 sagena,

97 4805 471 4877 minarentur,
500 4808 788 4876 quotquot
811 4810 999 4861 autem
1030 4805 1102 4860 ab
1124 4804 1266 4876 ipsis
1288 4808 1456 4860 erant
1480 4804 1754 4877 ordinati,
1778 4819 1961 4876 usque
1985 4802 2057 4859 ad
2091 4802 2425 4873 generalem
2451 4801 2802 4857 audientiam
2826 4802 2898 4857 ab
2921 4802 3126 4859 officiis

95 4895 609 4966 suSpenderentur.
636 4895 757 4950 Jam
799 4894 950 4951 enim
973 4894 1247 4951 exaltatis
1272 4894 1381 4950 sibi
1406 4892 1686 4951 divinitus
1706 4894 1974 4951 aacclesia
2004 4894 2260 4948 Romana
2308 4890 2604 4960 cornibus,
2632 4890 2703 4946 ad
2726 4889 3125 4947 incutiendum

96 4983 356 5040 timorem
386 4983 622 5040 cunctis
643 4981 731 5015 1"“
762 4998 1175 5054 usquequaque
1203 4983 1539 5040 scismatum
1581 4983 1875 5055 membris,
1901 4983 2076 5039 etiam
2098 4981 2310 5053 capitis
2333 4978 2520 5050 ipsius
2539 4993 2696 5049 ossa,
2730 4978 3011 5048 Wigberti
3036 4976 3127 5013 ³⁷⁸⁸

94 5072 311 5132 scilicet
329 5072 474 5131 dicti
501 5088 685 5147 papae,
710 5072 781 5131 de
821 5071 1133 5145 sepulchro
1157 5087 1284 5145 suo,
1310 5073 1463 5145 quod
1486 5088 1587 5146 per
1624 5088 1727 5130 sex
1748 5070 1839 5107 1⁷⁸⁸
1854 5072 1971 5144 jam
2006 5085 2188 5128 annos
2210 5069 2267 5125 in
2297 5066 2561 5126 aecclesia
2607 5067 2971 5124 Ravennensi
3002 5081 3133 5139 pos-

1446 5271 1683 5329 VARle
1724 5267 2017 5326 LECTION
2027 5268 2122 5324 ES.

163 5424 251 5502 ξτξδ
279 5426 353 5502 ab
386 5425 681 5502 u_niv_ersi_s
711 5422 1102 5502 ger.___qasunt_
1143 5423 1368 5502 E2._(in
1388 5423 1485 5480 Et.
1523 5421 1685 5502 lima
1702 5421 1849 5494 plus
1883 5434 2081 5502 gulam
2126 5415 2389 5502 dimidia
2414 5426 2609 5502 eraso,
2642 5414 3102 5502 ίᾳοίιιίῖξςαῑὶθὶ
3117 5414 3491 5502 potuerunt.)

97 5490 182 5567 ξῖῗῖ
213 5495 573 5567 lutharingia
632 5490 731 5557 E2:

95 5562 181 5638 fl?!
212 5562 593 5638 dejudicatur
623 5575 708 5626 10.
741 5575 826 5627 11.
927 5564 1017 5603 ¹⁷⁶²
1047 5566 1405 5638 neinriciana
1435 5568 1488 5623 4.

97 5633 185 5671 ⁸⁷⁸⁸
214 5633 495 5700 wicberti
527 5642 576 5699 4.
606 5640 881 5716 wigperti
909 5646 962 5699 7.
996 5641 1231 5714 sapius.
1309 5636 1403 5676 '7“
1432 5640 1496 5698 V.
1533 5641 1621 5699 10.
1656 5640 1739 5698 il.

376 5737 644 5803 PATROL.
690 5738 897 5804 CLIV.

836 5495 925 5531 '7“
955 5495 1299 5554 trevirensis
1353 5508 1503 5552 corr.
1566 5495 1929 5551 treverensis
1958 5495 2057 5551 ΕΩ.
2164 5495 2255 5525 ¹⁸⁷⁹
2284 5495 2585 5560 magadeb.
2642 5495 2738 5543 Et.
2844 5495 2935 5519 “W
2962 5503 2998 5540 ι.

927 5564 1017 5603 ¹⁷⁶²
1047 5566 1405 5623 neinriciana
1435 5568 1488 5623 4.
1587 5562 1677 5599 ⁸⁷⁸³
1708 5563 1935 5622 heresis
1969 5568 2021 5622 δ.
2054 5567 2105 5623 6.
2145 5567 2230 5621 10.
2260 5559 2566 5620 heresibus
2595 5560 2682 5617 11.
2716 5572 2763 5618 e.
2798 5572 2950 5619 corr.
2982 5560 3039 5619 7.

2844 5484 2935 5519 1760
2988 5530 2998 5540 .

2164 5486 2585 5560 1579magadeb.
2642 5486 2738 5543 Et.
2844 5486 2998 5540 ιποι.
3061 5486 3230 5560 ρζη.
3288 5495 3352 5560 7.
3414 5496 3489 5547 9°-

3140 5557 3226 5595 17“
3258 5559 3414 5620 deest
3441 5562 3493 5618 ι.
