3962 6296
452 307 607 384 tuis

1616 309 2098 376 EKKEHARDI
2144 313 2700 378 URAUGIENSIS

3702 309 3834 383 1004

450 455 708 524 sederat,
751 451 960 526 projici
995 452 1236 524 fecerat,
1271 449 1660 520 universaque
1691 446 1783 481 ⁷⁷⁸⁷
1803 449 1928 517 ejus
1959 447 2247 520 instituta,
2275 453 2340 506 ut
2372 464 2510 506 vere
2539 464 2650 506 non
2675 447 2764 482 ⁷⁷⁸⁸
2787 448 3092 521 apostolici
3117 449 3460 521 sacerdotis,

448 546 549 601 sed
587 548 650 599 ut
684 541 774 575 1⁷⁸⁸
803 541 1117 614 apostatici
1147 539 1458 608 invasoris,
1493 536 1780 593 annullari
1818 535 2180 592 decreverat.

518 634 676 687 Inter
735 630 856 687 hac
914 628 1291 685 Werinberus
1321 626 1431 696 "7°,
1465 624 1696 696 quidam
1725 640 1795 680 ex
1830 623 2034 680 ordine
2069 624 2540 682 ministerialium
2575 625 2751 696 regis,
2785 625 2881 695 qui
2939 627 3188 681 marclue
3221 624 3309 658 ³⁷⁷⁷
3335 641 3464 697 quae

450 722 502 776 in
535 719 802 792 partibus
851 717 960 788 [est
995 715 1104 786 1⁷⁷³]
1141 716 1382 784 Aquina:
1433 717 1688 785 preerat,
1725 713 1888 782 quasi
1923 711 2173 767 heresim
2205 712 2446 768 eandem
2481 713 2965 784 resuscitaturus,
2990 713 3258 770 collectis
3290 714 3468 770 unde-

447 823 700 878 cumque
737 821 838 878 per
871 805 1094 861 Italiam
1153 804 1358 874 copiis,
1410 802 1708 873 corruptis
1767 816 1997 871 quoque
2042 800 2221 856 multa
2258 802 2498 873 pecunia
2560 803 2832 858 Romanis
2864 801 2954 834 "7'
2986 801 3302 872 nonnullis,
3328 802 3464 858 dum

447 897 690 952 domnus
721 893 1083 966 apostolicus
1137 891 1562 948 Beneventanis
1591 889 1934 944 immoratur
1963 884 2195 958 finibus,
2240 891 2525 960 quendam
2556 891 2780 960 pseudo
2803 891 3072 947 abbatem
3104 889 3174 946 de
3223 891 3475 961 Farfara,

455 985 593 1054 proh
630 983 827 1038 nefas!
865 980 1162 1037 kathedrte
1195 979 1383 1036 sancti
1414 979 1570 1034 Petri
1603 978 1902 1049 imposuit,
1937 981 1999 1033 et
2028 977 2216 1048 ipsum
2250 993 2452 1050 papam
2486 979 2722 1036 czesaris
2751 979 2861 1034 sub
2889 977 3176 1034 vocabulo
3195 977 3464 1034 Silvestri

449 1069 732 1140 appellari
765 1067 968 1124 voluit.
1000 1065 1108 1133 Qui
1143 1071 1332 1121 tamen
1385 1070 1516 1136 post
1551 1063 1846 1136 paululum
1882 1065 2156 1136 turpiter,
2191 1069 2253 1120 ut
2282 1067 2636 1135 merebatur,
2673 1081 2703 1122 a
2735 1064 2824 1098 "7‘
2857 1064 3177 1122 Catholicis
3205 1065 3466 1122 elimina-

447 1162 544 1214 tus
573 1155 684 1227 1⁷⁷⁸,
707 1157 962 1212 vesaniae
1017 1169 1137 1210 sua:
1171 1155 1455 1226 premium
1490 1153 1636 1210 male
1669 1154 1982 1223 conquisiti
2015 1153 2300 1224 pejusque
2331 1153 2582 1226 dispersi
2609 1153 2746 1210 aeris
2775 1152 2865 1186 ⁷⁷⁷⁸
2896 1153 3096 1210 retulit
3129 1152 3460 1224 dampnum,

447 1251 650 1315 preter
682 1243 834 1313 fidei,
853 1242 1003 1314 quod
1037 1243 1210 1298 miser
1241 1257 1396 1298 caaco
1425 1256 1536 1298 non
1569 1241 1760 1297 doluit
1791 1240 1986 1311 corde,
2024 1241 2411 1312 dispendium.

515 1334 698 1388 Porro
723 1346 997 1402 proceres
1026 1329 1115 1366 ί⁷⁷⁷
1138 1331 1254 1400 jam
1302 1329 1441 1386 dicti
1493 1329 1626 1385 dum
1655 1345 1686 1385 e
1718 1330 1842 1386 suis
1873 1329 2087 1399 singuli
2122 1333 2175 1390 A
2279 1331 2464 1386 Porro
2506 1344 2784 1402 proceres
2803 1329 2920 1399 jam
2945 1329 3085 1386 dicti
3131 1329 3265 1386 dum
3289 1343 3322 1386 e
3344 1329 3465 1386 suis
3487 1328 3704 1398 singuli
3725 1343 3841 1400 par-

448 1419 788 1492 partibnsin
812 1417 962 1474 valle
984 1417 1075 1451 "7°
1095 1418 1430 1474 Tridentina
1458 1417 1895 1487 convenientes,
1937 1417 2088 1488 apud

445 1507 707 1578 ejusdem
749 1506 1000 1564 nominis
1057 1507 1373 1573 civitatem,
1411 1505 1467 1560 id
1525 1509 1613 1560 est
1639 1503 1727 1537 "7°
1755 1505 2089 1561 Tridentum

445 1593 1341 1670 pc-rnoctarent(Febr.).quidam
1363 1592 1711 1650 Adelbertus
1726 1592 2086 1662 adolescens,

445 1684 696 1756 partium
753 1687 940 1738 tamen
969 1680 1058 1715 ί⁷⁸⁰
1089 1681 1317 1737 illarum
1361 1680 1608 1751 quodam
1643 1680 1886 1750 insignis
1917 1680 2091 1736 comi-

451 1777 593 1840 tatu,
630 1785 852 1828 summo
881 1783 1046 1825 mane
1074 1785 1250 1840 super
1284 1769 1461 1839 ipsos,
1512 1772 1718 1840 utpote
1750 1769 2000 1824 inermes
2031 1774 2090 1823 et

446 1859 809 1931 peregrinos,
865 1872 996 1913 cum
1053 1856 1140 1890 ⁷⁷⁸⁷
1199 1857 1426 1912 civibus
1481 1855 1721 1912 armatis
1756 1855 1845 1890 ⁷⁷⁸³
1894 1856 2084 1926 irruit,

444 1945 680 2018 spoliat,
707 1945 888 2016 capit,
941 1944 1226 2000 custodiae
1283 1943 1466 1998 tradit
1498 1942 1588 1976 ¹⁷⁸³
1644 1943 1816 2013 idqne
1847 1944 1956 1999 sibi
1989 1959 2088 2014 per

443 2033 770 2103 legationes
823 2031 1038 2087 domini
1098 2031 1210 2100 sui,
1271 2031 1524 2086 Heinrici
1557 2029 1646 2064 1⁷⁸⁸
1697 2031 1943 2103 [scilicet
1977 2030 2086 2102 1m]

441 2120 888 2192 eximperatoris
912 2118 1021 2190 ⁷⁷⁸⁸,
1040 2119 1447 2175 demandatum
1469 2119 1828 2190 comprobat.
1853 2119 2088 2176 Artibus

443 2209 657 2281 quippe
680 2208 875 2265 solitis
908 2207 1056 2263 idem
1092 2206 1398 2262 Heinricus
1431 2222 1573 2262 usus
1611 2206 1758 2262 clam
1794 2206 1882 2240 "‘7
1913 2206 2090 2280 [clan-

439 2297 588 2354 culis
624 2296 739 2366 jam
767 2301 827 2352 et
860 2311 914 2366 q.
951 2310 1003 2351 c.
1037 2310 1104 2351 ac
1135 2309 1192 2350 n.
1241 2294 1327 2365 E.]
1359 2294 1684 2366 querelosis
1733 2294 2001 2365 epistolis
2029 2301 2084 2351 et

439 2384 530 2418 m'
560 2385 786 2442 nunciis
817 2397 1214 2454 quascumque
1250 2388 1478 2454 poterat
1509 2381 1599 2415 "5'
1629 2383 1792 2451 regni
1817 2383 2088 2440 civitates

439 2478 495 2529 et
528 2472 862 2544 provincias
912 2471 1277 2543 impleverat,
1313 2470 1526 2540 quibus
1576 2485 1636 2526 se
1671 2471 1782 2526 vim
1815 2485 1845 2526 a
1878 2471 2090 2542 princi-

441 2562 612 2634 pibus
645 2575 900 2634 passum,
935 2560 1109 2615 immo
1141 2559 1214 2614 ab
1238 2560 1408 2615 unico
1437 2558 1555 2613 fllio
1576 2558 1878 2628 depulsum
1913 2558 2089 2629 impe-

439 2649 528 2706 rio
557 2649 923 2720 deplorabat,
958 2661 1199 2717 regnum
1231 2646 1323 2680 ¹⁷⁹⁰
1356 2647 1408 2702 in
1457 2646 1580 2702 suis
1614 2645 1864 2701 miseriis
1892 2646 2088 2702 confu-
2119 2679 2170 2738 B

440 2751 565 2794 sum
593 2736 705 2806 ‘7“,
729 2736 958 2792 cunctis
979 2749 1396 2806 usquequaque
1431 2735 1699 2806 patribus
1717 2733 1807 2766 ¹⁷⁰¹
1828 2733 2085 2803 ejusdem

442 2826 688 2881 fortunae
719 2822 1140 2880 "'“timeudum
1163 2823 1284 2880 fore
1311 2823 1687 2893 premonebat
1735 2821 2082 2892 exemplum.

440 2911 562 2979 Qua
593 2911 664 2969 de
685 2927 863 2969 causa
886 2911 1214 2981 nullusjam
1246 2927 1351 2982 per
1385 2911 1607 2966 Italiam
1633 2909 1782 2965 liber
1807 2910 2090 2966 transitus

439 3001 658 3058 eisdem
691 2999 982 3072 patuitm‘
999 2999 1226 3067 legatis.
1255 2997 1975 3054 Gebchardns‘mtantum
2000 2995 2090 3030 ³⁷⁸⁸

441 3087 909 3145 Constantiensis
937 3087 1252 3158 episcopus
1282 3101 1411 3141 cum
1444 3085 1565 3141 suis
1597 3099 1700 3156 per
1731 3085 2090 3142 occultiores

442 3176 671 3248 Alpium
701 3175 944 3230 semitas
992 3175 1317 3243 ingressus,
1349 3172 1680 3229 Mahthildis
1711 3171 1800 3206 ¹⁷⁹⁷
1829 3173 2090 3229 comitis-

441 3277 542 3333 sae,
577 3262 823 3319 alterius
854 3261 945 3294 ⁷⁷⁸⁸
973 3260 1242 3316 nimirum
1273 3260 1552 3316 Debborze
1586 3259 1754 3332 (303),
1789 3261 2084 3331 presidiis,

443 3349 788 3421 apostolicis
805 3353 1182 3420 presentatur
1197 3347 1482 3416 vestigiis.
1501 3347 1820 3418 Reliqui,ut
1837 3348 2088 3404 diximus

441 3442 762 3508 magnates,
785 3442 849 3494 ut
873 3437 1141 3493 nimirum
1175 3451 1203 3492 a
1229 3435 1576 3494 stultissimo
1599 3437 1962 3508 captivatore
1993 3437 2088 3494 de-

443 3526 735 3598 prehensi,
778 3529 1112 3581 tractantur
1163 3525 1419 3595 indigne,
1449 3530 1650 3596 preter
1683 3525 1953 3580 Ottonem
1987 3527 2088 3581 Ba-

442 3614 902 3683 benbergensem
933 3611 1300 3683 episcopum,
1332 3613 1424 3668 cui
1454 3612 1606 3668 idem
1629 3611 2000 3683 Adelbertus,
2019 3627 2088 3668 eo

440 3703 594 3774 quod
616 3716 757 3758 suus
793 3705 947 3758 esset
975 3700 1164 3771 miles,
1191 3715 1431 3772 parcere
1461 3701 1785 3770 cogebatur
1815 3700 1924 3757 1"”.
1962 3701 2086 3767 Quo

439 3790 614 3846 etiam
667 3789 978 3860 mediante,
1019 3791 1212 3846 Bruno
1266 3789 1638 3846 Treverensis
1691 3789 2002 3860 episcopus
2025 3795 2084 3846 et

438 3879 774 3950 Wigbertus
805 3877 895 3912 ¹⁶⁰⁰
924 3892 1122 3935 comes
1165 3892 1234 3934 eo
1263 3882 1434 3950 pacto
1467 3878 1864 3949 dimittuntur,
1899 3879 2086 3948 quati-

438 3983 546 4024 nus
577 3967 1064 4039 eximperatorem
1088 3966 1176 4000 ¹⁸⁰¹
1199 3981 1330 4024 cum
1363 3965 1462 4022 illo
1487 3980 1688 4038 pacem
1714 3967 1922 4024 facturi
1953 3983 2088 4024 con-

2207 1417 2250 1473 ti
2260 1418 2366 1474 bus
2391 1417 2449 1473 in
2472 1416 2624 1474 valle
2645 1417 2978 1473 Tridentina
2994 1417 3412 1474 convenientes
3423 1415 3578 1488 apud
3593 1417 3840 1486 ejusdem

2205 1506 2453 1562 nominis
2479 1506 2799 1576 civitatem,
2836 1505 2891 1560 id
2924 1510 3012 1560 est
3041 1504 3398 1573 Tridentum,
3439 1508 3842 1576 pernoctarent

2204 1593 2444 1665 (Febr.),
2494 1595 2725 1664 quidam
2772 1593 3128 1650 Adelbertus
3174 1591 3543 1662 adolescens,
3603 1591 3842 1664 partium

2203 1686 2396 1738 tamen
2447 1681 2676 1738 illarum
2712 1682 2958 1752 quodam
3015 1680 3258 1750 insignis
3289 1680 3599 1750 comitatu,
3629 1694 3842 1736 summo

2203 1784 2368 1826 mane
2420 1785 2598 1841 super
2643 1770 2822 1841 ipsos,
2859 1774 3064 1840 utpote
3097 1769 3350 1826 inermes
3381 1773 3441 1824 et
3480 1768 3840 1840 peregrinos,

2201 1871 2333 1914 cum
2357 1858 2586 1914 civibus
2610 1857 2852 1913 armatis
2873 1856 3064 1924 irruit,
3099 1856 3334 1928 spoliat,
3361 1856 3540 1927 capit,
3566 1855 3844 1912 custodite

2202 1944 2404 2014 tradit,
2433 1946 2606 2016 idque
2630 1944 2740 2002 sibi
2765 1960 2868 2016 per
2903 1944 3224 2014 legationes
3246 1944 3462 2001 domini
3495 1944 3588 2001 sui
3611 1945 3846 2016 impera-

2197 2033 2350 2090 toris
2367 2033 2776 2090 demandatum
2800 2035 3163 2105 comprobat.
3193 2035 3263 2088 At
3283 2034 3476 2102 Iesus,
3497 2033 3600 2103 qui
3623 2046 3846 2104 semper

2204 2136 2386 2193 prope
2409 2128 2502 2178 est
2534 2137 2594 2178 se
2623 2122 3032 2178 invocantibus
3055 2127 3112 2177 et
3133 2121 3223 2178 bis
3248 2121 3411 2192 juxta
3438 2121 3537 2192 qui
3573 2119 3845 2178 tribulato

2202 2215 2338 2266 sunt
2363 2209 2560 2280 corde,
2587 2215 2829 2280 repente
2861 2224 3038 2280 super
3059 2209 3296 2266 eosdem
3318 2208 3713 2266 stultissimos
3733 2214 3847 2265 tan-

2206 2301 2393 2354 torum
2452 2302 2778 2367 magnath
2839 2297 3238 2368 captivatores
3283 2295 3602 2352 Welfonem
3649 2295 3845 2353 ducem

2203 2384 2472 2440 Noricum
2495 2384 2658 2454 quasi
2681 2383 2936 2454 gladium
2976 2383 3235 2439 limatum
3260 2381 3332 2440 de
3353 2383 3562 2452 vagina
3579 2396 3686 2438 sua
3718 2384 3846 2440 edu-

2203 2473 2320 2538 xit;
2345 2471 2440 2541 qni
2463 2471 2642 2528 tercia
2669 2473 3092 2543 superveniens
3115 2471 3207 2526 die
3231 2485 3400 2527 manu
3425 2469 3638 2538 valida,
3662 2467 3846 2528 clusas

2204 2561 2544 2615 obstructas
2572 2559 2823 2630 effregit,
2857 2559 3280 2629 Gebebardum,
3305 2559 3491 2614 virum
3523 2573 3632 2630 per
3665 2560 3842 2616 omnia

2205 2646 2575 2716 laudabilem,
2603 2649 2991 2704 constitutum
3017 2664 3046 2704 a
3071 2661 3204 2717 rege
3221 2651 3428 2703 nostro
3451 2646 3843 2704 Heinrico'l'ri-

2204 2734 2452 2791 dentium
2484 2735 2768 2792 aecclesize
2794 2735 3105 2806 presulem,
3124 2750 3294 2805 quem
3317 2747 3612 2805 nunquam
3639 2749 3704 2792 se
3729 2749 3844 2792 sus-

2203 2829 2480 2892 cepturos
2521 2823 2680 2879 cives
2731 2823 2812 2877 illi
2861 2823 3364 2894 conspiraverant,
3418 2822 3601 2894 recipi
3634 2823 3840 2893 coegit,

2204 2909 2392 2981 ipsum
2418 2926 2447 2980 q
2461 2925 2648 2980 noque
2665 2910 3041 2967 .tdelbertum
3059 2911 3267 2982 suique
3281 2909 3524 2967 sceleris
3537 2909 3844 2983 complices

2203 2999 2346 3054 adeo
2369 3000 2714 3069 perterruit,
2743 3005 2805 3054 ut
2837 3000 3084 3056 eductos
3109 3013 3253 3070 quos
3279 2999 3620 3056 clauserant
3644 2999 3841 3071 princi-

2201 3101 2302 3158 pes
2327 3087 2630 3158 ipsumque
2672 3087 2980 3144 castellum
3007 3103 3156 3144 novo
3188 3088 3470 3160 episcopo
3505 3087 3838 3156 redderent,

2202 3174 2310 3246 ipsi
2346 3175 2584 3246 insuper
2629 3175 2950 3247 nudipedes
2981 3175 3052 3230 ab
3093 3176 3182 3232 bis
3223 3191 3371 3246 quos
3401 3175 3733 3232 afflixerant
3757 3191 3841 3231 ve-

2202 3263 2351 3318 niam
2387 3262 2769 3334 postularent.
2811 3266 2964 3320 Tunc
3013 3265 3190 3320 etiam
3223 3278 3252 3320 a
3288 3263 3472 3335 prima
3525 3263 3842 3320 ebdomada

2202 3349 2684 3421 quadragesima},
2724 3367 2834 3422 qua
2865 3357 2924 3408 et
2957 3351 3248 3408 mediante
3278 3353 3402 3408 hac
3433 3353 3594 3424 passi
3626 3367 3844 3421 sumus,

2199 3444 2484 3496 cometem
2531 3440 2791 3496 immensi
2851 3440 3096 3510 fulgoris
3128 3455 3230 3510 per
3288 3441 3436 3497 duas
3497 3441 3851 3513 septimanas

2201 3527 2631 3598 conspeximus.
2689 3529 3074 3585 Revertentes
3104 3542 3356 3598 quoque,
3387 3533 3505 3584 tam
3567 3543 3855 3600 pauperes

2202 3629 2370 3683 quam
2402 3614 2634 3684 divites,
2671 3631 2781 3672 non
2808 3615 2934 3670 sine
2960 3615 3196 3686 proprio
3221 3615 3436 3684 singuli
3467 3615 3748 3688 dampno,
3769 3630 3855 3672 re-

2197 3717 2326 3773 gem
2359 3707 2624 3760 nostrum
2684 3704 3014 3759 Hcinricum
3050 3702 3326 3774 quiddam
3384 3703 3695 3762 infortunii
3727 3719 3854 3776 per-

2199 3806 2434 3862 pessum
2467 3805 2497 3846 a
2527 3791 2950 3848 rebellantibus
2973 3790 3085 3846 sibi
3110 3791 3407 3848 nonnullis
3429 3807 3536 3864 per
3557 3793 3852 3851 Alsaciam

2199 3879 2516 3949 seditiosis,
2545 3881 2689 3936 fama
2715 3880 2952 3936 sinistra
2973 3879 3373 3951 percepimus;
3397 3880 3456 3936 in
3479 3881 3852 3952 Lotharingia

2199 3982 2428 4038 quoque
2443 3967 2768 4024 Heinricum
2804 3968 3437 4040 ducemetepiscOpum
3469 3971 3851 4028 Leodiensem

438 4056 692 4126 veniant,
727 4029 788 4112 et
819 4057 956 4126 quid
979 4055 1069 4090 ¹⁸⁰¹
1091 4055 1162 4112 de
1194 4055 1437 4127 reliquis
1481 4029 1606 4127 ipse
1630 4056 1916 4127 precipiat
1939 4056 2086 4112 rela-
2115 4029 2166 4093 α
2199 4029 2502 4112 (ubertum
2536 4055 2627 4089 ¹³⁰⁶
2657 4061 2860 4112 contra
2911 4070 3104 4127 regem
3136 4029 3200 4112 se
3231 4029 3480 4128 armare,
3531 4059 3854 4116 Coloniam-

437 4144 555 4200 turi
587 4143 847 4200 redeant.
881 4147 950 4201 At
981 4146 1167 4214 Iesus,
1194 4144 1290 4216 qui
1323 4158 1558 4215 semper
1577 4157 1760 4216 prope
1790 4149 1883 4200 est
1905 4143 1996 4177 ¹⁸⁰³
2020 4159 2082 4202 se

439 4231 843 4289 invocantibus
897 4236 953 4288 et
987 4233 1079 4289 his
1130 4233 1296 4303 juxta
1325 4231 1415 4265 ¹⁸ο⁴
1445 4233 1544 4302 qui
1601 4231 1888 4290 tribulato
1945 4237 2081 4289 sunt

435 4319 635 4388 cerde,
669 4327 909 4393 repente
940 4335 1120 4392 super
1156 4321 1394 4376 eosdem
1418 4320 1527 4376 sibi
1558 4319 1809 4377 rebelles
1841 4321 2084 4378 Welel‘o-

435 4422 564 4466 nem
587 4407 677 4443 ί⁸⁰⁸
704 4409 910 4474 ducem
961 4409 1231 4466 Noricum
1281 4408 1450 4479 quasi
1479 4406 1735 4478 gladium
1770 4409 1841 4466 de
1871 4411 2078 4479 vagina

2199 4159 2328 4215 que,
2385 4142 2672 4200 Iuliacum
2730 4149 2906 4216 atque
2961 4145 3240 4215 Bunnam,
3297 4160 3429 4215 quae
3476 4151 3539 4204 et
3599 4147 3849 4218 Verona,

2196 4236 2526 4302 caateraque
2556 4231 2641 4289 cis
2671 4247 2739 4290 ac
2770 4233 2916 4289 citra
2938 4233 3201 4290 Rhenum
3224 4233 3436 4304 oppida
3456 4234 3530 4291 ad
3564 4235 3852 4294 resisten-

2197 4320 2331 4377 dum
2360 4336 2424 4378 se
2453 4335 2788 4394 preparare,

1791 4506 2026 4562 VARLE
2065 4505 2464 4565 LECTIONES.

505 4591 595 4628 1m
653 4593 690 4650 τ,
741 4593 984 4666 ejusque
1062 4597 1195 4666 7,Α“Δ
1243 4591 1334 4626 1⁷⁸⁸
1383 4594 1498 4666 jam
1559 4607 1672 4649 non
1701 4597 1820 4666 δηζ

431 4667 492 4721 ι.
530 4671 589 4722 5.
637 4670 696 4720 7.
766 4663 851 4721 10.
890 4663 996 4720 ⁷11.
1111 4663 1200 4698 ³⁷⁷⁷
1257 4663 1512 4720 marshie
1567 4669 1644 4720 9°.

433 4735 524 4771 “7‘
549 4735 900 4794 elimanatus
931 4740 1016 4792 10.
1166 4733 1257 4768 ³⁷⁷⁸
1283 4735 1450 4790 eritis
1481 4739 1532 4789 3.

431 4807 486 4862 4.
600 4805 693 4840 ί⁷⁸⁰
719 4808 787 4864 in
817 4812 901 4863 10.
957 4820 1195 4863 erasum
1243 4814 1346 4875 est,
1382 4805 1544 4863 deest
1571 4809 1652 4861 tt.

427 4879 587 4950 pius,
620 4877 683 4932 N.
716 4891 1144 4950 menumquam
1169 4881 1220 4932 6.
1309 4876 1432 4950 ff“?
1454 4877 1544 4932 ita
1574 4877 1633 4950 Ε.

431 4946 516 5005 ἶο.
551 4951 639 5004 11.
753 4949 845 4982 ³⁷⁸⁸
873 4946 1033 5006 dce—8t
1061 4952 1111 5004 7.
1145 4953 1222 5004 9".
1304 4947 1395 4981 ‘7”
1425 4949 1477 5002 in
1511 4946 1634 5002 suis
1665 4963 1710 5002 ι’.
1748 4949 1796 5002 4.

431 5017 587 5092 "TUI.
621 5035 674 5092 p.
708 5024 767 5076 7.
836 5090 845 5092 _
888 5019 978 5092 177°?
1003 5017 1475 5092 gobehardus‘90.
1597 5015 1988 5092 "f’f‘tamend.

1646 4733 1736 4768 m1
1757 4735 1894 4806 jam.
1941 4752 1993 4806 po
2031 4737 2066 4792 d

429 5162 842 5232 7_._,wigpertus
869 5166 971 5218 9ο..

430 5229 521 5264 ¹⁸⁰¹
553 5229 707 5291 auOd
738 5235 792 5288 6.
824 5237 878 5290 7.
909 5238 986 5291 9°.

431 5297 524 5336 ³⁸⁸⁸
554 5297 619 5358 Ο.
650 5302 816 5361 codd.

1759 4662 1850 4698 ¹⁷⁷²
1902 4665 1996 4722 ita
2053 4667 2116 4736 E,
2177 4665 2340 4723 deest
2380 4665 2515 4722 rell.
2629 4665 2720 4701 ³⁷⁷³
2775 4683 2838 4724 ιι.

1759 4735 1894 4796 jam.
1941 4752 1993 4796 ι).
2031 4737 2093 4792 d.
2163 4739 2212 4792 4.
2331 4735 2421 4770 ⁷⁷⁷⁸
2453 4736 2588 4794 trid.
2627 4737 2681 4794 in
2741 4754 2794 4795 ν.
2833 4742 2882 4796 4.

1769 4805 1856 4839 ³⁷⁸1
1889 4805 1954 4862 et
1995 4811 2046 4862 6.
2080 4809 2158 4863 9°.

1749 4875 1838 4910 ³⁷⁸⁸
1873 4876 2242 4947 imperatoris
2272 4881 2321 4934 4.
2355 4894 2427 4935 ex
2455 4892 2694 4936 erasum
2721 4881 2816 4937 E2.

1749 4949 1796 5002 4.
1913 4947 2002 4981 ¹⁷⁰¹
2033 4955 2088 5005 et
2125 4950 2312 5005 fusum
2359 4949 2409 5005 6.
2445 4949 2688 5005 effusum
2710 4956 2787 5005 7ο.

2033 4956 2088 5006 ct
2125 4956 2312 5006 fusum
2359 4956 2409 5006 6.
2445 4956 2688 5007 eﬂ'usum
2710 4956 2787 5007 7°.
2867 4956 2958 4986 ‘7"
2991 4956 3258 5024 partibus
3289 4956 3340 5008 6.
3459 4956 3554 4984 ³⁷³³
3586 4956 3757 5008 deest
3783 4956 3848 5006 ι.

2105 5019 2196 5054 1⁷³⁷
2225 5021 2522 5076 matliildis
2552 5023 2649 5078 Dl.
2687 5023 2735 5078 4.
2781 5024 3058 5080 matbilde
3089 5027 3150 5080 Ε.
3187 5020 3566 5080 machtbildis
3599 5027 3650 5078 5.
3687 5020 3856 5078 meb-

429 5089 594 5145 tildis
620 5087 671 5146 Β.
705 5087 1038 5147 mechtildis
1067 5095 1118 5146 8.
1155 5089 1454 5146 methildis
1484 5092 1560 5144 9°.
1639 5087 1732 5122 ‘7“
1765 5091 1936 5147 alteri
1975 5090 2058 5146 El.
2091 5095 2142 5146 2.
2234 5091 2326 5124 ⁷⁷⁸⁸
2354 5091 2668 5150 videbatur
2691 5099 2744 5149 7.

1075 5160 1166 5237 Ὺ)
1193 5161 1678 5237 “imperat-01:81!)
1735 5161 1938 5237 (ἰεζαια
1984 5161 2226 5234 syllaba
2281 5178 2352 5237 ex
2409 5165 2474 5237 4.⁸
2511 5163 2924 5237 imperatorem
2955 5167 3052 5222 E2.
3087 5171 3148 5222 et
3172 5160 3593 5237 imperatorem
3625 5168 3718 5237 1o.
3758 5167 3847 5219 11.

1065 5231 1156 5266 ¹⁸⁰³
1185 5247 1248 5289 se
1277 5229 1544 5289 omnibus
1572 5229 1608 5288 i.
1642 5235 1693 5287 6.
1724 5237 1774 5290 7.
1810 5234 1886 5288 9°.
1924 5229 2131 5291 10f“.
2167 5233 2436 5290 omnibus
2459 5233 2496 5291 i.
2529 5239 2580 5290 5.

2633 4593 2726 4630 ¹⁷⁷⁰
2782 4597 3164 4658 werenherus
3219 4597 3280 4654 6.
3345 4601 3424 4656 9⁸.
3494 4596 3849 4655 “remiler

2629 4665 2720 4701 ma
2775 4683 2838 4724 η,
2901 4686 2954 4726 ρ,
3021 4671 3081 4726 Ε,
3233 4667 3324 4703 ιττι
3381 4669 3554 4726 deest
3612 4673 3700 4725 10.
3764 4673 3848 4724 11.

3495 4853 3509 4866 ·

3459 4949 3554 4984 ¹⁷⁹³
3586 4951 3757 5008 deest
3783 4955 3818 5006 ι
3833 4994 3848 5005 .

2275 4807 2371 4842 "8'
2402 4809 2437 4863 i.
2493 4823 2544 4863 a.
2581 4812 2630 4864 4.
2747 4808 2836 4843 1⁷⁸³
2868 4811 3108 4868 tradidit
3138 4817 3198 4868 7.
3317 4809 3409 4844 1"“

2275 4881 2321 4934 4.
2355 4894 2427 4935 ex
2455 4892 2694 4936 erasum
2721 4881 2816 4937 E2.
2915 4881 3005 4915 "‘7
3033 4897 3159 4938 nam
3193 4887 3244 4938 6.
3275 4887 3328 4938 7.
3363 4885 3425 4936 9°

3033 4897 3159 4938 nam
3193 4897 3244 4938 σ.
3275 4897 3328 4938 7.
3363 4897 3442 4936 9°.

2867 4951 2958 4986 ¹⁷⁹²
2991 4954 3258 5024 partibus
3289 4956 3340 5024 6.

2851 5093 2944 5128 ί⁸⁰⁰
2972 5095 3259 5152 wibertus
3289 5096 3387 5149 Dt.
3428 5093 3764 5166 wicpertus
3795 5095 3849 5147 4.

2695 5234 2786 5269 ¹⁸⁰⁴
2815 5234 2974 5296 deest
2999 5239 3031 5293 ὁ
3165 5234 3600 5293 1"""welt‘onem
3628 5236 3846 5292 4-11,

501 5459 649 5538 (βρό)
678 5461 757 5538 Cf.
791 5462 1008 5538 Vitas.
1042 5463 1302 5538 {lagonis
1331 5462 1739 5538 GratianOpol._
1765 5465 1909 5538 Acta
1937 5373 2249 5536 SS.N
2286 5466 2416 5538 I,_p.
2453 5467 2522 5521 39
2555 5484 2566 5520 :
2613 5465 2741 5524 Sed
2759 5464 2820 5538 et
2841 5463 3147 5526 comitissa
3171 5537 3178 5538 ί
3203 5446 3851 5538 Μαιλίιάἰεκλαιίἐιε

427 5527 671 5615 (ﬁdem
681 5534 943 5615 femin
967 5535 1075 5594 sed
1101 5527 1414 5615 a'nirgziger
1441 5549 1514 5594 eu

1617 5534 1656 5594 ἱι
1677 5534 1910 5617 digitis,
1935 5549 2070 5610 qua:
2097 5534 2729 5617 ferzanljumamrum
2779 5537 3070 5602 tumultus
3112 5537 3297 5614 atgue
3335 5534 3612 5617 perinde
3634 5536 3850 5599 instar

421 5598 806 5676 prophetissa
828 5603 1070 5664 Dabam
1083 5598 1408 5676 prudenter
1427 5606 1638 5668 udwre
1655 5598 1974 5679 “fortiter
1998 5608 2247 5668 noverat
2275 5608 2546 5668 tolerare.
