3962 6338
188 302 348 365 1005

1074 291 1514 362 CHRONICA.
1549 336 1625 346 —
1659 301 2134 363 CHRONl‘jON
2178 302 2722 366 UNIVERSALE.

3440 307 3597 367 1006

184 454 291 496 sua
324 434 526 493 eduxit
552 452 566 501 ;
599 431 695 503 qui
728 432 908 487 tercia
939 434 1359 502 superveniens
1382 433 1475 488 die
1500 426 1589 467 ¹θ⁰⁷
1613 449 1780 490 manu
1813 434 2022 505 valida,
2059 434 2253 491 clusas
2274 434 2363 467 ¹⁸⁰⁸
2384 437 2719 491 obstructas
2745 436 2994 507 effregit.
3030 438 3208 492 Gebe-

182 526 461 593 hardum,
495 522 682 578 virum
720 522 1050 592 probatum,
1083 520 1433 576 Tridentinzc
1467 522 1749 578 {ecclesize
1783 523 2167 579 constitutum
2200 538 2227 577 a
2259 538 2395 593 rege
2424 524 2716 579 catholico
2747 539 2955 579 novum
2988 525 3211 595 episco-

182 630 346 687 pum,
384 626 553 683 quem
588 622 877 679 nunquam
913 623 976 663 sc
1009 612 1395 679 suscepturos
1425 610 1582 665 cives
1610 610 1720 681 ipsi
1754 611 2254 681 conSpiravera.it,
2290 611 2471 682 recipi
2505 612 2719 681 coegit,
2756 612 2940 682 ipsum
2976 602 3205 683 quoque

184 703 573 759 Adelhertum
608 697 812 767 suique
847 696 1093 751 Sceleris
1124 697 1611 768 complicesadeo
1638 699 1974 769 perterruit,
2002 700 2333 755 utcductos
2368 714 2514 769 quos
2545 699 2877 755 clauserant
2911 701 3209 772 principes

182 793 499 864 ipsumque
530 786 837 843 castellum
872 800 1022 841 novo
1052 786 1334 857 episcopo
1366 787 1699 857 redderent,
1736 788 1848 858 ipsi
1884 789 2121 859 insuper
2156 788 2476 859 nudipech
2498 790 2569 843 ab
2590 789 2681 844 his
2708 804 2855 859 quos
2886 790 3208 846 afﬂixerant

183 880 414 938 veniam
448 875 837 949 postularent.
862 876 1017 930 Tunc
1042 876 1216 929 etiam
1242 890 1270 930 a
1297 875 1478 945 prima
1511 876 1829 932 ebdomada
1862 876 2342 946 quadragesimae,
2371 891 2483 947 qua
2506 882 2562 932 ct
2589 878 2881 933 mediante
2904 878 3028 934 haec
3057 879 3209 949 passi

181 981 412 1037 sumus,
438 969 725 1021 cometam
748 962 1008 1018 immensi
1036 961 1279 1032 fulgoris
1299 962 1390 996 ¹⁸⁰⁹
1408 978 1591 1034 usque
1610 965 1679 1019 ad
1703 965 2030 1036 passionem
2055 963 2276 1019 Domini
2300 965 2713 1034 conspeximus
2735 964 2950 1034 (Fabia;
2974 966 3207 1037 Mart).

179 1058 578 1115 Revertentes
601 1051 691 1087 “1°
715 1066 965 1124 quoque,
994 1058 1107 1107 tam
1137 1067 1422 1124 pauperes
1446 1068 1616 1123 quam
1640 1053 1877 1123 divites,
1903 1068 2015 1109 non
2044 1053 2168 1108 sine
2196 1054 2432 1125 proprio
2463 1053 2675 1122 singuli
2710 1054 2975 1124 dampno,
3015 1069 3208 1123 regem

179 1151 455 1204 nostrum
481 1143 812 1201 lleinrieum
845 1141 1119 1212 quiddam
1150 1141 1452 1197 infortunii
1480 1141 1568 1174 1°“
1591 1156 1937 1213 perpessum
1962 1157 1992 1197 a
2016 1141 2441 1198 rebellantibus
2466 1142 2577 1197 sibi
2606 1142 2899 1198 nonnullis
2924 1157 3028 1213 per
3050 1142 3210 1198 Alsa-

180 1237 329 1291 tiam
358 1232 658 1292 seditiosis
679 1230 790 1301 “1’,
817 1233 962 1287 fama
988 1229 1224 1285 sinistra
1246 1228 1336 1262 ι⁸¹³
1354 1230 1738 1301 percepimus,
1766 1234 1988 1300 patrem
2012 1244 2152 1285 vero
2176 1229 2333 1298 regis
2354 1244 2466 1286 non
2492 1230 2715 1285 modica
2741 1229 2975 1285 sibimet
2999 1229 3212 1285 auxilia

172 1330 389 1381 contra
408 1324 590 1380 filium
616 1319 955 1387 attraxisse,
984 1318 1092 1375 hoc
1114 1322 1205 1374 est
1230 1319 1567 1390 episcopum
1596 1318 1986 1391 Leodiensem,
2024 1318 2352 1374 lleinrieum
2377 1318 2580 1375 ducem
2608 1318 3071 1374 Lothariensium
3096 1316 3208 1387 ιω,

179 1413 505 1483 Coloniam,
538 1409 845 1477 Iuliacum,
880 1409 1156 1477 Bunnam,
1183 1422 1311 1478 quae
1333 1413 1394 1463 et
1417 1408 1661 1477 Verona,
1694 1411 2027 1478 caeteraque
2059 1407 2245 1478 partis
2274 1405 2432 1462 illius
2461 1406 2707 1478 Oppida;
2743 1409 2983 1476 haecque
3015 1407 3216 1463 nonni-

176 1500 303 1560 chil
340 1498 712 1556 titubationis
749 1497 1016 1565 religioni
1060 1497 1431 1552 minabantur
1457 1495 1786 1552 catholicae.

257 1586 657 1646 Cmterum1m
680 1586 1112 1642 rexlleinricus
1135 1585 1332 1640 divina
1357 1586 1670 1641 roboratus
1703 1600 1842 1640 cou-
1876 1587 1929 1645 A
2034 1585 2316 1640 Caeterum
2357 1600 2458 1640 rex
2499 1584 2804 1640 lleinricus
2844 1583 3035 1640 divina
3077 1587 3385 1643 roboratus
3432 1588 3609 1643 conti-

181 1679 566 1748 ﬁdentia,nec
593 1676 780 1730 minus
805 1675 1278 1744 magnanimitate
1300 1674 1588 1730 animatus
1616 1674 1835 1743 innata,

178 1770 324 1825 dum
357 1767 519 1839 quasi
554 1770 752 1838 partes
783 1764 1048 1819 inimicas
1075 1762 1507 1833 humiliaturus,
1544 1763 1839 1832 Leodium,

178 1856 518 1930 paschalem
571 1853 709 1908 inibi
760 1852 981 1908 curiam
1032 1852 1340 1907 habiturus
1391 1850 1499 1921 ιω,
1548 1851 1848 1907 converti-

183 1954 288 2002 tur
310 1944 420 2013 ³⁸1⁷,
446 1948 579 2015 post
607 1943 819 1996 festum
855 1940 1171 2011 palmarum
1206 1939 1460 1995 Colonize
1492 1941 1840 1996 cedentibus

176 2034 452 2091 hostibus
491 2032 635 2086 satis
673 2030 926 2100 jocunde
970 2028 1326 2085 celebratum
1368 2028 1688 2100 1⁸1⁸(Μαγί.
1730 2032 1838 2101 18),

179 2130 341 2179 moto
382 2120 684 2190 comitatu,
730 2134 957 2175 rursuu
1004 2118 1250 2174 fortuna;
1291 2118 1690 2173 sinistrorsum
1722 2118 1830 2173 sibi

180 2218 375 2267 lotam
414 2208 647 2265 volvere
674 2207 872 2275 sentit,
901 2206 1033 2262 dum
1061 2206 1327 2261 nimirum
1355 2205 1442 2238 ¹⁸¹⁹
1472 2207 1596 2277 [res
1618 2206 1736 2276 ¹⁸²⁰1
1765 2207 1845 2261 ἰη-

175 2298 519 2357 consultius
541 2296 631 2329 ¹⁸²¹
653 2297 866 2365 agitur.
900 2296 1035 2349 Nam
1073 2295 1304 2364 cognita
1334 2295 1521 2365 patris
1554 2295 1843 2350 machina-

176 2390 369 2457 tione,
406 2387 501 2456 qui
539 2386 740 2455 utiquc
768 2399 846 2445 se.
877 2388 938 2439 ut
961 2382 1051 2439 vir
1073 2382 1324 2439 bellator
1347 2384 1417 2440 ah
1441 2383 1837 2440 adolescentia

176 2489 291 2533 sua
315 2474 426 2545 ’3”,
453 2475 597 2531 satis
623 2478 1033 2542 argumentose
1063 2487 1167 2542 per
1194 2472 1515 2528 conductas
1539 2473 1607 2527 ad
1634 2474 1835 2528 civita-

180 2573 325 2635 tem,
352 2578 461 2635 qua
485 2562 705 2619 curiam
730 2561 1005 2617 indictam
1034 2561 1507 2632 prescripsimus,
1531 2561 1731 2633 copias
1752 2576 1840 2616 re-

174 2653 397 2709 sistere
423 2650 685 2722 parabat,
714 2647 840 2719 ipse
861 2647 1100 2717 juvenili
1134 2646 1544 2703 nichilominus
1571 2647 1841 2703 animosi-

165 2747 302 2796 tate
342 2752 684 2805 succensus,
728 2735 847 2805 illo,
896 2751 1071 2807 parva
1114 2736 1252 2791 licet
1284 2750 1452 2791 manu
1487 2736 1737 2803 cinctus,
1776 2740 1834 2793 ut

168 2832 440 2900 coeperat
478 2827 584 2896 ire,
615 2825 939 2880 contendit.
975 2824 1096 2890 Qua
1123 2825 1193 2879 de
1219 2840 1280 2879 re
1306 2824 1609 2896 premissis
1634 2830 1739 2880 300
1758 2825 1837 2880 vi-

1961 1673 2178 1737 dentia,
2230 1672 2363 1729 dum
2413 1674 2577 1743 quasi
2634 1679 2833 1743 partes
2884 1673 3147 1730 inimicas
3197 1675 3608 1732 humiliaturus

1961 1761 2252 1831 Leodium,
2297 1762 2603 1817 habiturus
2636 1761 2775 1815 inibi
2819 1761 3146 1832 paschalem
3189 1764 3432 1834 curiam,
3474 1779 3609 1821 con-

1963 1850 2235 1913 vertitur.
2256 1853 2385 1920 post
2406 1850 2612 1903 festum
2638 1848 2956 1921 palmarum
2984 1850 3235 1906 Coloniae
3259 1853 3606 1908 cedentibus

1961 1936 2230 1993 hostibus
2253 1938 2395 1993 satis
2415 1937 2665 2006 jocunde
2687 1937 3047 1993 celebratum
3074 1940 3277 2007 (Μαγι.
3314 1941 3423 2009 18),
3449 1946 3607 1997 moto

1961 2026 2264 2095 comitatu,
2294 2040 2522 2082 rursum
2553 2026 2800 2081 fortuna)
2836 2030 3020 2081 rotam
3056 2028 3461 2083 sinistrorsum
3493 2030 3606 2084 sibi

1962 2112 2113 2169 volvi
2174 2116 2482 2184 persentit,
2543 2114 2676 2170 dum
2737 2115 3002 2169 nimirum
3061 2115 3454 2172 inconsultius
3513 2131 3609 2172 res

1960 2203 2175 2272 agitur,
2218 2203 2351 2258 dum
2397 2203 2520 2273 ipse
2554 2202 2799 2271 juvenili
2849 2217 3167 2259 succensus
3213 2205 3604 2275 animositate,

1960 2305 2135 2361 parva
2166 2290 2306 2346 licet
2335 2305 2524 2361 manu,
2560 2291 2778 2347 curiam
2809 2292 3138 2348 condictam
3167 2293 3437 2348 hostibus
3467 2293 3606 2349 invi-

1959 2380 2036 2435 tis
2069 2380 2229 2435 adire
2258 2385 2522 2436 conatur.
2561 2382 2871 2437 Premissis
2901 2380 3096 2451 itaque
3130 2383 3412 2437 trecentis
3443 2383 3605 2452 viris,

1959 2470 2055 2539 qui
2091 2474 2323 2540 pontem
2358 2484 2537 2540 super
2569 2470 2778 2526 Mosam
2810 2470 3049 2526 fluvium
3090 2469 3217 2526 loco
3254 2471 3349 2541 qui
3390 2470 3610 2529 dicitur

1956 2558 2231 2627 Wegesaz
2273 2564 2680 2614 constructum
2718 2559 3096 2614 observarent
3141 2590 3210 2599 —
3242 2574 3371 2615 nam
3409 2574 3608 2616 omnes

1954 2645 2211 2715 ejusdem
2236 2647 2489 2702 ﬂuminis
2521 2648 2805 2703 transitus
2828 2648 3028 2702 hostes
3050 2651 3482 2718 interruperant
3506 2681 3574 2689 —
3595 2693 3608 2717 ,

1955 2734 2087 2791 dum
2123 2750 2224 2789 rex
2257 2736 2310 2789 in
2346 2734 2562 2805 palatio
2592 2736 2938 2804 Aquisgraui
2971 2751 3173 2791 cenam
3206 2738 3425 2792 Domini
3459 2739 3609 2795 cele-

1953 2824 2085 2878 brat
2113 2824 2319 2894 (Μαγί.
2346 2828 2457 2893 22),
2490 2824 2601 2879 dux
2638 2824 2946 2878 Heinricus
2972 2839 3101 2878 cum
3126 2826 3390 2881 exercitu
3415 2826 3611 2895 regios

170 2918 275 2987 ris,
316 2916 412 2987 qui
448 2918 677 2986 pontem
721 2927 896 2984 super
940 2912 1149 2968 Masam
1181 2911 1275 2945 ¹⁸²³
1306 2913 1544 2969 fluvium
1579 2913 1704 2968 loco
1736 2926 1832 2983 qui
1865 2940 1917 2999 B
1950 2911 2020 2967 ad
2054 2918 2289 2982 pontem
2333 2910 2553 2966 invadit
2592 2911 2827 2978 milites,
2872 2911 3216 2982 naviterque
3251 2914 3602 2971 resistentes

170 3006 456 3074 Wegesaz
481 3001 571 3035 ¹⁸²⁴
599 3002 748 3073 (304)
781 3000 998 3055 dicitur
1021 3004 1422 3056 constructum
1451 3003 1833 3056 observarent
1948 3007 2075 3055 arte
2118 3001 2362 3070 quadam
2404 2999 2723 3070 equitandi,
2759 3015 2869 3070 qua
2902 3015 3047 3069 gens
3079 3001 3177 3056 illa
3212 3002 3342 3072 plus
3372 3004 3605 3060 caeteris

174 3126 247 3133 ——
266 3106 399 3148 nam
420 3104 619 3147 omnes
637 3089 896 3159 ejusdem
920 3088 1169 3143 fluminis
1188 3088 1473 3144 transitus
1489 3089 1603 3157 jam
1630 3089 1830 3145 hostes

172 3183 625 3251 interruperant
650 3210 730 3248 ——,
756 3178 890 3233 dum
916 3191 1014 3233 rex
1036 3176 1089 3231 in
1111 3176 1327 3247 palatio
1352 3177 1694 3247 Aquisgrani
1717 3193 1831 3235 coe-

174 3285 315 3327 nam
345 3267 568 3325 Domini
602 3266 866 3323 celebrat
898 3264 1102 3333 (Mart.
1128 3268 1238 3333 22),
1275 3266 1391 3320 dux
1413 3264 1503 3298 ¹⁸²⁵
1528 3266 1830 3324 lleinrieus

171 3374 313 3416 cum
344 3357 609 3414 exercitu
650 3355 972 3413 cmsariano
1013 3354 1209 3423 regios
1241 3352 1312 3408 ad
1349 3358 1577 3425 pontem
1609 3355 1831 3411 invadit

170 3447 420 3516 milites,
463 3445 807 3515 naviterque
849 3443 1191 3499 resistentes
1229 3448 1353 3499 arte
1395 3442 1639 3512 quadam
1672 3444 1832 3514 equi-

172 3535 365 3604 tandi,
410 3549 519 3604 qua
559 3547 704 3603 gens
742 3530 840 3587 illa
883 3530 1012 3603 plus
1042 3532 1273 3586 caeteris
1304 3530 1393 3564 ‘3“
1421 3532 1628 3601 utitur,
1664 3532 1718 3586 in
1755 3532 1833 3587 la-

169 3625 332 3680 tiora
374 3619 464 3654 “’7
505 3620 811 3688 deductos,
864 3618 1238 3674 multitudine
1290 3618 1580 3688 legionum
1631 3620 1829 3689 cingit,

1946 3090 2153 3159 utitur,
2206 3090 2260 3144 in
2310 3090 2519 3145 latiora
2568 3089 2854 3145 deductos
2905 3090 3171 3161 ampliori
3220 3091 3596 3147 multitudine

1940 3178 2143 3249 cingit,
2206 3180 2503 3250 opprimit,
2568 3179 2780 3233 sternit
2840 3184 3015 3249 atque
3076 3180 3266 3250 capit;
3327 3181 3602 3239 nonullos

1941 3270 2115 3326 etiam
2148 3268 2430 3325 cadentes
2453 3268 2665 3323 fluvius
2690 3273 2935 3323 voravit.
2970 3268 3212 3325 Videres
3245 3271 3607 3333 fortissimos

1942 3358 2287 3415 Machabeos
2320 3356 2376 3412 in
2413 3355 2565 3411 bello
2610 3356 2917 3412 catholica:
2963 3358 3141 3427 pacis,
3182 3366 3311 3429 post
3348 3366 3604 3433 stragem

1945 3447 2253 3520 plurimam
2295 3445 2641 3516 apostaticas
2679 3447 2837 3515 genti
2884 3446 3125 3518 illatam,
3166 3448 3278 3505 fide
3312 3466 3515 3521 magna
3546 3451 3606 3509 et

1946 3536 2159 3592 lacticia
2193 3550 2331 3591 suas
2366 3535 2586 3590 animas
2622 3534 2850 3590 Christo
2886 3550 2990 3606 pro
3024 3551 3084 3591 se
3120 3553 3290 3607 passo
3322 3554 3608 3597 commen-

1947 3624 2175 3693 dantes,
2209 3638 2275 3678 ac
2307 3622 2637 3691 hujusmodi
2662 3637 2765 3692 pro
2791 3623 3040 3678 transitu
3073 3626 3331 3694 priorum
3366 3628 3609 3684 delicto-

175 3710 486 3784 opprimit,
528 3708 739 3765 sternit
770 3706 861 3741 ²⁸²⁸
892 3712 1069 3777 atque
1095 3707 1282 3778 capit;
1319 3707 1629 3763 nonnullos
1660 3709 1833 3764 etiam

173 3800 462 3857 cedentes
482 3797 695 3853 ﬂuvius
712 3796 959 3852 voravit.
984 3795 1222 3851 Videres
1244 3796 1599 3852 fortissimos
1618 3797 1837 3852 Macha-

180 3891 330 3944 beos
354 3886 409 3940 in
438 3886 590 3940 bello
614 3884 704 3917 ⁸⁸³⁸
726 3884 1032 3940 catholicae
1071 3885 1248 3953 pacis,
1276 3889 1406 3954 post
1428 3891 1679 3954 stragem
1714 3885 1837 3955 plu-

180 3976 391 4030 rimam
414 3972 757 4045 apostaticae
782 3973 941 4043 genti
973 3971 1212 4041 illatam,
1248 3972 1358 4027 ﬁde
1384 3987 1586 4040 magna
1608 3978 1667 4027 ct
1690 3973 1833 4028 laeti-

176 4066 272 4122 cia
302 4078 439 4120 suas
462 4062 681 4118 animas
700 4063 928 4119 Christo
950 4076 1055 4133 pro
1077 4075 1137 4117 se
1159 4076 1333 4133 passo
1357 4060 1837 4118 commendantes

178 4170 248 4210 ac
274 4151 609 4222 hujusmodi
644 4166 747 4222 pro
781 4150 1031 4207 transitu
1068 4150 1324 4221 priorum
1358 4148 1707 4206 delictorum
1741 4164 1835 4206 ve-

181 4242 342 4299 niam
358 4239 414 4297 in
428 4240 628 4297 eadem
649 4238 1025 4309 indulgentiae
1042 4238 1133 4294 die
1148 4252 1207 4294 se
1221 4243 1572 4295 consecutos
1593 4238 1841 4295 invicem

180 4329 584 4390 consolantes.
616 4329 712 4385 His
737 4330 983 4385 fortuna:
1008 4327 1274 4397 fallaciis,
1307 4327 1478 4383 immo
1503 4327 1704 4385 summi
1731 4327 1845 4383 dis-

184 4420 483 4495 positione
502 4418 740 4490 judicis,
758 4432 919 4474 mens
941 4417 1333 4473 hereticorum
1358 4421 1707 4488 tumescere,
1736 4431 1842 4472 nec

183 4517 387 4569 tamen
437 4497 894 4565 erthodoxorum
934 4505 1026 4540 ¹⁸³⁰
1063 4520 1199 4578 spes
1249 4506 1593 4563 decrescere
1644 4506 1841 4578 coepit.

184 4602 315 4657 Rex
347 4598 499 4655 enim
530 4596 617 4631 ¹⁸³ί
648 4597 801 4653 inter
832 4597 956 4667 ipsa
989 4594 1284 4667 paschalia
1316 4596 1463 4651 festa
1496 4595 1703 4667 (Mart.
1730 4597 1843 4667 25),

1878 4292 1926 4354 C

1950 3727 2073 3769 rum
2094 3712 2318 3766 veniam
2347 3711 2398 3765 in
2425 3710 2624 3765 eadem
2648 3711 3024 3779 indulgentize
3049 3713 3143 3767 die
3167 3728 3230 3767 sc
3254 3722 3607 3773 consecutos

1950 3801 2195 3855 invicem
2246 3798 2638 3854 consolantes.
2676 3798 2773 3851 His
2807 3800 3080 3863 fortunae.
3110 3800 3377 3869 fallaciis,
3432 3805 3606 3861 immo

1953 3889 2156 3945 summi
2213 3876 2598 3956 dispositione
2642 3886 2875 3954 judicis,
2930 3901 3089 3942 mens
3136 3890 3605 3948 scismaticorum

1951 3982 2305 4046 tumescere,
2344 3990 2447 4030 nec
2480 3980 2669 4028 tamen
2715 3975 3175 4032 orthodoxorum
3210 3992 3344 4048 spes
3376 3979 3607 4037 decres-

1952 4079 2085 4122 cere
2135 4064 2309 4135 cepit.
2368 4064 2488 4118 ch
2538 4062 2687 4117 enim
2742 4064 2892 4118 inter
2936 4065 3060 4135 ipsa
3113 4066 3402 4136 paschalia
3458 4068 3605 4125 festa

1954 4152 2160 4223 (Mart.
2192 4157 2305 4225 25),
2342 4167 2468 4223 qum
2502 4158 2638 4208 tunc
2682 4167 2783 4223 pro
2824 4157 3038 4209 eventu
3079 4154 3163 4210 rei
3204 4157 3414 4213 Bunnae
3456 4158 3607 4213 cele-

1956 4242 2185 4312 brabat,
2220 4241 2548 4297 lleinrieum
2574 4241 2798 4312 ducem,
2824 4241 3047 4311 judicio
3072 4246 3418 4315 Optimatum
3442 4262 3605 4304 reum

1957 4330 2284 4401 majestatis
2306 4335 2365 4386 et
2389 4329 2613 4385 hostem
2646 4330 2728 4385 rei
2759 4330 3029 4401 publicae,
3055 4332 3269 4389 ducatu
3306 4334 3513 4406 privat,
3540 4349 3607 4392 ac

1956 4411 2284 4482 generalem
2322 4411 2753 4483 expeditionem
2794 4418 2997 4470 contra
3031 4414 3482 4486 Lotharingiam,
3516 4430 3608 4474 ac-

1959 4506 2131 4572 cepto
2155 4515 2184 4555 a
2212 4500 2571 4572 principibus
2594 4508 2981 4574 sacramento,
3014 4518 3118 4574 per
3148 4507 3331 4560 totum
3364 4518 3605 4573 regnum

1960 4591 2164 4648 indicit
2194 4596 2252 4647 et
2287 4595 2580 4663 preparat.

184 4702 319 4760 quae
354 4692 495 4744 tunc
526 4701 632 4760 pro
665 4689 878 4743 eventu
908 4684 992 4741 rei
1026 4683 1117 4719 1°”
1149 4686 1363 4742 Bunnae
1396 4680 1488 4718 1⁸³³
1518 4684 1858 4741 celebrabat
1891 4680 2004 4753 εδει,
2040 4682 2370 4739 lleinrieum
2403 4682 2629 4752 ducem,
2667 4680 2890 4749 judicio
2927 4680 3270 4752 optimatum
3300 4695 3462 4739 reum

1567 4838 1804 4895 VARle
1840 4836 2235 4894 LECTIONES.

1394 4962 1611 5045 “3W
1650 4963 1941 5045 δονίλλτῖιῖκ
1977 4964 2169 5045 Ε.¹.;.²-
2212 4958 2760 5045 ίεῖηῐιθηεορίυὲβοεθ
2923 4952 3045 5045 .f‘“
3081 4958 3602 5045 crateres??-

188 5044 595 5097 conneuentes
643 5050 792 5095 corr.
843 5035 1237 5093 connitientcs
1283 5040 1348 5107 7.
1438 5025 1798 5107 “*lrfortuni'i
1838 5039 1921 5089 10.
1972 5031 2128 5107 ηῗξίζ
2149 5031 2548 5107 seditionis}.
2596 5025 2741 5107 617.
2783 5033 2868 5085 10.
2917 5032 3065 5107 11..Δ
3100 5025 3432 5107 "1°mfamam
3472 5027 3610 5107 sini-

190 5096 378 5167 Stram
412 5112 463 5166 7.
561 5107 653 5142 “1‘
693 5106 1211 5177 lotharingiensem
1239 5110 1291 5163 7.
1338 5106 1756 5161 lothoriensem
1782 5110 1865 5177 9°.
1921 5175 1938 5177 _
1967 5102 2058 5177 ηιξ
2096 5103 2206 5157 Sed
2241 5106 2288 5157 4.
2388 5100 2969 5177 ίεξξηὴββίιριψᾞερᾴ.
3007 5102 3119 5177 1.0..“
3160 5096 3278 5177 _‘“"
3321 5098 3610 5177 converti-

191 5197 325 5239 mur
353 5181 450 5237 E2.
548 5178 640 5213 “1'
671 5167 1106 5235 celebraturum
1137 5180 1187 5233 4.
1221 5182 1270 5232 5.
1305 5181 1356 5233 6.
1392 5182 1443 5233 7.
1480 5180 1557 5231 9°.
1594 5180 1676 5231 10.
1776 5176 1866 5209 ¹⁸¹⁹
1899 5174 2062 5231 deest
2084 5178 2135 5230 6.
2171 5179 2221 5228 7.
2257 5177 2332 5228 9°.
2431 5171 2523 5206 ¹⁸²⁰
2549 5173 2643 5231 ita
2670 5172 2730 5227 E.
2764 5171 2847 5241 (et
2875 5171 2960 5243 C.)
2998 5167 3525 5243 _j§“_inconsultus
3554 5172 3605 5224 6.

189 5256 273 5310 9°.
358 5249 451 5287 m’
479 5249 645 5326 ἀέξει
668 5253 720 5307 6.
755 5256 804 5307 7.
832 5254 910 5326 9°.
945 5250 1213 5326 19._11.___
1250 5246 1341 5280 1⁸³³
1368 5249 1574 5326 misam
1606 5253 1748 5326 90;“
1779 5247 1869 5326 13’“
1900 5247 2272 5326 uuege_zaz_A6.
2306 5238 2818 5326 7._9°.‘\vegesa§a
2841 5246 2893 5299 4.
3114 5241 3232 5326 dux
3265 5242 3327 5326 ll.
3363 5243 3416 5296 4.
3445 5242 3604 5326 θρίξ.

195 5328 282 5394 10.
320 5328 409 5379 11.
508 5320 603 5355 ⁵⁸⁸⁸
646 5337 696 5378 c.
732 5337 785 5394 p.
824 5325 927 5394 ξιιμ
973 5318 1081 5394 ¹⁸²ῗ¹Δ
1113 5318 1321 5394 altiora
1357 5322 1564 5394 193,141.
1659 5316 1750 5352 ¹⁸²⁸
1800 5322 1874 5375 st.
1909 5333 1960 5373 ο.
1993 5311 2131 5394 6:].
2166 5316 2267 5394 9°.
2343 5311 2442 5394 if":
2483 5311 2694 5372 bellico
2745 5316 2839 5371 E2.
2938 5311 3029 5349 ί⁸³⁰
3074 5311 3458 5370 orthodorum
3508 5313 3605 5372 D1.

190 5364 288 5429 ίδίί
321 5364 520 5451 autem
552 5364 785 5451 4031'."
824 5364 930 5427 ἷδ³²
960 5364 1085 5464 regi
1362 5364 1461 5425 ἶῖίδ
1482 5364 1688 5448 ’ὶῖιίηηο
1721 5364 1960 5448 10.71."
1996 5364 2100 5422 v15"-
2119 5364 2385 5444 celebrat
2415 5364 2499 5442 9°.

1789 5512 2012 5573 NOTE.

262 4963 357 5001 ηδτ
393 4966 465 5023 de
505 4968 581 5022 9°.
681 4962 770 4998 ¹⁸⁰⁶
807 4963 1038 5022 clausas
1080 4969 1162 5020 10.
1210 4967 1294 5020 11.

268 5617 426 5695 (304)
458 5614 629 5675 Visct
656 5613 781 5675 sive
810 5614 1007 5672 Weset
