3962 6364
439 351 589 421 1007
1584 341 2066 405 EKKEHARDI
2111 338 2669 409 URAUGIENSIS
3662 353 3785 425 1003

429 519 750 595 majestatis
769 520 828 574 et
852 517 1079 572 hostem
1105 510 1188 568 rei
1211 509 1300 544 1’"
1325 503 1594 580 publicai,
1620 503 1835 561 ducatu
1857 504 2072 576 privat,
2104 520 2168 560 ac
2191 505 2522 576 generalem
2546 508 2975 580 expeditionem
3005 518 3209 570 contra
3243 513 3449 570 Letha-

435 615 697 685 ringiam,
722 610 964 676 accepto
983 618 1011 658 a
1041 599 1404 672 principibus
1432 601 1816 661 sacramento,
1850 607 1954 664 per
1983 597 2171 685 totum
2197 609 2436 666 regnum
2463 597 2666 654 indicit
2690 603 2746 653 et
2777 607 3065 671 preparat.
3092 601 3218 668 Quo
3239 601 3446 659 dehinc

431 704 838 780 superioribus
854 711 914 752 se
935 685 1302 765 partibusum
1315 685 1672 780 conferente,
1697 689 1860 780 pater
1879 697 1942 738 se
1963 684 2644 780 Coloniensibusreddit,
2667 687 3122 761 etmlepiscopo
3143 690 3312 762 pulso
3336 689 3444 757 ³⁸³⁸,

427 771 727 856 civitatem
751 789 931 859 ipsam
956 781 1123 836 vallis
1143 782 1200 833 et
1224 771 1678 846 propugnaculis
1700 771 1969 842 omnique
1995 774 2356 844 repugnandi
2381 773 2472 808 1'”
2491 789 2706 844 genere
2730 777 3140 847 permagniﬁce
3165 779 3444 848 munivit;

427 891 439 944 i
494 896 672 954 seque
693 891 821 935 cum
847 868 1197 928 ﬁdelissimis
1221 865 1340 921 suis
1366 861 1575 919 Leodio
1597 875 1660 917 se
1683 859 1934 916 contulit
1961 860 2056 932 [m.
2079 879 2093 928 ;
2119 860 2328 918 deinde
2357 863 2628 920 Lcodium
2655 879 2715 921 se
2737 879 2789 921 c.
2816 864 2938 936 E.].

496 982 680 1050 igitur
713 986 908 1030 mense
939 966 1108 1024 iunio
1142 962 1435 1050 (305)7jam
1464 962 1592 1050 flere
1624 957 1938 1050 mediante,
1975 972 2078 1050 res
2106 963 2162 1020 A
2263 960 2455 1016 Mense
2504 961 2711 1018 dehinc
2759 963 2928 1018 Junio
2963 964 3082 1019 fere
3113 965 3404 1022 mediante
3448 981 3573 1023 cum
3615 960 3782 1039 viginti

430 1044 736 1128 Heinricus
765 1076 896 1118 cum
928 1055 1192 1112 exercitu
1224 1049 1316 1085 “‘°
1345 1049 1606 1120 copioso,
1643 1045 1700 1101 id
1730 1049 1818 1101 est
1843 1049 1912 1101 20
1935 1044 2080 1100 mili-
2191 1047 2428 1103 milibus
2455 1055 2836 1119 pugnatorum
2856 1051 3150 1107 Coloniam
3173 1052 3542 1124 Agrippinam
3564 1056 3780 1123 obsedit;

429 1160 560 1224 bus,
595 1149 886 1210 Coloniam
923 1141 1294 1212 Agrippinam
1322 1135 1586 1198 obsedit;
1621 1133 1720 1189 sed
1745 1147 1874 1224 cum
1899 1137 2077 1202 esset,
2191 1137 2293 1224 sed
2327 1151 2456 1191 Clllll
2488 1143 2644 1193 esset
2666 1138 2780 1207 jam
2817 1139 2984 1196 vallis
3012 1147 3070 1195 et
3103 1143 3552 1212 propugnaculis
3579 1158 3639 1201 ac
3667 1145 3780 1201 mili-

429 1252 492 1301 ut
523 1221 744 1297 dictum
787 1239 900 1297 est,
953 1229 1196 1286 multum
1250 1239 1352 1296 per
1395 1237 1622 1279 omnem
1675 1221 1907 1276 modum
1959 1234 2082 1276 mu-
2189 1223 2349 1280 tibus
2379 1225 2638 1294 copiosis
2666 1227 3336 1301 omnique_repugnandi
3368 1243 3576 1299 genere
3603 1247 3781 1303 perma-

427 1332 548 1388 nita
591 1325 701 1395 ιω,
737 1329 768 1379 3
797 1325 897 1378 aut
939 1321 971 1373 4
1007 1316 1146 1374 inibi
1190 1313 1276 1346 ¹⁸έ²
1314 1307 1668 1367 ebdomadas
1714 1323 1884 1364 casso
1935 1321 2080 1395 pene
2188 1311 2398 1378 gniﬁce
2423 1313 2662 1381 munita,
2694 1320 2816 1370 tres
2835 1322 2936 1371 aut
2961 1321 3212 1386 quatuor
3236 1317 3586 1376 ebdomadas
3608 1319 3780 1377 ibidem

432 1420 634 1474 labore
657 1394 1045 1480 consumpsit,
1079 1408 1326 1472 excepto
1350 1399 1526 1470 quod,
1564 1401 1625 1454 ut
1648 1397 1771 1452 ﬁeri
1793 1395 1965 1464 solet,
1991 1394 2082 1463 ju-
2187 1413 2356 1455 casso
2375 1414 2520 1468 pene
2539 1399 2738 1456 labore
2755 1405 3135 1475 consumpsit,
3159 1411 3414 1476 excepto
3427 1408 3595 1476 quod,
3614 1412 3668 1465 ut
3684 1409 3778 1466 ﬁeri

430 1512 660 1572 ventus,
703 1505 906 1572 utpote
949 1508 1122 1550 morae
1165 1492 1253 1522 1⁸⁸³
1294 1487 1622 1560 impatiens,
1666 1497 2077 1572 nonnunruam
2190 1485 2364 1556 solet,
2400 1485 2696 1557 juventus,
2741 1493 2942 1561 utpote
2985 1505 3161 1549 morai
3200 1493 3526 1564 impatiens,
3567 1510 3780 1552 nonnun-

429 1609 536 1666 Pl‘o
559 1570 2077 1666 ῐηιίνίείέοηϐυῐίὍηε,10000νοᾱρὶίΐυξξι-ιθιιθιηιιτυηξ
2190 1589 2359 1644 quam
2399 1590 2503 1646 pro
2541 1578 2722 1632 muris
2773 1595 3154 1651 concurrens,
3209 1581 3349 1638 ludo
3397 1583 3610 1639 crudeli
3652 1584 3779 1656 fugat

433 1658 524 1715 '1'“
555 1678 646 1736 vel
679 1675 907 1733 sternit.
944 1671 1025 1725 lbi
1058 1670 1231 1723 etiam
1260 1663 1586 1719 Dietericus
1608 1658 1928 1726 “‘“comes,
1955 1658 2078 1728 regi
2188 1662 2536 1720 alterutrum
2560 1666 2652 1720 vel
2673 1666 2903 1722 sternit.
2939 1668 3021 1722 lbi
3046 1669 3221 1726 etiam
3252 1670 3573 1728 Dietericus
3600 1687 3776 1741 comes,

433 1767 834 1833 ﬁdelissimus,
902 1758 1237 1814 inﬁrmitate
1298 1765 1555 1822 pressus,
1613 1747 1906 1804 communi
1965 1748 2075 1802 ﬁne
2188 1750 2308 1820 regi
2339 1750 2727 1822 ﬁdelissimus,
2759 1754 3098 1812 inﬁrmitate
3123 1771 3382 1829 pressus,
3407 1760 3778 1816 communiline

427 1855 724 1926 migravit,
768 1852 858 1906 vir
901 1847 1098 1916 utique
1143 1840 1500 1897 nobilissima
1542 1840 1838 1926 Saxonum
1889 1836 2074 1926 stirpe
2187 1839 2477 1907 migravit,
2521 1841 2610 1896 vir
2653 1843 2852 1912 utique
2897 1844 3256 1902 nobilissima
3304 1847 3586 1904 Saxonum
3629 1849 3780 1919 stirpe

424 1923 790 2016 progenitus,
817 1942 874 1992 et
902 1941 1014 1990 tam
1038 1930 1358 1998 omnigcnae
1382 1924 1659 2016 religioni
1674 1923 2074 2016 quamcatho-
2183 1929 2550 2016 prOgenitus,
2573 1935 2636 2016 et
2661 1935 2772 1985 tam
2796 1933 3118 2002 omnigenis
3145 1933 3420 2004 religioni
3442 1949 3603 2006 quam
3623 1937 3780 1994 catho-

422 2010 560 2088 licae—
600 2023 922 2086 defensioni
974 2035 1086 2076 non
1135 2015 1509 2073 mediocriter
1553 2011 1805 2080 deditus,
1855 2010 2072 2066 litteris
2185 2011 2312 2069 licae
2361 2014 2682 2071 defensioni
2732 2032 2841 2073 non
2891 2019 3265 2077 mediocriter
3321 2020 3572 2092 deditus,
3627 2021 3781 2078 literis

430 2120 606 2176 etiam
644 2116 1002 2186 aliquamum
1035 2109 1379 2164 instructus,
2061 2185 2065 2186 ν
2181 2101 2357 2159 etiam
2381 2117 2492 2158 non
2517 2103 2750 2162 minime
2772 2106 3115 2165 instructus.

494 2209 723 2263 Interea
744 2185 871 2270 regi
888 2195 1160 2254 Heinrico
1181 2193 1366 2266 patris
1385 2191 1560 2260 legati
1585 2189 1654 2244 de
1675 2187 1886 2243 Leodio
1909 2185 2070 2242 missi

421 2298 856 2369 presentantur,
911 2287 1145 2342 litteras
1174 2288 1293 2338 tam
1327 2281 1438 2337 sibi
1471 2293 1642 2351 quam
1677 2276 2038 2369 principibus
2077 2278 2256 2369 regni
2289 2280 2652 2369 deterentes,
2707 2298 2947 2354 quarum
2999 2287 3298 2360 exemplar
3348 2289 3438 2345 hic

419 2365 604 2442 inseri
636 2381 726 2416 ¹⁸⁴⁶
756 2394 866 2436 non
903 2373 1223 2432 absurdum
1265 2369 1556 2438 duximus,
1590 2369 1665 2425 ob
1697 2365 2185 2437 comprobandum
2219 2366 2307 2400 “‘7
2342 2368 2564 2425 scilicet
2605 2372 2864 2442 ejusdem
2898 2374 3003 2430 viri
3038 2374 3439 2433 multimodam

419 2467 991 2542 tergiversationem,
1038 2476 1149 2532 qua
1181 2474 1242 2516 se
1273 2462 1400 2514 toto
1433 2457 1568 2512 vitae
1600 2469 1719 2512 sua}
1753 2461 2014 2525 tempore
2044 2455 2272 2510 cunctis
2311 2456 2422 2512 sibi
2466 2458 2876 2518 resistentibus
2907 2462 3041 2518 ﬁcta
3073 2463 3440 2534 subiectione

416 2566 668 2617 eatenus
703 2555 938 2612 fecisset
971 2548 1334 2622 superiorem
1361 2565 1372 2599 :

489 2647 838 2713 Heinricus,
869 2643 982 2698 Dei
1003 2637 1217 2710 gratia
1246 2638 1646 2692 [tertianorum
1674 2631 1991 2702 imperator
2010 2631 2322 2701 angustus,
2348 2635 2652 2704 episcopis,
2678 2635 2936 2706 ducibus,
2962 2639 3434 2713 marchionibus,

417 2734 752 2804 comitibus,
785 2730 1130 2799 caterisque
1156 2725 1329 2795 regni
1352 2719 1731 2794 principibus
1761 2719 2032 2790 gratiam
2063 2721 2119 2774 et
2148 2719 2538 2790 dilectionem,
2572 2722 2965 2792 dignantibus
2993 2741 3123 2784 eam
3152 2731 3434 2802 recipere.

420 2823 856 2897 conquerimur
873 2821 994 2877 Deo
1015 2813 1420 2885 omnipotenti,
1449 2809 1508 2866 et
1527 2807 2013 2897 domindsanctee
2031 2806 2270 2897 altaria,
2295 2809 2354 2862 et
2371 2808 2536 2865 leato
2559 2811 2738 2867 Petro
2744 2815 3018 2886 principi
3039 2817 3441 2888 apostolorum

409 2894 670 2986 patrono
699 2909 919 2974 nostro,
944 2907 1000 2962 et
1017 2903 1178 2960 nobis
1202 2897 1578 2972 principibus
1607 2894 1894 2986 omnibus,
1928 2894 2087 2986 quod
2113 2895 2340 2986 injuste
2359 2898 2418 2952 et
2435 2897 2757 2956 inhumane
2777 2901 2836 2956 et
2852 2904 3194 2975 crudeliter,
3225 2906 3440 2979 conﬁsi

408 2983 480 3062 ξπ
499 3001 618 3058 illa
643 2999 764 3070 ﬁde
789 2997 858 3052 de
880 2993 970 3026 “‘3
993 3007 1113 3064 qua
1144 2988 1420 3046 dubitare
1446 2999 1563 3041 non
1593 2983 2002 3051 debueramus,
2033 2984 2283 3040 tractati
2309 2998 2536 3056 sumus,
2570 2987 2629 3042 et
2657 2989 2778 3044 tam
2809 2988 3026 3048 honore
3051 2995 3228 3063 regni
3255 3007 3444 3064 quam

411 3088 648 3162 prediis
669 3087 727 3144 et
745 3081 1014 3141 omnibus
1033 3093 1165 3150 quis
1186 3074 1545 3132 habebamus
1565 3072 1772 3128 contra
1795 3071 2063 3162 diuinum
2085 3073 2142 3127 et
2159 3072 2486 3130 humanum
2493 3075 2601 3146 jus
2621 3080 2702 3134 ad
2723 3079 3052 3150 infamiam
3074 3081 3138 3136 et
3151 3081 3441 3154 impr-ape-

409 3157 580 3233 rtum
605 3175 778 3244 regni
800 3174 891 3228 ita
913 3165 1236 3238 exspoliati
1264 3175 1486 3231 sumus,
1512 3162 1582 3216 ut
1596 3161 1792 3217 nichil
1811 3157 1901 3190 1°"
1907 3161 2154 3230 penitus
2174 3162 2376 3232 preter
2402 3162 2592 3219 solam
2611 3166 2800 3221 citam
2827 3165 2997 3224 nobis
3024 3167 3302 3227 relictum
3331 3171 3436 3228 sit.

423 3264 534 3322 Ubi
565 3277 696 3320 cum
709 3261 910 3334 ferme
937 3267 1132 3312 omnes
1162 3251 1387 3318 essetis,
1419 3264 1642 3321 magna
1668 3263 1814 3320 pars
1843 3249 2029 3306 vestri
2057 3251 2189 3306 eisa
2218 3251 2309 3306 est
2337 3251 2534 3308 dolere
2554 3253 2611 3308 et
2633 3253 2911 3324 tristari;
2937 3257 3043 3313 sed
3048 3257 3208 3329 proh
3231 3258 3439 3318 dolor!

415 3350 618 3410 nichil
639 3349 807 3406 nobis
833 3345 1036 3402 uestra
1063 3340 1317 3398 contulit
1347 3340 1631 3406 tristicia,
1656 3338 1807 3407 quin
1825 3337 1896 3393 de
1913 3335 2080 3394 nobis
2101 3337 2220 3395 sibi
2239 3340 2625 3410 satisfaceret
2645 3343 2916 3399 voluntas
2938 3345 3316 3404 inimicorum
3337 3363 3438 3406 no-

416 3442 679 3497 strorum
707 3436 930 3492 odiosa.
965 3431 1049 3488 Et
1074 3431 1241 3502 quia,
1275 3443 1406 3485 cum
1432 3427 1679 3484 consilio
1709 3431 1762 3480 el
1788 3425 2006 3496 rogatu
2027 3427 2150 3495 ﬁlii
2183 3427 2375 3484 nostri
2408 3429 2599 3491 ﬁdeet
2615 3431 2936 3488 securitate
2953 3433 3091 3490 vita
3109 3435 3170 3490 et
3187 3435 3435 3496 honoris

415 3525 610 3584 nostri
633 3522 727 3557 ι⁸⁵⁰
747 3521 822 3580 ab
844 3535 906 3578 eo
915 3520 1180 3592 primum
1200 3515 1855 3587 accepta,jlducialiter
1877 3514 1935 3569 et
1954 3513 2362 3570 desideranter
2391 3515 2757 3586 Mogontiam
2777 3521 2842 3575 in
2849 3523 3224 3590 presentiam
3245 3524 3439 3597 legati

409 3614 665 3672 Romani
683 3613 744 3669 et
743 3609 1094 3682 principum
1117 3606 1508 3674 tenderemus,
1529 3608 1593 3660 ut
1611 3616 1808 3658 eorum
1829 3603 2215 3674 dispositam
2235 3617 2545 3672 ageremus
2566 3605 2690 3662 tam
2705 3607 2775 3662 de
2789 3607 2956 3666 statu
2973 3609 3248 3669 ecclesiis
3263 3613 3323 3668 et
3341 3613 3438 3670 ho-

403 3716 548 3759 nore
577 3699 770 3772 regni,
803 3711 985 3770 quam
1005 3697 1076 3752 de
1095 3695 1294 3752 salute
1322 3695 1538 3750 animle
1569 3691 1802 3760 nostris,
1837 3692 1964 3761 ipse
1983 3704 2099 3746 non
2120 3691 2211 3746 est
2227 3691 2455 3748 serit-us
2474 3691 2542 3747 in
2565 3693 2678 3750 hac
2697 3696 3003 3754 voluntate
3023 3697 3083 3754 et
3097 3698 3438 3760 obedientia

405 3804 512 3849 nos
533 3790 739 3848 contra
759 3787 967 3844 datam
974 3783 1163 3856 fidem
1183 3795 1391 3854 capere
1407 3781 1465 3836 et
1478 3792 1666 3850 usque
1685 3779 1766 3836 ad
1781 3778 2110 3836 articulum
2129 3778 2342 3836 mortis
2345 3779 2546 3850 ferme
2564 3781 2776 3838 ducere
2798 3781 2887 3814 1"“
2909 3803 2920 3838 :
2939 3800 3055 3842 non
3071 3789 3211 3845 ausi
3224 3802 3434 3848 sumus

399 3878 494 3936 ita
511 3891 617 3935 nos
633 3876 736 3934 illi
753 3873 1008 3942 credere,
1029 3873 1100 3928 ut
1113 3870 1369 3942 injm'iis
1387 3869 1446 3926 et
1456 3867 1832 3926 contumeliis
1848 3879 1954 3924 nos
1968 3881 2076 3938 pro
2095 3879 2160 3921 co
2169 3867 2398 3922 luntate
2411 3880 2542 3936 sua,
2563 3869 2725 3926 sicut
2722 3871 3134 3941 prius,caleat
3145 3876 3428 3935 tractare.

410 3964 783 4036 Quapropter
811 3962 1065 4018 multum
1091 3971 1375 4031 rogamus
1393 3969 1492 4014 cos
1515 3957 1574 4012 et
1589 3954 1802 4012 obnixe
1809 3968 2150 4026 precamur,
2173 3953 2243 4010 ut
2248 3969 2365 4026 pro
2388 3953 2596 4012 timore
2616 3958 2732 4015 Dei
2751 3957 2808 4014 et
2825 3957 3042 4018 honore
3062 3965 3238 4035 regni
3256 3966 3322 4022 et
3335 3966 3435 4024 ho-

404 4053 636 4111 nestate
655 4053 857 4110 vestra
878 4049 1211 4120 dignemini
1236 4046 1496 4115 studere,
1525 4044 1805 4115 quomodo
1827 4044 1898 4100 de
1917 4043 2156 4116 injuria
2177 4044 2246 4100 in
2263 4043 2540 4102 manibus
2559 4046 2774 4104 vestris
2794 4047 2963 4106 nobis
2990 4051 3177 4109 illata
3191 4068 3308 4124 per
3333 4069 3435 4113 eos

403 4143 708 4214 possimus
736 4151 1090 4210 recuperare
1107 4135 1455 4208 justiciam.
1494 4135 1617 4192 Nos
1642 4147 1876 4204 quoque
1888 4146 2004 4204 pro
2032 4131 2280 4190 consilio
2309 4133 2504 4191 oestro
2525 4134 2586 4191 et
2600 4135 2862 4194 aliorum
2884 4139 2996 4209 qui
3021 4152 3126 4197 nos
3151 4141 3287 4199 odio
3316 4157 3436 4201 non

407 4228 634 4288 habent
649 4229 1187 4298 religiosorumque
1213 4222 1302 4256 1⁸⁵³
1327 4224 1592 4280 rirorum
1613 4221 1827 4294 parati
1853 4235 2076 4293 sumus,
2103 4221 2228 4279 tam
2243 4222 2374 4293 filio
2395 4223 2613 4294 nostra,
2638 4225 2696 4283 si
2716 4225 2782 4282 in
2802 4225 3012 4298 aliquo
3031 4241 3164 4286 eum
3182 4229 3436 4302 ofendi—

402 4331 559 4386 mus,
582 4330 768 4388 quam
789 4315 982 4372 alicui
1002 4315 1069 4371 in
1087 4326 1266 4384 regno
1295 4310 1544 4369 libenter
1561 4311 1892 4368 emendare.
1925 4309 2228 4380 Preterea,
2251 4311 2408 4368 sicut
2427 4311 2635 4369 domno
2644 4327 2821 4384 papae
2839 4315 2907 4372 in
2921 4317 3230 4386 presentia
3247 4317 3434 4390 legati

407 4403 508 4464 sui
525 4405 583 4461 et
594 4405 798 4462 vestra
813 4401 1049 4460 obedire
1051 4415 1214 4473 para
1221 4401 1267 4458 ti
1271 4401 1538 4472 fuimus,
1559 4399 1650 4456 ita
1666 4400 1726 4456 et
1737 4412 1895 4456 nunc
1906 4399 2121 4472 parati
2133 4412 2357 4470 sumus,
2379 4399 2435 4456 ei
2449 4413 2676 4458 omnem
2689 4400 2950 4460 debitam
2961 4406 3364 4466 reverentiam
3378 4407 3438 4466 et

401 4493 800 4552 obedientiam
811 4493 1040 4550 sincero
1055 4490 1227 4548 corde
1237 4490 1298 4546 et
1310 4488 2378 4560 deeotionepresentialiterexhibere,
2395 4489 2586 4546 ettam
2597 4491 2846 4548 consilio
2856 4493 3050 4551 oestro
3059 4498 3433 4570 quamspiri—

404 4583 466 4638 ta
475 4582 551 4639 lis
551 4595 641 4652 pa
648 4582 762 4638 tris
775 4579 866 4613 1⁸⁸³
877 4579 1069 4636 nostri
1083 4579 1356 4648 Hugonis
1371 4577 1778 4636 Ulcuiacensis
1791 4575 1881 4609 1'“
1894 4575 2132 4634 abbatis
2143 4575 2520 4650 aliorumque
2531 4577 3054 4652 “"religiosorum
3065 4586 3434 4656 oirorum,de

401 4669 568 4726 statu
581 4669 858 4728 ecclesiae
870 4669 928 4725 et
936 4667 1153 4724 honore
1165 4665 1360 4736 regni,
1377 4665 1672 4736 quantum
1683 4666 1750 4722 in
1761 4663 1928 4724 nobis
1938 4667 2045 4736 est,
2061 4665 2388 4737 disponere.
2409 4666 2560 4725 Cum
2571 4667 2760 4740 igitur
2773 4669 2856 4728 ad
2865 4669 2989 4728 hac
3003 4674 3206 4730 omnia
3216 4674 3430 4745 parati

399 4759 589 4818 simus
603 4756 712 4827 1⁸⁸⁸,
727 4770 1008 4829 rogamus
1020 4769 1120 4812 cos
1134 4753 1221 4788 1""
1236 4755 1294 4810 et
1304 4752 1394 4786 ¹⁸⁶⁸
1405 4753 1620 4810 obnia'e
1635 4768 1970 4825 precamur,
1986 4755 2280 4826 quatinus
2296 4771 2404 4828 pro
2416 4758 2536 4814 Deo
2549 4756 2832 4816 ethonore
2844 4761 3019 4830 regni
3032 4761 3289 4820 eteestro
3307 4763 3430 4821 ins-

399 4845 600 4906 tanter
615 4847 905 4904 moneatis
925 4847 1126 4913 ﬁlium
1143 4844 1431 4914 nostrum,
1447 4858 1578 4902 cum
1593 4843 1910 4902 secundum
1923 4844 2236 4918 prefatam
2251 4845 2609 4904 sententiam
2629 4845 2800 4906 nulla
2811 4849 2868 4906 ei
2881 4846 2973 4883 ⁸⁸⁵⁵
2984 4849 3301 4910 advers-nm
3315 4864 3423 4909 nos

1763 4995 2001 5052 VARUE
2033 4996 2434 5056 LECTIONES.

467 5095 561 5131 ¹⁸⁸⁸
608 5095 730 5154 ι·θεὶ
779 5100 865 5154 1ο.
963 5093 1056 5130 ³⁸³⁸
1101 5110 1156 5154 n.
1209 5108 1273 5152 se
1321 5099 1373 5151 7.
1427 5099 1502 5150 9°.
1601 5093 1691 5128 ¹⁸³⁷
1739 5099 1804 5152 ιιι
1853 5097 1902 5151 4.
2001 5093 2092 5129 1³³⁸
2139 5095 2383 5154 depulso
2429 5100 2481 5152 6.
2580 5095 2670 5132 ι⁸³⁹
2717 5114 2772 5154 a.
2826 5115 2872 5154 r.
2927 5101 2977 5154 ι.
3075 5061 3168 5135 ίθλο
3197 5113 3250 5154 c-
3285 5114 3474 5154 suos.
3510 5100 3616 5154 4.1:

396 5098 561 5202 "‘1'"
608 5098 730 5167 regi
779 5100 865 5154 1ο.
963 5098 1056 5130 1⁸³⁸
1101 5110 1156 5168 p.
1209 5108 1273 5152 se
1321 5099 1373 5151 7.
1427 5099 1536 5176 90..
1601 5098 1691 5128 ι⁸³⁷
1739 5099 1804 5152 ιιι
1853 5098 1902 5151 4.
2001 5098 2092 5129 ³³⁸
2139 5098 2383 5202 depulso
2429 5100 2481 5152 6.
2580 5098 2670 5132 ιω
2717 5114 2772 5171 g.
2826 5115 2872 5157 r.
2927 5101 2977 5158 ι.
3075 5098 3168 5135 ¹⁸⁴⁰
3197 5113 3250 5160 e.
3285 5114 3474 5160 suos.
3510 5098 3742 5178 4.10..11

518 5167 680 5226 deest
712 5170 764 5224 ι.
809 5171 861 5223 5.
902 5171 954 5224 6.
1001 5170 1086 5225 10.
1131 5170 1217 5222 11.
1314 5163 1406 5199 ιω
1433 5180 1486 5222 e.
1521 5181 1558 5220 ι.
1595 5169 1646 5222 4.
1743 5164 1833 5199 ³⁸⁸³
1861 5167 2026 5226 deest
2052 5171 2102 5225 4.
2201 5168 2221 5201 ι
2247 5169 2291 5202 “
2322 5169 2578 5227 alterum
2605 5175 2655 5226 5.
2689 5184 2842 5229 corr.
2876 5173 3228 5231 alterutrum
3259 5180 3310 5231 7.
3409 5171 3498 5207 ““
3527 5149 3772 5230 mancus

397 5187 488 5202 π’·
518 5187 680 5226 asset
712 5187 764 5224 ι.
809 5187 861 5223 ο.
902 5187 954 5224 o.
1001 5187 1086 5225 ω.
1131 5187 1217 5222 u.
1314 5187 1406 5199 ινν-
1433 5187 1486 5222 e.
1521 5187 1558 5220 ι.
1595 5187 1646 5222 a.
1743 5187 1833 5199 -υν-
1861 5187 2025 5226 ασσει
2052 5187 2102 5225 ι.
2201 5187 2291 5202 ια’*
2322 5187 2578 5227 alterum
2605 5187 2655 5226 ο.
2689 5187 2842 5229 corr.
2876 5187 3228 5232 alterutrum
3259 5187 3310 5231 7.
3409 5187 3498 5207 π’·
3527 5187 3745 5230 manu

396 5239 580 5320 ξηρῇ.
633 5237 1080 5320 tietdericusn'z:
1125 5311 1138 5320 _
1185 5235 1276 5320 1f“
1327 5236 1530 5320 inferri
1579 5241 1694 5320 At.“
1729 5236 1829 5320 “‘1
1865 5239 2364 5320 probandam__lO:
2421 5245 2530 5320 tt._
2579 5239 2704 5320 .³⁸⁸³
2753 5243 2810 5299 in
2861 5247 2947 5320 to.
2981 5243 3280 5320 711.____“‘°
3327 5245 3412 5320 nil
3456 5245 3510 5302 Δ.
3553 5240 3745 5320 ξερὶᾳι

397 5306 490 5390 ¹³ξ⁰
521 5307 684 5390 deest
710 5313 792 5366 10.
825 5314 913 5367 11.
987 5307 1079 5343 ⁸⁸⁵⁸
1106 5308 1397 5390 deducere
1425 5308 1524 5366 ΕΩ.
1602 5306 2063 5394 ³³⁸³⁸,ι-θιὶεἶοιιιιω
2113 5325 2182 5369 ue
2209 5313 2304 5368 Et.
2336 5316 2388 5368 2.
2425 5312 2840 5383 religiosorum
2871 5318 3016 5373 4-11.
3096 5315 3188 5351 ³⁸⁸³
3215 5331 3270 5374 n.
3297 5331 3354 5388 p.
3382 5317 3479 5374 91.
3553 5306 3644 5348 ¹⁸⁶⁶
3659 5308 3764 5369 σιτ·

398 5391 689 5415 nlonnnala
721 5383 790 5415 4n
842 5383 899 5415 4]
1015 5378 1108 5415 18⁸8
1138 5383 1380 5415 nhnnnm
1415 5384 1483 5415 4n
1539 5396 1603 5415 nn
1637 5379 1881 5415 alin-ann:
1915 5386 1974 5415 l4
2070 5326 2184 5415 (18"
2211 5398 2408 5415 amna
2437 5389 2469 5415 '1
2521 5387 2580 5415 nn
2679 5383 2770 5415 18η
2805 5386 2965 5415 14“}
2987 5393 3020 5415 η
3120 5386 3212 5415 ιω
3245 5391 3294 5415 ,ιιι
3334 5401 3366 5415 Α
3421 5403 3455 5415 ιι
3510 5385 3700 5415 ΑΜ,
3725 5379 3764 5415 ι.

398 5378 691 5506 pgecgglslias
714 5383 927 5509 genu“.
970 5378 1382 5512 θῖῗέιδὲὶοινιιω
1415 5384 1504 5437 10.
1537 5396 1606 5439 ac
1636 5378 1884 5438 aliorum
1915 5386 1999 5438 11.
2087 5378 2184 5416 im
2210 5398 2410 5442 smus
2437 5389 2490 5441 7.
2521 5378 2598 5442 ξε.
2679 5383 2965 5448 “"dnest
2987 5393 3040 5446 7.
3120 5386 3212 5424 ³⁸⁸⁸
3242 5378 3313 5444 et'
3333 5401 3388 5446 ο.
3420 5403 3476 5462 p.
3506 5385 3700 5446 deum
3723 5379 3766 5434 ι’

466 5637 613 5713 (305)
648 5639 790 5702 Ann.
827 5642 1084 5707 Hildesh.
1127 5647 1181 5707 h.
1215 5661 1268 5713 a.
1305 5667 1318 5708 :
1339 5647 1902 5727 post/estivitatem
1931 5540 2402 5716 P235Pauli
2439 5653 2518 5730 (d.
2551 5655 2642 5716 29.
2675 5656 2874 5734 Junii).
