  <div class='ocr_page' id='page_1' title='image "/cluster/home/n/w/nwhite01/storage/ocr_20150623/154/uva.x000829797/516.png"; bbox 0 0 3962 6330; ppageno 0'>
   <div class='ocr_carea' id='block_1_1' title="bbox 75 388 1639 466">
    <p class='ocr_par' dir='ltr' id='par_1_1' title="bbox 75 389 1639 466">
     <span class='ocr_line' id='line_1_1' title="bbox 75 389 1639 466; baseline -0.004 -2"><span class='ocrx_word' id='word_1_1' title='bbox 75 396 223 466; x_wconf 75' lang='grc'>1021</span> <span class='ocrx_word' id='word_1_2' title='bbox 946 389 1385 459; x_wconf 76' lang='lat' dir='ltr'><strong>CHRONICA.</strong></span> <span class='ocrx_word' id='word_1_3' title='bbox 1433 425 1499 437; x_wconf 88' lang='lat'><strong>—-</strong></span> <span class='ocrx_word' id='word_1_4' title='bbox 1533 389 1639 457; x_wconf 83' lang='lat' dir='ltr'><strong>CH</strong></span> 
     </span>
    </p>
   </div>
   <div class='ocr_carea' id='block_1_2' title="bbox 1924 388 3488 466">
    <p class='ocr_par' dir='ltr' id='par_1_2' title="bbox 1924 388 3488 462">
     <span class='ocr_line' id='line_1_2' title="bbox 1924 388 3488 462; baseline 0.003 -5"><span class='ocrx_word' id='word_1_5' title='bbox 1924 391 2009 457; x_wconf 77' lang='lat' dir='ltr'>)N</span> <span class='ocrx_word' id='word_1_6' title='bbox 2053 388 2604 460; x_wconf 72' lang='lat' dir='ltr'><strong>UNIVERSALE.</strong></span> <span class='ocrx_word' id='word_1_7' title='bbox 3335 389 3488 462; x_wconf 73' lang='grc'>1022</span> 
     </span>
    </p>
   </div>
   <div class='ocr_carea' id='block_1_3' title="bbox 75 527 3487 609">
    <p class='ocr_par' dir='ltr' id='par_1_3' title="bbox 75 527 3487 609">
     <span class='ocr_line' id='line_1_3' title="bbox 75 527 3487 609; baseline -0 -15"><span class='ocrx_word' id='word_1_8' title='bbox 75 550 186 609; x_wconf 90' lang='lat' dir='ltr'><strong>que</strong></span> <span class='ocrx_word' id='word_1_9' title='bbox 218 527 573 608; x_wconf 77' lang='lat' dir='ltr'><strong>perveniens</strong></span> <span class='ocrx_word' id='word_1_10' title='bbox 606 528 980 608; x_wconf 55' lang='lat' dir='ltr'><strong>(Oct-Noe),</strong></span> <span class='ocrx_word' id='word_1_11' title='bbox 1015 528 1344 590; x_wconf 85' lang='lat' dir='ltr'><strong>Mathildem</strong></span> <span class='ocrx_word' id='word_1_12' title='bbox 1368 528 1460 567; x_wconf 70' lang='lat'><strong>’°“</strong></span> <span class='ocrx_word' id='word_1_13' title='bbox 1481 531 1835 593; x_wconf 87' lang='lat' dir='ltr'><strong>comitissam</strong></span> <span class='ocrx_word' id='word_1_14' title='bbox 1859 531 1971 607; x_wconf 71' lang='lat'><strong>&#39;0“,</strong></span> <span class='ocrx_word' id='word_1_15' title='bbox 1999 547 2102 608; x_wconf 90' lang='lat' dir='ltr'><strong>per</strong></span> <span class='ocrx_word' id='word_1_16' title='bbox 2132 533 2531 593; x_wconf 87' lang='lat' dir='ltr'><strong>internuncios</strong></span> <span class='ocrx_word' id='word_1_17' title='bbox 2554 530 2661 591; x_wconf 88' lang='lat' dir='ltr'><strong>sibi</strong></span> <span class='ocrx_word' id='word_1_18' title='bbox 2688 528 3010 605; x_wconf 87' lang='lat' dir='ltr'><strong>subjectam</strong></span> <span class='ocrx_word' id='word_1_19' title='bbox 3029 528 3143 607; x_wconf 61' lang='lat'><strong>“3°,</strong></span> <span class='ocrx_word' id='word_1_20' title='bbox 3167 530 3353 605; x_wconf 84' lang='lat' dir='ltr'><strong>gratia</strong></span> <span class='ocrx_word' id='word_1_21' title='bbox 3380 547 3487 593; x_wconf 88' lang='lat' dir='ltr'><strong>sua</strong></span> 
     </span>
    </p>
   </div>
   <div class='ocr_carea' id='block_1_4' title="bbox 76 624 3487 700">
    <p class='ocr_par' dir='ltr' id='par_1_4' title="bbox 76 624 3487 700">
     <span class='ocr_line' id='line_1_4' title="bbox 76 624 3487 700; baseline 0 -19"><span class='ocrx_word' id='word_1_22' title='bbox 76 626 458 700; x_wconf 82' lang='lat' dir='ltr'><strong>propriisque</strong></span> <span class='ocrx_word' id='word_1_23' title='bbox 486 624 860 695; x_wconf 70' lang='lat' dir='ltr'><strong>&quot;&quot;justiciis</strong></span> <span class='ocrx_word' id='word_1_24' title='bbox 890 624 1145 680; x_wconf 90' lang='lat' dir='ltr'><strong>donavit.</strong></span> <span class='ocrx_word' id='word_1_25' title='bbox 1179 627 1319 682; x_wconf 87' lang='lat' dir='ltr'><strong>Post</strong></span> <span class='ocrx_word' id='word_1_26' title='bbox 1350 625 1470 682; x_wconf 57' lang='lat' dir='ltr'><strong>haec</strong></span> <span class='ocrx_word' id='word_1_27' title='bbox 1500 625 1593 660; x_wconf 80' lang='grc'><strong>²⁰⁵⁸</strong></span> <span class='ocrx_word' id='word_1_28' title='bbox 1625 628 1940 699; x_wconf 89' lang='lat' dir='ltr'><strong>asperrima</strong></span> <span class='ocrx_word' id='word_1_29' title='bbox 1993 629 2161 686; x_wconf 80' lang='lat' dir='ltr'><strong>nimis</strong></span> <span class='ocrx_word' id='word_1_30' title='bbox 2209 628 2455 685; x_wconf 81' lang='lat' dir='ltr'><strong>amictus</strong></span> <span class='ocrx_word' id='word_1_31' title='bbox 2503 628 2689 683; x_wconf 87' lang='lat' dir='ltr'><strong>hieme</strong></span> <span class='ocrx_word' id='word_1_32' title='bbox 2740 625 2945 699; x_wconf 63' lang='lat' dir='ltr'><strong>(Dea),</strong></span> <span class='ocrx_word' id='word_1_33' title='bbox 2998 630 3366 699; x_wconf 77' lang='lat' dir='ltr'><strong>montemque</strong></span> <span class='ocrx_word' id='word_1_34' title='bbox 3393 625 3487 662; x_wconf 79' lang='grc'>²⁰⁵⁹</span> 
     </span>
    </p>
   </div>
   <div class='ocr_carea' id='block_1_5' title="bbox 72 714 3490 792">
    <p class='ocr_par' dir='ltr' id='par_1_5' title="bbox 72 714 3490 792">
     <span class='ocr_line' id='line_1_5' title="bbox 72 714 3490 792; baseline -0 -19"><span class='ocrx_word' id='word_1_35' title='bbox 72 716 370 773; x_wconf 88' lang='lat' dir='ltr'><strong>Pardouis</strong></span> <span class='ocrx_word' id='word_1_36' title='bbox 399 715 548 788; x_wconf 87' lang='lat'><strong>(322)</strong></span> <span class='ocrx_word' id='word_1_37' title='bbox 579 731 709 772; x_wconf 90' lang='lat' dir='ltr'><strong>cum</strong></span> <span class='ocrx_word' id='word_1_38' title='bbox 744 715 990 771; x_wconf 77' lang='lat' dir='ltr'><strong>maximo</strong></span> <span class='ocrx_word' id='word_1_39' title='bbox 1029 715 1327 771; x_wconf 80' lang='lat' dir='ltr'><strong>exercitus</strong></span> <span class='ocrx_word' id='word_1_40' title='bbox 1367 715 1693 787; x_wconf 89' lang='lat' dir='ltr'><strong>dispendio,</strong></span> <span class='ocrx_word' id='word_1_41' title='bbox 1730 732 1923 774; x_wconf 88' lang='lat' dir='ltr'><strong>rerum</strong></span> <span class='ocrx_word' id='word_1_42' title='bbox 1956 724 2013 774; x_wconf 90' lang='lat' dir='ltr'><strong>et</strong></span> <span class='ocrx_word' id='word_1_43' title='bbox 2048 735 2329 792; x_wconf 87' lang='lat' dir='ltr'><strong>equorum</strong></span> <span class='ocrx_word' id='word_1_44' title='bbox 2364 718 2680 774; x_wconf 83' lang='lat' dir='ltr'><strong>miserabili</strong></span> <span class='ocrx_word' id='word_1_45' title='bbox 2716 718 2947 773; x_wconf 83' lang='lat' dir='ltr'><strong>defectu</strong></span> <span class='ocrx_word' id='word_1_46' title='bbox 2981 714 3366 782; x_wconf 81' lang='lat' dir='ltr'><strong>transcendit,</strong></span> <span class='ocrx_word' id='word_1_47' title='bbox 3405 714 3490 772; x_wconf 88' lang='lat' dir='ltr'><strong>in-</strong></span> 
     </span>
    </p>
   </div>
   <div class='ocr_carea' id='block_1_6' title="bbox 74 804 3485 880">
    <p class='ocr_par' dir='ltr' id='par_1_6' title="bbox 74 804 3485 880">
     <span class='ocr_line' id='line_1_6' title="bbox 74 804 3485 880; baseline -0.001 -16"><span class='ocrx_word' id='word_1_48' title='bbox 74 812 388 864; x_wconf 89' lang='lat' dir='ltr'><strong>cessanter</strong></span> <span class='ocrx_word' id='word_1_49' title='bbox 420 804 769 863; x_wconf 79' lang='lat' dir='ltr'><strong>cadentibus</strong></span> <span class='ocrx_word' id='word_1_50' title='bbox 802 820 978 877; x_wconf 87' lang='lat' dir='ltr'><strong>super</strong></span> <span class='ocrx_word' id='word_1_51' title='bbox 1011 819 1074 861; x_wconf 85' lang='lat' dir='ltr'><strong>se</strong></span> <span class='ocrx_word' id='word_1_52' title='bbox 1105 805 1267 876; x_wconf 83' lang='lat' dir='ltr'><strong>juxta</strong></span> <span class='ocrx_word' id='word_1_53' title='bbox 1304 806 1640 875; x_wconf 88' lang='lat' dir='ltr'><strong>qualitatem</strong></span> <span class='ocrx_word' id='word_1_54' title='bbox 1678 806 1836 863; x_wconf 91' lang='lat' dir='ltr'><strong>illius</strong></span> <span class='ocrx_word' id='word_1_55' title='bbox 1869 808 2121 864; x_wconf 87' lang='lat' dir='ltr'><strong>climatis</strong></span> <span class='ocrx_word' id='word_1_56' title='bbox 2154 810 2447 865; x_wconf 80' lang='lat' dir='ltr'><strong>immensis</strong></span> <span class='ocrx_word' id='word_1_57' title='bbox 2480 809 2723 880; x_wconf 89' lang='lat' dir='ltr'><strong>pluviis;</strong></span> <span class='ocrx_word' id='word_1_58' title='bbox 2759 808 2977 880; x_wconf 89' lang='lat' dir='ltr'><strong>hasque</strong></span> <span class='ocrx_word' id='word_1_59' title='bbox 3006 805 3101 839; x_wconf 79' lang='grc'><strong>²⁰⁶⁰</strong></span> <span class='ocrx_word' id='word_1_60' title='bbox 3128 820 3231 878; x_wconf 93' lang='lat' dir='ltr'><strong>per</strong></span> <span class='ocrx_word' id='word_1_61' title='bbox 3260 810 3485 880; x_wconf 87' lang='lat' dir='ltr'><strong>septem</strong></span> 
     </span>
    </p>
   </div>
   <div class='ocr_carea' id='block_1_7' title="bbox 75 893 3338 969">
    <p class='ocr_par' dir='ltr' id='par_1_7' title="bbox 75 893 3338 969">
     <span class='ocr_line' id='line_1_7' title="bbox 75 893 3338 969; baseline -0.001 -16"><span class='ocrx_word' id='word_1_62' title='bbox 75 897 441 969; x_wconf 86' lang='lat' dir='ltr'><strong>septimanas</strong></span> <span class='ocrx_word' id='word_1_63' title='bbox 469 895 649 967; x_wconf 87' lang='lat' dir='ltr'><strong>passi,</strong></span> <span class='ocrx_word' id='word_1_64' title='bbox 687 895 919 951; x_wconf 86' lang='lat' dir='ltr'><strong>tandem</strong></span> <span class='ocrx_word' id='word_1_65' title='bbox 951 893 1300 951; x_wconf 86' lang='lat' dir='ltr'><strong>Florentiam</strong></span> <span class='ocrx_word' id='word_1_66' title='bbox 1330 894 1422 927; x_wconf 70' lang='lat'><strong>’0“</strong></span> <span class='ocrx_word' id='word_1_67' title='bbox 1455 896 1625 952; x_wconf 88' lang='lat' dir='ltr'><strong>nimis</strong></span> <span class='ocrx_word' id='word_1_68' title='bbox 1655 896 1849 953; x_wconf 85' lang='lat' dir='ltr'><strong>alllicti</strong></span> <span class='ocrx_word' id='word_1_69' title='bbox 1882 898 2237 969; x_wconf 82' lang='lat' dir='ltr'><strong>pertingunt,</strong></span> <span class='ocrx_word' id='word_1_70' title='bbox 2274 900 2524 956; x_wconf 79' lang='lat' dir='ltr'><strong>instante</strong></span> <span class='ocrx_word' id='word_1_71' title='bbox 2556 898 2704 953; x_wconf 91' lang='lat' dir='ltr'><strong>festo</strong></span> <span class='ocrx_word' id='word_1_72' title='bbox 2736 897 3061 955; x_wconf 86' lang='lat' dir='ltr'><strong>nativitatis</strong></span> <span class='ocrx_word' id='word_1_73' title='bbox 3095 896 3338 952; x_wconf 89' lang='lat' dir='ltr'><strong>Domini.</strong></span> 
     </span>
    </p>
   </div>
   <div class='ocr_carea' id='block_1_8' title="bbox 1549 993 2038 1053">
    <p class='ocr_par' dir='ltr' id='par_1_8' title="bbox 1549 993 2038 1053">
     <span class='ocr_line' id='line_1_8' title="bbox 1549 993 2038 1053; baseline 0.004 -4"><span class='ocrx_word' id='word_1_74' title='bbox 1549 999 1611 1050; x_wconf 81' lang='grc' dir='ltr'><strong>Α.</strong></span> <span class='ocrx_word' id='word_1_75' title='bbox 1645 993 1737 1028; x_wconf 79' lang='grc'><strong>²⁰⁶¹</strong></span> <span class='ocrx_word' id='word_1_76' title='bbox 1768 998 1832 1051; x_wconf 91' lang='lat' dir='ltr'><strong>D.</strong></span> <span class='ocrx_word' id='word_1_77' title='bbox 1872 997 2038 1053; x_wconf 79' lang='lat' dir='ltr'><strong>MCXI</strong></span> 
     </span>
    </p>
   </div>
   <div class='ocr_carea' id='block_1_9' title="bbox 140 1090 3483 1167">
    <p class='ocr_par' dir='ltr' id='par_1_9' title="bbox 140 1090 3483 1167">
     <span class='ocr_line' id='line_1_9' title="bbox 140 1090 3483 1167; baseline -0.001 -18"><span class='ocrx_word' id='word_1_78' title='bbox 140 1095 466 1164; x_wconf 87' lang='lat' dir='ltr'><strong>Postquam</strong></span> <span class='ocrx_word' id='word_1_79' title='bbox 496 1106 600 1149; x_wconf 86' lang='lat' dir='ltr'><strong>rex</strong></span> <span class='ocrx_word' id='word_1_80' title='bbox 631 1091 935 1149; x_wconf 84' lang='lat' dir='ltr'><strong>Heinricus</strong></span> <span class='ocrx_word' id='word_1_81' title='bbox 959 1090 1073 1161; x_wconf 78' lang='grc'><strong>³⁰⁶³,</strong></span> <span class='ocrx_word' id='word_1_82' title='bbox 1108 1091 1283 1148; x_wconf 85' lang='lat' dir='ltr'><strong>rebus</strong></span> <span class='ocrx_word' id='word_1_83' title='bbox 1313 1108 1595 1165; x_wconf 86' lang='lat' dir='ltr'><strong>prospere</strong></span> <span class='ocrx_word' id='word_1_84' title='bbox 1624 1094 1883 1164; x_wconf 65' lang='lat' dir='ltr'><strong>[deestQ</strong></span> <span class='ocrx_word' id='word_1_85' title='bbox 1911 1096 1996 1166; x_wconf 86' lang='lat' dir='ltr'><strong>E.]</strong></span> <span class='ocrx_word' id='word_1_86' title='bbox 2032 1111 2135 1166; x_wconf 90' lang='lat' dir='ltr'><strong>per</strong></span> <span class='ocrx_word' id='word_1_87' title='bbox 2164 1096 2619 1167; x_wconf 79' lang='lat' dir='ltr'><strong>Longobardiam</strong></span> <span class='ocrx_word' id='word_1_88' title='bbox 2653 1100 2826 1167; x_wconf 90' lang='lat' dir='ltr'><strong>atque</strong></span> <span class='ocrx_word' id='word_1_89' title='bbox 2860 1094 3118 1151; x_wconf 81' lang='lat' dir='ltr'><strong>Tusciam</strong></span> <span class='ocrx_word' id='word_1_90' title='bbox 3154 1090 3483 1164; x_wconf 78' lang='lat' dir='ltr'><strong>dispositis,</strong></span> 
     </span>
    </p>
   </div>
   <div class='ocr_carea' id='block_1_10' title="bbox 73 1179 3488 1258">
    <p class='ocr_par' dir='ltr' id='par_1_10' title="bbox 73 1179 3488 1258">
     <span class='ocr_line' id='line_1_10' title="bbox 73 1179 3488 1258; baseline -0.001 -20"><span class='ocrx_word' id='word_1_91' title='bbox 73 1184 231 1255; x_wconf 90' lang='lat' dir='ltr'><strong>apud</strong></span> <span class='ocrx_word' id='word_1_92' title='bbox 260 1182 612 1238; x_wconf 83' lang='lat' dir='ltr'><strong>Florentiam</strong></span> <span class='ocrx_word' id='word_1_93' title='bbox 633 1183 943 1239; x_wconf 63' lang='lat' dir='ltr'><strong>Dominica:</strong></span> <span class='ocrx_word' id='word_1_94' title='bbox 968 1184 1293 1243; x_wconf 81' lang='lat' dir='ltr'><strong>nativitatis</strong></span> <span class='ocrx_word' id='word_1_95' title='bbox 1312 1185 1518 1256; x_wconf 87' lang='lat' dir='ltr'><strong>gaudia</strong></span> <span class='ocrx_word' id='word_1_96' title='bbox 1545 1200 1673 1241; x_wconf 92' lang='lat' dir='ltr'><strong>cum</strong></span> <span class='ocrx_word' id='word_1_97' title='bbox 1701 1186 1916 1255; x_wconf 81' lang='lat' dir='ltr'><strong>ingenti</strong></span> <span class='ocrx_word' id='word_1_98' title='bbox 1940 1203 2177 1243; x_wconf 89' lang='lat' dir='ltr'><strong>suorum</strong></span> <span class='ocrx_word' id='word_1_99' title='bbox 2202 1188 2459 1258; x_wconf 81' lang='lat' dir='ltr'><strong>tripudio</strong></span> <span class='ocrx_word' id='word_1_100' title='bbox 2483 1193 2537 1242; x_wconf 90' lang='lat' dir='ltr'><strong>et</strong></span> <span class='ocrx_word' id='word_1_101' title='bbox 2566 1188 2828 1243; x_wconf 89' lang='lat' dir='ltr'><strong>mirando</strong></span> <span class='ocrx_word' id='word_1_102' title='bbox 2849 1184 2940 1220; x_wconf 82' lang='grc'>²⁰⁶⁶</span> <span class='ocrx_word' id='word_1_103' title='bbox 2964 1199 3030 1240; x_wconf 90' lang='lat' dir='ltr'><strong>ac</strong></span> <span class='ocrx_word' id='word_1_104' title='bbox 3061 1188 3304 1238; x_wconf 90' lang='lat' dir='ltr'><strong>eatenus</strong></span> <span class='ocrx_word' id='word_1_105' title='bbox 3328 1179 3488 1236; x_wconf 90' lang='lat' dir='ltr'><strong>illius</strong></span> 
     </span>
    </p>
   </div>
   <div class='ocr_carea' id='block_1_11' title="bbox 74 1269 3485 1347">
    <p class='ocr_par' dir='ltr' id='par_1_11' title="bbox 74 1269 3485 1347">
     <span class='ocr_line' id='line_1_11' title="bbox 74 1269 3485 1347; baseline -0.001 -21"><span class='ocrx_word' id='word_1_106' title='bbox 74 1272 286 1343; x_wconf 74' lang='lat' dir='ltr'><strong>patrias</strong></span> <span class='ocrx_word' id='word_1_107' title='bbox 306 1271 535 1327; x_wconf 86' lang='lat' dir='ltr'><strong>civibus</strong></span> <span class='ocrx_word' id='word_1_108' title='bbox 554 1287 842 1342; x_wconf 90' lang='lat' dir='ltr'><strong>nunquam</strong></span> <span class='ocrx_word' id='word_1_109' title='bbox 863 1274 987 1330; x_wconf 85' lang='lat' dir='ltr'><strong>viso</strong></span> <span class='ocrx_word' id='word_1_110' title='bbox 1007 1274 1216 1331; x_wconf 90' lang='lat' dir='ltr'><strong>decore</strong></span> <span class='ocrx_word' id='word_1_111' title='bbox 1237 1280 1291 1331; x_wconf 90' lang='lat' dir='ltr'><strong>et</strong></span> <span class='ocrx_word' id='word_1_112' title='bbox 1313 1276 1532 1331; x_wconf 91' lang='lat' dir='ltr'><strong>honore</strong></span> <span class='ocrx_word' id='word_1_113' title='bbox 1558 1275 1983 1346; x_wconf 89' lang='lat' dir='ltr'><strong>percelebravit</strong></span> <span class='ocrx_word' id='word_1_114' title='bbox 1998 1277 2109 1347; x_wconf 58' lang='lat'><strong>9°“,</strong></span> <span class='ocrx_word' id='word_1_115' title='bbox 2136 1281 2287 1332; x_wconf 89' lang='lat' dir='ltr'><strong>moto</strong></span> <span class='ocrx_word' id='word_1_116' title='bbox 2310 1277 2437 1332; x_wconf 81' lang='lat' dir='ltr'><strong>inde</strong></span> <span class='ocrx_word' id='word_1_117' title='bbox 2456 1293 2661 1333; x_wconf 79' lang='lat' dir='ltr'><strong>versus</strong></span> <span class='ocrx_word' id='word_1_118' title='bbox 2685 1276 2930 1332; x_wconf 77' lang='lat' dir='ltr'><strong>Ariciam</strong></span> <span class='ocrx_word' id='word_1_119' title='bbox 2956 1272 3240 1339; x_wconf 86' lang='lat' dir='ltr'><strong>exercitu,</strong></span> <span class='ocrx_word' id='word_1_120' title='bbox 3267 1269 3485 1339; x_wconf 88' lang='lat' dir='ltr'><strong>illoque</strong></span> 
     </span>
    </p>
   </div>
   <div class='ocr_carea' id='block_1_12' title="bbox 75 1356 3485 1437">
    <p class='ocr_par' dir='ltr' id='par_1_12' title="bbox 75 1356 3485 1437">
     <span class='ocr_line' id='line_1_12' title="bbox 75 1356 3485 1437; baseline -0.001 -22"><span class='ocrx_word' id='word_1_121' title='bbox 75 1360 451 1432; x_wconf 89' lang='lat' dir='ltr'><strong>perveniens,</strong></span> <span class='ocrx_word' id='word_1_122' title='bbox 488 1375 517 1416; x_wconf 91' lang='lat' dir='ltr'><strong>a</strong></span> <span class='ocrx_word' id='word_1_123' title='bbox 548 1362 781 1417; x_wconf 87' lang='lat' dir='ltr'><strong>clericis</strong></span> <span class='ocrx_word' id='word_1_124' title='bbox 814 1365 1098 1433; x_wconf 86' lang='lat' dir='ltr'><strong>benivole,</strong></span> <span class='ocrx_word' id='word_1_125' title='bbox 1134 1380 1162 1420; x_wconf 90' lang='lat' dir='ltr'><strong>a</strong></span> <span class='ocrx_word' id='word_1_126' title='bbox 1195 1365 1421 1421; x_wconf 88' lang='lat' dir='ltr'><strong>civibus</strong></span> <span class='ocrx_word' id='word_1_127' title='bbox 1448 1364 1542 1398; x_wconf 82' lang='grc'>²⁰⁶⁶</span> <span class='ocrx_word' id='word_1_128' title='bbox 1574 1367 1817 1422; x_wconf 80' lang='lat' dir='ltr'><strong>subdole</strong></span> <span class='ocrx_word' id='word_1_129' title='bbox 1852 1367 2135 1437; x_wconf 86' lang='lat' dir='ltr'><strong>recipitur</strong></span> <span class='ocrx_word' id='word_1_130' title='bbox 2168 1368 2286 1425; x_wconf 68' lang='lat' dir='ltr'><strong>(an.</strong></span> <span class='ocrx_word' id='word_1_131' title='bbox 2326 1372 2478 1422; x_wconf 90' lang='grc'>1110.</span> <span class='ocrx_word' id='word_1_132' title='bbox 2514 1368 2651 1422; x_wconf 85' lang='lat' dir='ltr'><strong>Dec.</strong></span> <span class='ocrx_word' id='word_1_133' title='bbox 2686 1372 2753 1422; x_wconf 84' lang='lat'><strong>27</strong></span> <span class='ocrx_word' id='word_1_134' title='bbox 2776 1365 2873 1437; x_wconf 80' lang='grc'>³⁴);</span> <span class='ocrx_word' id='word_1_135' title='bbox 2910 1377 3152 1435; x_wconf 85' lang='lat' dir='ltr'><strong>quorum</strong></span> <span class='ocrx_word' id='word_1_136' title='bbox 3187 1359 3361 1414; x_wconf 92' lang='lat' dir='ltr'><strong>etiam</strong></span> <span class='ocrx_word' id='word_1_137' title='bbox 3394 1356 3485 1389; x_wconf 81' lang='grc'>²⁰⁶⁷</span> 
     </span>
    </p>
   </div>
   <div class='ocr_carea' id='block_1_13' title="bbox 76 1448 3492 1526">
    <p class='ocr_par' dir='ltr' id='par_1_13' title="bbox 76 1448 3492 1526">
     <span class='ocr_line' id='line_1_13' title="bbox 76 1448 3492 1526; baseline -0.001 -22"><span class='ocrx_word' id='word_1_138' title='bbox 76 1450 453 1505; x_wconf 87' lang='lat' dir='ltr'><strong>insolentiam</strong></span> <span class='ocrx_word' id='word_1_139' title='bbox 486 1450 630 1506; x_wconf 92' lang='lat' dir='ltr'><strong>satis</strong></span> <span class='ocrx_word' id='word_1_140' title='bbox 661 1452 1046 1523; x_wconf 84' lang='lat' dir='ltr'><strong>habundeque</strong></span> <span class='ocrx_word' id='word_1_141' title='bbox 1080 1455 1433 1525; x_wconf 82' lang='lat' dir='ltr'><strong>perdomuit,</strong></span> <span class='ocrx_word' id='word_1_142' title='bbox 1472 1455 1695 1511; x_wconf 89' lang='lat' dir='ltr'><strong>scilicet</strong></span> <span class='ocrx_word' id='word_1_143' title='bbox 1728 1456 1966 1511; x_wconf 87' lang='lat' dir='ltr'><strong>civitate</strong></span> <span class='ocrx_word' id='word_1_144' title='bbox 1994 1456 2087 1488; x_wconf 82' lang='grc'><strong>²⁰⁶⁸</strong></span> <span class='ocrx_word' id='word_1_145' title='bbox 2119 1455 2265 1526; x_wconf 91' lang='lat'><strong>(323)</strong></span> <span class='ocrx_word' id='word_1_146' title='bbox 2300 1456 2529 1511; x_wconf 91' lang='lat' dir='ltr'><strong>illorum</strong></span> <span class='ocrx_word' id='word_1_147' title='bbox 2563 1472 2691 1511; x_wconf 90' lang='lat' dir='ltr'><strong>cum</strong></span> <span class='ocrx_word' id='word_1_148' title='bbox 2726 1455 3010 1523; x_wconf 85' lang='lat' dir='ltr'><strong>turribus,</strong></span> <span class='ocrx_word' id='word_1_149' title='bbox 3046 1466 3190 1524; x_wconf 90' lang='lat' dir='ltr'><strong>quas</strong></span> <span class='ocrx_word' id='word_1_150' title='bbox 3218 1448 3287 1503; x_wconf 90' lang='lat' dir='ltr'><strong>ad</strong></span> <span class='ocrx_word' id='word_1_151' title='bbox 3323 1461 3492 1517; x_wconf 86' lang='lat' dir='ltr'><strong>repu-</strong></span> 
     </span>
    </p>
   </div>
   <div class='ocr_carea' id='block_1_14' title="bbox 79 1535 3487 1614">
    <p class='ocr_par' dir='ltr' id='par_1_14' title="bbox 79 1535 3487 1614">
     <span class='ocr_line' id='line_1_14' title="bbox 79 1535 3487 1614; baseline -0.002 -20"><span class='ocrx_word' id='word_1_152' title='bbox 79 1540 381 1609; x_wconf 86' lang='lat' dir='ltr'><strong>gnandum</strong></span> <span class='ocrx_word' id='word_1_153' title='bbox 409 1541 529 1610; x_wconf 80' lang='lat' dir='ltr'><strong>regi</strong></span> <span class='ocrx_word' id='word_1_154' title='bbox 553 1541 646 1575; x_wconf 80' lang='grc'>²⁰⁶⁹</span> <span class='ocrx_word' id='word_1_155' title='bbox 669 1549 1139 1613; x_wconf 86' lang='lat' dir='ltr'><strong>preparaverant,</strong></span> <span class='ocrx_word' id='word_1_156' title='bbox 1170 1545 1430 1601; x_wconf 89' lang='lat' dir='ltr'><strong>funditus</strong></span> <span class='ocrx_word' id='word_1_157' title='bbox 1452 1545 1544 1578; x_wconf 76' lang='grc'><strong>²⁰⁷⁰</strong></span> <span class='ocrx_word' id='word_1_158' title='bbox 1566 1560 1802 1611; x_wconf 87' lang='lat' dir='ltr'><strong>eversa;</strong></span> <span class='ocrx_word' id='word_1_159' title='bbox 1828 1545 2111 1602; x_wconf 73' lang='lat' dir='ltr'><strong>.ecclesize</strong></span> <span class='ocrx_word' id='word_1_160' title='bbox 2136 1551 2329 1601; x_wconf 84' lang='lat' dir='ltr'><strong>tamen</strong></span> <span class='ocrx_word' id='word_1_161' title='bbox 2353 1546 2502 1602; x_wconf 89' lang='lat' dir='ltr'><strong>omni</strong></span> <span class='ocrx_word' id='word_1_162' title='bbox 2529 1560 2631 1601; x_wconf 89' lang='lat' dir='ltr'><strong>sua</strong></span> <span class='ocrx_word' id='word_1_163' title='bbox 2650 1545 2911 1614; x_wconf 85' lang='lat' dir='ltr'><strong>justicia,</strong></span> <span class='ocrx_word' id='word_1_164' title='bbox 2939 1557 3107 1613; x_wconf 89' lang='lat' dir='ltr'><strong>quam</strong></span> <span class='ocrx_word' id='word_1_165' title='bbox 3144 1538 3294 1594; x_wconf 86' lang='lat' dir='ltr'><strong>idem</strong></span> <span class='ocrx_word' id='word_1_166' title='bbox 3327 1535 3487 1591; x_wconf 88' lang='lat' dir='ltr'><strong>cives</strong></span> 
     </span>
    </p>
   </div>
   <div class='ocr_carea' id='block_1_15' title="bbox 78 1628 3491 1705">
    <p class='ocr_par' dir='ltr' id='par_1_15' title="bbox 78 1628 3491 1705">
     <span class='ocr_line' id='line_1_15' title="bbox 78 1628 3491 1705; baseline -0.001 -23"><span class='ocrx_word' id='word_1_167' title='bbox 78 1628 375 1684; x_wconf 87' lang='lat' dir='ltr'><strong>violenter</strong></span> <span class='ocrx_word' id='word_1_168' title='bbox 399 1630 784 1700; x_wconf 88' lang='lat' dir='ltr'><strong>abstulerant,</strong></span> <span class='ocrx_word' id='word_1_169' title='bbox 805 1632 970 1701; x_wconf 80' lang='lat' dir='ltr'><strong>juxta</strong></span> <span class='ocrx_word' id='word_1_170' title='bbox 996 1633 1342 1688; x_wconf 88' lang='lat' dir='ltr'><strong>clericorum</strong></span> <span class='ocrx_word' id='word_1_171' title='bbox 1366 1635 1702 1705; x_wconf 82' lang='lat' dir='ltr'><strong>petitionem</strong></span> <span class='ocrx_word' id='word_1_172' title='bbox 1726 1634 1815 1667; x_wconf 82' lang='grc'>²⁰⁷¹</span> <span class='ocrx_word' id='word_1_173' title='bbox 1838 1637 2133 1692; x_wconf 89' lang='lat' dir='ltr'><strong>restituta.</strong></span> <span class='ocrx_word' id='word_1_174' title='bbox 2170 1636 2305 1690; x_wconf 75' lang='lat' dir='ltr'><strong>Inde</strong></span> <span class='ocrx_word' id='word_1_175' title='bbox 2329 1636 2399 1690; x_wconf 89' lang='lat' dir='ltr'><strong>ad</strong></span> <span class='ocrx_word' id='word_1_176' title='bbox 2427 1634 3022 1705; x_wconf 80' lang='lat' dir='ltr'><strong>Aquam-pendentem</strong></span> <span class='ocrx_word' id='word_1_177' title='bbox 3049 1632 3196 1699; x_wconf 83' lang='lat'><strong>(324)</strong></span> <span class='ocrx_word' id='word_1_178' title='bbox 3222 1638 3491 1698; x_wconf 82' lang='lat' dir='ltr'><strong>progres-</strong></span> 
     </span>
    </p>
   </div>
   <div class='ocr_carea' id='block_1_16' title="bbox 77 1716 3487 1795">
    <p class='ocr_par' dir='ltr' id='par_1_16' title="bbox 77 1716 3487 1795">
     <span class='ocr_line' id='line_1_16' title="bbox 77 1716 3487 1795; baseline -0.002 -23"><span class='ocrx_word' id='word_1_179' title='bbox 77 1732 179 1773; x_wconf 89' lang='lat' dir='ltr'><strong>sus</strong></span> <span class='ocrx_word' id='word_1_180' title='bbox 205 1717 437 1787; x_wconf 83' lang='lat' dir='ltr'><strong>legatos</strong></span> <span class='ocrx_word' id='word_1_181' title='bbox 461 1733 597 1774; x_wconf 84' lang='lat' dir='ltr'><strong>suos</strong></span> <span class='ocrx_word' id='word_1_182' title='bbox 621 1719 835 1775; x_wconf 89' lang='lat' dir='ltr'><strong>dudum</strong></span> <span class='ocrx_word' id='word_1_183' title='bbox 862 1722 930 1775; x_wconf 89' lang='lat' dir='ltr'><strong>ab</strong></span> <span class='ocrx_word' id='word_1_184' title='bbox 959 1722 1142 1777; x_wconf 76' lang='lat' dir='ltr'><strong>Aricia</strong></span> <span class='ocrx_word' id='word_1_185' title='bbox 1172 1724 1377 1777; x_wconf 83' lang='lat' dir='ltr'><strong>missos</strong></span> <span class='ocrx_word' id='word_1_186' title='bbox 1411 1726 1481 1779; x_wconf 90' lang='lat' dir='ltr'><strong>ab</strong></span> <span class='ocrx_word' id='word_1_187' title='bbox 1515 1724 1838 1795; x_wconf 85' lang='lat' dir='ltr'><strong>apos&#39;olieo</strong></span> <span class='ocrx_word' id='word_1_188' title='bbox 1870 1726 1998 1780; x_wconf 90' lang='lat' dir='ltr'><strong>boni</strong></span> <span class='ocrx_word' id='word_1_189' title='bbox 2035 1725 2226 1781; x_wconf 86' lang='lat' dir='ltr'><strong>nuncii</strong></span> <span class='ocrx_word' id='word_1_190' title='bbox 2260 1725 2484 1793; x_wconf 86' lang='lat' dir='ltr'><strong>bajulos</strong></span> <span class='ocrx_word' id='word_1_191' title='bbox 2517 1725 2753 1793; x_wconf 87' lang='lat' dir='ltr'><strong>reperit,</strong></span> <span class='ocrx_word' id='word_1_192' title='bbox 2788 1721 3167 1788; x_wconf 83' lang='lat' dir='ltr'><strong>remissisque</strong></span> <span class='ocrx_word' id='word_1_193' title='bbox 3191 1716 3323 1772; x_wconf 90' lang='lat' dir='ltr'><strong>aliis</strong></span> <span class='ocrx_word' id='word_1_194' title='bbox 3349 1727 3487 1768; x_wconf 90' lang='lat' dir='ltr'><strong>nun-</strong></span> 
     </span>
    </p>
   </div>
   <div class='ocr_carea' id='block_1_17' title="bbox 76 1804 3490 1885">
    <p class='ocr_par' dir='ltr' id='par_1_17' title="bbox 76 1804 3490 1885">
     <span class='ocr_line' id='line_1_17' title="bbox 76 1804 3490 1885; baseline -0.001 -25"><span class='ocrx_word' id='word_1_195' title='bbox 76 1806 184 1862; x_wconf 87' lang='lat' dir='ltr'><strong>ciis</strong></span> <span class='ocrx_word' id='word_1_196' title='bbox 210 1821 345 1863; x_wconf 89' lang='lat' dir='ltr'><strong>cum</strong></span> <span class='ocrx_word' id='word_1_197' title='bbox 368 1808 773 1879; x_wconf 86' lang='lat' dir='ltr'><strong>Romanorum,</strong></span> <span class='ocrx_word' id='word_1_198' title='bbox 803 1810 896 1879; x_wconf 89' lang='lat' dir='ltr'><strong>qui</strong></span> <span class='ocrx_word' id='word_1_199' title='bbox 922 1811 1215 1882; x_wconf 88' lang='lat' dir='ltr'><strong>supplices</strong></span> <span class='ocrx_word' id='word_1_200' title='bbox 1240 1812 1353 1867; x_wconf 90' lang='lat' dir='ltr'><strong>illic</strong></span> <span class='ocrx_word' id='word_1_201' title='bbox 1380 1813 1487 1867; x_wconf 76' lang='lat' dir='ltr'><strong>sibi</strong></span> <span class='ocrx_word' id='word_1_202' title='bbox 1513 1818 1911 1881; x_wconf 84' lang='lat' dir='ltr'><strong>occurrerant,</strong></span> <span class='ocrx_word' id='word_1_203' title='bbox 1942 1814 2216 1885; x_wconf 84' lang='lat' dir='ltr'><strong>paulatim</strong></span> <span class='ocrx_word' id='word_1_204' title='bbox 2247 1814 2497 1870; x_wconf 87' lang='lat' dir='ltr'><strong>Sutriam</strong></span> <span class='ocrx_word' id='word_1_205' title='bbox 2524 1812 2830 1884; x_wconf 86' lang='lat' dir='ltr'><strong>processit.</strong></span> <span class='ocrx_word' id='word_1_206' title='bbox 2858 1810 2942 1867; x_wconf 88' lang='lat' dir='ltr'><strong>lbi</strong></span> <span class='ocrx_word' id='word_1_207' title='bbox 2975 1807 3118 1877; x_wconf 73' lang='lat'><strong>(32:5)</strong></span> <span class='ocrx_word' id='word_1_208' title='bbox 3154 1804 3327 1876; x_wconf 79' lang='lat' dir='ltr'><strong>legati</strong></span> <span class='ocrx_word' id='word_1_209' title='bbox 3355 1816 3490 1872; x_wconf 89' lang='lat' dir='ltr'><strong>apo-</strong></span> 
     </span>
    </p>
   </div>
   <div class='ocr_carea' id='block_1_18' title="bbox 76 1895 3489 1974">
    <p class='ocr_par' dir='ltr' id='par_1_18' title="bbox 76 1895 3489 1974">
     <span class='ocr_line' id='line_1_18' title="bbox 76 1895 3489 1974; baseline -0.003 -23"><span class='ocrx_word' id='word_1_210' title='bbox 76 1895 392 1952; x_wconf 68' lang='lat' dir='ltr'><strong>stolicim’</strong></span> <span class='ocrx_word' id='word_1_211' title='bbox 413 1912 542 1954; x_wconf 89' lang='lat' dir='ltr'><strong>cum</strong></span> <span class='ocrx_word' id='word_1_212' title='bbox 573 1897 766 1953; x_wconf 86' lang='lat' dir='ltr'><strong>missis</strong></span> <span class='ocrx_word' id='word_1_213' title='bbox 798 1899 974 1967; x_wconf 88' lang='lat' dir='ltr'><strong>regiis</strong></span> <span class='ocrx_word' id='word_1_214' title='bbox 1006 1900 1495 1957; x_wconf 68' lang='lat' dir='ltr'><strong>advenientcs’m</strong></span> <span class='ocrx_word' id='word_1_215' title='bbox 1519 1902 1705 1969; x_wconf 74' lang='lat' dir='ltr'><strong>(Febr.</strong></span> <span class='ocrx_word' id='word_1_216' title='bbox 1742 1906 1840 1973; x_wconf 89' lang='lat'><strong>9.),</strong></span> <span class='ocrx_word' id='word_1_217' title='bbox 1868 1908 2199 1974; x_wconf 87' lang='lat' dir='ltr'><strong>promptum</strong></span> <span class='ocrx_word' id='word_1_218' title='bbox 2232 1918 2363 1957; x_wconf 88' lang='lat' dir='ltr'><strong>esse</strong></span> <span class='ocrx_word' id='word_1_219' title='bbox 2402 1916 2604 1972; x_wconf 83' lang='lat' dir='ltr'><strong>papam</strong></span> <span class='ocrx_word' id='word_1_220' title='bbox 2640 1900 2709 1956; x_wconf 54' lang='lat' dir='ltr'><strong>a&#39;l</strong></span> <span class='ocrx_word' id='word_1_221' title='bbox 2743 1898 3243 1956; x_wconf 88' lang='lat' dir='ltr'><strong>consecrationem</strong></span> <span class='ocrx_word' id='word_1_222' title='bbox 3279 1896 3336 1947; x_wconf 85' lang='lat' dir='ltr'><strong>et</strong></span> <span class='ocrx_word' id='word_1_223' title='bbox 3371 1903 3489 1945; x_wconf 88' lang='lat' dir='ltr'><strong>om-</strong></span> 
     </span>
    </p>
   </div>
   <div class='ocr_carea' id='block_1_19' title="bbox 74 1975 3486 2063">
    <p class='ocr_par' dir='ltr' id='par_1_19' title="bbox 74 1975 3486 2063">
     <span class='ocr_line' id='line_1_19' title="bbox 74 1975 3486 2063; baseline -0.002 -25"><span class='ocrx_word' id='word_1_224' title='bbox 74 1998 207 2039; x_wconf 91' lang='lat' dir='ltr'><strong>nem</strong></span> <span class='ocrx_word' id='word_1_225' title='bbox 243 1986 401 2056; x_wconf 87' lang='lat' dir='ltr'><strong>regis</strong></span> <span class='ocrx_word' id='word_1_226' title='bbox 432 1987 707 2043; x_wconf 88' lang='lat' dir='ltr'><strong>honorem</strong></span> <span class='ocrx_word' id='word_1_227' title='bbox 732 1991 789 2043; x_wconf 91' lang='lat' dir='ltr'><strong>et</strong></span> <span class='ocrx_word' id='word_1_228' title='bbox 813 1989 1191 2059; x_wconf 88' lang='lat' dir='ltr'><strong>voluntatem,</strong></span> <span class='ocrx_word' id='word_1_229' title='bbox 1227 1991 1272 2045; x_wconf 92' lang='lat' dir='ltr'><strong>si</strong></span> <span class='ocrx_word' id='word_1_230' title='bbox 1303 1996 1491 2046; x_wconf 87' lang='lat' dir='ltr'><strong>tamen</strong></span> <span class='ocrx_word' id='word_1_231' title='bbox 1526 1992 1649 2063; x_wconf 90' lang='lat' dir='ltr'><strong>ipse</strong></span> <span class='ocrx_word' id='word_1_232' title='bbox 1684 1992 1918 2048; x_wconf 82' lang='lat' dir='ltr'><strong>sibimet</strong></span> <span class='ocrx_word' id='word_1_233' title='bbox 1939 1992 2030 2024; x_wconf 74' lang='grc' dir='ltr'><strong>²⁰τ⁴</strong></span> <span class='ocrx_word' id='word_1_234' title='bbox 2052 1998 2331 2048; x_wconf 91' lang='lat' dir='ltr'><strong>annueret</strong></span> <span class='ocrx_word' id='word_1_235' title='bbox 2363 1991 2694 2047; x_wconf 88' lang='lat' dir='ltr'><strong>libertatem</strong></span> <span class='ocrx_word' id='word_1_236' title='bbox 2726 1988 3145 2057; x_wconf 66' lang='lat' dir='ltr'><strong>(ecclesiarum,</strong></span> <span class='ocrx_word' id='word_1_237' title='bbox 3174 1985 3380 2039; x_wconf 89' lang='lat' dir='ltr'><strong>laicam</strong></span> <span class='ocrx_word' id='word_1_238' title='bbox 3415 1975 3486 2031; x_wconf 92' lang='lat' dir='ltr'><strong>ab</strong></span> 
     </span>
    </p>
   </div>
   <div class='ocr_carea' id='block_1_20' title="bbox 73 2071 3487 2150">
    <p class='ocr_par' dir='ltr' id='par_1_20' title="bbox 73 2071 3487 2150">
     <span class='ocr_line' id='line_1_20' title="bbox 73 2071 3487 2150; baseline -0 -25"><span class='ocrx_word' id='word_1_239' title='bbox 73 2072 197 2135; x_wconf 77' lang='lat' dir='ltr'><strong>illis</strong></span> <span class='ocrx_word' id='word_1_240' title='bbox 220 2076 539 2146; x_wconf 86' lang='lat' dir='ltr'><strong>prohibens</strong></span> <span class='ocrx_word' id='word_1_241' title='bbox 564 2076 991 2148; x_wconf 88' lang='lat' dir='ltr'><strong>investituram,</strong></span> <span class='ocrx_word' id='word_1_242' title='bbox 1020 2079 1355 2150; x_wconf 90' lang='lat' dir='ltr'><strong>recipiendo</strong></span> <span class='ocrx_word' id='word_1_243' title='bbox 1388 2080 1797 2136; x_wconf 88' lang='lat' dir='ltr'><strong>nichilominus</strong></span> <span class='ocrx_word' id='word_1_244' title='bbox 1820 2082 1891 2136; x_wconf 91' lang='lat' dir='ltr'><strong>ab</strong></span> <span class='ocrx_word' id='word_1_245' title='bbox 1913 2080 2192 2136; x_wconf 69' lang='lat' dir='ltr'><strong>{ecclesiis</strong></span> <span class='ocrx_word' id='word_1_246' title='bbox 2223 2080 2490 2149; x_wconf 89' lang='lat' dir='ltr'><strong>ducatus,</strong></span> <span class='ocrx_word' id='word_1_247' title='bbox 2527 2079 2834 2147; x_wconf 91' lang='lat' dir='ltr'><strong>marchias,</strong></span> <span class='ocrx_word' id='word_1_248' title='bbox 2871 2076 3202 2141; x_wconf 84' lang='lat' dir='ltr'><strong>comitatus,</strong></span> <span class='ocrx_word' id='word_1_249' title='bbox 3241 2071 3487 2127; x_wconf 80' lang='lat' dir='ltr'><strong>advoca-</strong></span> 
     </span>
    </p>
   </div>
   <div class='ocr_carea' id='block_1_21' title="bbox 76 2160 3486 2241">
    <p class='ocr_par' dir='ltr' id='par_1_21' title="bbox 76 2160 3486 2241">
     <span class='ocr_line' id='line_1_21' title="bbox 76 2160 3486 2241; baseline -0.001 -22"><span class='ocrx_word' id='word_1_250' title='bbox 76 2164 210 2234; x_wconf 87' lang='lat' dir='ltr'><strong>tias,</strong></span> <span class='ocrx_word' id='word_1_251' title='bbox 233 2170 515 2234; x_wconf 88' lang='lat' dir='ltr'><strong>monetas,</strong></span> <span class='ocrx_word' id='word_1_252' title='bbox 535 2164 823 2235; x_wconf 88' lang='lat' dir='ltr'><strong>thelonea,</strong></span> <span class='ocrx_word' id='word_1_253' title='bbox 842 2172 1307 2238; x_wconf 70' lang='lat' dir='ltr'><strong>czetcrorumquc</strong></span> <span class='ocrx_word' id='word_1_254' title='bbox 1326 2168 1419 2201; x_wconf 77' lang='grc'><strong>²⁰⁷⁸</strong></span> <span class='ocrx_word' id='word_1_255' title='bbox 1441 2168 1720 2237; x_wconf 78' lang='lat' dir='ltr'><strong>regalium</strong></span> <span class='ocrx_word' id='word_1_256' title='bbox 1746 2185 1873 2240; x_wconf 71' lang='lat' dir='ltr'><strong>qum</strong></span> <span class='ocrx_word' id='word_1_257' title='bbox 1889 2169 1983 2202; x_wconf 82' lang='grc'><strong>²⁰⁷⁶</strong></span> <span class='ocrx_word' id='word_1_258' title='bbox 2003 2170 2307 2241; x_wconf 85' lang='lat' dir='ltr'><strong>possident</strong></span> <span class='ocrx_word' id='word_1_259' title='bbox 2329 2184 2626 2225; x_wconf 89' lang='lat' dir='ltr'><strong>summam.</strong></span> <span class='ocrx_word' id='word_1_260' title='bbox 2654 2168 2896 2223; x_wconf 83' lang='lat' dir='ltr'><strong>Prcbuit</strong></span> <span class='ocrx_word' id='word_1_261' title='bbox 2920 2181 3019 2221; x_wconf 87' lang='lat' dir='ltr'><strong>rex</strong></span> <span class='ocrx_word' id='word_1_262' title='bbox 3042 2177 3365 2230; x_wconf 88' lang='lat' dir='ltr'><strong>assensum,</strong></span> <span class='ocrx_word' id='word_1_263' title='bbox 3387 2160 3486 2217; x_wconf 90' lang='lat' dir='ltr'><strong>sed</strong></span> 
     </span>
    </p>
   </div>
   <div class='ocr_carea' id='block_1_22' title="bbox 77 2251 3481 2329">
    <p class='ocr_par' dir='ltr' id='par_1_22' title="bbox 77 2251 3481 2329">
     <span class='ocr_line' id='line_1_22' title="bbox 77 2251 3481 2329; baseline -0.001 -20"><span class='ocrx_word' id='word_1_264' title='bbox 77 2270 143 2309; x_wconf 89' lang='lat' dir='ltr'><strong>eo</strong></span> <span class='ocrx_word' id='word_1_265' title='bbox 166 2258 369 2326; x_wconf 89' lang='lat' dir='ltr'><strong>pacto,</strong></span> <span class='ocrx_word' id='word_1_266' title='bbox 398 2255 668 2324; x_wconf 89' lang='lat' dir='ltr'><strong>quatinus</strong></span> <span class='ocrx_word' id='word_1_267' title='bbox 690 2255 811 2310; x_wconf 76' lang='lat' dir='ltr'><strong>hzec</strong></span> <span class='ocrx_word' id='word_1_268' title='bbox 837 2257 1250 2313; x_wconf 88' lang='lat' dir='ltr'><strong>transmutatio</strong></span> <span class='ocrx_word' id='word_1_269' title='bbox 1275 2257 1438 2312; x_wconf 80' lang='lat' dir='ltr'><strong>firma</strong></span> <span class='ocrx_word' id='word_1_270' title='bbox 1460 2262 1515 2312; x_wconf 89' lang='lat' dir='ltr'><strong>et</strong></span> <span class='ocrx_word' id='word_1_271' title='bbox 1542 2258 1831 2313; x_wconf 89' lang='lat' dir='ltr'><strong>autentica</strong></span> <span class='ocrx_word' id='word_1_272' title='bbox 1860 2258 2359 2329; x_wconf 89' lang='lat' dir='ltr'><strong>ratione,consilio</strong></span> <span class='ocrx_word' id='word_1_273' title='bbox 2385 2272 2612 2327; x_wconf 89' lang='lat' dir='ltr'><strong>quoque</strong></span> <span class='ocrx_word' id='word_1_274' title='bbox 2635 2256 2723 2311; x_wconf 87' lang='lat' dir='ltr'><strong>vel</strong></span> <span class='ocrx_word' id='word_1_275' title='bbox 2750 2255 3061 2311; x_wconf 90' lang='lat' dir='ltr'><strong>concordia</strong></span> <span class='ocrx_word' id='word_1_276' title='bbox 3083 2251 3268 2308; x_wconf 88' lang='lat' dir='ltr'><strong>totius</strong></span> <span class='ocrx_word' id='word_1_277' title='bbox 3290 2251 3481 2308; x_wconf 62' lang='lat' dir='ltr'><strong>{eccle-</strong></span> 
     </span>
    </p>
   </div>
   <div class='ocr_carea' id='block_1_23' title="bbox 79 2342 3490 2416">
    <p class='ocr_par' dir='ltr' id='par_1_23' title="bbox 79 2342 3490 2416">
     <span class='ocr_line' id='line_1_23' title="bbox 79 2342 3490 2416; baseline -0.001 -17"><span class='ocrx_word' id='word_1_278' title='bbox 79 2344 181 2400; x_wconf 65' lang='lat' dir='ltr'><strong>siae</strong></span> <span class='ocrx_word' id='word_1_279' title='bbox 202 2358 271 2398; x_wconf 92' lang='lat' dir='ltr'><strong>ac</strong></span> <span class='ocrx_word' id='word_1_280' title='bbox 292 2343 450 2412; x_wconf 83' lang='lat' dir='ltr'><strong>regni</strong></span> <span class='ocrx_word' id='word_1_281' title='bbox 472 2344 799 2415; x_wconf 89' lang='lat' dir='ltr'><strong>principum</strong></span> <span class='ocrx_word' id='word_1_282' title='bbox 820 2359 1058 2400; x_wconf 87' lang='lat' dir='ltr'><strong>assensu</strong></span> <span class='ocrx_word' id='word_1_283' title='bbox 1082 2346 1477 2411; x_wconf 88' lang='lat' dir='ltr'><strong>stabiliretur;</strong></span> <span class='ocrx_word' id='word_1_284' title='bbox 1506 2346 1855 2416; x_wconf 85' lang='lat' dir='ltr'><strong>quodetiam</strong></span> <span class='ocrx_word' id='word_1_285' title='bbox 1875 2347 1967 2401; x_wconf 79' lang='lat' dir='ltr'><strong>vix</strong></span> <span class='ocrx_word' id='word_1_286' title='bbox 1987 2350 2084 2401; x_wconf 88' lang='lat' dir='ltr'><strong>aut</strong></span> <span class='ocrx_word' id='word_1_287' title='bbox 2110 2346 2265 2403; x_wconf 91' lang='lat' dir='ltr'><strong>nullo</strong></span> <span class='ocrx_word' id='word_1_288' title='bbox 2287 2346 2454 2401; x_wconf 91' lang='lat' dir='ltr'><strong>modo</strong></span> <span class='ocrx_word' id='word_1_289' title='bbox 2476 2346 2597 2401; x_wconf 84' lang='lat' dir='ltr'><strong>fieri</strong></span> <span class='ocrx_word' id='word_1_290' title='bbox 2622 2360 2791 2416; x_wconf 88' lang='lat' dir='ltr'><strong>posse</strong></span> <span class='ocrx_word' id='word_1_291' title='bbox 2816 2344 3186 2401; x_wconf 86' lang='lat' dir='ltr'><strong>credebatur.</strong></span> <span class='ocrx_word' id='word_1_292' title='bbox 3215 2342 3334 2407; x_wconf 87' lang='lat' dir='ltr'><strong>Qua</strong></span> <span class='ocrx_word' id='word_1_293' title='bbox 3355 2355 3490 2396; x_wconf 87' lang='lat' dir='ltr'><strong>con-</strong></span> 
     </span>
    </p>
   </div>
   <div class='ocr_carea' id='block_1_24' title="bbox 80 2430 3487 2506">
    <p class='ocr_par' dir='ltr' id='par_1_24' title="bbox 80 2430 3487 2506">
     <span class='ocr_line' id='line_1_24' title="bbox 80 2430 3487 2506; baseline -0.001 -17"><span class='ocrx_word' id='word_1_294' title='bbox 80 2434 361 2489; x_wconf 85' lang='lat' dir='ltr'><strong>ventione</strong></span> <span class='ocrx_word' id='word_1_295' title='bbox 385 2432 556 2502; x_wconf 88' lang='lat' dir='ltr'><strong>facta,</strong></span> <span class='ocrx_word' id='word_1_296' title='bbox 579 2432 835 2489; x_wconf 87' lang='lat' dir='ltr'><strong>dimissis</strong></span> <span class='ocrx_word' id='word_1_297' title='bbox 854 2432 1061 2501; x_wconf 79' lang='lat' dir='ltr'><strong>legatis</strong></span> <span class='ocrx_word' id='word_1_298' title='bbox 1079 2439 1138 2489; x_wconf 91' lang='lat' dir='ltr'><strong>et</strong></span> <span class='ocrx_word' id='word_1_299' title='bbox 1158 2435 1460 2491; x_wconf 89' lang='lat' dir='ltr'><strong>obsidibus</strong></span> <span class='ocrx_word' id='word_1_300' title='bbox 1483 2435 1772 2504; x_wconf 89' lang='lat' dir='ltr'><strong>utrimque</strong></span> <span class='ocrx_word' id='word_1_301' title='bbox 1798 2434 2155 2506; x_wconf 78' lang='lat' dir='ltr'><strong>[inissis’°&#39;”J,</strong></span> <span class='ocrx_word' id='word_1_302' title='bbox 2182 2451 2282 2491; x_wconf 80' lang='lat' dir='ltr'><strong>rex</strong></span> <span class='ocrx_word' id='word_1_303' title='bbox 2303 2436 2570 2491; x_wconf 89' lang='lat' dir='ltr'><strong>hilariter</strong></span> <span class='ocrx_word' id='word_1_304' title='bbox 2591 2436 2659 2491; x_wconf 90' lang='lat' dir='ltr'><strong>ad</strong></span> <span class='ocrx_word' id='word_1_305' title='bbox 2684 2436 2893 2490; x_wconf 91' lang='lat' dir='ltr'><strong>Urbem</strong></span> <span class='ocrx_word' id='word_1_306' title='bbox 2915 2434 3219 2505; x_wconf 86' lang='lat' dir='ltr'><strong>properat;</strong></span> <span class='ocrx_word' id='word_1_307' title='bbox 3241 2430 3487 2486; x_wconf 87' lang='lat' dir='ltr'><strong>domnus</strong></span> 
     </span>
    </p>
   </div>
   <div class='ocr_carea' id='block_1_25' title="bbox 81 2519 3337 2594">
    <p class='ocr_par' dir='ltr' id='par_1_25' title="bbox 81 2519 3337 2594">
     <span class='ocr_line' id='line_1_25' title="bbox 81 2519 3337 2594; baseline -0.001 -17"><span class='ocrx_word' id='word_1_308' title='bbox 81 2522 310 2593; x_wconf 87' lang='lat' dir='ltr'><strong>[autem</strong></span> <span class='ocrx_word' id='word_1_309' title='bbox 331 2519 444 2591; x_wconf 71' lang='lat' dir='ltr'><strong>’m]</strong></span> <span class='ocrx_word' id='word_1_310' title='bbox 479 2520 838 2593; x_wconf 84' lang='lat' dir='ltr'><strong>apostolicus</strong></span> <span class='ocrx_word' id='word_1_311' title='bbox 870 2536 999 2577; x_wconf 88' lang='lat' dir='ltr'><strong>cum</strong></span> <span class='ocrx_word' id='word_1_312' title='bbox 1029 2524 1178 2579; x_wconf 90' lang='lat' dir='ltr'><strong>omni</strong></span> <span class='ocrx_word' id='word_1_313' title='bbox 1212 2523 1370 2579; x_wconf 81' lang='lat' dir='ltr'><strong>clero</strong></span> <span class='ocrx_word' id='word_1_314' title='bbox 1406 2524 1574 2578; x_wconf 87' lang='lat' dir='ltr'><strong>immo</strong></span> <span class='ocrx_word' id='word_1_315' title='bbox 1606 2528 1723 2578; x_wconf 90' lang='lat' dir='ltr'><strong>tota</strong></span> <span class='ocrx_word' id='word_1_316' title='bbox 1756 2525 1929 2579; x_wconf 82' lang='lat' dir='ltr'><strong>Roma</strong></span> <span class='ocrx_word' id='word_1_317' title='bbox 1962 2540 2021 2578; x_wconf 90' lang='lat' dir='ltr'><strong>se</strong></span> <span class='ocrx_word' id='word_1_318' title='bbox 2054 2524 2106 2578; x_wconf 93' lang='lat' dir='ltr'><strong>in</strong></span> <span class='ocrx_word' id='word_1_319' title='bbox 2141 2524 2266 2592; x_wconf 82' lang='lat' dir='ltr'><strong>ejus</strong></span> <span class='ocrx_word' id='word_1_320' title='bbox 2299 2540 2607 2580; x_wconf 90' lang='lat' dir='ltr'><strong>occursum</strong></span> <span class='ocrx_word' id='word_1_321' title='bbox 2642 2524 2888 2579; x_wconf 87' lang='lat' dir='ltr'><strong>adornat</strong></span> <span class='ocrx_word' id='word_1_322' title='bbox 2919 2521 3107 2594; x_wconf 74' lang='lat' dir='ltr'><strong>(Febr.</strong></span> <span class='ocrx_word' id='word_1_323' title='bbox 3138 2522 3337 2591; x_wconf 79' lang='lat'><strong>11-12).</strong></span> 
     </span>
    </p>
   </div>
   <div class='ocr_carea' id='block_1_26' title="bbox 152 2609 3484 2682">
    <p class='ocr_par' dir='ltr' id='par_1_26' title="bbox 152 2609 3484 2682">
     <span class='ocr_line' id='line_1_26' title="bbox 152 2609 3484 2682; baseline -0.001 -17"><span class='ocrx_word' id='word_1_324' title='bbox 152 2612 301 2665; x_wconf 89' lang='lat' dir='ltr'><strong>Post</strong></span> <span class='ocrx_word' id='word_1_325' title='bbox 323 2609 443 2664; x_wconf 74' lang='lat' dir='ltr'><strong>hzee</strong></span> <span class='ocrx_word' id='word_1_326' title='bbox 471 2623 597 2679; x_wconf 62' lang='lat' dir='ltr'><strong>quae</strong></span> <span class='ocrx_word' id='word_1_327' title='bbox 622 2613 787 2678; x_wconf 87' lang='lat' dir='ltr'><strong>gesta</strong></span> <span class='ocrx_word' id='word_1_328' title='bbox 812 2615 966 2677; x_wconf 88' lang='lat' dir='ltr'><strong>sunt,</strong></span> <span class='ocrx_word' id='word_1_329' title='bbox 990 2610 1388 2679; x_wconf 81' lang='lat' dir='ltr'><strong>longissimum</strong></span> <span class='ocrx_word' id='word_1_330' title='bbox 1412 2617 1503 2667; x_wconf 89' lang='lat' dir='ltr'><strong>est</strong></span> <span class='ocrx_word' id='word_1_331' title='bbox 1524 2626 1828 2675; x_wconf 88' lang='lat' dir='ltr'><strong>enarrare;</strong></span> <span class='ocrx_word' id='word_1_332' title='bbox 1850 2616 2051 2682; x_wconf 84' lang='lat' dir='ltr'><strong>utpote</strong></span> <span class='ocrx_word' id='word_1_333' title='bbox 2078 2627 2247 2682; x_wconf 91' lang='lat' dir='ltr'><strong>quam</strong></span> <span class='ocrx_word' id='word_1_334' title='bbox 2274 2612 2546 2667; x_wconf 83' lang='lat' dir='ltr'><strong>immensa</strong></span> <span class='ocrx_word' id='word_1_335' title='bbox 2569 2612 3011 2667; x_wconf 80' lang='lat' dir='ltr'><strong>honorificentia</strong></span> <span class='ocrx_word' id='word_1_336' title='bbox 3035 2610 3112 2666; x_wconf 90' lang='lat' dir='ltr'><strong>sit</strong></span> <span class='ocrx_word' id='word_1_337' title='bbox 3135 2612 3407 2679; x_wconf 89' lang='lat' dir='ltr'><strong>receptus</strong></span> <span class='ocrx_word' id='word_1_338' title='bbox 3427 2610 3484 2663; x_wconf 89' lang='lat' dir='ltr'><strong>et</strong></span> 
     </span>
    </p>
   </div>
   <div class='ocr_carea' id='block_1_27' title="bbox 82 2697 3490 2770">
    <p class='ocr_par' dir='ltr' id='par_1_27' title="bbox 82 2697 3490 2770">
     <span class='ocr_line' id='line_1_27' title="bbox 82 2697 3490 2770; baseline -0.001 -15"><span class='ocrx_word' id='word_1_339' title='bbox 82 2714 193 2770; x_wconf 89' lang='lat' dir='ltr'><strong>per</strong></span> <span class='ocrx_word' id='word_1_340' title='bbox 223 2700 574 2767; x_wconf 80' lang='lat' dir='ltr'><strong>Argenteam</strong></span> <span class='ocrx_word' id='word_1_341' title='bbox 611 2702 834 2768; x_wconf 91' lang='lat' dir='ltr'><strong>portam</strong></span> <span class='ocrx_word' id='word_1_342' title='bbox 867 2714 1047 2769; x_wconf 88' lang='lat' dir='ltr'><strong>usque</strong></span> <span class='ocrx_word' id='word_1_343' title='bbox 1072 2700 1140 2755; x_wconf 89' lang='lat' dir='ltr'><strong>ad</strong></span> <span class='ocrx_word' id='word_1_344' title='bbox 1168 2701 1409 2756; x_wconf 86' lang='lat' dir='ltr'><strong>mediam</strong></span> <span class='ocrx_word' id='word_1_345' title='bbox 1446 2705 1629 2755; x_wconf 90' lang='lat' dir='ltr'><strong>rotam</strong></span> <span class='ocrx_word' id='word_1_346' title='bbox 1660 2700 1898 2770; x_wconf 76' lang='lat' dir='ltr'><strong>antiquo</strong></span> <span class='ocrx_word' id='word_1_347' title='bbox 1929 2701 2317 2756; x_wconf 82' lang='lat' dir='ltr'><strong>Romanorum</strong></span> <span class='ocrx_word' id='word_1_348' title='bbox 2337 2698 2431 2731; x_wconf 82' lang='grc'><strong>²⁰⁷⁹</strong></span> <span class='ocrx_word' id='word_1_349' title='bbox 2454 2700 2724 2756; x_wconf 89' lang='lat' dir='ltr'><strong>instituto</strong></span> <span class='ocrx_word' id='word_1_350' title='bbox 2762 2698 3073 2765; x_wconf 88' lang='lat' dir='ltr'><strong>deductus,</strong></span> <span class='ocrx_word' id='word_1_351' title='bbox 3100 2698 3295 2766; x_wconf 85' lang='lat' dir='ltr'><strong>ibique</strong></span> <span class='ocrx_word' id='word_1_352' title='bbox 3318 2697 3490 2751; x_wconf 81' lang='lat' dir='ltr'><strong>lectis</strong></span> 
     </span>
    </p>
   </div>
   <div class='ocr_carea' id='block_1_28' title="bbox 80 2783 3492 2861">
    <p class='ocr_par' dir='ltr' id='par_1_28' title="bbox 80 2783 3492 2861">
     <span class='ocr_line' id='line_1_28' title="bbox 80 2783 3492 2861; baseline -0.001 -18"><span class='ocrx_word' id='word_1_353' title='bbox 80 2787 325 2859; x_wconf 88' lang='lat' dir='ltr'><strong>publice</strong></span> <span class='ocrx_word' id='word_1_354' title='bbox 350 2787 694 2857; x_wconf 83' lang='lat' dir='ltr'><strong>privilegiis,</strong></span> <span class='ocrx_word' id='word_1_355' title='bbox 725 2788 1215 2845; x_wconf 90' lang='lat' dir='ltr'><strong>tumultuantibus</strong></span> <span class='ocrx_word' id='word_1_356' title='bbox 1238 2791 1293 2845; x_wconf 92' lang='lat' dir='ltr'><strong>in</strong></span> <span class='ocrx_word' id='word_1_357' title='bbox 1322 2790 1606 2847; x_wconf 84' lang='lat' dir='ltr'><strong>infinitum</strong></span> <span class='ocrx_word' id='word_1_358' title='bbox 1633 2790 1994 2861; x_wconf 86' lang='lat' dir='ltr'><strong>principibus</strong></span> <span class='ocrx_word' id='word_1_359' title='bbox 2017 2805 2118 2861; x_wconf 84' lang='lat' dir='ltr'><strong>pre</strong></span> <span class='ocrx_word' id='word_1_360' title='bbox 2141 2788 2235 2822; x_wconf 80' lang='grc'><strong>²⁰⁸⁰</strong></span> <span class='ocrx_word' id='word_1_361' title='bbox 2266 2789 2663 2845; x_wconf 71' lang='lat' dir='ltr'><strong>zecelesiarum</strong></span> <span class='ocrx_word' id='word_1_362' title='bbox 2686 2788 3033 2859; x_wconf 88' lang='lat' dir='ltr'><strong>spoliatione</strong></span> <span class='ocrx_word' id='word_1_363' title='bbox 3055 2800 3121 2841; x_wconf 91' lang='lat' dir='ltr'><strong>ac</strong></span> <span class='ocrx_word' id='word_1_364' title='bbox 3141 2783 3233 2817; x_wconf 79' lang='grc'><strong>²⁰⁸¹</strong></span> <span class='ocrx_word' id='word_1_365' title='bbox 3257 2799 3360 2856; x_wconf 87' lang='lat' dir='ltr'><strong>per</strong></span> <span class='ocrx_word' id='word_1_366' title='bbox 3382 2783 3492 2839; x_wconf 94' lang='lat' dir='ltr'><strong>hoc</strong></span> 
     </span>
    </p>
   </div>
   <div class='ocr_carea' id='block_1_29' title="bbox 86 2871 3494 2949">
    <p class='ocr_par' dir='ltr' id='par_1_29' title="bbox 86 2871 3494 2949">
     <span class='ocr_line' id='line_1_29' title="bbox 86 2871 3494 2949; baseline -0.001 -18"><span class='ocrx_word' id='word_1_367' title='bbox 86 2873 510 2931; x_wconf 85' lang='lat' dir='ltr'><strong>beneﬁciorum</strong></span> <span class='ocrx_word' id='word_1_368' title='bbox 536 2890 773 2933; x_wconf 88' lang='lat' dir='ltr'><strong>suorum</strong></span> <span class='ocrx_word' id='word_1_369' title='bbox 796 2876 1087 2933; x_wconf 89' lang='lat' dir='ltr'><strong>ablatione</strong></span> <span class='ocrx_word' id='word_1_370' title='bbox 1108 2877 1219 2949; x_wconf 69' lang='lat'><strong>’0”,</strong></span> <span class='ocrx_word' id='word_1_371' title='bbox 1247 2893 1415 2949; x_wconf 90' lang='lat' dir='ltr'><strong>quam</strong></span> <span class='ocrx_word' id='word_1_372' title='bbox 1443 2879 1657 2949; x_wconf 80' lang='lat' dir='ltr'><strong>ingenti</strong></span> <span class='ocrx_word' id='word_1_373' title='bbox 1684 2878 1965 2949; x_wconf 87' lang='lat' dir='ltr'><strong>periculo,</strong></span> <span class='ocrx_word' id='word_1_374' title='bbox 2003 2894 2173 2948; x_wconf 86' lang='lat' dir='ltr'><strong>quam</strong></span> <span class='ocrx_word' id='word_1_375' title='bbox 2196 2879 2354 2934; x_wconf 88' lang='lat' dir='ltr'><strong>varia</strong></span> <span class='ocrx_word' id='word_1_376' title='bbox 2376 2876 2470 2910; x_wconf 78' lang='grc'><strong>²⁰⁸³</strong></span> <span class='ocrx_word' id='word_1_377' title='bbox 2492 2876 2915 2947; x_wconf 87' lang='lat' dir='ltr'><strong>disceptatione</strong></span> <span class='ocrx_word' id='word_1_378' title='bbox 2944 2876 3062 2929; x_wconf 88' lang='lat' dir='ltr'><strong>tota</strong></span> <span class='ocrx_word' id='word_1_379' title='bbox 3088 2873 3214 2929; x_wconf 89' lang='lat' dir='ltr'><strong>dies</strong></span> <span class='ocrx_word' id='word_1_380' title='bbox 3237 2871 3333 2928; x_wconf 89' lang='lat' dir='ltr'><strong>illa</strong></span> <span class='ocrx_word' id='word_1_381' title='bbox 3359 2887 3494 2928; x_wconf 90' lang='lat' dir='ltr'><strong>con-</strong></span> 
     </span>
    </p>
   </div>
   <div class='ocr_carea' id='block_1_30' title="bbox 80 2961 3491 3039">
    <p class='ocr_par' dir='ltr' id='par_1_30' title="bbox 80 2961 3491 3039">
     <span class='ocr_line' id='line_1_30' title="bbox 80 2961 3491 3039; baseline -0.001 -18"><span class='ocrx_word' id='word_1_382' title='bbox 80 2969 322 3035; x_wconf 88' lang='lat' dir='ltr'><strong>sumpta</strong></span> <span class='ocrx_word' id='word_1_383' title='bbox 348 2963 444 3032; x_wconf 90' lang='lat' dir='ltr'><strong>sit,</strong></span> <span class='ocrx_word' id='word_1_384' title='bbox 471 2969 529 3019; x_wconf 91' lang='lat' dir='ltr'><strong>et</strong></span> <span class='ocrx_word' id='word_1_385' title='bbox 555 2966 847 3035; x_wconf 89' lang='lat' dir='ltr'><strong>postremo</strong></span> <span class='ocrx_word' id='word_1_386' title='bbox 879 2970 1041 3037; x_wconf 87' lang='lat' dir='ltr'><strong>pater</strong></span> <span class='ocrx_word' id='word_1_387' title='bbox 1075 2968 1431 3039; x_wconf 89' lang='lat' dir='ltr'><strong>apostolicus</strong></span> <span class='ocrx_word' id='word_1_388' title='bbox 1456 2968 1525 3023; x_wconf 92' lang='lat' dir='ltr'><strong>ab</strong></span> <span class='ocrx_word' id='word_1_389' title='bbox 1550 2968 1839 3039; x_wconf 81' lang='lat' dir='ltr'><strong>episcopis</strong></span> <span class='ocrx_word' id='word_1_390' title='bbox 1874 2972 1931 3022; x_wconf 89' lang='lat' dir='ltr'><strong>et</strong></span> <span class='ocrx_word' id='word_1_391' title='bbox 1963 2967 2092 3022; x_wconf 92' lang='lat' dir='ltr'><strong>aliis</strong></span> <span class='ocrx_word' id='word_1_392' title='bbox 2126 2967 2393 3022; x_wconf 70' lang='lat' dir='ltr'><strong>fidelibus</strong></span> <span class='ocrx_word' id='word_1_393' title='bbox 2423 2966 2577 3035; x_wconf 83' lang='lat' dir='ltr'><strong>regis</strong></span> <span class='ocrx_word' id='word_1_394' title='bbox 2606 2964 2798 3021; x_wconf 77' lang='lat' dir='ltr'><strong>sit’°“</strong></span> <span class='ocrx_word' id='word_1_395' title='bbox 2819 2963 3173 3033; x_wconf 90' lang='lat' dir='ltr'><strong>custoditus,</strong></span> <span class='ocrx_word' id='word_1_396' title='bbox 3207 2976 3388 3032; x_wconf 88' lang='lat' dir='ltr'><strong>usque</strong></span> <span class='ocrx_word' id='word_1_397' title='bbox 3420 2961 3491 3017; x_wconf 85' lang='lat' dir='ltr'><strong>ad</strong></span> 
     </span>
    </p>
   </div>
   <div class='ocr_carea' id='block_1_31' title="bbox 81 3048 3492 3127">
    <p class='ocr_par' dir='ltr' id='par_1_31' title="bbox 81 3048 3492 3127">
     <span class='ocr_line' id='line_1_31' title="bbox 81 3048 3492 3127; baseline -0.001 -19"><span class='ocrx_word' id='word_1_398' title='bbox 81 3057 359 3125; x_wconf 88' lang='lat' dir='ltr'><strong>pacatam</strong></span> <span class='ocrx_word' id='word_1_399' title='bbox 382 3057 442 3107; x_wconf 91' lang='lat' dir='ltr'><strong>et</strong></span> <span class='ocrx_word' id='word_1_400' title='bbox 463 3052 937 3110; x_wconf 77' lang='lat' dir='ltr'><strong>zecclesiastieam</strong></span> <span class='ocrx_word' id='word_1_401' title='bbox 968 3056 1466 3112; x_wconf 87' lang='lat' dir='ltr'><strong>consecrationem</strong></span> <span class='ocrx_word' id='word_1_402' title='bbox 1500 3056 1889 3127; x_wconf 88' lang='lat' dir='ltr'><strong>imperatoris,</strong></span> <span class='ocrx_word' id='word_1_403' title='bbox 1918 3057 1971 3111; x_wconf 91' lang='lat' dir='ltr'><strong>in</strong></span> <span class='ocrx_word' id='word_1_404' title='bbox 1997 3056 2322 3126; x_wconf 79' lang='lat' dir='ltr'><strong>exemplum</strong></span> <span class='ocrx_word' id='word_1_405' title='bbox 2349 3055 2695 3127; x_wconf 69' lang='lat' dir='ltr'><strong>patriarchae</strong></span> <span class='ocrx_word' id='word_1_406' title='bbox 2715 3052 2893 3110; x_wconf 83' lang='lat' dir='ltr'><strong>Jacob</strong></span> <span class='ocrx_word' id='word_1_407' title='bbox 2915 3052 3164 3108; x_wconf 90' lang='lat' dir='ltr'><strong>dicentis</strong></span> <span class='ocrx_word' id='word_1_408' title='bbox 3188 3050 3257 3107; x_wconf 87' lang='lat' dir='ltr'><strong>ad</strong></span> <span class='ocrx_word' id='word_1_409' title='bbox 3281 3048 3373 3083; x_wconf 76' lang='grc'><strong>²⁰⁸⁸</strong></span> <span class='ocrx_word' id='word_1_410' title='bbox 3396 3065 3492 3107; x_wconf 86' lang='lat' dir='ltr'><strong>an-</strong></span> 
     </span>
    </p>
   </div>
   <div class='ocr_carea' id='block_1_32' title="bbox 75 3139 3491 3215">
    <p class='ocr_par' dir='ltr' id='par_1_32' title="bbox 75 3139 3491 3215">
     <span class='ocr_line' id='line_1_32' title="bbox 75 3139 3491 3215; baseline -0.001 -18"><span class='ocrx_word' id='word_1_411' title='bbox 75 3140 283 3211; x_wconf 84' lang='lat' dir='ltr'><strong>gelum</strong></span> <span class='ocrx_word' id='word_1_412' title='bbox 309 3159 320 3194; x_wconf 94' lang='lat'>:</span> <span class='ocrx_word' id='word_1_413' title='bbox 348 3140 480 3197; x_wconf 79' lang='lat' dir='ltr'><strong>Non</strong></span> <span class='ocrx_word' id='word_1_414' title='bbox 511 3142 813 3198; x_wconf 78' lang='lat' dir='ltr'><strong>dimittam</strong></span> <span class='ocrx_word' id='word_1_415' title='bbox 843 3144 913 3212; x_wconf 82' lang='lat' dir='ltr'><strong>te,</strong></span> <span class='ocrx_word' id='word_1_416' title='bbox 948 3144 1070 3201; x_wconf 79' lang='lat' dir='ltr'><strong>nisi</strong></span> <span class='ocrx_word' id='word_1_417' title='bbox 1103 3143 1473 3202; x_wconf 41' lang='lat' dir='ltr'><strong>beneiiizeris</strong></span> <span class='ocrx_word' id='word_1_418' title='bbox 1502 3144 1687 3201; x_wconf 74' lang='lat' dir='ltr'><strong>michi</strong></span> <span class='ocrx_word' id='word_1_419' title='bbox 1720 3143 1883 3211; x_wconf 81' lang='lat' dir='ltr'><strong>(Gen.</strong></span> <span class='ocrx_word' id='word_1_420' title='bbox 1914 3160 2087 3211; x_wconf 82' lang='lat' dir='ltr'><strong>xxxu,</strong></span> <span class='ocrx_word' id='word_1_421' title='bbox 2112 3146 2201 3213; x_wconf 81' lang='lat'><strong>26)</strong></span> <span class='ocrx_word' id='word_1_422' title='bbox 2236 3144 2405 3215; x_wconf 88' lang='lat'><strong>(326).</strong></span> <span class='ocrx_word' id='word_1_423' title='bbox 2442 3176 2506 3184; x_wconf 66' lang='grc' dir='ltr'><strong>ο-</strong></span> <span class='ocrx_word' id='word_1_424' title='bbox 2541 3144 2639 3199; x_wconf 83' lang='lat' dir='ltr'><strong>His</strong></span> <span class='ocrx_word' id='word_1_425' title='bbox 2669 3143 2745 3199; x_wconf 91' lang='lat' dir='ltr'><strong>ita</strong></span> <span class='ocrx_word' id='word_1_426' title='bbox 2770 3143 2824 3198; x_wconf 93' lang='lat' dir='ltr'><strong>in</strong></span> <span class='ocrx_word' id='word_1_427' title='bbox 2847 3141 3140 3197; x_wconf 91' lang='lat' dir='ltr'><strong>Dominica</strong></span> <span class='ocrx_word' id='word_1_428' title='bbox 3172 3139 3491 3210; x_wconf 84' lang='lat' dir='ltr'><strong>quadrage-</strong></span> 
     </span>
    </p>
   </div>
   <div class='ocr_carea' id='block_1_33' title="bbox 71 3227 3489 3303">
    <p class='ocr_par' dir='ltr' id='par_1_33' title="bbox 71 3227 3489 3303">
     <span class='ocr_line' id='line_1_33' title="bbox 71 3227 3489 3303; baseline -0.001 -18"><span class='ocrx_word' id='word_1_429' title='bbox 71 3231 240 3286; x_wconf 75' lang='lat' dir='ltr'><strong>simae</strong></span> <span class='ocrx_word' id='word_1_430' title='bbox 274 3227 368 3261; x_wconf 79' lang='grc'><strong>²⁰³⁶</strong></span> <span class='ocrx_word' id='word_1_431' title='bbox 402 3228 549 3302; x_wconf 87' lang='lat'><strong>(327)</strong></span> <span class='ocrx_word' id='word_1_432' title='bbox 586 3232 917 3300; x_wconf 87' lang='lat' dir='ltr'><strong>transactis,</strong></span> <span class='ocrx_word' id='word_1_433' title='bbox 953 3233 1191 3288; x_wconf 74' lang='lat' dir='ltr'><strong>Romani</strong></span> <span class='ocrx_word' id='word_1_434' title='bbox 1225 3237 1345 3288; x_wconf 88' lang='lat' dir='ltr'><strong>tota</strong></span> <span class='ocrx_word' id='word_1_435' title='bbox 1381 3238 1548 3289; x_wconf 85' lang='lat' dir='ltr'><strong>nocte</strong></span> <span class='ocrx_word' id='word_1_436' title='bbox 1580 3234 1938 3302; x_wconf 76' lang='lat' dir='ltr'><strong>congregati,</strong></span> <span class='ocrx_word' id='word_1_437' title='bbox 1976 3250 2197 3290; x_wconf 90' lang='lat' dir='ltr'><strong>summo</strong></span> <span class='ocrx_word' id='word_1_438' title='bbox 2229 3248 2391 3289; x_wconf 88' lang='lat' dir='ltr'><strong>mane</strong></span> <span class='ocrx_word' id='word_1_439' title='bbox 2426 3234 2704 3303; x_wconf 82' lang='lat' dir='ltr'><strong>impetum</strong></span> <span class='ocrx_word' id='word_1_440' title='bbox 2745 3231 3001 3301; x_wconf 89' lang='lat' dir='ltr'><strong>undique</strong></span> <span class='ocrx_word' id='word_1_441' title='bbox 3022 3228 3113 3262; x_wconf 71' lang='grc'><strong>’(³⁸⁸⁷</strong></span> <span class='ocrx_word' id='word_1_442' title='bbox 3143 3230 3403 3285; x_wconf 88' lang='lat' dir='ltr'><strong>fecerunt</strong></span> <span class='ocrx_word' id='word_1_443' title='bbox 3434 3228 3489 3282; x_wconf 91' lang='lat' dir='ltr'><strong>in</strong></span> 
     </span>
    </p>
   </div>
   <div class='ocr_carea' id='block_1_34' title="bbox 75 3318 3491 3394">
    <p class='ocr_par' dir='ltr' id='par_1_34' title="bbox 75 3318 3491 3394">
     <span class='ocr_line' id='line_1_34' title="bbox 75 3318 3491 3394; baseline -0.001 -19"><span class='ocrx_word' id='word_1_444' title='bbox 75 3318 412 3375; x_wconf 76' lang='lat' dir='ltr'><strong>exercitum</strong></span> <span class='ocrx_word' id='word_1_445' title='bbox 447 3318 617 3388; x_wconf 85' lang='lat' dir='ltr'><strong>regis,</strong></span> <span class='ocrx_word' id='word_1_446' title='bbox 662 3319 805 3375; x_wconf 87' lang='lat' dir='ltr'><strong>adeo</strong></span> <span class='ocrx_word' id='word_1_447' title='bbox 835 3325 914 3389; x_wconf 91' lang='lat' dir='ltr'><strong>ut,</strong></span> <span class='ocrx_word' id='word_1_448' title='bbox 958 3321 1262 3376; x_wconf 90' lang='lat' dir='ltr'><strong>commissa</strong></span> <span class='ocrx_word' id='word_1_449' title='bbox 1294 3320 1387 3353; x_wconf 81' lang='grc'><strong>²⁰⁸⁸</strong></span> <span class='ocrx_word' id='word_1_450' title='bbox 1419 3321 1754 3393; x_wconf 89' lang='lat' dir='ltr'><strong>aliquandiu</strong></span> <span class='ocrx_word' id='word_1_451' title='bbox 1791 3338 1977 3393; x_wconf 86' lang='lat' dir='ltr'><strong>pugna</strong></span> <span class='ocrx_word' id='word_1_452' title='bbox 2011 3321 2198 3392; x_wconf 82' lang='lat' dir='ltr'><strong>(Febr.</strong></span> <span class='ocrx_word' id='word_1_453' title='bbox 2238 3328 2347 3394; x_wconf 88' lang='grc'>13),</span> <span class='ocrx_word' id='word_1_454' title='bbox 2381 3336 2572 3391; x_wconf 84' lang='lat' dir='ltr'><strong>regem</strong></span> <span class='ocrx_word' id='word_1_455' title='bbox 2609 3337 2709 3393; x_wconf 88' lang='lat' dir='ltr'><strong>per</strong></span> <span class='ocrx_word' id='word_1_456' title='bbox 2738 3336 2803 3376; x_wconf 90' lang='lat' dir='ltr'><strong>se</strong></span> <span class='ocrx_word' id='word_1_457' title='bbox 2838 3320 3024 3391; x_wconf 90' lang='lat' dir='ltr'><strong>ipsum</strong></span> <span class='ocrx_word' id='word_1_458' title='bbox 3058 3332 3298 3374; x_wconf 88' lang='lat' dir='ltr'><strong>necesse</strong></span> <span class='ocrx_word' id='word_1_459' title='bbox 3330 3320 3491 3372; x_wconf 85' lang='lat' dir='ltr'><strong>esset</strong></span> 
     </span>
    </p>
   </div>
   <div class='ocr_carea' id='block_1_35' title="bbox 76 3403 3490 3481">
    <p class='ocr_par' dir='ltr' id='par_1_35' title="bbox 76 3403 3490 3481">
     <span class='ocr_line' id='line_1_35' title="bbox 76 3403 3490 3481; baseline -0.001 -18"><span class='ocrx_word' id='word_1_460' title='bbox 76 3406 375 3463; x_wconf 83' lang='lat' dir='ltr'><strong>exercitui</strong></span> <span class='ocrx_word' id='word_1_461' title='bbox 404 3420 780 3474; x_wconf 89' lang='lat' dir='ltr'><strong>succurrere;</strong></span> <span class='ocrx_word' id='word_1_462' title='bbox 816 3409 966 3478; x_wconf 89' lang='lat' dir='ltr'><strong>quod</strong></span> <span class='ocrx_word' id='word_1_463' title='bbox 989 3414 1048 3465; x_wconf 90' lang='lat' dir='ltr'><strong>et</strong></span> <span class='ocrx_word' id='word_1_464' title='bbox 1073 3409 1316 3480; x_wconf 81' lang='lat' dir='ltr'><strong>impigre</strong></span> <span class='ocrx_word' id='word_1_465' title='bbox 1350 3411 1502 3481; x_wconf 91' lang='lat' dir='ltr'><strong>fecit,</strong></span> <span class='ocrx_word' id='word_1_466' title='bbox 1533 3415 1589 3466; x_wconf 89' lang='lat' dir='ltr'><strong>et</strong></span> <span class='ocrx_word' id='word_1_467' title='bbox 1619 3425 1802 3481; x_wconf 83' lang='lat' dir='ltr'><strong>usque</strong></span> <span class='ocrx_word' id='word_1_468' title='bbox 1824 3411 1893 3466; x_wconf 88' lang='lat' dir='ltr'><strong>ad</strong></span> <span class='ocrx_word' id='word_1_469' title='bbox 1919 3412 2254 3467; x_wconf 90' lang='lat' dir='ltr'><strong>inclinatam</strong></span> <span class='ocrx_word' id='word_1_470' title='bbox 2280 3412 2396 3481; x_wconf 86' lang='lat' dir='ltr'><strong>jam</strong></span> <span class='ocrx_word' id='word_1_471' title='bbox 2430 3411 2579 3466; x_wconf 88' lang='lat' dir='ltr'><strong>diem</strong></span> <span class='ocrx_word' id='word_1_472' title='bbox 2616 3410 2920 3465; x_wconf 69' lang='lat' dir='ltr'><strong>fortissimi</strong></span> <span class='ocrx_word' id='word_1_473' title='bbox 2964 3408 3165 3463; x_wconf 87' lang='lat' dir='ltr'><strong>militis</strong></span> <span class='ocrx_word' id='word_1_474' title='bbox 3194 3410 3254 3461; x_wconf 90' lang='lat' dir='ltr'><strong>et</strong></span> <span class='ocrx_word' id='word_1_475' title='bbox 3285 3403 3490 3477; x_wconf 89' lang='lat' dir='ltr'><strong>optimi</strong></span> 
     </span>
    </p>
   </div>
   <div class='ocr_carea' id='block_1_36' title="bbox 78 3495 3203 3570">
    <p class='ocr_par' dir='ltr' id='par_1_36' title="bbox 78 3495 3203 3570">
     <span class='ocr_line' id='line_1_36' title="bbox 78 3495 3203 3570; baseline -0.001 -19"><span class='ocrx_word' id='word_1_476' title='bbox 78 3495 258 3551; x_wconf 90' lang='lat' dir='ltr'><strong>ducis</strong></span> <span class='ocrx_word' id='word_1_477' title='bbox 288 3510 439 3566; x_wconf 89' lang='lat' dir='ltr'><strong>opus</strong></span> <span class='ocrx_word' id='word_1_478' title='bbox 468 3510 662 3566; x_wconf 83' lang='lat' dir='ltr'><strong>agens,</strong></span> <span class='ocrx_word' id='word_1_479' title='bbox 696 3497 794 3551; x_wconf 88' lang='lat' dir='ltr'><strong>Dei</strong></span> <span class='ocrx_word' id='word_1_480' title='bbox 824 3497 1011 3566; x_wconf 83' lang='lat' dir='ltr'><strong>gratia</strong></span> <span class='ocrx_word' id='word_1_481' title='bbox 1044 3497 1167 3554; x_wconf 91' lang='lat' dir='ltr'><strong>suis</strong></span> <span class='ocrx_word' id='word_1_482' title='bbox 1201 3498 1526 3567; x_wconf 89' lang='lat' dir='ltr'><strong>victoriam,</strong></span> <span class='ocrx_word' id='word_1_483' title='bbox 1570 3499 1836 3555; x_wconf 85' lang='lat' dir='ltr'><strong>hostibus</strong></span> <span class='ocrx_word' id='word_1_484' title='bbox 1876 3506 2004 3570; x_wconf 89' lang='lat' dir='ltr'><strong>post</strong></span> <span class='ocrx_word' id='word_1_485' title='bbox 2036 3501 2272 3556; x_wconf 89' lang='lat' dir='ltr'><strong>multam</strong></span> <span class='ocrx_word' id='word_1_486' title='bbox 2304 3499 2397 3533; x_wconf 80' lang='grc'><strong>²⁰⁸⁹</strong></span> <span class='ocrx_word' id='word_1_487' title='bbox 2429 3505 2683 3569; x_wconf 87' lang='lat' dir='ltr'><strong>stragem</strong></span> <span class='ocrx_word' id='word_1_488' title='bbox 2718 3500 2907 3568; x_wconf 83' lang='lat' dir='ltr'><strong>fugam</strong></span> <span class='ocrx_word' id='word_1_489' title='bbox 2942 3495 3203 3552; x_wconf 90' lang='lat' dir='ltr'><strong>incussit.</strong></span> 
     </span>
    </p>
   </div>
   <div class='ocr_carea' id='block_1_37' title="bbox 158 3582 3491 3658">
    <p class='ocr_par' dir='ltr' id='par_1_37' title="bbox 158 3582 3491 3658">
     <span class='ocr_line' id='line_1_37' title="bbox 158 3582 3491 3658; baseline -0 -20"><span class='ocrx_word' id='word_1_490' title='bbox 158 3584 303 3638; x_wconf 88' lang='lat' dir='ltr'><strong>Post</strong></span> <span class='ocrx_word' id='word_1_491' title='bbox 338 3582 591 3638; x_wconf 90' lang='lat' dir='ltr'><strong>triduum</strong></span> <span class='ocrx_word' id='word_1_492' title='bbox 625 3585 798 3639; x_wconf 86' lang='lat' dir='ltr'><strong>Roma</strong></span> <span class='ocrx_word' id='word_1_493' title='bbox 819 3584 914 3617; x_wconf 80' lang='grc'><strong>²⁰⁹⁰</strong></span> <span class='ocrx_word' id='word_1_494' title='bbox 936 3586 1217 3641; x_wconf 85' lang='lat' dir='ltr'><strong>secedens</strong></span> <span class='ocrx_word' id='word_1_495' title='bbox 1250 3585 1438 3655; x_wconf 82' lang='lat' dir='ltr'><strong>(Febr.</strong></span> <span class='ocrx_word' id='word_1_496' title='bbox 1470 3587 1577 3657; x_wconf 74' lang='lat' dir='ltr'><strong>lli),</strong></span> <span class='ocrx_word' id='word_1_497' title='bbox 1612 3586 1881 3642; x_wconf 88' lang='lat' dir='ltr'><strong>domuum</strong></span> <span class='ocrx_word' id='word_1_498' title='bbox 1906 3588 2290 3658; x_wconf 84' lang='lat' dir='ltr'><strong>apostolicum</strong></span> <span class='ocrx_word' id='word_1_499' title='bbox 2316 3603 2509 3644; x_wconf 87' lang='lat' dir='ltr'><strong>secum</strong></span> <span class='ocrx_word' id='word_1_500' title='bbox 2534 3587 2719 3657; x_wconf 80' lang='lat' dir='ltr'><strong>duxit,</strong></span> <span class='ocrx_word' id='word_1_501' title='bbox 2745 3592 2803 3642; x_wconf 92' lang='lat' dir='ltr'><strong>et</strong></span> <span class='ocrx_word' id='word_1_502' title='bbox 2826 3601 2895 3642; x_wconf 91' lang='lat' dir='ltr'><strong>eo</strong></span> <span class='ocrx_word' id='word_1_503' title='bbox 2920 3600 3031 3655; x_wconf 89' lang='lat' dir='ltr'><strong>quo</strong></span> <span class='ocrx_word' id='word_1_504' title='bbox 3059 3583 3253 3654; x_wconf 91' lang='lat' dir='ltr'><strong>potuit</strong></span> <span class='ocrx_word' id='word_1_505' title='bbox 3274 3582 3491 3637; x_wconf 91' lang='lat' dir='ltr'><strong>honore</strong></span> 
     </span>
    </p>
   </div>
   <div class='ocr_carea' id='block_1_38' title="bbox 81 3670 3491 3746">
    <p class='ocr_par' dir='ltr' id='par_1_38' title="bbox 81 3670 3491 3746">
     <span class='ocr_line' id='line_1_38' title="bbox 81 3670 3491 3746; baseline -0.001 -20"><span class='ocrx_word' id='word_1_506' title='bbox 81 3670 306 3738; x_wconf 88' lang='lat' dir='ltr'><strong>tenuit,</strong></span> <span class='ocrx_word' id='word_1_507' title='bbox 333 3671 537 3742; x_wconf 84' lang='lat' dir='ltr'><strong>donec,</strong></span> <span class='ocrx_word' id='word_1_508' title='bbox 561 3673 904 3745; x_wconf 87' lang='lat' dir='ltr'><strong>compositis</strong></span> <span class='ocrx_word' id='word_1_509' title='bbox 929 3689 1055 3744; x_wconf 62' lang='lat' dir='ltr'><strong>quae</strong></span> <span class='ocrx_word' id='word_1_510' title='bbox 1081 3689 1172 3729; x_wconf 90' lang='lat' dir='ltr'><strong>res</strong></span> <span class='ocrx_word' id='word_1_511' title='bbox 1197 3675 1474 3745; x_wconf 89' lang='lat' dir='ltr'><strong>poscebat</strong></span> <span class='ocrx_word' id='word_1_512' title='bbox 1498 3689 1597 3746; x_wconf 91' lang='lat' dir='ltr'><strong>per</strong></span> <span class='ocrx_word' id='word_1_513' title='bbox 1620 3676 1887 3744; x_wconf 86' lang='lat' dir='ltr'><strong>regiones</strong></span> <span class='ocrx_word' id='word_1_514' title='bbox 1915 3676 2192 3745; x_wconf 88' lang='lat' dir='ltr'><strong>negociis,</strong></span> <span class='ocrx_word' id='word_1_515' title='bbox 2224 3676 2443 3746; x_wconf 88' lang='lat' dir='ltr'><strong>pacatis</strong></span> <span class='ocrx_word' id='word_1_516' title='bbox 2462 3674 2552 3707; x_wconf 78' lang='grc' dir='ltr'><strong>²⁰⁹ί</strong></span> <span class='ocrx_word' id='word_1_517' title='bbox 2572 3676 2841 3730; x_wconf 88' lang='lat' dir='ltr'><strong>omnibus</strong></span> <span class='ocrx_word' id='word_1_518' title='bbox 2862 3671 3235 3738; x_wconf 89' lang='lat' dir='ltr'><strong>adversariis,</strong></span> <span class='ocrx_word' id='word_1_519' title='bbox 3264 3670 3491 3725; x_wconf 88' lang='lat' dir='ltr'><strong>instans</strong></span> 
     </span>
    </p>
   </div>
   <div class='ocr_carea' id='block_1_39' title="bbox 85 3757 3491 3835">
    <p class='ocr_par' dir='ltr' id='par_1_39' title="bbox 85 3757 3491 3835">
     <span class='ocr_line' id='line_1_39' title="bbox 85 3757 3491 3835; baseline -0.002 -18"><span class='ocrx_word' id='word_1_520' title='bbox 85 3760 316 3817; x_wconf 87' lang='lat' dir='ltr'><strong>Pascha</strong></span> <span class='ocrx_word' id='word_1_521' title='bbox 342 3774 453 3816; x_wconf 91' lang='lat' dir='ltr'><strong>non</strong></span> <span class='ocrx_word' id='word_1_522' title='bbox 480 3759 649 3831; x_wconf 83' lang='lat' dir='ltr'><strong>longe</strong></span> <span class='ocrx_word' id='word_1_523' title='bbox 682 3762 752 3816; x_wconf 88' lang='lat' dir='ltr'><strong>ab</strong></span> <span class='ocrx_word' id='word_1_524' title='bbox 782 3762 933 3817; x_wconf 90' lang='lat' dir='ltr'><strong>Urbe</strong></span> <span class='ocrx_word' id='word_1_525' title='bbox 966 3762 1022 3817; x_wconf 91' lang='lat' dir='ltr'><strong>in</strong></span> <span class='ocrx_word' id='word_1_526' title='bbox 1054 3762 1265 3818; x_wconf 87' lang='lat' dir='ltr'><strong>castris</strong></span> <span class='ocrx_word' id='word_1_527' title='bbox 1297 3761 1617 3818; x_wconf 84' lang='lat' dir='ltr'><strong>celebravit</strong></span> <span class='ocrx_word' id='word_1_528' title='bbox 1652 3764 1813 3834; x_wconf 75' lang='lat' dir='ltr'><strong>(Apr.</strong></span> <span class='ocrx_word' id='word_1_529' title='bbox 1841 3766 1926 3835; x_wconf 90' lang='lat'><strong>2);</strong></span> <span class='ocrx_word' id='word_1_530' title='bbox 1961 3763 2155 3833; x_wconf 88' lang='lat' dir='ltr'><strong>ibique</strong></span> <span class='ocrx_word' id='word_1_531' title='bbox 2185 3762 2405 3819; x_wconf 88' lang='lat' dir='ltr'><strong>sedatis</strong></span> <span class='ocrx_word' id='word_1_532' title='bbox 2430 3763 2581 3817; x_wconf 81' lang='lat' dir='ltr'><strong>inter</strong></span> <span class='ocrx_word' id='word_1_533' title='bbox 2602 3763 2788 3833; x_wconf 87' lang='lat' dir='ltr'><strong>ipsum</strong></span> <span class='ocrx_word' id='word_1_534' title='bbox 2812 3765 2871 3815; x_wconf 90' lang='lat' dir='ltr'><strong>et</strong></span> <span class='ocrx_word' id='word_1_535' title='bbox 2894 3758 3298 3831; x_wconf 86' lang='lat' dir='ltr'><strong>apostolicum,</strong></span> <span class='ocrx_word' id='word_1_536' title='bbox 3337 3757 3491 3811; x_wconf 91' lang='lat' dir='ltr'><strong>inter</strong></span> 
     </span>
    </p>
   </div>
   <div class='ocr_carea' id='block_1_40' title="bbox 87 3843 3488 3922">
    <p class='ocr_par' dir='ltr' id='par_1_40' title="bbox 87 3843 3488 3922">
     <span class='ocr_line' id='line_1_40' title="bbox 87 3843 3488 3922; baseline -0.002 -17"><span class='ocrx_word' id='word_1_537' title='bbox 87 3864 336 3919; x_wconf 82' lang='lat' dir='ltr'><strong>regnum</strong></span> <span class='ocrx_word' id='word_1_538' title='bbox 369 3853 427 3904; x_wconf 90' lang='lat' dir='ltr'><strong>et</strong></span> <span class='ocrx_word' id='word_1_539' title='bbox 459 3848 868 3920; x_wconf 86' lang='lat' dir='ltr'><strong>sacerdotium,</strong></span> <span class='ocrx_word' id='word_1_540' title='bbox 909 3850 1371 3906; x_wconf 84' lang='lat' dir='ltr'><strong>dissensionibus</strong></span> <span class='ocrx_word' id='word_1_541' title='bbox 1401 3850 1491 3883; x_wconf 79' lang='grc'><strong>²⁰⁹²</strong></span> <span class='ocrx_word' id='word_1_542' title='bbox 1525 3850 1885 3915; x_wconf 85' lang='lat' dir='ltr'><strong>inveteratis,</strong></span> <span class='ocrx_word' id='word_1_543' title='bbox 1922 3858 2052 3922; x_wconf 92' lang='lat' dir='ltr'><strong>post</strong></span> <span class='ocrx_word' id='word_1_544' title='bbox 2088 3859 2326 3906; x_wconf 80' lang='lat' dir='ltr'><strong>octavas</strong></span> <span class='ocrx_word' id='word_1_545' title='bbox 2364 3850 2595 3920; x_wconf 64' lang='lat' dir='ltr'><strong>pascha:</strong></span> <span class='ocrx_word' id='word_1_546' title='bbox 2629 3864 2758 3904; x_wconf 90' lang='lat' dir='ltr'><strong>cum</strong></span> <span class='ocrx_word' id='word_1_547' title='bbox 2792 3847 2966 3902; x_wconf 91' lang='lat' dir='ltr'><strong>nimio</strong></span> <span class='ocrx_word' id='word_1_548' title='bbox 3009 3844 3206 3915; x_wconf 82' lang='lat' dir='ltr'><strong>pepuli</strong></span> <span class='ocrx_word' id='word_1_549' title='bbox 3248 3843 3488 3899; x_wconf 87' lang='lat' dir='ltr'><strong>Romani</strong></span> 
     </span>
    </p>
   </div>
   <div class='ocr_carea' id='block_1_41' title="bbox 86 3930 3489 4010">
    <p class='ocr_par' dir='ltr' id='par_1_41' title="bbox 86 3930 3489 4010">
     <span class='ocr_line' id='line_1_41' title="bbox 86 3930 3489 4010; baseline -0.003 -16"><span class='ocrx_word' id='word_1_550' title='bbox 86 3940 269 3994; x_wconf 87' lang='lat' dir='ltr'><strong>immo</strong></span> <span class='ocrx_word' id='word_1_551' title='bbox 299 3937 484 3993; x_wconf 87' lang='lat' dir='ltr'><strong>totius</strong></span> <span class='ocrx_word' id='word_1_552' title='bbox 510 3938 791 3995; x_wconf 77' lang='lat' dir='ltr'><strong>aecclcsize</strong></span> <span class='ocrx_word' id='word_1_553' title='bbox 815 3954 880 3995; x_wconf 91' lang='lat' dir='ltr'><strong>ac</strong></span> <span class='ocrx_word' id='word_1_554' title='bbox 906 3939 1315 3995; x_wconf 83' lang='lat' dir='ltr'><strong>inestimabilis</strong></span> <span class='ocrx_word' id='word_1_555' title='bbox 1344 3940 1643 3996; x_wconf 78' lang='lat' dir='ltr'><strong>exercitus</strong></span> <span class='ocrx_word' id='word_1_556' title='bbox 1675 3939 1955 4010; x_wconf 87' lang='lat' dir='ltr'><strong>tripudio,</strong></span> <span class='ocrx_word' id='word_1_557' title='bbox 1984 3944 2115 3994; x_wconf 90' lang='lat' dir='ltr'><strong>ante</strong></span> <span class='ocrx_word' id='word_1_558' title='bbox 2138 3939 2558 3994; x_wconf 72' lang='lat' dir='ltr'><strong>confessionem</strong></span> <span class='ocrx_word' id='word_1_559' title='bbox 2591 3936 2773 3992; x_wconf 85' lang='lat' dir='ltr'><strong>sancti</strong></span> <span class='ocrx_word' id='word_1_560' title='bbox 2810 3935 2988 4005; x_wconf 82' lang='lat' dir='ltr'><strong>Petri,</strong></span> <span class='ocrx_word' id='word_1_561' title='bbox 3020 3930 3253 4003; x_wconf 83' lang='lat' dir='ltr'><strong>augusti</strong></span> <span class='ocrx_word' id='word_1_562' title='bbox 3282 3944 3489 3987; x_wconf 88' lang='lat' dir='ltr'><strong>nomen</strong></span> 
     </span>
    </p>
   </div>
   <div class='ocr_carea' id='block_1_42' title="bbox 85 4023 3485 4100">
    <p class='ocr_par' dir='ltr' id='par_1_42' title="bbox 85 4023 3485 4100">
     <span class='ocr_line' id='line_1_42' title="bbox 85 4023 3485 4100; baseline -0.003 -15"><span class='ocrx_word' id='word_1_563' title='bbox 85 4032 151 4085; x_wconf 90' lang='lat' dir='ltr'><strong>et</strong></span> <span class='ocrx_word' id='word_1_564' title='bbox 177 4026 480 4098; x_wconf 86' lang='lat' dir='ltr'><strong>imperium</strong></span> <span class='ocrx_word' id='word_1_565' title='bbox 506 4040 534 4082; x_wconf 89' lang='lat' dir='ltr'><strong>a</strong></span> <span class='ocrx_word' id='word_1_566' title='bbox 560 4026 812 4098; x_wconf 89' lang='lat' dir='ltr'><strong>Christo,</strong></span> <span class='ocrx_word' id='word_1_567' title='bbox 840 4028 961 4100; x_wconf 90' lang='lat' dir='ltr'><strong>ipse</strong></span> <span class='ocrx_word' id='word_1_568' title='bbox 980 4028 1073 4061; x_wconf 72' lang='grc' dir='ltr'><strong>²θ⁰³</strong></span> <span class='ocrx_word' id='word_1_569' title='bbox 1094 4028 1369 4083; x_wconf 87' lang='lat' dir='ltr'><strong>crismate</strong></span> <span class='ocrx_word' id='word_1_570' title='bbox 1397 4028 1505 4084; x_wconf 88' lang='lat' dir='ltr'><strong>rite</strong></span> <span class='ocrx_word' id='word_1_571' title='bbox 1535 4033 1852 4099; x_wconf 87' lang='lat' dir='ltr'><strong>perunctus</strong></span> <span class='ocrx_word' id='word_1_572' title='bbox 1875 4034 1929 4084; x_wconf 92' lang='lat' dir='ltr'><strong>et</strong></span> <span class='ocrx_word' id='word_1_573' title='bbox 1958 4032 2220 4083; x_wconf 48' lang='lat' dir='ltr'><strong>sacratus</strong></span> <span class='ocrx_word' id='word_1_574' title='bbox 2243 4030 2298 4083; x_wconf 92' lang='lat' dir='ltr'><strong>et</strong></span> <span class='ocrx_word' id='word_1_575' title='bbox 2325 4028 2434 4083; x_wconf 90' lang='lat' dir='ltr'><strong>sub</strong></span> <span class='ocrx_word' id='word_1_576' title='bbox 2463 4024 2874 4095; x_wconf 88' lang='lat' dir='ltr'><strong>augustissima</strong></span> <span class='ocrx_word' id='word_1_577' title='bbox 2906 4036 3114 4095; x_wconf 88' lang='lat' dir='ltr'><strong>pompa</strong></span> <span class='ocrx_word' id='word_1_578' title='bbox 3146 4023 3485 4089; x_wconf 90' lang='lat' dir='ltr'><strong>coronatus,</strong></span> 
     </span>
    </p>
   </div>
   <div class='ocr_carea' id='block_1_43' title="bbox 88 4108 3492 4187">
    <p class='ocr_par' dir='ltr' id='par_1_43' title="bbox 88 4108 3492 4187">
     <span class='ocr_line' id='line_1_43' title="bbox 88 4108 3492 4187; baseline -0.003 -14"><span class='ocrx_word' id='word_1_579' title='bbox 88 4115 355 4187; x_wconf 88' lang='lat' dir='ltr'><strong>suscepit</strong></span> <span class='ocrx_word' id='word_1_580' title='bbox 382 4113 543 4187; x_wconf 76' lang='lat' dir='ltr'><strong>(Apr.</strong></span> <span class='ocrx_word' id='word_1_581' title='bbox 570 4115 686 4186; x_wconf 80' lang='lat' dir='ltr'><strong>t3);</strong></span> <span class='ocrx_word' id='word_1_582' title='bbox 713 4115 907 4187; x_wconf 88' lang='lat' dir='ltr'><strong>[sicuti</strong></span> <span class='ocrx_word' id='word_1_583' title='bbox 935 4116 1100 4171; x_wconf 70' lang='lat' dir='ltr'><strong>nobis</strong></span> <span class='ocrx_word' id='word_1_584' title='bbox 1124 4120 1259 4171; x_wconf 90' lang='lat' dir='ltr'><strong>tunc</strong></span> <span class='ocrx_word' id='word_1_585' title='bbox 1287 4116 1424 4171; x_wconf 89' lang='lat' dir='ltr'><strong>inibi</strong></span> <span class='ocrx_word' id='word_1_586' title='bbox 1450 4120 1753 4187; x_wconf 84' lang='lat' dir='ltr'><strong>presentes</strong></span> <span class='ocrx_word' id='word_1_587' title='bbox 1778 4117 2090 4180; x_wconf 68' lang='lat' dir='ltr'><strong>affirmant;</strong></span> <span class='ocrx_word' id='word_1_588' title='bbox 2117 4116 2379 4187; x_wconf 90' lang='lat' dir='ltr'><strong>quamvis</strong></span> <span class='ocrx_word' id='word_1_589' title='bbox 2400 4112 2660 4170; x_wconf 79' lang='lat' dir='ltr'><strong>nonnulli</strong></span> <span class='ocrx_word' id='word_1_590' title='bbox 2689 4113 2857 4182; x_wconf 86' lang='lat' dir='ltr'><strong>longe</strong></span> <span class='ocrx_word' id='word_1_591' title='bbox 2882 4112 3053 4167; x_wconf 89' lang='lat' dir='ltr'><strong>aliter</strong></span> <span class='ocrx_word' id='word_1_592' title='bbox 3079 4110 3209 4165; x_wconf 91' lang='lat' dir='ltr'><strong>inde</strong></span> <span class='ocrx_word' id='word_1_593' title='bbox 3235 4108 3492 4163; x_wconf 78' lang='lat' dir='ltr'><strong>sentiant</strong></span> 
     </span>
    </p>
   </div>
   <div class='ocr_carea' id='block_1_44' title="bbox 88 4196 3496 4277">
    <p class='ocr_par' dir='ltr' id='par_1_44' title="bbox 88 4196 3496 4277">
     <span class='ocr_line' id='line_1_44' title="bbox 88 4196 3496 4277; baseline -0.003 -16"><span class='ocrx_word' id='word_1_594' title='bbox 88 4206 154 4261; x_wconf 77' lang='grc' dir='ltr'>ε.</span> <span class='ocrx_word' id='word_1_595' title='bbox 188 4203 305 4274; x_wconf 65' lang='lat' dir='ltr'><strong>&quot;‘P‘J</strong></span> <span class='ocrx_word' id='word_1_596' title='bbox 340 4202 477 4258; x_wconf 87' lang='lat' dir='ltr'><strong>dato</strong></span> <span class='ocrx_word' id='word_1_597' title='bbox 506 4202 619 4259; x_wconf 89' lang='lat' dir='ltr'><strong>sibi</strong></span> <span class='ocrx_word' id='word_1_598' title='bbox 650 4204 929 4275; x_wconf 89' lang='lat' dir='ltr'><strong>[Donatus</strong></span> <span class='ocrx_word' id='word_1_599' title='bbox 950 4210 1042 4260; x_wconf 90' lang='lat' dir='ltr'><strong>est</strong></span> <span class='ocrx_word' id='word_1_600' title='bbox 1064 4209 1238 4260; x_wconf 80' lang='lat' dir='ltr'><strong>etiam</strong></span> <span class='ocrx_word' id='word_1_601' title='bbox 1266 4206 1356 4264; x_wconf 65' lang='grc' dir='ltr'><strong>ΕΛ</strong></span> <span class='ocrx_word' id='word_1_602' title='bbox 1394 4204 1445 4259; x_wconf 93' lang='lat' dir='ltr'><strong>in</strong></span> <span class='ocrx_word' id='word_1_603' title='bbox 1481 4205 1733 4275; x_wconf 80' lang='lat' dir='ltr'><strong>presenti</strong></span> <span class='ocrx_word' id='word_1_604' title='bbox 1770 4219 1871 4277; x_wconf 90' lang='lat' dir='ltr'><strong>per</strong></span> <span class='ocrx_word' id='word_1_605' title='bbox 1905 4218 2129 4260; x_wconf 88' lang='lat' dir='ltr'><strong>manum</strong></span> <span class='ocrx_word' id='word_1_606' title='bbox 2163 4202 2472 4273; x_wconf 88' lang='lat' dir='ltr'><strong>apostolici</strong></span> <span class='ocrx_word' id='word_1_607' title='bbox 2504 4203 2612 4258; x_wconf 90' lang='lat' dir='ltr'><strong>sub</strong></span> <span class='ocrx_word' id='word_1_608' title='bbox 2645 4201 2982 4258; x_wconf 87' lang='lat' dir='ltr'><strong>testimonio</strong></span> <span class='ocrx_word' id='word_1_609' title='bbox 3015 4197 3264 4256; x_wconf 76' lang='lat' dir='ltr'><strong>astantis</strong></span> <span class='ocrx_word' id='word_1_610' title='bbox 3292 4196 3496 4254; x_wconf 74' lang='lat' dir='ltr'><strong>:eccle-</strong></span> 
     </span>
    </p>
   </div>
   <div class='ocr_carea' id='block_1_45' title="bbox 1468 4401 2130 4459">
    <p class='ocr_par' dir='ltr' id='par_1_45' title="bbox 1468 4401 2130 4459">
     <span class='ocr_line' id='line_1_45' title="bbox 1468 4401 2130 4459; baseline 0 0"><span class='ocrx_word' id='word_1_611' title='bbox 1468 4401 1702 4459; x_wconf 65' lang='lat' dir='ltr'><strong>VARIIE</strong></span> <span class='ocrx_word' id='word_1_612' title='bbox 1734 4403 1927 4459; x_wconf 80' lang='lat' dir='ltr'><strong>LECTI</strong></span> <span class='ocrx_word' id='word_1_613' title='bbox 1936 4403 2025 4458; x_wconf 85' lang='lat' dir='ltr'><strong>ON</strong></span> <span class='ocrx_word' id='word_1_614' title='bbox 2031 4402 2130 4459; x_wconf 92' lang='lat' dir='ltr'><strong>ES.</strong></span> 
     </span>
    </p>
   </div>
   <div class='ocr_carea' id='block_1_46' title="bbox 161 4544 3500 4610">
    <p class='ocr_par' dir='ltr' id='par_1_46' title="bbox 161 4544 3500 4610">
     <span class='ocr_line' id='line_1_46' title="bbox 161 4544 3500 4610; baseline -0.002 -1"><span class='ocrx_word' id='word_1_615' title='bbox 161 4554 258 4589; x_wconf 73' lang='grc'><strong>³⁸⁸⁸</strong></span> <span class='ocrx_word' id='word_1_616' title='bbox 288 4552 627 4610; x_wconf 84' lang='lat' dir='ltr'><strong>mahtildem</strong></span> <span class='ocrx_word' id='word_1_617' title='bbox 680 4555 777 4610; x_wconf 91' lang='lat' dir='ltr'><strong>Dl.</strong></span> <span class='ocrx_word' id='word_1_618' title='bbox 841 4557 923 4609; x_wconf 90' lang='grc'><strong>10.</strong></span> <span class='ocrx_word' id='word_1_619' title='bbox 981 4552 1382 4609; x_wconf 87' lang='lat' dir='ltr'><strong>maththildem</strong></span> <span class='ocrx_word' id='word_1_620' title='bbox 1433 4554 1532 4609; x_wconf 84' lang='lat' dir='ltr'><strong>Et.</strong></span> <span class='ocrx_word' id='word_1_621' title='bbox 1579 4557 1631 4608; x_wconf 94' lang='lat'><strong>2.</strong></span> <span class='ocrx_word' id='word_1_622' title='bbox 1686 4551 2022 4609; x_wconf 88' lang='lat' dir='ltr'><strong>mathildam</strong></span> <span class='ocrx_word' id='word_1_623' title='bbox 2070 4555 2120 4609; x_wconf 85' lang='lat'><strong>4.</strong></span> <span class='ocrx_word' id='word_1_624' title='bbox 2175 4552 2545 4609; x_wconf 88' lang='lat' dir='ltr'><strong>machtildem</strong></span> <span class='ocrx_word' id='word_1_625' title='bbox 2595 4558 2645 4609; x_wconf 91' lang='lat'><strong>7.</strong></span> <span class='ocrx_word' id='word_1_626' title='bbox 2702 4549 3071 4608; x_wconf 90' lang='lat' dir='ltr'><strong>mechtildem</strong></span> <span class='ocrx_word' id='word_1_627' title='bbox 3100 4551 3179 4602; x_wconf 88' lang='lat'><strong>9°.</strong></span> <span class='ocrx_word' id='word_1_628' title='bbox 3282 4544 3500 4601; x_wconf 63' lang='grc' dir='ltr'><strong><em>’ωοο-</em></strong></span> 
     </span>
    </p>
   </div>
   <div class='ocr_carea' id='block_1_47' title="bbox 92 4615 1656 4697">
    <p class='ocr_par' dir='ltr' id='par_1_47' title="bbox 92 4623 1656 4697">
     <span class='ocr_line' id='line_1_47' title="bbox 92 4623 1656 4697; baseline -0.002 -16"><span class='ocrx_word' id='word_1_629' title='bbox 92 4625 383 4697; x_wconf 83' lang='lat' dir='ltr'><strong>mitissem</strong></span> <span class='ocrx_word' id='word_1_630' title='bbox 424 4629 473 4677; x_wconf 78' lang='lat'><strong>5.</strong></span> <span class='ocrx_word' id='word_1_631' title='bbox 518 4625 889 4697; x_wconf 74' lang='lat' dir='ltr'><strong>cometissam</strong></span> <span class='ocrx_word' id='word_1_632' title='bbox 926 4624 985 4697; x_wconf 69' lang='grc' dir='ltr'><strong>Ω.</strong></span> <span class='ocrx_word' id='word_1_633' title='bbox 1028 4626 1087 4680; x_wconf 87' lang='grc' dir='ltr'><strong>Ε.</strong></span> <span class='ocrx_word' id='word_1_634' title='bbox 1126 4696 1137 4697; x_wconf 19' lang='lat'><em>7</em></span> <span class='ocrx_word' id='word_1_635' title='bbox 1191 4623 1283 4656; x_wconf 83' lang='grc'><strong>²⁰⁸⁸</strong></span> <span class='ocrx_word' id='word_1_636' title='bbox 1312 4625 1576 4697; x_wconf 83' lang='lat' dir='ltr'><strong>subjecta</strong></span> <span class='ocrx_word' id='word_1_637' title='bbox 1614 4628 1656 4678; x_wconf 61' lang='lat'><strong>6.</strong></span> 
     </span>
    </p>
   </div>
   <div class='ocr_carea' id='block_1_48' title="bbox 1927 4615 3491 4697">
    <p class='ocr_par' dir='ltr' id='par_1_48' title="bbox 1927 4615 3491 4697">
     <span class='ocr_line' id='line_1_48' title="bbox 1927 4615 3491 4697; baseline -0.008 -16"><span class='ocrx_word' id='word_1_638' title='bbox 1927 4624 2147 4697; x_wconf 40' lang='lat' dir='ltr'><strong>iropriis</strong></span> <span class='ocrx_word' id='word_1_639' title='bbox 2174 4627 2400 4697; x_wconf 36' lang='lat'><strong>4—111.</strong></span> <span class='ocrx_word' id='word_1_640' title='bbox 2457 4694 2466 4697; x_wconf 97' lang='lat'><em>_</em></span> <span class='ocrx_word' id='word_1_641' title='bbox 2503 4622 2787 4697; x_wconf 69' lang='lat' dir='ltr'><strong>‘°_5‘_deest</strong></span> <span class='ocrx_word' id='word_1_642' title='bbox 2824 4624 2920 4697; x_wconf 79' lang='lat' dir='ltr'><strong>D1.</strong></span> <span class='ocrx_word' id='word_1_643' title='bbox 3025 4615 3491 4697; x_wconf 43' lang='lat' dir='ltr'><strong>’°f°_montem.(‘3.</strong></span> 
     </span>
    </p>
   </div>
   <div class='ocr_carea' id='block_1_49' title="bbox 89 4686 1653 4768">
    <p class='ocr_par' dir='ltr' id='par_1_49' title="bbox 89 4686 1610 4768">
     <span class='ocr_line' id='line_1_49' title="bbox 89 4686 1610 4768; baseline 0.017 -40"><span class='ocrx_word' id='word_1_644' title='bbox 89 4696 190 4768; x_wconf 67' lang='lat' dir='ltr'><strong>meo</strong></span> <span class='ocrx_word' id='word_1_645' title='bbox 215 4695 384 4752; x_wconf 58' lang='lat' dir='ltr'><strong>deest</strong></span> <span class='ocrx_word' id='word_1_646' title='bbox 429 4694 676 4768; x_wconf 28' lang='grc' dir='ltr'><strong>ιη’-ὀῗ</strong></span> <span class='ocrx_word' id='word_1_647' title='bbox 709 4694 1073 4768; x_wconf 15' lang='grc' dir='ltr'><strong>Ποίιυθηιὶηειιιι</strong></span> <span class='ocrx_word' id='word_1_648' title='bbox 1121 4696 1217 4750; x_wconf 83' lang='lat' dir='ltr'><strong>D1.</strong></span> <span class='ocrx_word' id='word_1_649' title='bbox 1272 4695 1331 4751; x_wconf 80' lang='lat' dir='ltr'><strong>et</strong></span> <span class='ocrx_word' id='word_1_650' title='bbox 1372 4686 1610 4768; x_wconf 52' lang='lat' dir='ltr'><strong>iii/’qu</strong></span> 
     </span>
    </p>
   </div>
   <div class='ocr_carea' id='block_1_50' title="bbox 1933 4686 3497 4768">
    <p class='ocr_par' dir='ltr' id='par_1_50' title="bbox 1933 4686 3497 4768">
     <span class='ocr_line' id='line_1_50' title="bbox 1933 4686 3497 4768; baseline -0.007 -17"><span class='ocrx_word' id='word_1_651' title='bbox 1933 4686 2047 4751; x_wconf 68' lang='lat' dir='ltr'><strong>tnui</strong></span> <span class='ocrx_word' id='word_1_652' title='bbox 2094 4694 2620 4768; x_wconf 60' lang='lat' dir='ltr'><strong>imperiiﬂeinrici</strong></span> <span class='ocrx_word' id='word_1_653' title='bbox 2670 4692 2860 4768; x_wconf 81' lang='lat' dir='ltr'><strong>quinti</strong></span> <span class='ocrx_word' id='word_1_654' title='bbox 2909 4697 2959 4746; x_wconf 93' lang='grc'><strong>1.</strong></span> <span class='ocrx_word' id='word_1_655' title='bbox 2990 4688 3150 4768; x_wconf 57' lang='grc' dir='ltr'><strong>Δςίςίιί.</strong></span> <span class='ocrx_word' id='word_1_656' title='bbox 3178 4686 3365 4768; x_wconf 37' lang='grc' dir='ltr'><strong>,δευρί</strong></span> <span class='ocrx_word' id='word_1_657' title='bbox 3406 4686 3497 4768; x_wconf 63' lang='lat' dir='ltr'><strong>iba</strong></span> 
     </span>
    </p>
   </div>
   <div class='ocr_carea' id='block_1_51' title="bbox 91 4756 1655 4837">
    <p class='ocr_par' dir='ltr' id='par_1_51' title="bbox 91 4756 1613 4837">
     <span class='ocr_line' id='line_1_51' title="bbox 91 4756 1613 4837; baseline -0.018 -13"><span class='ocrx_word' id='word_1_658' title='bbox 91 4767 393 4836; x_wconf 75' lang='lat' dir='ltr'><strong>deinceps.</strong></span> <span class='ocrx_word' id='word_1_659' title='bbox 463 4763 714 4837; x_wconf 16' lang='lat' dir='ltr'><strong>_A&quot;A°_”7R.</strong></span> <span class='ocrx_word' id='word_1_660' title='bbox 774 4767 837 4821; x_wconf 84' lang='grc' dir='ltr'><strong>Η.</strong></span> <span class='ocrx_word' id='word_1_661' title='bbox 896 4770 1202 4837; x_wconf 72' lang='lat' dir='ltr'><strong>postquam</strong></span> <span class='ocrx_word' id='word_1_662' title='bbox 1234 4756 1446 4837; x_wconf 42' lang='lat'><strong>4+11&#39;</strong></span> <span class='ocrx_word' id='word_1_663' title='bbox 1521 4764 1613 4798; x_wconf 70' lang='lat' dir='ltr'><strong>sou</strong></span> 
     </span>
    </p>
   </div>
   <div class='ocr_carea' id='block_1_52' title="bbox 1926 4756 3490 4837">
    <p class='ocr_par' dir='ltr' id='par_1_52' title="bbox 1926 4756 3490 4837">
     <span class='ocr_line' id='line_1_52' title="bbox 1926 4756 3490 4837; baseline -0.008 -16"><span class='ocrx_word' id='word_1_664' title='bbox 1926 4796 1928 4821; x_wconf 64' lang='grc' dir='ltr'>ρ</span> <span class='ocrx_word' id='word_1_665' title='bbox 1986 4772 2064 4822; x_wconf 89' lang='lat'><strong>9°.</strong></span> <span class='ocrx_word' id='word_1_666' title='bbox 2122 4756 2204 4820; x_wconf 79' lang='lat'><strong>16.</strong></span> <span class='ocrx_word' id='word_1_667' title='bbox 2309 4756 2885 4837; x_wconf 10' lang='lat' dir='ltr'><strong>m‘gcelebra&#39;vitné.</strong></span> <span class='ocrx_word' id='word_1_668' title='bbox 2920 4828 2937 4837; x_wconf 88' lang='lat'>_</span> <span class='ocrx_word' id='word_1_669' title='bbox 2989 4756 3413 4837; x_wconf 61' lang='lat' dir='ltr'><strong>&#39;°f‘_civili_bus</strong></span> <span class='ocrx_word' id='word_1_670' title='bbox 3444 4758 3490 4809; x_wconf 95' lang='lat'><strong>4.</strong></span> 
     </span>
    </p>
   </div>
   <div class='ocr_carea' id='block_1_53' title="bbox 95 4826 1659 4894">
    <p class='ocr_par' dir='ltr' id='par_1_53' title="bbox 95 4826 1659 4894">
     <span class='ocr_line' id='line_1_53' title="bbox 95 4826 1659 4894; baseline -0.001 -2"><span class='ocrx_word' id='word_1_671' title='bbox 95 4838 269 4894; x_wconf 87' lang='lat' dir='ltr'><strong>laicis</strong></span> <span class='ocrx_word' id='word_1_672' title='bbox 301 4826 353 4890; x_wconf 64' lang='grc' dir='ltr'><strong>ἢ.</strong></span> <span class='ocrx_word' id='word_1_673' title='bbox 458 4834 551 4869; x_wconf 68' lang='grc' dir='ltr'><strong>εοστ</strong></span> <span class='ocrx_word' id='word_1_674' title='bbox 581 4836 745 4892; x_wconf 75' lang='lat' dir='ltr'><strong>deest</strong></span> <span class='ocrx_word' id='word_1_675' title='bbox 782 4841 864 4892; x_wconf 80' lang='grc' dir='ltr'><strong>ιο.</strong></span> <span class='ocrx_word' id='word_1_676' title='bbox 896 4826 990 4892; x_wconf 79' lang='lat'><strong>&#39;11.</strong></span> <span class='ocrx_word' id='word_1_677' title='bbox 1050 4826 1184 4870; x_wconf 71' lang='grc' dir='ltr'><strong>ἰοοθ</strong></span> <span class='ocrx_word' id='word_1_678' title='bbox 1209 4836 1505 4891; x_wconf 88' lang='lat' dir='ltr'><strong>civitatem</strong></span> <span class='ocrx_word' id='word_1_679' title='bbox 1548 4841 1597 4892; x_wconf 71' lang='grc' dir='ltr'><strong>δ.</strong></span> <span class='ocrx_word' id='word_1_680' title='bbox 1642 4842 1659 4890; x_wconf 82' lang='grc' dir='ltr'><strong>ι</strong></span> 
     </span>
    </p>
   </div>
   <div class='ocr_carea' id='block_1_54' title="bbox 1935 4826 3499 4894">
    <p class='ocr_par' dir='ltr' id='par_1_54' title="bbox 1958 4826 3499 4893">
     <span class='ocr_line' id='line_1_54' title="bbox 1958 4826 3499 4893; baseline -0.009 0"><span class='ocrx_word' id='word_1_681' title='bbox 1958 4837 2199 4893; x_wconf 88' lang='lat' dir='ltr'><strong>civitate</strong></span> <span class='ocrx_word' id='word_1_682' title='bbox 2241 4838 2337 4890; x_wconf 83' lang='lat' dir='ltr'><strong>DI.</strong></span> <span class='ocrx_word' id='word_1_683' title='bbox 2383 4835 2559 4892; x_wconf 89' lang='lat' dir='ltr'><strong>civita</strong></span> <span class='ocrx_word' id='word_1_684' title='bbox 2596 4838 2671 4887; x_wconf 88' lang='lat'><strong>9°.</strong></span> <span class='ocrx_word' id='word_1_685' title='bbox 2773 4830 2866 4863; x_wconf 80' lang='grc'><strong>²⁰⁶⁹</strong></span> <span class='ocrx_word' id='word_1_686' title='bbox 2897 4828 3063 4887; x_wconf 80' lang='lat' dir='ltr'><strong>deest</strong></span> <span class='ocrx_word' id='word_1_687' title='bbox 3097 4831 3147 4883; x_wconf 91' lang='lat'><strong>4.</strong></span> <span class='ocrx_word' id='word_1_688' title='bbox 3251 4826 3346 4860; x_wconf 78' lang='grc'>²⁰⁷⁰</span> <span class='ocrx_word' id='word_1_689' title='bbox 3376 4826 3499 4881; x_wconf 83' lang='lat' dir='ltr'><strong>fun-</strong></span> 
     </span>
    </p>
   </div>
   <div class='ocr_carea' id='block_1_55' title="bbox 94 4896 3502 4978">
    <p class='ocr_par' dir='ltr' id='par_1_55' title="bbox 94 4896 3502 4978">
     <span class='ocr_line' id='line_1_55' title="bbox 94 4896 3502 4978; baseline -0.003 -15"><span class='ocrx_word' id='word_1_690' title='bbox 94 4908 261 4963; x_wconf 77' lang='lat' dir='ltr'><strong>ditus</strong></span> <span class='ocrx_word' id='word_1_691' title='bbox 290 4906 755 4978; x_wconf 10' lang='lat' dir='ltr'><strong>——,abstulerant</strong></span> <span class='ocrx_word' id='word_1_692' title='bbox 804 4906 1019 4978; x_wconf 48' lang='lat' dir='ltr'><strong>desunt</strong></span> <span class='ocrx_word' id='word_1_693' title='bbox 1062 4912 1113 4962; x_wconf 82' lang='lat'><strong>5.</strong></span> <span class='ocrx_word' id='word_1_694' title='bbox 1215 4906 1308 4940; x_wconf 75' lang='grc' dir='ltr'><strong>²⁰⁷ί</strong></span> <span class='ocrx_word' id='word_1_695' title='bbox 1341 4923 1393 4978; x_wconf 82' lang='grc' dir='ltr'>ρ.</span> <span class='ocrx_word' id='word_1_696' title='bbox 1428 4922 1477 4963; x_wconf 94' lang='lat' dir='ltr'><strong>c.</strong></span> <span class='ocrx_word' id='word_1_697' title='bbox 1510 4911 1560 4962; x_wconf 81' lang='lat'><strong>5.</strong></span> <span class='ocrx_word' id='word_1_698' title='bbox 1597 4912 1674 4963; x_wconf 86' lang='lat'><strong>9°.</strong></span> <span class='ocrx_word' id='word_1_699' title='bbox 1777 4906 1868 4978; x_wconf 61' lang='grc' dir='ltr'><strong>’Ψ</strong></span> <span class='ocrx_word' id='word_1_700' title='bbox 1896 4907 2091 4961; x_wconf 84' lang='lat' dir='ltr'><strong>domui</strong></span> <span class='ocrx_word' id='word_1_701' title='bbox 2152 4922 2204 4959; x_wconf 88' lang='lat' dir='ltr'><strong>a.</strong></span> <span class='ocrx_word' id='word_1_702' title='bbox 2263 4909 2380 4978; x_wconf 19' lang='lat'><strong>4.4“</strong></span> <span class='ocrx_word' id='word_1_703' title='bbox 2417 4904 2508 4938; x_wconf 85' lang='grc'><strong>²⁰⁷³</strong></span> <span class='ocrx_word' id='word_1_704' title='bbox 2536 4902 2901 4978; x_wconf 72' lang='lat' dir='ltr'><strong>advenientis</strong></span> <span class='ocrx_word' id='word_1_705' title='bbox 2946 4901 3267 4978; x_wconf 69' lang='lat' dir='ltr'><strong>_F_J2._cq_rr.</strong></span> <span class='ocrx_word' id='word_1_706' title='bbox 3293 4896 3502 4978; x_wconf 53' lang='lat' dir='ltr'><strong>“adve-</strong></span> 
     </span>
    </p>
   </div>
   <div class='ocr_carea' id='block_1_56' title="bbox 96 4964 1660 5048">
    <p class='ocr_par' dir='ltr' id='par_1_56' title="bbox 96 4964 1660 5048">
     <span class='ocr_line' id='line_1_56' title="bbox 96 4964 1660 5048; baseline 0.001 -15"><span class='ocrx_word' id='word_1_707' title='bbox 96 4980 334 5033; x_wconf 82' lang='lat' dir='ltr'><strong>nientes</strong></span> <span class='ocrx_word' id='word_1_708' title='bbox 364 4977 459 5048; x_wconf 69' lang='lat' dir='ltr'><strong>Et.</strong></span> <span class='ocrx_word' id='word_1_709' title='bbox 537 4976 630 5048; x_wconf 66' lang='lat'><strong>“7‘</strong></span> <span class='ocrx_word' id='word_1_710' title='bbox 658 4978 765 5033; x_wconf 90' lang='lat' dir='ltr'><strong>sibi</strong></span> <span class='ocrx_word' id='word_1_711' title='bbox 799 4979 849 5032; x_wconf 91' lang='lat'><strong>4.</strong></span> <span class='ocrx_word' id='word_1_712' title='bbox 927 4976 1021 5010; x_wconf 71' lang='grc'><strong>’(⁷⁷⁵</strong></span> <span class='ocrx_word' id='word_1_713' title='bbox 1050 4964 1495 5048; x_wconf 78' lang='lat' dir='ltr'><strong>ceterarumque</strong></span> <span class='ocrx_word' id='word_1_714' title='bbox 1526 4982 1557 5048; x_wconf 65' lang='grc' dir='ltr'>ὅ</span> <span class='ocrx_word' id='word_1_715' title='bbox 1584 4986 1660 5048; x_wconf 51' lang='lat' dir='ltr'><strong>rei</strong></span> 
     </span>
    </p>
   </div>
   <div class='ocr_carea' id='block_1_57' title="bbox 1940 4964 3504 5048">
    <p class='ocr_par' dir='ltr' id='par_1_57' title="bbox 1940 4964 3504 5048">
     <span class='ocr_line' id='line_1_57' title="bbox 1940 4964 3504 5048; baseline -0.008 -16"><span class='ocrx_word' id='word_1_716' title='bbox 1940 4992 2131 5048; x_wconf 87' lang='lat' dir='ltr'><strong>Imque</strong></span> <span class='ocrx_word' id='word_1_717' title='bbox 2160 4979 2211 5048; x_wconf 87' lang='lat'><strong>4.</strong></span> <span class='ocrx_word' id='word_1_718' title='bbox 2288 4974 2383 5048; x_wconf 64' lang='lat' dir='ltr'><strong>W‘</strong></span> <span class='ocrx_word' id='word_1_719' title='bbox 2415 4992 2463 5029; x_wconf 92' lang='lat' dir='ltr'><strong>s.</strong></span> <span class='ocrx_word' id='word_1_720' title='bbox 2499 4989 2553 5045; x_wconf 94' lang='lat' dir='ltr'><strong>q.</strong></span> <span class='ocrx_word' id='word_1_721' title='bbox 2591 4977 2726 5048; x_wconf 35' lang='lat' dir='ltr'><strong>p_.‘_7_.</strong></span> <span class='ocrx_word' id='word_1_722' title='bbox 2804 4970 2895 5048; x_wconf 62' lang='grc' dir='ltr'><strong>ὀῗτ</strong></span> <span class='ocrx_word' id='word_1_723' title='bbox 2934 4971 3028 5048; x_wconf 50' lang='lat' dir='ltr'><strong>ita</strong></span> <span class='ocrx_word' id='word_1_724' title='bbox 3061 4969 3227 5048; x_wconf 41' lang='grc' dir='ltr'><strong>ΟΞ..</strong></span> <span class='ocrx_word' id='word_1_725' title='bbox 3285 4964 3386 5048; x_wconf 61' lang='grc' dir='ltr'><strong>ξοτδ</strong></span> <span class='ocrx_word' id='word_1_726' title='bbox 3409 4966 3504 5048; x_wconf 52' lang='grc' dir='ltr'><strong>ῥέα</strong></span> 
     </span>
    </p>
   </div>
   <div class='ocr_carea' id='block_1_58' title="bbox 97 5037 1661 5117">
    <p class='ocr_par' dir='ltr' id='par_1_58' title="bbox 97 5037 1661 5117">
     <span class='ocr_line' id='line_1_58' title="bbox 97 5037 1661 5117; baseline -0.001 -12"><span class='ocrx_word' id='word_1_727' title='bbox 97 5052 156 5105; x_wconf 90' lang='lat' dir='ltr'><strong>C.</strong></span> <span class='ocrx_word' id='word_1_728' title='bbox 193 5050 289 5117; x_wconf 58' lang='grc' dir='ltr'><strong>Ε.</strong></span> <span class='ocrx_word' id='word_1_729' title='bbox 366 5047 461 5080; x_wconf 74' lang='grc'><strong>²⁰⁷⁹</strong></span> <span class='ocrx_word' id='word_1_730' title='bbox 489 5047 862 5117; x_wconf 90' lang='lat' dir='ltr'><strong>antiquorum</strong></span> <span class='ocrx_word' id='word_1_731' title='bbox 896 5048 934 5103; x_wconf 92' lang='lat' dir='ltr'><strong>i.</strong></span> <span class='ocrx_word' id='word_1_732' title='bbox 968 5051 1018 5103; x_wconf 91' lang='lat'><strong>4.</strong></span> <span class='ocrx_word' id='word_1_733' title='bbox 1122 5048 1214 5083; x_wconf 77' lang='grc'><strong>²⁰⁸⁰</strong></span> <span class='ocrx_word' id='word_1_734' title='bbox 1250 5063 1349 5103; x_wconf 80' lang='lat' dir='ltr'><strong>nro</strong></span> <span class='ocrx_word' id='word_1_735' title='bbox 1379 5037 1429 5103; x_wconf 65' lang='lat'><strong>4&#39;.</strong></span> <span class='ocrx_word' id='word_1_736' title='bbox 1531 5046 1618 5080; x_wconf 78' lang='grc'><strong>²⁰⁸¹</strong></span> <span class='ocrx_word' id='word_1_737' title='bbox 1652 5070 1661 5103; x_wconf 72' lang='grc' dir='ltr'><strong>ι</strong></span> 
     </span>
    </p>
   </div>
   <div class='ocr_carea' id='block_1_59' title="bbox 1935 5037 3499 5117">
    <p class='ocr_par' dir='ltr' id='par_1_59' title="bbox 1944 5037 3499 5117">
     <span class='ocr_line' id='line_1_59' title="bbox 1944 5037 3499 5117; baseline 0.008 -18"><span class='ocrx_word' id='word_1_738' title='bbox 1944 5037 2084 5117; x_wconf 29' lang='grc' dir='ltr'><strong>η²⁰δ²</strong></span> <span class='ocrx_word' id='word_1_739' title='bbox 2116 5037 2532 5117; x_wconf 16' lang='lat' dir='ltr'><strong>oblatione,</strong></span> <span class='ocrx_word' id='word_1_740' title='bbox 2591 5037 2712 5076; x_wconf 65' lang='grc'><strong>’²⁰⁸³</strong></span> <span class='ocrx_word' id='word_1_741' title='bbox 2746 5041 3032 5117; x_wconf 51' lang='grc' dir='ltr'><strong>νειιῆλβῖι</strong></span> <span class='ocrx_word' id='word_1_742' title='bbox 3139 5038 3232 5117; x_wconf 45' lang='grc' dir='ltr'><strong>’ξω</strong></span> <span class='ocrx_word' id='word_1_743' title='bbox 3261 5037 3422 5117; x_wconf 60' lang='grc' dir='ltr'><strong>ίζέξεςί</strong></span> <span class='ocrx_word' id='word_1_744' title='bbox 3450 5042 3499 5089; x_wconf 72' lang='grc'><strong>7·</strong></span> 
     </span>
    </p>
   </div>
   <div class='ocr_carea' id='block_1_60' title="bbox 92 5107 1656 5185">
    <p class='ocr_par' dir='ltr' id='par_1_60' title="bbox 92 5107 1656 5174">
     <span class='ocr_line' id='line_1_60' title="bbox 92 5107 1656 5174; baseline 0.001 -1"><span class='ocrx_word' id='word_1_745' title='bbox 92 5118 189 5152; x_wconf 75' lang='grc'><strong>²⁰⁸⁶</strong></span> <span class='ocrx_word' id='word_1_746' title='bbox 223 5116 298 5173; x_wconf 85' lang='lat' dir='ltr'><strong>ad</strong></span> <span class='ocrx_word' id='word_1_747' title='bbox 332 5132 381 5172; x_wconf 90' lang='lat' dir='ltr'><strong>a.</strong></span> <span class='ocrx_word' id='word_1_748' title='bbox 416 5107 705 5174; x_wconf 45' lang='lat' dir='ltr'><strong>desunt-7.</strong></span> <span class='ocrx_word' id='word_1_749' title='bbox 781 5118 873 5151; x_wconf 77' lang='grc'><strong>²⁰⁸⁶</strong></span> <span class='ocrx_word' id='word_1_750' title='bbox 906 5119 1065 5173; x_wconf 71' lang='lat' dir='ltr'><strong>LXuno</strong></span> <span class='ocrx_word' id='word_1_751' title='bbox 1093 5121 1142 5174; x_wconf 89' lang='lat'><strong>4.</strong></span> <span class='ocrx_word' id='word_1_752' title='bbox 1220 5118 1311 5152; x_wconf 84' lang='grc'><strong>²⁰⁸⁷</strong></span> <span class='ocrx_word' id='word_1_753' title='bbox 1347 5119 1380 5172; x_wconf 92' lang='lat' dir='ltr'><strong>f.</strong></span> <span class='ocrx_word' id='word_1_754' title='bbox 1422 5134 1477 5174; x_wconf 87' lang='grc' dir='ltr'>ιι.</span> <span class='ocrx_word' id='word_1_755' title='bbox 1515 5120 1610 5174; x_wconf 76' lang='lat' dir='ltr'><strong>Di.</strong></span> <span class='ocrx_word' id='word_1_756' title='bbox 1643 5125 1656 5174; x_wconf 75' lang='grc' dir='ltr'>τ</span> 
     </span>
    </p>
   </div>
   <div class='ocr_carea' id='block_1_61' title="bbox 1930 5107 3494 5185">
    <p class='ocr_par' dir='ltr' id='par_1_61' title="bbox 1930 5107 3494 5185">
     <span class='ocr_line' id='line_1_61' title="bbox 1930 5107 3494 5185; baseline -0.008 -11"><span class='ocrx_word' id='word_1_757' title='bbox 1930 5116 1982 5148; x_wconf 80' lang='grc'><strong>’³⁸</strong></span> <span class='ocrx_word' id='word_1_758' title='bbox 2014 5123 2075 5173; x_wconf 89' lang='lat' dir='ltr'><strong>ut</strong></span> <span class='ocrx_word' id='word_1_759' title='bbox 2104 5132 2153 5172; x_wconf 85' lang='grc' dir='ltr'><strong>ο.</strong></span> <span class='ocrx_word' id='word_1_760' title='bbox 2190 5123 2245 5169; x_wconf 82' lang='lat' dir='ltr'><strong>et</strong></span> <span class='ocrx_word' id='word_1_761' title='bbox 2280 5120 2329 5171; x_wconf 87' lang='grc'><strong>6.</strong></span> <span class='ocrx_word' id='word_1_762' title='bbox 2407 5115 2500 5147; x_wconf 72' lang='grc'><strong>¹⁰⁵⁹</strong></span> <span class='ocrx_word' id='word_1_763' title='bbox 2532 5130 2604 5170; x_wconf 89' lang='lat' dir='ltr'><strong>m.</strong></span> <span class='ocrx_word' id='word_1_764' title='bbox 2644 5130 2696 5185; x_wconf 85' lang='lat' dir='ltr'><strong>p.</strong></span> <span class='ocrx_word' id='word_1_765' title='bbox 2732 5118 2781 5168; x_wconf 73' lang='grc' dir='ltr'>ὅ.</span> <span class='ocrx_word' id='word_1_766' title='bbox 2861 5111 2955 5145; x_wconf 83' lang='grc'>²⁰⁹⁰</span> <span class='ocrx_word' id='word_1_767' title='bbox 2985 5127 3031 5169; x_wconf 89' lang='lat' dir='ltr'><strong>s.</strong></span> <span class='ocrx_word' id='word_1_768' title='bbox 3068 5114 3200 5185; x_wconf 53' lang='lat' dir='ltr'><strong>r:_4.</strong></span> <span class='ocrx_word' id='word_1_769' title='bbox 3278 5107 3494 5185; x_wconf 49' lang='grc' dir='ltr'><strong>’ξυρε-</strong></span> 
     </span>
    </p>
   </div>
   <div class='ocr_carea' id='block_1_62' title="bbox 92 5179 1656 5313">
    <p class='ocr_par' dir='ltr' id='par_1_62' title="bbox 92 5187 1583 5313">
     <span class='ocr_line' id='line_1_62' title="bbox 92 5187 1583 5259; baseline -0.001 -15"><span class='ocrx_word' id='word_1_770' title='bbox 92 5189 258 5257; x_wconf 84' lang='lat' dir='ltr'><strong>gatis</strong></span> <span class='ocrx_word' id='word_1_771' title='bbox 291 5189 386 5243; x_wconf 81' lang='lat' dir='ltr'><strong>E2.</strong></span> <span class='ocrx_word' id='word_1_772' title='bbox 463 5187 555 5220; x_wconf 83' lang='grc'><strong>²⁰⁹²</strong></span> <span class='ocrx_word' id='word_1_773' title='bbox 586 5188 1059 5259; x_wconf 88' lang='lat' dir='ltr'><strong>dispensionibns</strong></span> <span class='ocrx_word' id='word_1_774' title='bbox 1088 5191 1137 5243; x_wconf 87' lang='lat'><strong>4.</strong></span> <span class='ocrx_word' id='word_1_775' title='bbox 1224 5188 1317 5221; x_wconf 82' lang='grc'>²⁰⁹³</span> <span class='ocrx_word' id='word_1_776' title='bbox 1348 5189 1509 5246; x_wconf 78' lang='lat' dir='ltr'><strong>deest</strong></span> <span class='ocrx_word' id='word_1_777' title='bbox 1536 5192 1583 5243; x_wconf 86' lang='lat'><strong>4.</strong></span> 
     </span>
     <span class='ocr_line' id='line_1_63' title="bbox 98 5258 852 5313; baseline 0 0"><span class='ocrx_word' id='word_1_778' title='bbox 98 5261 176 5313; x_wconf 90' lang='lat' dir='ltr'><strong>tis</strong></span> <span class='ocrx_word' id='word_1_779' title='bbox 207 5259 404 5313; x_wconf 81' lang='lat' dir='ltr'><strong>fictam</strong></span> <span class='ocrx_word' id='word_1_780' title='bbox 441 5258 852 5313; x_wconf 85' lang='lat' dir='ltr'><strong>defensionem.</strong></span> 
     </span>
    </p>
   </div>
   <div class='ocr_carea' id='block_1_63' title="bbox 1938 5179 3502 5313">
    <p class='ocr_par' dir='ltr' id='par_1_63' title="bbox 1938 5179 3502 5258">
     <span class='ocr_line' id='line_1_64' title="bbox 1938 5179 3502 5258; baseline -0.003 -21"><span class='ocrx_word' id='word_1_781' title='bbox 1938 5189 2159 5258; x_wconf 61' lang='grc' dir='ltr'><strong>μανθίριθ</strong></span> <span class='ocrx_word' id='word_1_782' title='bbox 2186 5187 2318 5242; x_wconf 77' lang='lat' dir='ltr'><strong>alia</strong></span> <span class='ocrx_word' id='word_1_783' title='bbox 2348 5187 2446 5242; x_wconf 67' lang='lat' dir='ltr'><strong>sed</strong></span> <span class='ocrx_word' id='word_1_784' title='bbox 2474 5179 2695 5255; x_wconf 64' lang='grc' dir='ltr'><strong>(εφαιῖί</strong></span> <span class='ocrx_word' id='word_1_785' title='bbox 2725 5198 2909 5241; x_wconf 71' lang='lat' dir='ltr'><strong>mam</strong></span> <span class='ocrx_word' id='word_1_786' title='bbox 2938 5185 3007 5239; x_wconf 81' lang='lat' dir='ltr'><strong>Et</strong></span> <span class='ocrx_word' id='word_1_787' title='bbox 3051 5202 3062 5236; x_wconf 92' lang='lat'><strong>:</strong></span> <span class='ocrx_word' id='word_1_788' title='bbox 3100 5181 3245 5238; x_wconf 83' lang='lat' dir='ltr'><strong>Nota</strong></span> <span class='ocrx_word' id='word_1_789' title='bbox 3278 5179 3502 5235; x_wconf 89' lang='lat' dir='ltr'><strong>dictan-</strong></span> 
     </span>
    </p>
   </div>
   <div class='ocr_carea' id='block_1_64' title="bbox 98 5260 852 5315">
    <p class='ocr_par' dir='ltr' id='par_1_64' title="bbox 98 5260 852 5315">
     <span class='ocr_line' id='line_1_65' title="bbox 98 5260 852 5315; baseline 0.001 -1"><span class='ocrx_word' id='word_1_790' title='bbox 98 5261 176 5315; x_wconf 93' lang='lat' dir='ltr'><strong>tis</strong></span> <span class='ocrx_word' id='word_1_791' title='bbox 207 5260 404 5313; x_wconf 83' lang='lat' dir='ltr'><strong>fictam</strong></span> <span class='ocrx_word' id='word_1_792' title='bbox 441 5260 852 5315; x_wconf 87' lang='lat' dir='ltr'><strong>defensionem.</strong></span> 
     </span>
    </p>
   </div>
   <div class='ocr_carea' id='block_1_65' title="bbox 172 5480 3509 5560">
    <p class='ocr_par' dir='ltr' id='par_1_65' title="bbox 172 5480 3509 5560">
     <span class='ocr_line' id='line_1_66' title="bbox 172 5480 3509 5560; baseline -0.004 -10"><span class='ocrx_word' id='word_1_793' title='bbox 172 5490 326 5560; x_wconf 70' lang='lat' dir='ltr'><strong>i322)</strong></span> <span class='ocrx_word' id='word_1_794' title='bbox 364 5487 556 5546; x_wconf 72' lang='lat' dir='ltr'><strong>Monte</strong></span> <span class='ocrx_word' id='word_1_795' title='bbox 590 5487 871 5560; x_wconf 82' lang='lat' dir='ltr'><strong>Dardone.</strong></span> <span class='ocrx_word' id='word_1_796' title='bbox 1874 5558 1883 5560; x_wconf 80' lang='lat'><strong><em>_</em></strong></span> <span class='ocrx_word' id='word_1_797' title='bbox 1946 5487 2093 5560; x_wconf 84' lang='lat'><strong>(326)</strong></span> <span class='ocrx_word' id='word_1_798' title='bbox 2110 5486 2334 5560; x_wconf 74' lang='lat' dir='ltr'><strong>Eadem</strong></span> <span class='ocrx_word' id='word_1_799' title='bbox 2358 5500 2429 5541; x_wconf 88' lang='lat' dir='ltr'><strong>ex</strong></span> <span class='ocrx_word' id='word_1_800' title='bbox 2451 5484 2664 5542; x_wconf 82' lang='lat' dir='ltr'><strong>Davide</strong></span> <span class='ocrx_word' id='word_1_801' title='bbox 2695 5484 2862 5542; x_wconf 81' lang='lat' dir='ltr'><strong>affert</strong></span> <span class='ocrx_word' id='word_1_802' title='bbox 2890 5484 3215 5542; x_wconf 87' lang='lat' dir='ltr'><strong>Willclmus</strong></span> <span class='ocrx_word' id='word_1_803' title='bbox 3248 5480 3509 5541; x_wconf 76' lang='lat' dir='ltr'><strong>Malmcs-</strong></span> 
     </span>
    </p>
   </div>
   <div class='ocr_carea' id='block_1_66' title="bbox 198 5557 2145 5617">
    <p class='ocr_par' dir='ltr' id='par_1_66' title="bbox 198 5557 2145 5617">
     <span class='ocr_line' id='line_1_67' title="bbox 198 5557 2145 5617; baseline -0.003 0"><span class='ocrx_word' id='word_1_804' title='bbox 198 5557 329 5617; x_wconf 74' lang='lat'><strong>323)</strong></span> <span class='ocrx_word' id='word_1_805' title='bbox 361 5560 403 5613; x_wconf 90' lang='grc'>1.</span> <span class='ocrx_word' id='word_1_806' title='bbox 439 5573 490 5615; x_wconf 91' lang='lat' dir='ltr'><strong>e.</strong></span> <span class='ocrx_word' id='word_1_807' title='bbox 522 5559 792 5617; x_wconf 88' lang='lat' dir='ltr'><strong>castello.</strong></span> <span class='ocrx_word' id='word_1_808' title='bbox 823 5572 977 5616; x_wconf 88' lang='lat' dir='ltr'><strong>arce.</strong></span> <span class='ocrx_word' id='word_1_809' title='bbox 1873 5558 1999 5615; x_wconf 90' lang='lat' dir='ltr'><strong>bur.</strong></span> <span class='ocrx_word' id='word_1_810' title='bbox 2037 5557 2082 5614; x_wconf 75' lang='lat' dir='ltr'><strong>l.</strong></span> <span class='ocrx_word' id='word_1_811' title='bbox 2109 5557 2145 5613; x_wconf 95' lang='lat' dir='ltr'><strong>l.</strong></span> 
     </span>
    </p>
   </div>
   <div class='ocr_carea' id='block_1_67' title="bbox 200 5601 3254 5708">
    <p class='ocr_par' dir='ltr' id='par_1_67' title="bbox 200 5601 3254 5708">
     <span class='ocr_line' id='line_1_68' title="bbox 200 5601 3254 5708; baseline -0.001 -24"><span class='ocrx_word' id='word_1_812' title='bbox 200 5601 1092 5708; x_wconf 47' lang='lat' dir='ltr'><strong>55:5iisaazgg‘ajggsiq._</strong></span> <span class='ocrx_word' id='word_1_813' title='bbox 1240 5703 1295 5708; x_wconf 43' lang='grc' dir='ltr'>η</span> <span class='ocrx_word' id='word_1_814' title='bbox 1875 5601 2497 5700; x_wconf 46' lang='lat' dir='ltr'><strong>&quot;asseasse...</strong></span> <span class='ocrx_word' id='word_1_815' title='bbox 2528 5631 2653 5684; x_wconf 89' lang='lat' dir='ltr'><strong>erat</strong></span> <span class='ocrx_word' id='word_1_816' title='bbox 2686 5646 2699 5682; x_wconf 73' lang='grc' dir='ltr'>ς</span> <span class='ocrx_word' id='word_1_817' title='bbox 2728 5625 3254 5700; x_wconf 69' lang='lat' dir='ltr'><strong>quinquagesimo.</strong></span> 
     </span>
    </p>
   </div>
   <div class='ocr_carea' id='block_1_68' title="bbox 201 5697 1669 5772">
    <p class='ocr_par' dir='ltr' id='par_1_68' title="bbox 201 5697 1669 5772">
     <span class='ocr_line' id='line_1_69' title="bbox 201 5697 1669 5772; baseline -0.006 -13"><span class='ocrx_word' id='word_1_818' title='bbox 201 5697 333 5772; x_wconf 78' lang='lat'><strong>325)</strong></span> <span class='ocrx_word' id='word_1_819' title='bbox 367 5701 451 5757; x_wconf 85' lang='lat' dir='ltr'><strong>Cf.</strong></span> <span class='ocrx_word' id='word_1_820' title='bbox 487 5702 629 5759; x_wconf 83' lang='lat' dir='ltr'><strong>Acta</strong></span> <span class='ocrx_word' id='word_1_821' title='bbox 657 5697 805 5758; x_wconf 76' lang='lat' dir='ltr'><strong>Men.</strong></span> <span class='ocrx_word' id='word_1_822' title='bbox 839 5697 1009 5772; x_wconf 77' lang='lat' dir='ltr'><strong>Legg.</strong></span> <span class='ocrx_word' id='word_1_823' title='bbox 1043 5700 1111 5769; x_wconf 87' lang='lat' dir='ltr'><strong>II,</strong></span> <span class='ocrx_word' id='word_1_824' title='bbox 1145 5716 1200 5772; x_wconf 91' lang='lat' dir='ltr'><strong>p.</strong></span> <span class='ocrx_word' id='word_1_825' title='bbox 1231 5703 1301 5756; x_wconf 84' lang='lat'><strong>66</strong></span> <span class='ocrx_word' id='word_1_826' title='bbox 1331 5712 1459 5771; x_wconf 88' lang='lat' dir='ltr'><strong>sqq.</strong></span> <span class='ocrx_word' id='word_1_827' title='bbox 1493 5697 1669 5754; x_wconf 90' lang='lat' dir='ltr'><strong>edita.</strong></span> 
     </span>
    </p>
   </div>
  </div>
