3962 6348
128 294 289 366 mas
512 336 517 339 ~
1023 292 1464 371 CHRONICA.
1496 343 1575 353 —
1606 291 2082 370 CHRONICON
2125 302 2653 372 UNIVERSALE
3394 304 3550 380 1026

198 434 428 503 Quibus
449 437 723 512 expletis,
757 438 1015 498 surrexit
1042 438 1375 498 Gerhardus
1392 439 1487 475 '1"
1506 436 2070 512 Engolismeusis‘“0
2092 438 2425 514 episcopus,
2461 441 2689 512 legatus
2722 443 2776 500 in
2812 446 3141 517 Aquitania,
3163 452 3220 503 et
3245 451 3533 507 communi

126 538 385 583 assensu
413 525 507 560 ’ω
539 528 733 585 domni
766 529 1062 587 Paschalis
1082 529 1173 562 ²¹¹²
1204 546 1365 603 papa
1397 530 1699 602 totiusque
1730 530 1959 587 concilii
1992 546 2184 587 coram
2218 532 2485 587 omnibus
2511 532 2651 602 legit
2685 533 2829 589 hanc
2854 535 3204 606 scripturam
3232 556 3244 590 :
3280 540 3542 597 Prinne-

124 615 309 684 gium
337 616 513 687 illud,
550 619 708 690 quod
719 634 835 678 non
856 620 1361 692 estpricilcgiam,
1382 618 1488 676 sed
1508 632 1643 675 vere
1654 617 1832 675 debet
1848 620 1972 676 dici
1981 620 2389 691 pravilegiam
2411 618 2523 690 “’3,
2542 635 2653 691 pro
2678 620 3027 680 liberatione
3055 626 3425 695 captivorum
3439 643 3541 685 ac-

118 704 380 762 clcsiaa
410 707 620 764 domno
633 708 930 766 Paschalc
953 722 1116 781 papa
1128 722 1236 780 per
1247 708 1592 765 violentiam
1614 710 1777 779 regis
1789 709 2067 766 Hcinrici
2087 709 2400 778 extortam,
2433 724 2539 767 nos
2550 724 2744 767 omnes
2768 712 2835 768 in
2851 712 3168 772 hocsaacto
3194 718 3544 774 concilio!”

122 797 499 865 congregati,
532 798 821 855 canonica
849 811 1100 855 censu/ra
1121 797 1182 853 et
1196 796 1619 855 (ecclesiastica
1630 797 1988 854 auctoritate
2025 795 2162 866 ἠδ]
2169 797 2363 854 adicio
2383 798 2579 854 sancti
2602 799 2879 871 Spiritus
2909 801 3302 875 dampnam-as
3327 807 3387 863 et
3405 807 3556 874 irri.

122 881 253 938 tum
266 883 772 956 esscjadicamua,
798 886 949 943 ctam
958 887 1095 942 nino
1110 900 1179 942 ne
1198 885 1351 957 quid
1359 885 1741 943 auctoritatis
1761 886 1819 941 ct
1830 884 2199 956 cﬁcacitatis
2222 886 2457 952 habeat,
2472 887 2717 957 penitus
2736 893 3309 952 eacorrimanicamas
3337 898 3551 965 ,-etl¢oc

114 969 260 1029 ideo
292 970 674 1044 dampnata/nt
700 973 803 1044 cst,
839 975 987 1046 quia
1016 977 1084 1032 in
1113 988 1174 1031 eo
1198 974 1517 1044 privilegio
1547 973 1899 1043 continetur,
1933 973 2095 1043 quod
2120 975 2336 1031 electas
2375 977 2655 1032 canonice
2681 992 2718 1032 a
2750 978 2981 1034 nomine
3014 986 3391 1041 consecretur
3420 987 3547 1046 nisi

114 1059 298 1129 prius
326 1077 366 1118 a
396 1077 533 1134 rege
560 1063 958 1134 incutiatur;
982 1063 1141 1136 quod
1167 1062 1257 1120 est
1282 1062 1487 1119 contra
1513 1061 1818 1134 Spiritum
1845 1063 2187 1120 sanctamet
2206 1065 3022 1124 canonicaminstitationem.
3059 1071 3324 1128 Perlecta
3358 1082 3522 1132 carta

117 1132 524 1208 acclamabant
558 1166 763 1208 omnes
793 1132 1007 1221 Amen,—
1029 1156 1229 1209 amen!
1268 1132 1703 1224 Archiepiscopi
1728 1150 2017 1209 Iohannes
2042 1151 2375 1223 patriarcha
2396 1154 2723 1226 Veneticus,
2754 1156 2969 1213 Sennes
2992 1159 3318 1231 Capuanus,
3355 1168 3413 1217 et
3436 1132 3549 1221 alii

126 1237 256 1292 fere
286 1243 393 1295 100
417 1240 678 1313 epiSCOpi
702 1241 1199 1312 subscripserunt.

198 1326 285 1380 Ex
316 1327 423 1383 hac
468 1331 777 1387 occasione
819 1328 1160 1386 Viennensis
1188 1328 1667 1401 archiepiscopus
1686 1344 1814 1387 cum
1834 1328 1956 1385 suis
1976 1328 2361 1399 complicibus
2394 1345 2602 1389 novum
2632 1333 2839 1390 scisma
2874 1339 3105 1391 nostras
3137 1335 3192 1391 in
3225 1342 3425 1408 partes
3458 1355 3548 1398 se-

123 1415 352 1471 minare
379 1420 438 1471 et
466 1416 723 1486 gladium
756 1418 1146 1476 anathematis
1204 1418 1258 1475 in
1289 1419 1699 1490 imperatorem
1726 1417 1819 1451 ²¹²⁶
1847 1418 2086 1475 molitur
2142 1421 2460 1475 extendere
2493 1420 2673 1493 (330);
2704 1422 2808 1478 sed
2841 1423 2973 1494 quia
3004 1432 3261 1496 emptum
3291 1427 3422 1496 ejus
3456 1428 3550 1463 ’1³⁸

124 1503 458 1574 apostolica
487 1505 735 1577 indeque
764 1507 916 1563 omni
940 1508 1356 1565 acclesiastica
1382 1507 1735 1564 auctoritate
1759 1506 2069 1563 videbatur
2088 1522 2307 1578 carere,
2335 1524 2537 1578 parum
2562 1509 2795 1565 interim
2821 1511 3012 1581 potuit
3042 1512 3543 1581 vigere.Attamen

126 1592 394 1662 ejusdem
428 1594 809 1652 dissensionis
841 1597 1153 1653 seminario
1170 1594 1264 1630 ¹ι²⁸
1291 1596 1746 1667 circumquaque
1776 1596 1953 1668 coepit
1984 1594 2079 1629 ’1"
2110 1595 2343 1652 invidia
2366 1595 2459 1630 “3°
2488 1612 2724 1669 serpere
2749 1598 2984 1670 malum,
3012 1600 3156 1657 adeo
3190 1606 3249 1658 ut
3281 1605 3546 1662 nonnulli

125 1682 659 1754 quicquamcontra
686 1698 806 1741 rem
829 1685 1123 1757 publicam
1147 1685 1525 1748 intentantes,
1551 1684 1721 1754 hujus
1743 1684 1825 1740 rei
1852 1684 2151 1740 materiam
2179 1684 2231 1739 in
2257 1700 2379 1740 sua
2400 1687 2808 1743 commotionis
2829 1689 2944 1742 arri
2953 1704 3089 1758 pere
3112 1691 3545 1750 meditarentur

123 1768 404 1841 clipeum.
438 1772 598 1827 Inter
628 1788 774 1844 quos
801 1771 892 1807 ²¹³¹
919 1778 979 1830 et
1008 1773 1309 1846 prodictus
1340 1772 1694 1829 Adelbertus
1712 1772 2051 1842 designatus
2074 1773 2377 1843 Mogontia
2400 1774 2681 1845 pontifex,
2715 1776 2811 1845 qui
2845 1791 2948 1847 per
2969 1779 3156 1832 omnia
3182 1783 3480 1838 secundus
3507 1798 3534 1837 a

128 1872 275 1928 rege
300 1873 530 1931 semper
562 1860 771 1933 fuerat,
807 1862 933 1918 sine
955 1864 1123 1934 cujus
1145 1862 1393 1919 consilio
1416 1861 1594 1919 nichil
1618 1863 1808 1919 facere
1832 1861 2080 1932 solebat,
2109 1861 2393 1918 adversus
2416 1862 2824 1933 imperatorem
2848 1895 2914 1904 —
2938 1866 3091 1934 quod
3116 1867 3209 1921 vix
3235 1869 3545 1940 quisquam

126 1945 399 2003 crederet
426 1978 493 1989 -—
523 1949 862 2021 conspirare
889 1966 1020 2009 cum
1076 1952 1427 2024 quibusdam
1461 1951 1826 2023 principibus
1868 1951 2199 2019 infamatur,
2250 1965 2427 2020 reque
2460 1951 2713 2021 cognita,
2749 1954 3034 2009 custodia
3069 1957 3139 2010 ab
3178 1955 3278 2011 illo
3307 1957 3399 1989 ²¹³¹
3432 1964 3550 2014 tra-

131 2034 315 2092 ditur.
2496 2048 2502 2053 ‘

200 2124 447 2182 Moritur
476 2126 567 2182 his
598 2127 966 2199 temporibus
1024 2128 1259 2199 quidam
1293 2129 1363 2185 de
1394 2128 1656 2186 Saxonia
1690 2129 2073 2201 principibus,
2128 2128 2356 2186 nomine
2391 2129 2736 2187 Undalricus
2761 2130 2854 2164 “’3
2883 2130 3062 2203 (331);
3122 2132 3417 2190 Ludewici
3449 2134 3547 2169 ²¹³⁴

130 2214 363 2271 comitis
395 2215 615 2272 dudum
639 2230 838 2287 gener,
874 2218 976 2273 sed
1002 2218 1119 2289 jam
1153 2224 1396 2290 propter
1426 2218 1687 2290 ejusdem
1721 2216 1852 2274 tilia
1873 2216 1965 2250 ²¹³⁸
1986 2217 2287 2289 repudium
2324 2219 2562 2274 invisus.
2591 2220 2766 2290 Cujus
2791 2221 3204 2291 possessiones
3238 2222 3543 2292 predictus

132 2302 445 2373 Sigifridus
478 2303 831 2360 hereditaria
864 2305 974 2361 sibi
1005 2306 1353 2363 vendicabat
1384 2308 1788 2372 successione;
1819 2307 1919 2364 sed
1952 2307 2198 2362 domnus
2232 2307 2547 2377 imperator
2573 2309 2805 2364 easdem
2836 2308 2893 2364 iu
2916 2308 3012 2377 jus
3039 2309 3201 2379 regni
3221 2311 3549 2367 conabatur

130 2392 452 2448 attrahere.
489 2392 628 2458 Qua
658 2407 833 2449 causa
893 2394 1165 2452 recidiva
1197 2394 1509 2452 discordia
1542 2396 1795 2452 fomitem
1828 2396 2004 2467 coepit
2042 2397 2395 2456 ministrare.
2434 2402 2571 2455 Nam
2604 2397 2757 2456 idem
2789 2413 2985 2456 comes
3019 2400 3245 2468 priores
3276 2399 3545 2455 miserias

132 2494 271 2538 suas
306 2480 691 2549 sequentibus
723 2495 1107 2556 exaggerans,
1140 2488 1324 2539 totam
1371 2499 1516 2557 pene
1546 2484 1639 2517 ³⁸³⁸
1668 2484 1995 2555 Saxoniam,
2047 2500 2208 2541 suam
2243 2488 2515 2545 videlicet
2548 2490 2817 2561 patriam,
2855 2490 3031 2545 tantis
3064 2488 3326 2559 implevit
3360 2488 3550 2558 queri-

135 2572 368 2640 moniis,
406 2575 469 2630 ut
503 2579 619 2633 tam
652 2577 854 2633 ducem
912 2574 1267 2644 Lotharium,
1319 2589 1488 2647 quam
1520 2574 1863 2631 Ruodolfum
1923 2577 2335 2646 marchionem,
2369 2576 2727 2633 Tridericum
2765 2577 3082 2649 palatinum
3111 2577 3401 2647 comitem,
3441 2577 3553 2631 Wi-

132 2659 409 2731 gbertum
437 2662 530 2695 “’7
561 2669 737 2734 atque
766 2662 858 2696 ’1³⁸
889 2663 1255 2720 Ludewicum
1288 2661 1380 2695 ²¹⁸⁹
1412 2660 1834 2735 nonnullosque
1891 2664 2037 2720 alios
2071 2669 2141 2721 ab
2171 2662 2263 2700 ²¹⁴⁰
2293 2666 2578 2735 obsequio
2621 2665 2885 2720 traheret
2920 2665 3311 2735 imperatoris.
3348 2665 3459 2721 Sed
3489 2670 3551 2719 et

132 2750 457 2822 episcopus
490 2752 1010 2822 Halberstateusis,
1037 2766 1262 2808 necnon
1298 2751 1618 2808 Gcrdrudis
1648 2752 1758 2813 ’1“.
1795 2752 1889 2808 illa
1947 2757 2263 2825 prepotcns
2295 2767 2396 2824 per
2433 2752 2735 2809 Saxoniam
2794 2752 2968 2808 vidua
3001 2752 3094 2785 ²¹⁴²
3129 2751 3299 2823 (332),
3336 2750 3553 2807 violen-

134 2844 276 2894 tiam
312 2838 504 2910 [se’m
534 2839 963 2911 nichilominus]
996 2840 1118 2911 pati
1150 2839 1222 2896 ab
1256 2840 1624 2911 imperatoris
1657 2840 1995 2911 prejudieiis
2025 2842 2675 2913 invasioneprcdiorum
2702 2855 2961 2909 suorum,
2996 2839 3397 2894 clamitabant.
3434 2841 3551 2895 Hec

130 2932 194 2983 et
226 2927 321 2984 his
349 2927 560 2984 similia
593 2928 1000 2985 scandalorum
1032 2928 1251 2984 zizania
1286 2944 1546 2984 murmur
1577 2930 1862 2986 infinitum
1897 2932 1953 2986 in
1986 2945 2170 3003 nuper
2206 2935 2413 3003 pacato
2445 2943 2623 3001 regno
2647 2930 2956 2985 suscitant.
2996 2932 3041 2982 ‘1

278 3016 330 3069 ’λι
368 3018 495 3071 6-11
533 3016 770 3074 addunt
799 3035 812 3070 :
844 3015 1225 3074 Altamannus
1257 3018 1436 3074 abbas
1468 3018 1634 3087 i-biit,

1622 3110 1684 3162 Α.
1721 3109 1782 3161 D.
1834 3108 2068 3163 MCXIH.

850 3194 988 3252 00d.
1025 3195 1083 3249 C.

209 3280 524 3339 Heinricus
578 3281 895 3354 imperator
924 3283 1171 3338 natalem
1206 3281 1427 3338 Domini
1485 3282 1789 3353 Erpesfurt

134 3368 494 3426 celebravit.
546 3369 853 3427 Lotharius
914 3370 1046 3442 dux,
1105 3369 1417 3440 Sigifridus
1467 3370 1789 3442 predictus,

146 3456 536 3528 Ruodolpbus
564 3459 840 3529 marchio,
864 3459 1202 3529 Wigbertus
1224 3458 1437 3529 senior,
1464 3458 1795 3516 Fridericus

140 3545 443 3617 palatinns
461 3550 726 3605 comeset
742 3547 1125 3605 Luodewicus
1146 3562 1339 3604 comes
1352 3546 1794 3604 rebellationem

138 3637 352 3690 contra
412 3635 820 3706 imperatorem
872 3641 1108 3707 parant;
1144 3650 1292 3706 quos
1324 3636 1450 3707 ipse
1481 3636 1605 3692 sine
1636 3651 1793 3693 mora

142 3736 279 3778 cum
310 3724 576 3780 exercitu
610 3728 830 3795 petens,
876 3724 1163 3781 incendiis
1189 3729 1247 3779 et
1282 3721 1666 3780 munitionum
1701 3724 1799 3780 de-

143 3811 576 3869 structionibus
604 3812 882 3869 infestare
922 3828 1035 3870 non
1059 3814 1335 3884 cessavit,
1356 3812 1542 3869 donec
1565 3814 1637 3869 ab
1669 3812 1797 3882 ejus

144 3898 424 3956 ﬁdelibus
455 3900 729 3970 Sigifrido
765 3905 1090 3974 perempto,
1126 3902 1397 3958 Lothario
1426 3906 1486 3958 et
1515 3900 1798 3957 Ruodolfo

146 3987 567 4058 reconciliatis,
608 3989 928 4061 Friderico,
954 3990 1255 4061 Wigberto
1280 3990 1510 4046 seniore
1534 3990 1690 4060 juste
1709 4004 1800 4046 ca-

146 4078 268 4148 ptis
293 4082 355 4133 et
395 4077 682 4135 custodia
733 4078 1034 4150 deputatis
1065 4080 1317 4152 fortuna,
1379 4079 1552 4134 immo
1583 4077 1798 4135 Christi

142 4166 339 4236 gratia
372 4167 551 4224 rebus
580 4166 750 4224 ﬁnem
785 4167 947 4224 dedit

259 4436 281 4457 "
304 4434 448 4490 2E1.
469 4434 650 4492 addit
664 4434 732 4491 in
759 4449 985 4505 marg.:
1024 4434 1391 4493 Hildiboldus
1425 4435 1607 4492 abbas
1629 4435 1796 4492 obiit.

1819 3207 1876 3265 Α

2442 3193 2621 3252 Codd.
2666 3196 2728 3249 D.
2764 3196 2823 3255 E.
2861 3197 3002 3250 4-11.

1978 3283 2283 3339 Heinricus
2334 3284 2653 3355 imperator
2684 3284 2932 3338 natalem
2986 3281 3204 3337 Domini
3238 3281 3549 3354 Erpesfurt

1905 3372 1994 3405 ²¹⁴⁶
2016 3372 2355 3429 celebravit.
2385 3371 2525 3428 llluc
2548 3387 2676 3428 cum
2700 3372 3015 3443 prescripti
3042 3370 3305 3427 Saxonia
3339 3369 3555 3441 princi-

1908 3476 2009 3532 pes
2050 3461 2268 3517 curiam
2320 3475 2428 3515 non
2454 3460 2735 3529 adissent,
2764 3459 3165 3528 indignatione
3188 3459 3359 3514 nimia
3398 3472 3553 3514 com-

1909 3554 2102 3605 motus
2137 3550 2470 3619 imperator,
2508 3549 2653 3603 bona
2688 3562 2886 3603 eorum
2917 3546 3109 3617 diripi,
3150 3546 3557 3617 possessiones

1910 3637 2195 3693 incendiis
2215 3636 2531 3705 devastari,
2558 3636 2732 3691 etiam
2758 3635 2909 3690 inter
2939 3637 3061 3705 ipsa
3087 3636 3230 3690 festa
3252 3633 3344 3667 “‘5
3361 3647 3555 3704 prece-

1911 3727 2015 3797 pit,
2050 3740 2156 3781 nec
2188 3723 2370 3780 multo
2406 3728 2538 3793 post
2592 3722 2898 3778 castellum
2958 3721 3219 3793 adprime
3269 3724 3553 3777 munitum

1912 3813 2330 3882 Hornburg’“6
2367 3813 2515 3883 (333)
2550 3810 2719 3881 longa
2743 3811 3047 3866 obsidione
3069 3809 3305 3865 delevit.
3339 3809 3557 3865 Deinde

1911 3901 2137 3957 relictis
2186 3916 2290 3972 per
2331 3901 2586 3971 presrdia
2620 3897 2889 3954 fidelibus
2918 3898 3058 3966 suis,
3122 3901 3558 3966 contemptores

1912 4004 2051 4045 suos
2074 3988 2301 4044 insidiis
2329 3994 2389 4042 et
2417 3985 2835 4057 congressibus
2858 3985 3091 4049 aﬁtixit;
3124 3984 3277 4039 inter
3306 3996 3435 4053 qua
3467 3996 3559 4037 sc-

1911 4077 2181 4150 pedictus
2222 4075 2529 4146 Sigifridus
2561 4073 2853 4146 palatinus
2881 4088 3093 4143 comes,
3143 4070 3232 4126 vir
3263 4070 3559 4127 nobilissi-

1913 4181 2040 4223 mus
2067 4169 2123 4221 et
2158 4180 2266 4222 suo
2300 4164 2355 4219 in
2385 4163 2477 4197 ²¹⁴⁷
2510 4170 2772 4235 tempore
2814 4161 2955 4217 nulli
2988 4161 3043 4216 in
3078 4159 3229 4217 omni
3262 4158 3558 4233 probitate

1913 4254 2226 4325 secundus,
2261 4252 2562 4323 occubuit,
2596 4251 2931 4321 Wigbertus
2957 4248 3052 4283 ²¹⁴⁸
3089 4249 3340 4321 capitur,
3376 4246 3558 4304 Lude-

1912 4343 2101 4401 wicus
2120 4342 2217 4376 ’1"
2235 4341 2308 4397 ad
2328 4341 2686 4398 deditionem
2716 4339 3115 4412 compellitur;
3143 4339 3343 4408 sicque
3377 4336 3556 4392 rebus

1912 4432 2146 4489 interim
2171 4430 2360 4502 quies,
2382 4429 2519 4507 licet
2541 4429 2785 4501 modica,
2810 4427 3181 4486 conceditur.
3205 4427 3274 4481 ‘2

1506 4549 1743 4605 VARUE
1806 4545 2208 4603 LECTIONES.

220 4638 318 4672 ἰη
341 4638 714 4708 gebehardus
742 4641 837 4694 DS.
882 4639 1176 4709 gerardus
1202 4643 1262 4696 7.

147 4710 242 4743 ω’
276 4724 440 4781 papa
472 4710 532 4764 P.
589 4710 693 4764 D1.

147 4780 239 4814 ,ιη
276 4787 370 4837 est
406 4784 462 4835 4.
580 4779 673 4812 2128

150 4821 380 4908 tum”:
406 4821 565 4883 "un

146 4938 207 4979 e.
246 4926 404 4979 4-11.

145 4993 245 5028 21ιο
489 4996 580 5048 1ο.
669 4992 760 5026 2141

802 4708 1294 4782 ’iwprivilegiii'n
1346 4714 1397 4766 4.
1448 4714 1499 4765 6.
1534 4708 1611 4765 9°.

787 4995 1128 5064 gerthrudis
1182 4995 1285 5052 E1.
1352 5000 1410 5052 2.

145 5136 244 5171 ’1"
273 5135 440 5194 dem
466 5139 557 5190 10.
601 5141 691 5192 11.

146 5206 418 5267 dest
447 5209 540 5262 10.

1352 4638 1446 4674 ²¹²⁰
1472 4638 1773 4709 engelism.
1810 4638 1908 4692 D1.
1945 4638 2088 4692 4-11.

1352 4714 1372 4741 ι
1448 4714 1480 4741 A
1534 4714 1595 4741 nn
1716 4707 1810 4741 212‘
1841 4708 2002 4741 Hnno!
2049 4710 2082 4741 ’1

589 4710 693 4764 Dl.
802 4708 1294 4782 2mipl‘ivilegiu'n
1346 4714 1397 4766 4.
1448 4714 1499 4765 6.
1534 4708 1611 4765 9°.
1716 4708 1810 4741 ²¹²⁸
1839 4708 2002 4764 deest
2049 4710 2099 4762 7.
2203 4708 2343 4762 ²¹²⁶ε

580 4779 673 4812 ²¹²⁸
698 4781 980 4838 seminate
1008 4788 1066 4837 7.
1103 4787 1184 4836 9°.
1217 4789 1308 4837 1t.
1349 4782 1634 4838 seminare
1666 4784 1715 4835 5.
1752 4784 1844 4835 10.
1884 4777 2255 4836 seminarium
2287 4779 2343 4831 4.

485 4849 565 4883 ¹¹⁸¹
594 4865 705 4921 que
733 4853 828 4907 E1.
864 4859 922 4909 2.
960 4853 1100 4910 And
1120 4854 1195 4910 ιδ’.
1256 4851 1349 4887 ²¹³²
1378 4853 1449 4908 ab
1479 4853 1523 4907 i.
1562 4849 1940 4908 εἰσπέμπει-11.
2033 4849 2125 4881 ²¹³³
2158 4849 2504 4903 Uodalricus
2537 4849 2588 4899 5.
2665 4849 2757 4877 '1"
2789 4849 3060 4922 luodewig

485 4920 579 4953 3136
611 4924 771 4953 1...!
794 4927 854 4953 nn.
932 4922 1025 4953 1187
1055 4924 1406 4953 ,πίηηηηοκω
1446 4927 1467 4953 ι
1578 4921 1671 4953 1188
1702 4920 1940 4953 dan-Inc
1994 4924 2049 4953 οι
2087 4921 2115 4953 1.
2205 4917 2302 4952 Ιωο
2332 4914 2678 4953 Indaminnm
2713 4919 2743 4953 κ
2808 4914 3059 4953 lum-lauri

606 4914 771 4979 deest
794 4927 871 4980 9°.
932 4922 1025 4957 “'7
1055 4924 1174 4982 wic
1218 4928 1408 4981 ortum
1441 4927 1498 4979 4.
1578 4921 1671 4955 ’m
1700 4920 1864 4978 deest
1882 4925 1958 4978 9°.
1994 4924 2054 4976 et
2084 4921 2140 4973 4.
2205 4917 2302 4952 ἰδ’
2332 4914 2681 4972 lodewicum
2712 4919 2769 4969 5.
2808 4914 3197 4971 luodewicnm

669 4992 1128 5050 “"nerthrudis
1180 4941 1285 5050 £11.
1352 5000 1410 5050 2.
1474 4991 1773 5050 aertrudis
1819 4994 1897 5049 9°.
2009 4989 2101 5024 ω’
2130 4988 2362 5045 viduam
2424 4988 2524 5043 ΕΞ.
2581 4998 2730 5041 corr.
2791 4986 2963 5043 vidua
3022 4984 3118 5037 E1.

145 5065 242 5099 ’1“
273 5063 612 5136 erpherfurt
642 5069 700 5120 6.
739 5063 807 5121 7.
840 5070 923 5123 9°.
959 5066 1245 5139 erphuurt
1275 5070 1332 5124 4.
1372 5063 1710 5139 crpbesiurt
1737 5068 1829 5120 10.
1898 5066 1987 5119 ιιι.
2069 5063 2163 5094 ³³η
2194 5063 2216 5115 1

145 5136 244 5171 ²ι⁸⁷
273 5135 440 5210 deest
466 5139 557 5190 10.
601 5141 691 5192 11.
774 5135 867 5172 ²ί⁴⁸
895 5137 1218 5210 wicpertus
1249 5141 1307 5195 4.
1362 5137 1686 5196 wicbertus
1719 5141 1769 5193 5.
1805 5133 2127 5207 wicpertus
2157 5136 2216 5187 9°

2191 4632 2283 4667 ²¹⁸ί
2312 4636 2407 4693 ita
2434 4636 2495 4690 E.
2556 4634 2722 4690 Wili.
2756 4630 3069 4695 Masmcsb,
3101 4642 3391 4687 consensu
3419 4624 3556 4683 rati.

2203 4705 2295 4738 ²¹²⁶
2326 4712 2477 4763 auct.
2542 4704 2685 4760 eccl.
2720 4706 2865 4759 4-11.
2969 4701 3062 4735 ⁹¹²⁶
3092 4716 3162 4756 ιη.
3224 4700 3281 4753 in
3336 4713 3473 4768 "NP.
3504 4699 3556 4754 ιο

2443 4776 2534 4809 ²¹²⁹
2561 4775 2738 4844 capit
2771 4774 2918 4844 circ.
2960 4778 3040 4844 5._
3085 4770 3180 4844 313°
3207 4769 3371 4827 deest
3395 4772 3559 4844 εὶς-’ᾳ

2033 4847 2125 4881 ²¹³³
2158 4847 2504 4903 Uodalricus
2537 4849 2588 4899 δ.
2658 4836 2757 4877 ³⁸³⁸
2789 4842 3101 4922 luodewiei
3133 4846 3183 4897 5.
3209 4854 3320 4963 ,ςὲᾳ
3394 4836 3488 4869 ²¹³¹
3519 4837 3557 4892 f.

2033 4924 2054 4963 ι
2084 4921 2138 4963 Α.
2205 4917 2302 4952 ιιθο
2332 4914 2680 4963 lndewicum
2712 4919 2769 4963 Β-
2808 4914 3197 4963 lnndewmum
3278 4915 3333 4963 1.
3358 4911 3417 4962 2.
3457 4911 3550 4963 10.

2009 4949 2054 4976 3|:
2084 4949 2140 4973 ιο.
2333 4949 2681 4972 ιυυῠννιυυιιι
2712 4949 2769 4969 υ.
2808 4949 3197 4971 ιιιυυυννιυῐιμι
3230 4949 3298 4965 un
3321 4952 3333 4964 ο
3359 4949 3417 4962 -ι
3463 4949 3550 4963 ιν.

2009 4989 2101 5024 ﬂ"
2130 4988 2362 5045 viduam
2424 4988 2524 5043 ΕΞ.
2581 4998 2730 5041 corr.
2791 4986 2963 5043 vidua
3022 4984 3118 5037 E1.
3231 4978 3328 5012 ²¹⁴³
3356 4981 3450 5035 ita
3482 4978 3526 5033 E

2069 5058 2163 5094 am
2194 5059 2347 5117 facta
2375 5063 2434 5114 δ’
2522 5054 2614 5091 am
2643 5056 3128 5127 hornburgﬁal
3168 5050 3553 5127 bouburg_9°.

2348 5127 2444 5163 ειη
2473 5127 2840 5187 loudewicus
2871 5119 2937 5184 δῖ
2956 5122 3308 5182 lothewicus
3333 5126 3393 5177 7.
3437 5119 3563 5177 luo-

1744 5277 1963 5334 NOTAE.

1992 5400 2045 5457 p.
2076 5386 2203 5439 73-7

250 5456 379 5529 331)
409 5461 487 5516 De
518 5456 798 5528 Weiinar;
827 5476 890 5518 v.
929 5456 1073 5519 Ann.
1110 5464 1171 5518 S.
1212 5460 1275 5517 h.
1314 5474 1365 5515 a.
1401 5459 1488 5515 Df.
1523 5456 1782 5514 Stenzel.
1821 5458 1865 5528 Ι,
1898 5472 1951 5529 p.
1985 5456 2114 5514 654.

250 5392 360 5445 330
410 5387 473 5443 V.
510 5388 581 5446 de
612 5388 837 5462 synodo
869 5389 940 5446 ab
962 5389 1089 5463 ipso
1118 5388 1353 5446 Vienna
1384 5386 1580 5444 habita
1612 5385 1797 5442 Μαιλδί
1817 5385 1955 5456 XXI,

225 5388 379 5601 $331;
409 5461 487 5542 De
518 5460 890 5544 Weimar;_v..
929 5463 1073 5519 Ann.
1110 5464 1171 5544 ξ.
1212 5460 1275 5543 l1.
1314 5474 1365 5515 a.
1401 5459 1488 5515 Df.
1523 5456 1782 5514 Stenzel.
1821 5458 1865 5528 Ι,
1898 5472 1951 5529 p.

252 5534 379 5601 332)
411 5532 595 5593 Vidua
629 5534 883 5590 Hemrncn
914 5532 1288 5593 marchioms.

252 5534 379 5603 332)
411 5531 595 5593 Vidua
629 5531 883 5590 Heinrici
914 5531 1288 5593 marchionis.

227 5606 381 5677 (333)
411 5603 496 5667 Ad
524 5605 698 5666 Ilsam
728 5603 990 5665 ﬂuvium.
