3962 6340
413 325 562 393 1027

1569 333 2049 393 ΕΚΚΕΙΙΑΗΟΙ
2098 331 2650 394 ['RAUGIENSIS

3673 322 3846 390 1028

475 465 791 522 i-‘nidemmo
819 483 966 522 anno
1003 464 1318 539 imperator
1353 465 1663 536 impatiens
1692 463 1912 535 aliquid
1935 464 2050 522 dis-
2079 443 2141 526 Α.
2234 467 2373 522 Post
2395 466 2517 521 haac
2541 465 2772 536 quidam
2818 463 3176 534 Reginoldus
3196 461 3309 532 ωε,
3335 461 3661 532 provincia:
3690 461 3844 516 Bur-

405 557 618 611 mrdize
663 556 802 611 oriri
857 557 910 610 in
954 571 1130 623 regno
1159 571 1283 624 suo,
1341 555 1560 610 invadit
1591 570 1721 609 cum
1781 555 2046 610 exercitu

404 645 687 714 (μιειιιὼηῐι
723 645 1112 716 Regenoldnm
1148 647 1218 699 de
1267 647 1505 699 Munzun
1541 645 1712 714 (334),
1737 643 1844 698 sibi
1880 658 2048 712 repu-

405 738 674 796 gnantem
705 740 761 788 et
823 735 967 788 bona
1017 734 1417 804 episcopatum
1451 746 1689 786 suorum
1742 732 2048 786 devastan-

408 831 543 889 lt'll),
580 835 745 891 quem
777 821 926 891 apud
963 821 1086 888 Bar,
1122 820 1427 876 castellum
1479 834 1666 887 suum,
1703 819 1956 887 obsedit,
1989 823 2048 872 et

373 925 532 964 *rum
566 925 628 964 se
658 915 717 964 et
749 909 1054 964 castellum
1090 908 1340 963 viriliter
1384 908 1788 962 defendentem
1821 906 2048 962 virilius

409 1013 526 1068 ipse
548 997 722 1067 coepit
751 1011 882 1051 cum
919 996 1118 1051 multis
1149 997 1498 1067 primatibus
1526 995 1786 1064 ejusdem
1819 995 2044 1066 patriae,

402 1090 460 1139 et
495 1085 678 1154 ipsum
710 1083 1019 1140 castellum
1054 1085 1183 1153 igne
1205 1085 1616 1140 concremavit.

2159 554 2390 623 gundiae
2414 568 2628 624 comes,
2655 558 2734 622 et,
2773 557 2835 610 ut
2855 553 3037 620 aiunt,
3065 551 3438 622 imperatoris
3463 551 3842 618 consangui—

2161 657 2324 708 neus,
2376 642 2740 712 tyrannidem
2784 641 3027 712 juvenili
3060 645 3227 696 actus
3261 638 3572 695 insolentia
3608 643 3836 694 contra

2162 746 2280 785 rem
2315 731 2604 802 publicam
2651 729 2912 795 orditur;
2947 728 3043 800 qui
3079 735 3291 794 tamen,
3355 726 3838 798 superveniente

2161 819 2270 874 sibi
2295 835 2425 874 eum
2477 833 2644 874 manu
2686 817 2875 873 valida
2898 817 2990 850 ²¹⁸⁴
3022 809 3290 872 Heinrico
3321 819 3595 884 augusto,
3637 815 3836 870 muni-

2159 909 2394 978 tionem,
2447 907 2502 962 in
2557 922 2666 976 qua
2729 906 2974 961 maxime
3029 904 3382 973 confidebat,
3442 904 3697 958 Monzun
3734 902 3837 934 ³1³⁵

2160 996 2346 1067 [deest
2363 995 2460 1066 E].
2515 996 2639 1066 ipse
2665 999 2875 1066 captus
2925 993 3152 1058 amisit;
3185 993 3384 1062 sicque
3438 989 3543 1046 lite
3576 991 3705 1046 cito
3742 991 3835 1046 di-

2161 1087 2385 1154 rempta
2417 1083 2528 1153 ’1“,
2559 1082 2842 1140 custodiae
2875 1081 3150 1138 traditur.

1883 1203 1946 1254 Α.
1983 1201 2046 1253 D.
2080 1199 2314 1254 MCXIV.

476 1299 798 1369 Imperator
816 1296 908 1330 ²¹⁵¹
939 1297 1244 1353 lleinrieus
1293 1297 1540 1352 natalem
1579 1295 1797 1351 Domini
1831 1297 2046 1350 Baben-

407 1390 549 1456 iicrg
577 1387 917 1456 celebravit,
943 1386 1248 1457 dispositis
1271 1387 1490 1456 nuptiis
1512 1386 1634 1440 suis
1656 1385 1958 1454 Maguntize
1990 1385 2042 1440 in

405 1475 662 1546 proxima
679 1474 1004 1546 epiphania.
1037 1477 1496 1544 DeSponsaverat
1519 1473 1670 1528 enim
1695 1477 1826 1527 ante
1869 1473 2047 1528 trien-

405 1564 560 1620 nium
595 1561 946 1632 Mathildem,
999 1563 1169 1617 tiliam
1231 1563 1456 1618 llenrici
1491 1562 1646 1631 regis
1705 1561 2041 1631 Anglorum,

407 1652 685 1721 virginem
712 1651 988 1722 moribus,
1015 1651 1286 1721 nobi'em,
1314 1656 1614 1706 venustam
1643 1665 1873 1721 quoque
1891 1657 1948 1705 et
1975 1651 2044 1706 de

407 1755 600 1795 coram
625 1739 786 1808 faeie,
806 1754 933 1809 qua}
953 1739 1280 1794 habebatur
1307 1739 1487 1794 decus
1505 1743 1560 1793 et
1587 1739 1772 1808 gloria
1801 1743 1912 1794 tam
1939 1741 2046 1793 Ro-

407 1829 554 1882 mani
581 1828 806 1898 imperii
842 1843 1008 1898 quam
1037 1827 1256 1896 Anglici
1283 1827 1464 1894 regni.
1499 1828 1637 1882 Erat
1658 1827 1806 1882 enim
1843 1842 2038 1898 proge-

407 1916 522 1971 nita
544 1931 614 1970 ex
649 1921 894 1985 utraque
944 1921 1104 1986 parte
1141 1931 1211 1969 ex
1235 1915 1398 1982 longa
1425 1915 1572 1970 linea
1599 1915 1916 1984 magnifica:
1949 1930 2045 1970 no-

406 2003 655 2060 bilitatis
685 2009 744 2059 et
760 2004 971 2073 regalis
995 2019 1160 2074 prosa
1173 2003 1298 2074 pim,
1331 2005 1382 2057 in
1406 2003 1572 2072 cujus
1598 2003 1825 2072 loquela
1840 2008 2044 2074 etope-

405 2107 464 2146 re
497 2090 906 2161 resplenuebat
929 2091 1220 2161 specimen
1255 2091 1464 2145 futura)
1491 2091 1768 2147 bonitatis
1793 2091 2039 2163 abunde,

399 2181 544 2236 adeo
567 2183 631 2235 ut
652 2179 920 2234 omnibus
943 2183 1249 2250 optaretur
1280 2181 1516 2234 Romani
1551 2181 1776 2252 imperii
1809 2179 2044 2236 heredis

399 2273 585 2323 mater
620 2268 762 2323 fore.
790 2267 871 2322 Ad
898 2267 1053 2338 ipsas
1075 2283 1306 2339 quoque
1331 2269 1562 2338 nuptias
1586 2272 1746 2323 tanta
1770 2270 2043 2324 convenit

401 2356 716 2412 multitudo
748 2355 1348 2427 archiepiscoporum,
1374 2355 1803 2427 episcoporum,
1829 2357 2040 2414 ducum

400 2449 576 2515 atque
596 2445 893 2515 comitum,
927 2446 1200 2501 abbatum
1235 2460 1464 2516 quoque
1497 2449 1556 2500 et
1589 2445 2036 2519 prepositorum,

399 2537 575 2603 atque
599 2533 1126 2590 eruditissimorum
1159 2533 1528 2603 clericorum,
1556 2539 1620 2588 ut
1648 2534 1839 2590 nullus
1863 2549 2039 2591 senex

402 2620 560 2676 illius
591 2620 680 2675 cvi
727 2626 924 2692 posset
960 2620 1253 2676 reminisci
1285 2621 1374 2676 vel
1425 2621 1619 2692 aliquo
1652 2621 1821 2680 modo
1849 2623 2040 2680 adtes-

401 2709 511 2765 tari
537 2725 598 2764 se
621 2709 858 2780 vidisse,
899 2709 988 2766 vel
1021 2709 1226 2765 saltem
1254 2710 1568 2781 audivisse,
1597 2716 1811 2767 tantam
1848 2712 2039 2768 multi-

2231 1294 2505 1351 Dominus
2542 1294 2632 1328 “‘7
2666 1295 2982 1366 imperator
3031 1293 3282 1350 natalem
3327 1291 3420 1326 ²¹⁵⁸
3447 1291 3684 1348 Domini
3721 1293 3831 1347 Ba-

2160 1385 2420 1453 benberg
2451 1399 2580 1440 cum
2612 1397 2832 1440 summa
2862 1381 2954 1416 ²¹⁵⁰
2983 1381 3412 1452 magniﬁcentia
3447 1381 3832 1451 copiosaque

2159 1472 2483 1544 principum
2518 1471 2891 1528 multitudine
2910 1471 3169 1527 celebrat
3196 1487 3210 1535 ;
3233 1475 3290 1525 et
3314 1471 3421 1526 hoc
3447 1483 3560 1526 non
3588 1469 3828 1540 simpli-

2157 1561 2323 1630 citer,
2343 1561 2474 1631 quia
2508 1561 2694 1617 virum
2717 1559 2814 1616 Dei
2836 1559 3263 1615 Ottoneminibi
3291 1558 3658 1630 episcopum,
3684 1573 3828 1628 pro-

2160 1655 2288 1720 pter
2322 1651 2584 1720 quzedam
2629 1649 2746 1718 jam
2776 1649 2870 1682 ²ι⁶⁰
2899 1647 3147 1704 orientia
3181 1648 3236 1703 in
3291 1661 3472 1716 regno
3529 1647 3824 1704 scandala

2075 1723 2128 1780 Β
2157 1739 2375 1794 curiam
2402 1740 2776 1808 frequentare
2801 1742 3160 1807 renuentem,
3186 1751 3258 1793 ex
3279 1740 3821 1807 partesuspectum

2161 1827 2430 1882 habebat.
2458 1829 2586 1898 Ipse
2617 1840 2758 1882 vero
2781 1827 2957 1882 rebus
2983 1825 3342 1881 transitoriis
3359 1841 3467 1896 pro
3489 1825 3818 1880 roncordia

2156 1915 2576 1971 terciesiastica
2603 1930 2712 1970 non
2740 1928 3006 1985 parcens,
3025 1912 3322 1970 beneﬁciis
3345 1912 3668 1969 indefessis
3691 1913 3822 1968 ani-

2156 2003 2484 2060 mositatem
2519 2003 2673 2072 regis
2701 2002 2960 2071 gloriose
2985 2001 3220 2059 devicit.
3253 2003 3394 2056 Hinc
3429 2001 3657 2056 indicto
3675 2015 3819 2056 con-

2155 2097 2332 2148 ventu
2349 2090 2750 2161 ltlogontize2m
2766 2090 2928 2158 (Jan.
2943 2093 3020 2161 7),
3039 2091 3273 2162 nuptias
3285 2092 3418 2160 post
3429 2088 3815 2159 epiphaniam

2153 2181 2376 2238 Domini
2395 2181 2806 2250 augustissime
2825 2181 3080 2237 instituit
3099 2199 3112 2245 ;
3130 2180 3224 2236 ubi
3237 2179 3412 2236 etiam
3436 2179 3534 2234 vix
3550 2178 3814 2250 aliquem

2153 2275 2252 2326 aut
2276 2273 2439 2326 certe
2461 2269 2682 2326 nullum
2703 2269 2774 2326 de
2798 2269 3166 2338 magnatibus
3185 2269 3394 2325 abesse
3419 2267 3640 2330 voluit;
3665 2282 3814 2336 quo-

2152 2374 2278 2416 rum
2311 2359 2554 2415 consilio
2586 2359 2676 2414 vel
2709 2373 3000 2416 consensu
3025 2357 3116 2390 ²¹⁶²
3140 2357 3297 2427 regis
3335 2355 3559 2426 Anglia
3605 2355 3809 2424 ﬁliam,

2151 2445 2520 2502 Mahthildem
2557 2443 2650 2476 "‘3
2681 2445 2930 2516 nomine,
2965 2445 3182 2502 dudum
3216 2445 3634 2515 desponsatam
3667 2441 3811 2510 legi-

2151 2533 2288 2589 time
2318 2533 2408 2566 ²¹⁶⁴
2437 2533 2546 2590 sibi
2579 2533 2958 2603 conjungens,
3021 2533 3182 2602 regni
3214 2534 3554 2588 consortem
3584 2531 3809 2585 consti-

2151 2623 2281 2680 tuit.

396 2800 660 2856 tudinem
693 2804 986 2856 tantorum
1010 2798 1362 2870 primatuum
1386 2815 1441 2855 in
1463 2816 1576 2856 uno
1605 2807 1892 2857 conventu
1927 2803 2287 2859 convenisse.
2325 2804 2384 2858 In
2414 2802 2560 2874 ipsis
2587 2803 2739 2858 enim
2772 2800 2994 2874 nuptiis
3042 2807 3434 2857 convenerant

399 2889 824 2960 archiepiscopi
858 2893 908 2957 5,
941 2888 1199 2959 episcopi
1234 2892 1321 2959 40,
1352 2889 1531 2945 duces
1553 2894 1618 2957 5;
1650 2891 1718 2945 de
1751 2891 1963 2961 quibus
1994 2891 2372 2948 duxBoemia}
2401 2905 2660 2948 summus
2692 2890 2964 2962 pincerna
2996 2889 3124 2946 fuit.
3150 2889 3436 2945 Comitum

397 2992 537 3033 vero
559 2981 617 3033 et
637 2978 914 3032 abbatum
939 2981 1113 3048 atque
1137 2977 1570 3048 propositorum
1597 2993 1870 3035 numerus
1895 2995 1924 3035 a
1949 2979 2109 3038 nullo
2130 2980 2400 3052 praesenti
2427 2979 2560 3036 licet
2597 2979 2840 3035 multum
2861 2977 3054 3048 sagaci
3074 2977 3269 3048 potuit
3286 2991 3440 3034 com-

396 3065 698 3138 prehendi.
727 3067 879 3121 Dona
917 3070 1132 3136 autem,
1169 3081 1296 3138 qua:
1330 3067 1542 3122 diversi
1576 3083 1743 3137 reges
1773 3075 1946 3140 atque
1980 3070 2430 3127 innumerabiles
2465 3069 2744 3140 primates
2772 3067 2984 3125 domno
3009 3067 3344 3139 imperatori
3379 3067 3434 3123 in

399 3154 549 3226 ipsis
574 3155 797 3226 nuptiis
826 3154 1126 3225 miserunt,
1163 3155 1252 3210 vel
1286 3171 1413 3226 qua:
1448 3155 1571 3227 ipse
1601 3157 1919 3228 imperator
1948 3171 2017 3212 ex
2051 3173 2114 3214 se
2143 3157 2546 3214 innumerabili
2582 3157 2938 3213 multitudini
2966 3157 3355 3227 joculatorum
3380 3161 3440 3211 et

400 3242 709 3299 istrionum
734 3247 909 3312 atque
935 3241 1170 3298 diverso
1193 3243 1393 3312 generi
1425 3243 1784 3300 diversarum
1810 3245 2068 3314 gentium
2092 3245 2416 3314 distribuit,
2451 3245 2932 3316 quemadmodum
2966 3243 3162 3302 nullus
3185 3257 3442 3300 camera-

399 3332 522 3388 rius
556 3331 742 3403 ipsius
771 3331 862 3386 vel
897 3331 991 3401 qui
1025 3332 1248 3402 recepit
1277 3332 1368 3386 vel
1403 3333 1497 3402 qui
1529 3331 1827 3389 distribuit
1863 3333 2052 3405 potuit
2084 3348 2409 3404 numerare,
2444 3335 2523 3389 ita
2555 3333 2750 3391 nullus
2769 3333 3028 3404 ejusdem
3062 3333 3438 3404 imperatoris

397 3419 882 3490 chronographns
916 3421 1105 3491 potuit
1135 3421 1352 3477 lit-teris
1383 3422 1897 3493 comprehendere.

470 3507 681 3562 Eodem
704 3506 795 3540 ²¹³²
829 3523 1055 3580 quoque
1103 3523 1251 3566 anno
1285 3511 1340 3566 in
1385 3511 1601 3567 eisdem
1635 3512 1856 3582 nuptiis
1881 3513 2036 3583 jura-

398 3600 610 3650 verunt
637 3595 951 3668 principes,
994 3597 1421 3669 expeditionem
1446 3605 1647 3654 contra
1675 3599 1941 3656 Frisones
1973 3615 2036 3656 se

398 3683 662 3738 facturos
718 3683 770 3738 in
805 3685 1057 3741 secunda
1108 3687 1430 3758 septimana
1465 3692 1597 3758 post
1629 3693 2031 3758 pentecosten.

394 3770 832 3836 Denegaverant
855 3773 1002 3828 enim
1030 3775 1235 3830 domno
1265 3775 1600 3846 imperatori
1628 3775 1881 3830 debitam
1906 3777 2036 3831 sub-

389 3857 703 3928 jectionem
731 3860 1013 3931 impendet
1033 3877 1062 3918 e
1093 3869 1150 3917 et
1175 3865 1328 3918 tribu
1343 3869 1397 3918 ta
1445 3880 1572 3932 quae
1590 3863 1720 3932 jure
1739 3865 2033 3919 annuatim

391 3946 684 4002 debebant
735 3949 1090 4019 prrsum-rc.
1128 3953 1263 4005 Nam
1297 3967 1366 4004 ex
1400 3951 1703 4005 insolentia
1742 3952 1944 4008 tumidi
1978 3959 2037 4008 et

391 4033 650 4092 locorum
705 4038 1025 4094 munitione
1061 4040 1212 4108 freti,
1249 4039 1715 4108 dedignabantur
1738 4041 1907 4096 alicui
1940 4041 2038 4097 do-

391 4122 545 4178 mino
571 4124 777 4194 subjici
805 4125 892 4180 vel
917 4125 1165 4196 alicujus
1190 4127 1327 4182 licet
1350 4127 1515 4182 valde
1550 4129 1808 4199 potentis
1841 4145 2040 4201 prece-

389 4214 555 4281 ptum
583 4213 810 4283 exequi.
835 4214 972 4270 Cum
999 4218 1191 4270 autem
1222 4230 1430 4271 versus
1459 4214 1592 4272 illos
1615 4223 2037 4275 exereituscaa-

392 4297 576 4368 pisset
611 4316 671 4356 se
703 4316 956 4371 movere,
989 4302 1352 4358 Coloniensis
1383 4304 1856 4376 archiepiscopus
1907 4323 2036 4362 cum

393 4386 741 4456 quibusdam
768 4389 898 4446 aliis
921 4390 1602 4463 principibusimpedivit
1629 4393 1742 4448 iter
1765 4394 1945 4465 illius,
1981 4401 2039 4451 et

391 4475 612 4533 acriter
634 4493 762 4535 cum
781 4479 904 4536 suis
924 4479 1152 4536 civibus
1186 4485 1247 4536 et
1269 4480 1436 4552 copia
1460 4480 1705 4538 militum
1721 4487 1898 4553 atque
1915 4499 2040 4541 suc-

391 4579 571 4624 cursu
600 4567 961 4626 diversorum
1021 4568 1298 4627 comitum
1328 4570 1508 4642 coepit
1537 4570 1770 4628 domino
1801 4587 1908 4628 suo
1939 4572 2036 4629 im-

2223 3513 2432 3570 !)Linde
2463 3517 2666 3569 contra
2717 3513 2997 3583 quosdam
3027 3513 3080 3568 in
3133 3512 3280 3568 locis
3307 3511 3402 3544 ’1“
3432 3511 3800 3583 palustribus

2149 3601 2302 3660 ultra
2359 3604 2672 3658 Fresonum
2705 3601 2796 3634 ²¹⁶⁶
2827 3601 3050 3658 insulas
3080 3601 3417 3656 habitantes
3478 3601 3798 3670 imperator

2147 3691 2406 3746 navalem
2465 3691 2892 3762 expeditionem
2919 3689 3012 3722 ²¹⁶⁷
3043 3690 3227 3746 multo
3275 3689 3475 3744 studio
3519 3689 3792 3744 instituit.

2149 3778 2271 3844 Quo
2296 3781 2428 3834 dum
2456 3779 2663 3848 tendit,
2682 3779 2974 3836 Coloniam
2994 3779 3366 3849 Agrippinam
3387 3778 3502 3833 sibi
3522 3773 3793 3833 rebellem

2147 3872 2204 3923 et
2240 3868 2294 3922 in
2327 3869 2436 3923 hoc
2469 3884 2635 3938 quam
2689 3869 2886 3939 plures
2914 3868 3376 3924 Transrheninos
3406 3871 3586 3938 atque
3615 3867 3795 3921 West-

2150 3955 2297 4012 falos
2326 3957 2764 4014 consentientes
2812 3957 3068 4022 invenit;
3117 3971 3364 4026 quorum
3416 3961 3796 4011 numerantur

2149 4044 2593 4102 nominatissimi
2644 4045 2976 4102 Fridericus
3019 4045 3377 4102 Coloniensis
3407 4043 3795 4115 archiepisco-

2148 4147 2279 4204 pus,
2325 4133 2658 4190 Gotefridus
2677 4132 2769 4166 ²¹⁶⁸
2815 4134 2953 4204 dux,
2986 4134 3292 4190 Heinricus
3327 4135 3474 4203 (335)
3509 4133 3790 4203 quondam

2149 4221 2266 4277 dux
2311 4226 2370 4276 et
2429 4221 2762 4278 Fridericus
2820 4222 2890 4278 de
2944 4223 3282 4292 Arnesburg
3308 4221 3420 4278 “‘9.
3457 4222 3791 4277 Intermissa

2149 4309 2346 4380 itaque
2399 4310 2779 4382 profectione,
2831 4326 3058 4367 manum
3107 4311 3162 4366 in
3223 4312 3427 4366 hostes
3490 4319 3793 4380 presentcs

2149 4397 2467 4454 extendere
2498 4399 2762 4469 cupiens,
2795 4399 3048 4455 Coloniae
3071 4399 3342 4470 partibus
3365 4398 3593 4454 assedit
3617 4441 3631 4462 ,
3660 4396 3793 4454 civi-

2149 4486 2256 4540 tati
2290 4500 2429 4543 vero
2451 4485 2694 4544 miriﬁce
2730 4487 2966 4543 munitm
2989 4486 3210 4543 monon
3254 4485 3588 4558 prevalens,
3613 4485 3792 4554 regio-

2152 4589 2276 4630 nem
2335 4573 2788 4648 circumquaque
2840 4575 3111 4646 vastavit,
3169 4576 3525 4645 tandemque
3601 4572 3789 4632 soluto

1771 4747 2006 4806 VARle
2051 4749 2444 4806 LECTIONES.

410 4964 422 4984 δ
469 4891 564 4933 ¹¹⁶⁰
593 4899 1100 4986 ᾳτιιερεᾳατξηιπτ,
1133 4900 1468 4962 atramento
1487 4899 1679 4977 paulo
1708 4903 1928 4963 αἰνέογί
1957 4899 2189 4978 scripta.
2227 4902 2395 4965 sunt.
2479 4904 2570 4940 ἰω
2599 4907 2728 4966 Hoc
2760 4907 2876 4965 loco
2913 4907 3117 4967 exstat
3161 4907 3391 4981 tabula,

410 4972 784 5036 insperatam:
815 4971 1127 5032 delmeate:
1153 4977 1309 5032 sunt.
1388 4976 1480 5010 ’1"
1510 4977 1836 5034 atramento
1861 4979 2040 5036 anulo
2071 4994 2110 5034 ιι
2137 4978 2546 5036 superioribus
2603 4979 2854 5036 diverso.
2931 4979 3024 5012 ³³⁸³
3055 4980 3358 5036 reinoldus
3413 4922 3462 5036 ἔ

396 4971 784 5042 imperatoris
814 4971 1127 5054 delimata:
1153 4977 1309 5059 sunt.
1388 4971 2040 5080 ""‘atramento‘nmtlo
2071 4971 2110 5034 ἱι
2137 4978 2546 5048 superioribus
2603 4979 2854 5037 diverso.
2931 4979 3024 5012 ²¹⁸³
3055 4971 3387 5038 reinoldus'
3413 4971 3513 5038 Et.
3549 4997 3598 5039 e.
3631 4971 3782 5039 corr.

396 5045 447 5096 2.
480 5047 532 5097 7.
646 5041 738 5076 ³³⁸⁸
767 5043 953 5101 ualica
1005 5051 1063 5101 7.
1181 5045 1273 5079 ἰδ-ι
1304 5062 1550 5104 munzun
1607 5053 1682 5104 9°.
1797 5048 1842 5080 "
1868 5049 1890 5080 ⁸
1921 5049 2148 5104 direpta
2207 5051 2309 5104 E2.
2427 5049 2517 5082 ’1⁸⁷
2549 5050 2712 5104 deest
2738 5057 2788 5104 5.
2901 5050 2994 5084 ²ι⁵⁸
3021 5051 3215 5104 natale
3267 5055 3318 5104 4.
3433 5051 3530 5084 ω’
3558 5053 3720 5104 deest
3738 5057 3782 5104 ι.

707 5065 738 5075 ’ν
769 5065 953 5101 uauca
1006 5065 1063 5101 '1.
1183 5065 1273 5079 ιη’
1304 5065 1550 5104 munzun
1607 5065 1682 5105 νυ.
1797 5065 1890 5080 ειυν
1921 5065 2148 5120 direpta
2207 5065 2309 5104 n2.
2428 5065 2514 5082 ιη’
2549 5065 2712 5108 deest
2738 5065 2788 5106 δ.

707 5113 800 5146 ²¹⁶⁰
829 5115 992 5172 deest
1017 5121 1066 5173 5.
1096 5133 1148 5173 ο.
1177 5117 1312 5186 jam.
1350 5124 1400 5174 7.
1437 5127 1512 5174 9°.
1591 5117 1684 5151 “‘1
1713 5120 2008 5189 moguntie
2052 5123 2101 5174 4.
2180 5119 2272 5152 ²¹⁶²
2303 5136 2542 5178 assensu
2603 5123 2671 5176 Et
2693 5163 2706 5176 .
2746 5127 2796 5176 2.

707 5184 814 5223 Ιριγι
853 5192 881 5223 Η
939 5187 1272 5223 ιῆῂίιὶῖιίῖοηι
1307 5191 1375 5223 ΠΙ
1438 5195 1470 5223 6)
1523 5192 1579 5223 of
1603 5192 1692 5223 λθη
1722 5193 1893 5223 infit/1
1993 5191 2082 5223 Ξίθδ
2117 5191 2278 5223 r’nunf
2299 5199 2330 5223 ’τ
2465 5191 2556 5223 2168
2592 5193 2750 5223 ligna}
2775 5200 2796 5223 Η

399 5191 815 5239 machtbildem
850 5192 899 5241 5.
938 5191 1274 5244 mathildem
1306 5191 1402 5244 Et.
1437 5195 1488 5246 2.
1520 5192 1579 5246 et
1603 5192 1694 5247 ita
1722 5193 1914 5251 infra.
1987 5191 2082 5247 Pl“
2113 5191 2278 5248 deest
2299 5199 2352 5248 7.
2465 5191 2556 5224 ’1“
2584 5193 2750 5253 deest
2775 5199 2822 5248 7.

397 5255 449 5358 g.
992 5277 1012 5313 .·
1040 5258 1244 5316 navale
1277 5260 1571 5333 prelium.)
1647 5261 1740 5294 “‘8
1765 5262 2136 5332 gothet’ridus
2162 5264 2258 5320 Di.
2283 5263 2608 5332 gotefridus
2639 5269 2690 5320 7.
2728 5268 2822 5320 10.

395 5041 532 5097 2.7.
646 5041 953 5101 ““ualica
1005 5051 1063 5101 7.
1181 5045 1550 5104 “‘5munzun
1607 5053 1682 5105 9°.
1797 5048 1842 5080 ’ί

397 5126 498 5168 sua
531 5114 628 5168 E2.
707 5114 800 5146 ²¹⁶⁰
829 5115 992 5172 deest
1017 5121 1066 5173 5.
1096 5133 1148 5173 ο.
1177 5117 1312 5186 jam.
1350 5124 1400 5174 7.
1437 5127 1512 5174 9°.
1591 5117 1684 5151 “‘1
1713 5133 1914 5189 mogun

399 5183 815 5239 machthildem
850 5192 899 5241 5.
938 5187 1274 5244 mathildem
1306 5191 1402 5244 Et.
1437 5195 1488 5246 2.
1520 5192 1579 5246 et
1603 5192 1694 5247 ita
1722 5193 1914 5251 infra.

397 5323 450 5376 7.
529 5322 624 5358 “7°
653 5325 857 5382 muniti
889 5333 966 5384 9°.

3467 4923 3552 4968 ua
3575 4910 3790 4982 nuptis

2901 5050 2994 5084 ’1“
3021 5051 3215 5107 natale
3267 5055 3318 5108 4.
3433 5051 3530 5084 ³³⁵³
3558 5053 3720 5110 deest
3738 5057 3784 5109 ι.

2911 5121 3002 5154 ²¹⁶³
3031 5123 3367 5178 mahtildem
3425 5125 3528 5179 Di.
3587 5127 3643 5180 4.
3705 5130 3782 5178 10.

2465 5191 2556 5224 ²¹⁶³
2584 5193 2750 5253 deest
2775 5199 2827 5248 7.
2904 5192 2994 5225 ²¹⁰⁶
3025 5194 3300 5250 fresolum
3334 5196 3438 5251 E2.
3522 5195 3614 5227 ²³⁶⁷
3640 5195 3790 5252 deest

2465 5263 2608 5320 -idus
2639 5269 2690 5320 7.
2728 5268 2822 5320 10.
2903 5263 2994 5296 ²¹⁰⁹
3025 5267 3315 5322 arnsburc
3337 5268 3388 5320 4.
3413 5267 3782 5325 arnesburch.

2427 5049 2517 5082 ²¹⁸⁷
2549 5050 2712 5108 deest
2738 5057 2788 5106 5.

1977 5459 2197 5517 ΝΟΤίΕ.

465 5541 618 5688 £334;
640 5545 932 5626 Mousson.
967 5551 1041 5608 cf.
1077 5552 1310 5612 Stenzel
1340 5555 1384 5612 Ι.
1416 5570 1472 5628 p.
1505 5558 1628 5614 657.

489 5616 593 5672 335
646 5614 726 5672 De
755 5617 1045 5688 Lnnburg.

489 5614 614 5688 335)
646 5614 726 5672 De
755 5615 1045 5696 Limburg.
