3962 6358
192 246 223 317 1
280 252 318 316 2
1070 242 1509 314 CHRONICA.
1548 284 1624 295 -—-
1655 238 2135 311 CHRONICON
2181 244 2738 313 UNIVERSALE.
3455 252 3613 318 1080

186 388 449 463 peratori
482 386 763 444 resistere
789 388 848 442 et
876 399 1016 441 suos
1046 382 1139 440 die
1169 389 1462 455 noetuquc
1492 382 1841 439 vexarc.lm-
1871 388 1926 447 Α
1955 385 2249 438 conventu
2281 379 2565 452 [exercitu
2592 383 2687 454 E.)
2722 381 3038 440 recidivam
3059 382 3153 418 ²¹⁷²
3171 385 3608 457 expeditionem

177 483 425 550 perator
457 477 657 547 itaque
678 488 752 530 ex
781 474 1026 530 consilio
1071 477 1131 528 et
1175 487 1465 529 consensu
1512 470 1838 542 principum
1951 475 2156 525 contra
2194 470 2431 525 eosdem
2460 470 2554 502 ²ι⁷³
2604 471 2952 527 rebelliones
3001 472 3229 528 indixit.
3280 476 3399 541 Qua
3444 480 3599 535 circa

181 567 340 623 redit
370 564 741 635 Mogontiam,
775 563 991 618 infecto
1015 561 1247 631 negotio
1293 565 1353 617 et
1379 561 1664 616 frustrato
1732 575 1838 617 suo
1954 557 2240 614 Kalendas
2274 558 2940 629 Octobriscingregata,
2968 561 3249 618 Friderici
3275 568 3607 633 possessio

175 667 540 724 suorumque
572 652 795 708 labore.
820 650 908 705 Illi
943 656 1137 706 autem
1162 649 1257 721 qui
1293 650 1440 705 hanc
1458 649 1839 705 rebellionem
1954 661 2056 702 nes
2084 646 2177 679 “7‘
2209 646 2566 716 aggreditur.
2598 648 2719 713 Qua
2745 648 2999 719 undique
3027 656 3279 720 vastata,
3312 658 3372 706 et
3404 653 3457 708 in
3496 670 3609 712 me-

176 742 820 812 contraimperatorem
841 738 1152 794 machinati
1170 737 1647 806 fuerant,nullam
1667 737 1839 793 aliam
1952 733 2048 790 (lio
2072 734 2327 803 regionis
2370 734 2526 791 illius
2558 741 2753 791 castro
2786 735 2951 792 firmo
3004 740 3369 809 constructo,
3423 757 3607 813 eoque

180 826 1030 887 occasionemhabebantunde
1054 826 1240 896 ipsum
1268 830 1834 897 possentaccusare,
1952 821 2253 891 militibus,
2289 823 2467 879 armis
2488 826 2664 893 atque
2704 824 3016 895 stipendiis
3067 825 3381 899 instructo,
3421 830 3606 887 hieme

179 917 299 974 nisi
331 917 487 989 quod
525 916 900 972 testabantur
929 914 1216 984 quendam
1271 928 1441 970 suum
1492 914 1841 970 ministeria-
1950 911 2404 982 superveniente
2434 912 2505 967 ab
2537 912 2712 969 armis
2745 911 3092 971 disceditur.

181 1004 300 1062 lem
330 1004 502 1061 nimis
519 1002 796 1060 ferociter
809 1001 1196 1059 dominiumin
1216 1001 1339 1058 suis
1366 1002 1631 1072 partibus
1674 1016 1841 1059 exer-

184 1106 329 1151 cere
374 1092 491 1148 11⁸11.

1674 1190 1738 1243 Α.
1795 1188 1865 1244 1).
1896 1189 2104 1245 ICXV.

257 1288 651 1347 Considerans
682 1286 999 1357 imperator
1031 1284 1337 1340 Saxoniam
1371 1284 1678 1340 manifeste
1701 1285 1975 1355 jam'ma
2002 1302 2067 1342 se
2085 1286 2359 1355 deiicere,
2392 1294 2597 1345 contra
2622 1306 2747 1349 eam
2782 1294 2847 1348 ut
2883 1291 3070 1348 iratus
3108 1292 3185 1348 ita
3212 1292 3387 1349 etiam
3419 1309 3606 1351 arma-

191 1384 313 1447 tus,
340 1379 519 1445 venit,
553 1381 614 1433 et
642 1381 761 1432 tam
779 1389 852 1430 ex
882 1374 972 1431 bis
991 1389 1138 1445 quos
1155 1373 1476 1429 adduxerat
1510 1388 1679 1444 quam
1711 1374 2018 1445 quosinibi
2052 1375 2164 1431 sibi
2196 1376 2290 1409 “7'
2314 1376 2999 1437 voluntariosinvenerat
3019 1385 3216 1437 castra
3238 1396 3349 1437 non
3376 1384 3603 1442 modica

181 1467 468 1524 instituit.
505 1466 763 1522 Saxones
795 1478 937 1519 vero
978 1462 1047 1518 de
1073 1461 1165 1495 ²¹⁷⁷
1198 1460 1481 1532 periculis
1514 1462 1636 1518 suis
1652 1462 1742 1530 agi
1767 1468 2098 1527 cernentes,
2135 1463 2337 1535 copias
2368 1481 2499 1520 suas
2523 1465 2614 1499 "7’
2644 1467 2882 1525 diverso
2916 1468 3134 1536 locant,
3170 1485 3282 1527 non
3313 1473 3606 1541 pugnandi

179 1559 394 1612 contra
423 1554 718 1611 dominum
742 1566 911 1608 suum
946 1549 1328 1619 audacia,sed
1353 1548 1780 1606 defendendise
1814 1551 2166 1607 necessitate
2195 1552 2407 1617 coacti,
2447 1558 2503 1608 ut
2535 1554 2627 1588 ²ι⁷⁹
2652 1556 2760 1626 ipsi
2794 1570 2898 1627 per
2924 1557 3328 1615 internuncios
3358 1560 3606 1632 impera-

189 1642 308 1699 tori
331 1641 772 1698 confirmabant.
808 1638 1063 1708 Cumque
1083 1636 1177 1670 “'°
1223 1651 1327 1707 per
1354 1636 1575 1709 aliquot
1610 1638 1737 1693 dies
1768 1653 1905 1709 pars
1934 1643 2182 1710 utraque
2205 1640 2372 1695 alteri
2404 1640 2496 1699 ,‘m
2530 1642 2923 1701 minareturet
2956 1650 3245 1717 parceret,
3270 1647 3502 1718 quidam
3520 1650 3611 1705 vir

183 1730 360 1787 fortis
389 1729 620 1785 nomine
651 1728 843 1796 Hoger
870 1725 982 1797 ω’,
1021 1726 1115 1795 qui
1149 1724 1875 1797 dudumintermultaqnze
1906 1726 2185 1783 bellicose
2203 1732 2426 1798 egerat,
2456 1730 2710 1799 Sigifridi
2731 1732 3221 1803 palatinicomitis
3256 1750 3395 1792 nece
3409 1736 3504 1769 ⁸1⁸³
3542 1753 3606 1795 se

187 1816 646 1875 famosissimum
678 1814 734 1870 in
756 1814 887 1870 aula
916 1813 1072 1883 regis
1089 1812 1284 1869 effecit
1306 1812 1415 1880 3"”,
1454 1818 1750 1886 assumpta
1782 1815 1936 1871 omni
1968 1813 2060 1847 '1“
2091 1814 2278 1872 electa
2308 1816 2637 1886 juventute,
2676 1834 2805 1889 quae
2838 1820 3041 1892 utipse
3067 1838 3242 1879 morae
3279 1824 3387 1879 fuit
3414 1826 3601 1897 impa-

184 1905 363 1975 tiens,
388 1905 662 1972 Saxones,
692 1915 830 1958 suos
853 1900 1120 1956 nimirum
1148 1902 1593 1971 eompatriotas,
1625 1902 1907 1959 audacter
1939 1902 2153 1959 invasit
2184 1901 2373 1972 (Febr.
2408 1907 2519 1975 11;)
2554 1906 3042 1977 ipsequeleonina
3061 1911 3370 1967 ferocitate
3401 1912 3499 1945 ’1⁸⁸
3519 1913 3604 1969 di-

184 1994 431 2062 micans,
464 1991 669 2062 gloriaa
691 1989 1094 2061 cupiditatem,
1131 2005 1242 2060 qua
1272 1988 1364 2023 "'7
1398 1990 1703 2062 ﬂagrabat,
1725 1992 1924 2049 multis
1944 2006 2143 2048 secum
2158 1992 2526 2063 cadentibus,
2564 1996 2796 2067 propria
2822 2002 3010 2053 morte
3042 2000 3453 2071 comprobavit
3478 2000 3598 2057 ω’.

188 2080 464 2138 Interfuit
496 2080 632 2136 huic
645 2078 924 2135 conﬂictu
945 2076 1058 2147 ω’,
1085 2078 1259 2134 immo
1276 2081 1335 2135 ut
1360 2079 1521 2134 aiunt
1538 2079 1966 2150 quodammodo
1981 2080 2218 2151 prefuit,
2236 2080 2550 2151 episcopus
2577 2082 3071 2142 llalberstatensis
3104 2088 3474 2145 Reinhardus
3497 2088 3599 2125 “9°

190 2170 292 2242 qui
316 2168 533 2226 dudum
563 2168 635 2224 ab
667 2167 1019 2238 imperatore
1051 2180 1163 2221 non
1204 2166 1427 2222 modice
1455 2167 1558 2222 fuit
1593 2167 2037 2240 injuriatus;qui
2072 2168 2339 2224 nimirum
2372 2170 2497 2225 suis
2532 2185 2794 2241 magnam
2821 2172 3145 2243 predicavit
3174 2174 3434 2244 justiciae
3465 2192 3605 2233 con-

185 2256 560 2325 solationem,
594 2255 963 2326 imperatoris
994 2269 1132 2310 vero
1164 2254 1235 2310 de
1269 2258 1434 2325 parte
1465 2255 1620 2311 cesis
1650 2255 1827 2310 etiam
1859 2256 2178 2327 sepulturae
2203 2256 2510 2313 interdixit
2540 2260 3392 2321 communionem.Sicdomnus
3413 2266 3596 2337 impe-

185 2350 354 2403 rator
374 2359 487 2400 non
517 2357 720 2415 parum
742 2343 1114 2407 amaricatus,
1138 2341 1209 2398 ad
1233 2342 1493 2398 Rhenum
1516 2342 1992 2399 convertiturm1
2026 2346 2499 2409 ;Saxonumvero
2521 2361 2848 2404 consensus
2871 2348 2941 2403 ad
2968 2349 3359 2407 resistendum
3390 2351 3476 2407 illi
3500 2350 3595 2387 ω’

186 2434 373 2503 magis
400 2447 467 2488 ac
495 2432 677 2501 magis
708 2431 1021 2486 roboratur
1047 2428 1165 2484 ω’.
1209 2430 1289 2485 Ad
1325 2431 1446 2485 haec
1477 2431 1762 2501 quendam
1794 2431 2151 2487 cardinalem
2184 2434 2500 2489 Romanum
2521 2435 2751 2491 nomine
2768 2435 3120 2494 Dietericum
3143 2438 3257 2511 “",
3290 2440 3587 2510 legatione

187 2523 247 2578 in
282 2520 607 2576 Pannonias
632 2518 726 2553 ²ι⁹⁸
748 2520 1031 2583 functum,
1067 2532 1170 2589 per
1201 2520 1444 2574 nuncios
1472 2518 1795 2584 asciscunt;
1822 2532 1936 2588 quo
1958 2520 2133 2574 etiam
2168 2522 2484 2592 prescripti
2517 2523 3065 2583 conciliiactionem
3086 2532 3143 2583 et
3177 2544 3281 2599 per
3301 2528 3601 2602 “"ipsam

186 2606 1233 2679 imgeratorisexcommunicationem
1265 2604 1604 2677 predicante
1633 2604 1745 2675 “’7,
1770 2611 1885 2661 tam
1900 2607 2381 2678 archiepiscopus
2395 2609 2912 2681 Magdcburgensis
2936 2629 3108 2684 quam
3137 2620 3486 2673 caaterarum
3508 2616 3601 2656 ²ι⁹³

184 2697 584 2755 aecclesiarum
619 2695 886 2768 presules
910 2694 1445 2750 reconciliationem
1482 2693 1748 2764 recipiun‘

2034 2694 2252 2751 escisso
2281 2694 2375 2729 ²¹⁹⁰
2430 2698 2645 2754 iterum
2703 2698 2798 2732 ²²⁰⁰
2857 2715 3055 2771 regno,
3118 2704 3378 2775 undique
3433 2720 3598 2762 nova:

191 2800 292 2842 res
340 2783 433 2818 ²²⁰¹
464 2785 735 2841 oriuntur
765 2801 781 2850 ;
806 2783 892 2839 sic
927 2782 1223 2839 contraria
1255 2781 1532 2853 quaslibet
1568 2784 1621 2836 in
1644 2780 1737 2815 ³²⁰¹
1766 2782 2014 2838 invicem
2048 2787 2247 2853 partes
2278 2789 2543 2856 utraeque
2575 2785 2915 2843 moliuntur.

262 2875 490 2931 [nterea
519 2872 729 2929 directi
753 2874 826 2928 ab
853 2871 1020 2927 Italia
1054 2871 1246 2927 nuncii
1274 2871 1498 2927 obitum
1531 2870 1680 2942 (336)
1715 2869 1871 2926 illius
1902 2870 2120 2927 inclitae
2152 2872 2445 2929 Mathildis
2477 2874 2776 2946 nunciant,
2808 2876 3052 2947 ejusque
3112 2879 3453 2949 prediorum
3482 2888 3598 2938 ter-

194 2977 294 3021 ras
322 2961 714 3034 amplissimas
732 2959 1089 3016 hereditario
1113 2959 1246 3029 jure
1275 2959 1661 3031 possidendas
1683 2972 1961 3014 cresarem
1996 2958 2396 3027 invitant.Qua
2429 2960 2700 3018 nimirum
2731 2963 2938 3019 femina
2967 2964 3122 3021 sicut
3165 2981 3331 3023 nemo
3379 2971 3598 3026 nostris

192 3054 251 3108 in
278 3052 641 3123 temporibus
662 3049 839 3107 ditior
868 3064 934 3106 ac
965 3047 1371 3115 famosiorm’,
1406 3048 1484 3102 ita
1509 3061 1675 3105 nemo
1709 3047 2027 3103 virtutibus
2056 3052 2117 3104 et
2175 3048 2457 3119 religione
2507 3052 2615 3107 sub
2673 3050 2820 3107 laica
2878 3052 3243 3123 professione
3301 3057 3600 3128 reperitur

197 3139 502 3211 insignior.

266 3228 599 3286 Conventus
629 3231 764 3300 post
794 3226 916 3282 haec
949 3226 1266 3297 imperator
1300 3225 1615 3281 amicarum
1638 3224 1924 3295 consiliis,
1958 3224 2130 3282 immo
2159 3224 2251 3258 ²²⁰⁶
2283 3226 2468 3283 totius
2496 3228 2659 3298 regni
2691 3228 3034 3300 compulsus
3082 3232 3481 3303 querimoniis,
3500 3248 3597 3302 ge-

193 3316 452 3374 neralem
481 3317 538 3373 in
568 3316 806 3373 Kalend.
840 3316 1147 3371 Novembr.
1183 3314 1405 3371 curiam
1437 3314 1744 3383 Mogontize
1776 3312 1901 3370 fieri
1935 3314 2213 3384 instituit,
2251 3316 2348 3370 ubi
2373 3315 2617 3373 liberam
2646 3317 2916 3374 omnibus
2962 3318 3336 3391 audientiam,
3372 3321 3445 3377 de
3474 3322 3589 3378 sibi

194 3405 445 3476 objectis
473 3403 567 3437 Μ’
587 3403 1045 3461 satisfactionem
1065 3402 1177 3471 ηπ,
1212 3402 1283 3458 de
1305 3402 1429 3458 suis
1457 3401 1926 3458 extraordinarie
1957 3400 2050 3434 ²²⁰τ
2081 3402 2175 3458 vel
2203 3402 2740 3475 juvenilitergestis
2767 3407 3216 3477 correctionem,
3252 3408 3322 3464 ad
3352 3418 3594 3467 senatus

191 3493 531 3550 consultum
561 3492 918 3565 repromisit.
951 3492 1184 3547 Statuto
1215 3491 1414 3561 itaque
1443 3497 1707 3561 tempore
1738 3489 1873 3548 dum
1902 3490 2029 3562 ipse
2047 3492 2355 3561 Mogontiaa
2388 3507 2631 3564 presens
2644 3493 2975 3552 condictum
3001 3496 3326 3553 frustram’
3354 3504 3584 3570 preste-

190 3584 352 3639 latur
380 3587 727 3640 conventum
747 3595 950 3637 —nam
973 3585 1173 3651 preter
1203 3593 1426 3650 paucos
1454 3579 1765 3649 episcopos
1796 3593 1964 3635 nemo
1988 3579 2317 3651 principum
2371 3581 2743 3639 adventabat.
2781 3616 2849 3624 -—
2898 3586 3211 3651 Mogontini
3264 3592 3461 3658 aptum
3480 3588 3597 3645 sibi

191 3678 428 3743 tempus
458 3670 721 3727 arridere
746 3668 1200 3741 perpendentes,
1229 3667 1424 3724 subito
1457 3666 1734 3737 palatium
1764 3667 1996 3723 loricati
2031 3674 2089 3723 et
2120 3670 2327 3725 armati
2362 3670 2602 3737 vallant;
2637 3672 2735 3726 alii
2797 3673 3008 3729 atrium
3051 3673 3268 3729 furiose
3308 3675 3602 3733 irruentes

192 3762 251 3817 in
283 3763 510 3816 turmas
527 3763 585 3814 et
613 3772 830 3815 cuneos
846 3773 909 3814 se
939 3756 1286 3827 glomerant;
1312 3755 1503 3812 omnia
1536 3754 2039 3825 strepitu,cuncta
2081 3758 2435 3813 clamoribus
2460 3759 2787 3829 implentes,
2816 3760 3023 3815 aulicis
3064 3761 3346 3817 horribile
3371 3768 3599 3833 speeta-

196 3848 396 3907 culum
424 3846 1003 3913 demonstrantzQuid
1036 3846 1217 3903 multa
1248 3844 1539 3901 ?Dubium
1561 3858 1672 3899 non
1708 3848 1801 3900 est
1828 3845 2002 3914 quod,
2038 3846 2147 3901 nisi
2181 3846 2336 3901 datis
2364 3845 2435 3900 ad
2452 3860 2696 3917 presens
2719 3846 3025 3902 obsidibus
3047 3848 3365 3917 imperator
3388 3864 3599 3921 eaquae

197 3937 314 3995 sibi
348 3937 793 4008 imponebantur
824 3936 1112 3993 facturum
1140 3948 1201 3991 se
1232 3933 1515 3990 citissime
1541 3932 2064 4003 coniirmasset”°°,
2091 3934 2277 4004 ipsum
2313 3935 2558 3990 fortasse
2593 3934 2869 4005 palatium
2901 3949 3031 3990 cum
3064 3936 3471 3993 universorum
3501 3940 3598 4010 qui

78 4034 93 4049 '
196 4026 257 4082 in
288 4038 361 4082 eo
383 4033 552 4082 erant
577 4023 981 4081 crudelissima
1016 4037 1157 4080 nece
1196 4022 1330 4079 ilico
1358 4021 1699 4091 corruisset,
1734 4022 1818 4077 Ita
1850 4022 2053 4078 sedato
2109 4022 2207 4077 vix
2233 4021 2480 4079 militum
2535 4021 2839 4093 plebisque
2892 4023 3320 4080 ferventissimo
3379 4025 3599 4097 furore,

195 4128 385 4173 caesar
415 4114 487 4171 ab
518 4113 662 4171 urbe
692 4112 960 4182 secessit,
987 4115 1043 4167 et
1070 4114 1203 4182 post
1234 4125 1449 4183 paucos
1478 4109 1605 4171 dies
1628 4108 2029 4179 Adelbertum,
2065 4123 2235 4180 quem
2259 4108 2375 4179 jam
2409 4124 2512 4181 per
2546 4125 2725 4167 annos
2755 4116 2881 4166 tres
2906 4111 3199 4167 artissima
3242 4114 3606 4185 mancipave-

199 4208 291 4261 rat
325 4202 614 4273 custodia,
630 4202 731 4259 vix
760 4202 1031 4258 nimirum
1066 4200 1160 4234 "1°
1190 4201 1422 4258 ossibus
1448 4199 1771 4269 berentem,
1798 4202 1858 4255 ut
1875 4198 2813 4269 coactuspromiserat,kathedrae
2827 4215 2945 4256 suae
2960 4198 3051 4232 ²²¹¹
3074 4201 3297 4257 remisit
3321 4200 3603 4274 [secessit

196 4296 258 4351 et
283 4292 455 4363 juxta
471 4291 745 4365 placitum
768 4291 951 4348 tercia
971 4290 1064 4348 die
1096 4290 1508 4360 Adalbertum,
1544 4302 1712 4360 quem
1738 4288 1854 4359 jam
1878 4288 2619 4359 perannostrcsartissima
2646 4288 3078 4361 mancipaverat
3133 4291 3421 4362 custodia,
3505 4293 3601 4347 vix

197 4382 477 4440 nimirum
507 4381 740 4440 ossibus
771 4381 1067 4438 herentem
1092 4380 1386 4438 kathedrz‘c
1420 4395 1538 4437 suae
1564 4377 1832 4449 remisit.)
1857 4377 2111 4447 Hicergo
2126 4392 2238 4435 non
2273 4377 2456 4435 multo
2473 4376 3236 4451 postsedism'apostolicm
3267 4378 3360 4413 ²¹¹³
3404 4379 3597 4451 legato

1579 4519 1815 4577 VARUE
1856 4520 2256 4576 LECTIONES.

270 4639 654 4713 “"itaﬂm's
674 4638 855 4743 [nifus
884 4640 1095 4712 operis.
1156 4638 1247 4672 ²¹⁷²
1281 4636 1571 4693 reciduam
1601 4649 1751 4708 corr,
1809 4635 2127 4693 recidivam
2182 4642 2233 4693 7.
2310 4635 2404 4670 ²¹τ³
2452 4637 2611 4695 deest
2660 4640 2757 4693 Di.
2809 4653 2911 4695 eos
2966 4639 3059 4693 E2.
3120 4637 3211 4672 “7‘
3287 4649 3608 4709 possessio-

274 4729 327 4743 ,ειη
406 4711 474 4743 πί
545 4715 580 4743 0
669 4709 738 4743 217
794 4712 900 4743 :nm
969 4726 1018 4743 τη
1089 4710 1196 4743 ὅηηη
1267 4714 1296 4743 κ
1357 4707 1502 4743 ετοη
1574 4721 1600 4743 α
1668 4712 1695 4743 ,4
1758 4706 1848 4740 2177
1879 4707 2038 4743 Δροσί
2069 4710 2184 4743 4-44
2262 4709 2297 4743 ς
2362 4724 2396 4743 υ
2454 4707 2731 4743 naninnlia
2786 4724 2847 4743 an
2890 4710 3069 4743 nnnril
3140 4706 3238 4742 ειη
3292 4722 3360 4743 ον
3436 4714 3465 4743 κ
3506 4713 3562 4743 14

192 4729 329 4771 nem
406 4706 514 4767 Et:
545 4715 606 4767 2.
669 4706 762 4744 ²¹⁷⁸
788 4706 932 4780 μπηῖ
969 4726 1047 4766 m.
1082 4710 1226 4780 jam.
1266 4714 1322 4764 5.
1357 4708 1377 4738 ‘-’
1404 4707 1532 4763 "u.
1570 4721 1626 4780 β.
1665 4706 1848 4780 4.-’²¹⁷⁷
1877 4707 2038 4763 deest
2066 4710 2217 4780 4-11.
2261 4709 2322 4762 S.
2362 4724 2421 4764 v.
2454 4707 2733 4780 periculis
2786 4724 2848 4765 se
2889 4710 3018 4777 angi
3045 4713 3101 4764 4.
3140 4706 3238 4742 “7'
3288 4706 3367 4780 ex
3400 4713 3602 4780 45.11.

193 4783 296 4819 “7’
324 4784 486 4840 deest
519 4786 575 4838 4.
613 4783 680 4838 7?
712 4778 895 4837 10.11.
933 4780 1027 4814 ²ι⁸⁰
1056 4778 1309 4850 Comquc
1341 4782 1416 4833 9C.
1458 4809 1526 4817 —
1553 4778 1841 4850 Hocgloco.
1878 4780 1981 4833 Et.
2021 4779 2152 4837 alia
2178 4793 2364 4836 manu
2391 4778 2528 4850 add,
2564 4780 2632 4834 in
2671 4793 2865 4849 marg.
2903 4780 3026 4850 :ltic
3061 4780 3208 4850 facit
3239 4778 3511 4835 callidam
3546 4784 3605 4835 et

195 4854 630 4912 traudulentam
664 4853 1052 4909 narrationem
1076 4854 1145 4907 de
1177 4847 1446 4908 H'einrico
1477 4863 1611 4918 rege
1658 4848 1749 4881 ’1'“
1783 4850 1981 4905 haberi
2015 4856 2070 4904 5.
2111 4854 2169 4904 6.
2209 4853 2285 4904 9ο.
2324 4854 2417 4904 10.
2486 4848 2643 4904 deest
2672 4851 2729 4904 4.
2764 4847 2963 4904 abheri
2988 4849 3133 4905 add.
3192 4854 3490 4904 certamen
3541 4853 3601 4905 7.

193 4926 292 4961 ²ι⁸²
316 4925 516 4995 hoiger
547 4928 604 4980 4.
645 4929 701 4980 5.
743 4928 801 4995 β.
839 4926 923 4978 9ο.
967 4924 1164 4993 hogiar
1198 4926 1428 4995 19,4“.
1458 4918 1551 4995 3‘”
1582 4920 1744 4995 deest
1771 4922 1835 4995 4.
1864 4920 2256 4995 'W‘el‘i‘ecerat
2299 4922 2349 4974 4.
2384 4918 2666 4995 “'{deest
2694 4921 2750 4973 6.
2789 4926 2863 4995 7._
3055 4919 3243 4973 electa
3308 4918 3472 4995 deest
3541 4924 3600 4995 Ζ.

196 4997 296 5032 ³⁸⁸⁸
328 4987 562 5052 feritate
592 5002 650 5050 7.
695 4993 785 5027 “'7
827 5009 997 5064 quam
1027 4987 1082 5049 4.
1124 4998 1179 5048 5.
1238 4991 1624 5064 “'fprobavit
1692 4995 1778 5045 m.
1823 4994 1902 5046 ll.
1955 4990 2049 5023 “3°
2084 4991 2361 5064 conflictu
2392 4989 2561 5064 7.²¹⁹⁰
2595 4991 2655 5044 li.
2714 4990 2878 5064 codd.
2917 4987 3021 5064 _"“
3080 4987 3375 5064 convertit
3428 4992 3487 5044 6.
3539 4993 3600 5046 7.

201 5075 285 5126 9°.
340 5067 430 5100 ωε
530 5065 694 5123 deest
764 5059 912 5120 6.7.
980 5071 1056 5120 9°.
1091 5064 1143 5120 ei
1177 5069 1225 5119 5.
1310 5062 1402 5095 ἠν
1476 5062 1647 5117 illir.
1704 5064 1870 5131 6‘37.
1943 5064 2019 5116 9°.
2078 5061 2169 5094 ²¹⁹⁸
2243 5061 2553 5118 dietricum
2604 5065 2652 5116 4.
2716 5060 3063 5117 tiedericum
3144 5059 3377 5131 7.,_"°‘
3464 5076 3601 5131 pan-

202 5139 380 5195 nonia
413 5141 463 5193 4.
494 5136 587 5169 ³³⁸⁸
642 5136 806 5207 deest
853 5139 903 5191 4.
962 5135 1054 5169 ³⁸⁸⁷
1116 5134 1509 5207 predicantem
1546 5135 1605 5207 4_._
1654 5130 2048 5207 {muniiaruim
2106 5138 2158 5207 4,
2243 5132 2335 5166 ³¹⁹⁹
2362 5134 2521 5189 cisse
2575 5135 2628 5187 7.
2676 5131 2769 5165 ²²⁰⁰
2812 5132 3045 5207 denuo“
3071 5134 3119 5186 4.
3171 5128 3259 5207 ’ἓν
3290 5146 3429 5207 Arex
3464 5128 3599 5207 Ἐᾷ.

196 5208 489 5267 “deest
536 5212 589 5265 7.
649 5206 743 5240 ²⁰⁰³
798 5201 1255 5263 ΐοιίηοεὶονἘΞ.
1309 5204 1400 5237 ²²⁰⁴
1450 5202 1640 5260 nimiis
1663 5206 1712 5258 4.
1766 5202 1860 5236 ²²⁰³
1908 5202 2192 5274 subjectis
2252 5208 2387 5261 4.5.
2454 5208 2530 5259 90.
2600 5208 2678 5259 10.
2766 5205 2847 5259 14.
2922 5201 3046 5274 ί¹²⁰⁶
3097 5202 3595 5274 Δίςγξιηεδῐῖιςειίοηι.

194 5279 293 5315 ²²⁰¹⁷
322 5278 769 5338 extraordinare
798 5280 855 5334 4.
892 5277 986 5311 ²²⁰θ
1020 5278 1236 5335 frustra
1289 5281 1346 5333 5.
1406 5274 1500 5309 ²¹⁰⁹
1543 5276 1966 5331 conformasset
2002 5272 2095 5330 E2.
2128 5272 2221 5308 ²²¹⁰
2278 5274 2442 5332 deest
2494 5278 2551 5329 4.
2628 5274 2720 5308 ²²¹¹
2768 5273 2934 5333 deest
2978 5277 3036 5329 4.
3092 5272 3184 5306 ²²¹²
3264 5273 3424 5330 sedis
3482 5273 3586 5330 E2.

197 5350 295 5387 ²²¹³
330 5365 380 5409 a.
422 5365 471 5409 s.
499 5350 655 5408 dietr
784 5351 843 5405 4.

1800 5441 2021 5499 NOTAE.

276 5538 425 5615 (336)
453 5536 697 5600 Obierat
729 5532 792 5592 d.
831 5536 928 5594 24.
968 5535 1100 5594 Jun.
