3962 6336
135 331 284 400 1087
1011 328 1450 400 CHRONICA.
1485 375 1557 385 -—
1590 333 1697 400 CH

1956 332 2067 402 ON
2111 332 2643 404 UNIVERSALE
3368 342 3520 404 1038

123 472 315 540 titlcis,
340 471 669 541 patrocinio
700 470 845 526 satis
879 469 1094 537 inclita,
1117 470 1328 526 studiis
1346 472 1521 527 etiam
1556 471 1883 527 litterarum
1921 488 2021 542 pre
2054 472 2289 528 cmteris
2323 471 2587 543 adprime
2624 470 2839 526 famosa
2871 471 2980 525 ’3“.
3012 473 3069 526 In
3102 487 3210 541 qua
3238 473 3350 543 ²³⁸⁰,
3386 476 3518 530 dum

125 562 177 614 in
206 557 297 591 ²³⁶¹
322 558 519 627 vigilia
553 558 856 614 dominicae
886 558 1250 615 ascensionis
1279 558 1430 625 (Μαί
1452 564 1506 629 2)
1542 560 1850 615 universus
1891 560 2104 630 clerus,
2140 562 2339 617 decem
2373 560 2466 596 ²³⁶²
2490 564 2765 620 videlicet
2797 568 3331 637 congregationum,
3368 570 3518 625 intra

127 653 363 703 matrem
391 646 713 703 zecclesiam
747 662 817 701 cx
848 662 1003 701 more
1036 647 1465 717 convenissent,
1490 651 1545 704 et
1565 646 1658 680 ’³⁸³
1691 648 2138 719 veSpertinalem
2170 650 2415 707 sinaxim
2445 654 2809 721 concenturi,
2831 654 2946 722 jam
2978 654 3069 687 ’³⁸⁸
3095 656 3340 725 primum
3372 658 3522 727 psal-

125 750 271 792 mum
293 733 709 806 complessent,
732 734 1352 792 subitoserenissimus
1369 750 1469 792 aer
1490 737 1545 790 in
1571 736 1925 791 turbidinem
1944 736 2037 769 ’³⁸⁵
2056 752 2282 807 versus,
2301 742 2460 795 tanta
2482 741 2653 797 simul
2680 742 2939 799 tonitrua
2963 744 3316 799 terribiliter
3338 750 3397 800 ct
3419 745 3522 799 ful-

121 838 259 893 gura
285 837 416 880 eum
441 821 715 878 sulfcreis
740 820 923 891 igneis
941 820 1033 854 ³³⁸⁸
1063 822 1346 894 excussit,
1379 823 1462 879 uti
1490 823 1605 894 jam
1637 822 1729 855 "‘7
1760 826 2080 879 extremam
2112 824 2335 894 ""jam
2363 826 2775 898 ultimijudicii
2827 830 3024 886 horam
3075 831 3316 900 instare,
3352 846 3519 888 nemo

126 913 220 984 qui
254 912 455 968 aderat
488 909 882 976 dubitaverit;
912 911 1142 968 duobus
1175 910 1443 968 nimirum
1474 911 1707 968 clericis
1734 917 1790 968 et
1824 927 1936 969 uno
1968 912 2038 968 de
2063 912 2394 971 illustribus
2418 916 2599 973 milite
2633 918 2738 974 hac
2759 922 3112 989 tempestate
3144 919 3298 974 intra
3319 934 3519 976 sacras

124 1001 279 1058 sedes
302 999 657 1070 absumptis.
690 998 901 1063 Quinta
923 998 1250 1055 decimam“
1266 1000 1475 1057 dehinc
1505 1002 1599 1056 die
1621 1016 1691 1056 ex
1715 1001 1905 1057 vicino
1924 1000 2171 1070 quodam
2196 1001 2857 1077 ejusdem’“7°episc0pii
2883 1011 3097 1076 monte,
3134 1022 3242 1077 qua
3265 1006 3358 1040 ’³⁷³
3380 1023 3521 1064 nun-

124 1101 460 1159 quamaqua
484 1092 684 1158 preter
708 1086 959 1157 pluviam
997 1088 1121 1143 visa
1156 1091 1265 1157 est,
1311 1087 1520 1145 fluvius
1561 1088 1763 1158 ingens
1784 1089 2000 1158 erupit,
2046 1088 2252 1159 qui’m
2284 1105 2395 1146 non
2422 1092 2703 1148 modicam
2725 1094 2984 1149 civitatis
3010 1101 3229 1165 partem
3265 1094 3516 1165 diluens,

120 1193 248 1235 cum
278 1176 525 1232 maxime
558 1174 1108 1231 Leodicensium'm
1132 1174 1380 1247 dampno
1427 1176 1879 1245 Trajectcnsium
1918 1192 1979 1232 se
2016 1176 2226 1233 finibus
2257 1177 2488 1234 infudit.
2525 1184 2589 1237 13
2624 1180 2858 1238 Kalend.
2894 1182 3079 1237 Martii
3114 1181 3252 1237 hora
3287 1198 3521 1254 vesper-

123 1266 238 1321 tina
268 1264 517 1321 vidimus
550 1263 734 1319 nubes
758 1262 956 1333 igneas
978 1264 998 1295 ²
1024 1263 1069 1296 ⁷⁸
1094 1263 1183 1320 vel
1205 1263 1554 1333 sanguineas
1573 1266 1644 1320 ab
1687 1264 1959 1336 aquilone
1982 1279 2246 1335 surgere,
2280 1271 2341 1321 et
2374 1280 2478 1337 per
2507 1268 2759 1325 medium
2811 1269 3235 1325 ﬁrmamentum
3267 1285 3395 1326 sese
3424 1287 3521 1326 ex-

118 1352 433 1421 tendendo,
466 1351 576 1423 ipsi
606 1351 820 1407 mundo
849 1356 1129 1408 terrorem
1162 1367 1272 1408 non
1297 1353 1587 1409 modicum
1619 1352 1901 1409 incutere.
1928 1354 2088 1421 Nam,
2116 1357 2177 1409 ut
2212 1357 2414 1430 postea
2448 1354 2775 1427 didicimus,
2813 1356 3125 1428 unicuique
3153 1357 3378 1413 civitati
3405 1363 3518 1413 tam

119 1442 346 1499 vicinus
374 1440 496 1512 ipse
526 1440 715 1509 fulgor
741 1439 1073 1504 videbatur,
1111 1444 1173 1518 ut
1207 1440 1419 1497 ibidem
1450 1457 1640 1498 rerum
1671 1441 1925 1498 omnium
1958 1441 2126 1497 finem
2159 1441 2413 1498 minitari
2436 1441 2886 1515 ’mputaretur.

188 1531 290 1587 His
310 1527 708 1600 ethujusmodi
733 1527 1000 1584 cladibus
1026 1543 1127 1585 rex
1146 1529 1453 1586 Heinricus
1469 1529 1824 1586 cordetenus
1841 1529 2156 1600 sauciatus,
2173 1545 2285 1585 non
2306 1536 2500 1588 cessat
2516 1532 2838 1602 legationes
2856 1532 3285 1591 satisfactorias
3300 1536 3369 1591 ad
3387 1551 3521 1608 apo-

118 1619 385 1677 stolicam
419 1616 638 1685 sedem,
665 1615 804 1672 licet
826 1615 951 1686 ipse
974 1616 1218 1672 multum
1244 1617 1722 1673 infestationibus
1742 1615 1835 1650 ²³⁷⁶
1856 1616 2075 1673 Italicis
2104 1617 2404 1685 insudans,
2441 1619 2764 1685 destinare;
2786 1635 2931 1691 quas
2954 1625 3146 1677 tamen
3170 1630 3401 1680 constat
3422 1625 3522 1679 mi-

118 1710 268 1765 nime
294 1706 633 1779 profecisse.
654 1705 789 1760 Nam
807 1704 1053 1761 domnus
1086 1706 1447 1777 apostolicus
1467 1710 1705 1778 prepter
1728 1706 2129 1776 securitatem,
2150 1721 2319 1778 quam
2343 1708 2488 1778 regi,
2513 1708 2651 1765 licet
2676 1709 3041 1781 coactusm",
3064 1711 3286 1782 fecerit,
3315 1713 3521 1768 diﬂlte-

119 1795 337 1865 ωριτε,
364 1794 526 1851 illum
552 1792 1120 1849 se’manathematis
1153 1794 1384 1851 vinculo
1406 1794 1741 1864 colligasse,
1767 1794 1839 1850 ab
1860 1793 2143 1851 tecclesiae
2175 1799 2362 1851 tamen
2400 1796 2729 1867 potioribus
2755 1798 3030 1855 membris
3053 1800 3519 1856 excommunica-

114 1887 334 1941 tionem
358 1897 657 1950 conexam,
684 1881 907 1936 nonnisi
933 1881 1188 1951 ipsorum
1220 1881 1463 1938 consilio
1496 1881 1742 1951 denegat
1770 1896 1833 1938 se
1862 1896 2038 1953 posse
2061 1881 2406 1954 dissolvere,
2425 1884 2811 1940 concesso”8°
2833 1886 3102 1942 nimirum
3131 1888 3422 1957 utrimque
3446 1889 3519 1943 si-

114 1971 343 2029 nodalis
376 1967 791 2027 audientiae"In
828 1968 977 2038 jure.
1022 1968 1103 2023 Ad
1128 1968 1238 2025 hoc
1260 1968 1579 2025 etcnim’m
1603 1969 2051 2027 ultramontanis
2076 1970 2321 2027 afﬁrmat
2343 1985 2407 2027 se
2429 1972 2644 2028 cotidie
2677 1972 2892 2029 litteris
2915 1974 3153 2045 impelli,
3183 1980 3236 2029 et
3272 1975 3516 2031 maxime

114 2059 550 2133 metropolitani
583 2057 895 2128 Mogontini
925 2057 1043 2111 ’3”.
1078 2057 1199 2123 Qua
1249 2058 1320 2113 de
1353 2073 1413 2113 re
1446 2073 1558 2114 non
1588 2058 1847 2114 disinunt
1884 2058 2139 2128 undique
2169 2058 2260 2092 ²³⁸⁴
2281 2060 2603 2117 seditiones
2630 2067 2837 2132 coepta:
2871 2078 2973 2133 per
3006 2068 3203 2133 partes
3237 2068 3517 2133 utrasque

112 2149 373 2218 bachari,
413 2148 687 2220 precipne
720 2152 911 2202 tamen
941 2144 1033 2178 ³³⁸⁵
1063 2145 1506 2202 Transrheninis
1557 2146 1613 2201 in
1662 2146 1895 2217 finibus,
1933 2146 2109 2202 immo
2142 2146 2198 2202 in
2232 2146 2357 2219 ipsa
2410 2149 2698 2219 Mogontia
2732 2151 2873 2206 urbe
2909 2149 3109 2206 multis
3139 2151 3512 2222 cadentibus,

110 2239 384 2309 regiones
415 2236 794 2293 nobilissimae
824 2234 955 2290 hinc
987 2234 1119 2290 inde
1148 2236 1387 2305 vastari,

182 2320 423 2383 Em‘icho
445 2338 641 2382 comes
673 2324 822 2396 (342)
853 2337 882 2379 a
917 2322 1200 2380 militibus
1233 2323 1512 2381 Friderici
1546 2322 1714 2381 ducis
1744 2323 2036 2381 occiditur
2071 2323 2479 2395 [Colomannus
2498 2326 2924 2383 Pannoniorum
2951 2341 3053 2383 rex
3085 2327 3230 2383 obiit
3252 2328 3372 2399 Ε.].

1620 2441 1693 2497 Α.
1732 2441 1803 2496 D.
1843 2440 2137 2496 MCXVHI.

183 2545 439 2601 Domnus
469 2539 826 2614 apostolicus
857 2539 1158 2597 Paschalis
1190 2539 1502 2609 secundus,
1537 2539 1761 2596 diutina
1791 2536 1883 2571 ’³⁸⁸
1915 2538 2261 2610 puriﬁcatus
2304 2538 2674 2612 aegritudine,
2709 2545 3038 2612 presentem
3068 2540 3161 2575 "'7
3193 2542 3247 2597 in
3282 2544 3520 2600 Domino

105 2635 291 2690 vitam
315 2629 500 2688 ﬁnivit
524 2630 684 2697 (Jan.
718 2630 809 2702 2t)
837 2627 1068 2684 m“.Pro
1100 2643 1214 2698 quo
1242 2627 1534 2684 Iohannes
1564 2625 1874 2697 Cajetanus
1899 2624 2011 2695 ³³⁸⁸,
2045 2626 2137 2683 vir
2164 2626 2421 2698 prudens
2450 2632 2511 2683 et
2539 2628 2905 2686 venerandus
2935 2630 3014 2699 [et
3041 2628 3153 2700 ²³⁹⁰]
3182 2631 3236 2685 in
3265 2632 3520 2688 Romana

106 2735 345 2793 semper
378 2719 643 2776 mcclesia
678 2716 1242 2789 ireprehensibiliter
1300 2715 1488 2773 eidem
1521 2714 1851 2788 apostolico
1882 2714 2276 2787 collaborans,
2337 2715 2576 2785 eligitur
2603 2719 2663 2771 et
2692 2719 3036 2773 cunctorum
3094 2718 3519 2776 catholicorum

114 2807 375 2865 unanimi
406 2820 696 2863 consensu
729 2805 842 2862 rite
870 2810 1267 2861 consecratur.

189 2895 546 2954 Balduvinus
572 2892 662 2927 ³³⁹¹
696 2908 797 2949 rex
828 2892 1375 2951 Hierosolimitanus
1406 2892 1459 2947 in
1493 2889 1867 2964 expeditione
1896 2895 2103 2949 contra
2136 2892 2359 2949 Arabes
2388 2891 2637 2963 positus,
2666 2907 2796 2949 cum
2825 2892 3180 2963 languorem,
3213 2910 3346 2965 quo,
3383 2895 3519 2950 licet

110 2986 331 3054 lenius,
362 2988 556 3040 tamen
590 2982 709 3054 diu,
758 2983 1106 3050 vexabatur,
1140 2981 1210 3037 ad
1244 2979 1444 3037 vitalia
1493 2980 1828 3052 pervenisse
1858 2978 1952 3013 ⁸³η
1984 2978 2251 3051 sentiret,
2287 2979 2534 3036 alterum
2585 2979 2960 3037 Balduvinum
2992 2981 3084 3015 ³³⁸³
3114 2983 3185 3037 de
3215 2983 3406 3038 Rohas
3429 2982 3521 3016 ²³⁰⁴

107 3088 220 3147 pro
249 3070 344 3106 ²³⁹⁸
374 3087 437 3128 se
470 3086 663 3142 regem
697 3069 1049 3140 designavit,
1086 3068 1328 3141 ipseque
1359 3069 1588 3126 Christo
1620 3068 1870 3140 domino,
1909 3084 2014 3141 pro
2039 3083 2151 3140 quo
2175 3068 2354 3125 multa
2380 3069 2496 3140 jam
2519 3068 2613 3103 ’³⁸⁸
2636 3068 2783 3126 bella
2807 3070 3107 3142 praeliatus
3130 3075 3238 3140 est,
3273 3071 3520 3127 animam

104 3176 276 3220 suam
309 3159 422 3217 fide
438 3158 604 3232 plena
633 3158 1071 3215 etconfessione
1086 3158 1231 3213 bona
1258 3156 1501 3213 tradidit
1523 3155 1635 3213 “'7.
1658 3158 1721 3213 In
1745 3156 2032 3215 dominica
2051 3156 2371 3229 palmarum
2391 3157 2554 3230 (Apr.
2579 3160 2635 3231 7)
2655 3157 2822 3228 juxta
2846 3160 3080 3215 fratrem
3102 3158 3195 3192 ²³⁹³
3218 3174 3385 3217 suum
3418 3160 3525 3216 Go-

110 3249 395 3307 tefridum
425 3246 541 3319 ²³”,
574 3247 703 3305 loco
734 3246 1034 3316 Calvarize,
1070 3245 1449 3316 mausoleum,
1479 3246 1736 3317 germani
1772 3244 2067 3303 mausoleo
2097 3245 2473 3318 simillimum,
2508 3262 2637 3304 cum
2671 3248 2921 3305 maximo
2945 3248 3308 3305 diversorum
3343 3264 3525 3320 popu-

108 3339 306 3395 lorum
338 3337 578 3410 planctu
607 3336 885 3407 suscepit.

180 3425 367 3483 Valde
398 3440 563 3483 mane
586 3424 887 3481 dominicae
911 3422 1365 3481 resurrectionis
1412 3422 1575 3495 (Apr.
1602 3422 1691 3494 14)
1716 3422 1809 3479 die
1838 3421 2048 3480 emtum
2073 3437 2103 3480 a
2129 3427 2295 3495 parte
2327 3423 2644 3480 meridiana
2694 3427 2961 3495 apertum
3010 3427 3233 3481 tantam
3253 3424 3347 3457 ²⁴⁰⁰
3377 3424 3525 3480 lucis

105 3514 317 3573 effudit
352 3513 786 3585 abundantiam,
810 3518 871 3571 ut
898 3511 1069 3581 lunae,
1096 3526 1223 3583 quas
1241 3515 1380 3568 tunc
1411 3510 1736 3568 clarissima
1762 3511 2030 3568 nimirum
2053 3510 2145 3545 ²⁸⁰¹
2175 3511 2509 3581 videbatur,
2542 3511 2734 3569 lumen
2765 3511 3142 3568 inestimabili
3178 3512 3401 3583 fulgore
3430 3513 3525 3568 de-

107 3607 377 3675 tergeret
407 3606 463 3659 et
498 3617 602 3674 per
632 3616 803 3659 unam
835 3600 926 3657 vel
958 3599 1208 3672 amplius
1239 3598 1439 3655 horam
1464 3630 1528 3640 —
1550 3599 1704 3671 quod
1730 3598 1932 3656 multis
1962 3600 2221 3657 testibus
2248 3600 2698 3672 comprobamus
2716 3599 2810 3633 ²⁴⁰²
2830 3632 2900 3642 -
2921 3600 3074 3657 omni
3098 3600 3243 3657 solis
3261 3601 3391 3658 luce
3409 3600 3526 3657 cla-

110 3695 237 3753 rior
266 3695 656 3765 permaneret.
689 3692 819 3763 Ipso
852 3698 1042 3745 tamen
1078 3688 1270 3760 spatio
1301 3702 1444 3744 crux
1479 3702 1591 3743 non
1627 3686 1853 3744 modica
1887 3702 1990 3759 per
2037 3687 2186 3744 idem
2220 3688 2476 3745 foramen
2510 3687 2846 3759 dependens
2875 3689 3177 3760 apparuit;
3210 3689 3379 3758 cujus
3407 3695 3524 3746 tam

106 3782 244 3843 auri
277 3795 447 3851 quam
478 3792 835 3850 gemmarum
858 3777 1112 3833 varietas
1141 3776 1444 3832 evidenter
1470 3773 1727 3831 discerni
1758 3775 1972 3846 potuit.

184 3868 495 3927 Heinricus
516 3869 852 3940 imperator,
876 3867 1008 3923 dum
1036 3865 1325 3923 Paduanis
1349 3863 1685 3934 regionibus
1706 3864 2117 3920 immoraretur
2138 3864 2338 3921 audito
2360 3865 2614 3921 transitu
2637 3864 2970 3936 apostolici,
2992 3867 3226 3921 Romam
3254 3881 3527 3937 prepera-

106 3961 286 4031 vit,ut
316 3958 498 4031 primo
538 3957 769 4029 quidem
795 3957 849 4011 in
871 3955 1158 4012 electione
1187 3954 1377 4010 domni
1411 3952 1709 4014 Johannis.
1740 3951 1837 4023 (lui
1861 3956 1921 4008 et
1943 3952 2209 4009 Gelasius
2229 3953 2278 4007 Il
2310 3953 2506 4009 dictus
2537 3956 2650 4023 est,
2686 3967 2985 4010 assensum
3014 3955 3287 4025 prebens,
3326 3959 3524 4026 postea

107 4063 258 4107 vero
281 4048 521 4109 eodema
546 4063 647 4106 sua
670 4047 1249 4104 se"°’communione
1274 4043 1676 4115 subtrahente,
1705 4058 1816 4099 non
1841 4042 1967 4099 sine
1997 4042 2359 4114 quorundam
2400 4044 2785 4100 Romanorum
2812 4043 3008 4100 favore
3040 4042 3291 4100 alterum
3326 4058 3523 4115 quem-

108 4137 594 4210 damBurdinnm,
620 4152 693 4193 ex
715 4135 983 4208 Hispania
1015 4132 1541 4206 supervenientem,
1592 4131 1930 4204 apostolicae
1955 4131 2077 4188 sedi
2104 4131 2413 4204 imposuit;
2439 4130 2642 4204 sicque
2679 4132 2909 4204 scisma,
2936 4132 3091 4205 quod
3109 4132 3226 4204 jam
3251 4134 3528 4206 speraba-

104 4235 209 4286 tur
221 4226 319 4261 ²⁶⁰⁴
333 4230 683 4296 emortuum,
699 4224 1020 4283 crudeliter
1044 4222 1273 4281 revixit.
1294 4222 1433 4277 Nam
1456 4220 1660 4277 eodem
1683 4221 1954 4277 Romanae
1978 4219 2277 4277 kathedraa
2300 4218 2486 4278 libere
2510 4221 2719 4295 potito,
2746 4220 3012 4280 Gelasius
3036 4238 3167 4280 cum
3197 4223 3287 4278 his
3311 4223 3406 4294 qui
3442 4238 3529 4279 se—

105 4330 247 4376 cum
267 4315 533 4373 abierant
549 4314 947 4374 cardinalibus
965 4312 1316 4382 czeterisque
1336 4308 1642 4367 catholicis
1661 4324 1810 4381 quos
1831 4323 2190 4380 congregare
2205 4311 2457 4381 poterat,
2484 4311 2637 4383 apud
2653 4314 2927 4383 Capuam,
2949 4312 3116 4383 juxta
3143 4312 3297 4383 quod
3315 4312 3528 4369 litterae

106 4408 186 4464 ab
209 4402 1182 4480 ipsocircumquaqnetransmissaa
1203 4403 1519 4470 testantur,
1545 4412 1823 4456 cmsarem
1858 4412 1968 4455 una
1996 4412 2128 4455 cum
2152 4397 2331 4469 ydolo
2353 4414 2460 4457 suo
2483 4399 2839 4473 dampnavit.
2869 4400 3012 4457 Hinc
3032 4415 3137 4472 per
3162 4400 3527 4473 Campaniam

111 4508 255 4554 cum
281 4495 405 4556 suis
423 4494 495 4555 ad
522 4493 913 4566 Burgundiam
937 4488 1396 4561 transmigravit,
1419 4503 1486 4546 ac
1501 4487 1735 4546 Vienna:
1757 4487 2041 4559 synodum
2063 4488 2409 4559 congregari
2422 4485 2517 4522 ²⁴⁰⁸
2535 4488 2846 4547 constituit
2871 4489 3005 4561 [non
3026 4488 3151 4545 sine
3167 4488 3529 4558 quorundam

1466 4613 1704 4669 VARUE
1760 4610 2169 4670 LECTlONES.

181 4715 293 4814 "'1
317 4716 574 4814 forare
843 4713 1065 4814 fama:
1088 4716 1178 4814 7..
1210 4708 1449 4814 "iter
1479 4713 1689 4814 4:21.;
1772 4707 2375 4814 '::.d:s§3.T.;.7-.9°-.
2437 4707 2531 4814 ’ξδ’
2553 4708 2796 4814 2638‘s.-
2872 4706 3274 4814 ’:::.;:té.:.13
3302 4792 3334 4814 ..
3471 4711 3527 4814 ει

78 4789 229 4858 ojam
263 4790 341 4858 4.,
414 4784 513 4858 9“
538 4785 830 4858 turbinem
862 4788 913 4841 4.
947 4789 999 4858 6_.
1032 4788 1087 4858 7.
1120 4787 1195 4839 9°.
1272 4776 1366 4815 ²³⁶⁴
1396 4781 1629 4858 ignibus
1656 4787 1708 4837 7.
1791 4778 2211 4858 υἷ’-ἀμεριξῇ
2248 4783 2300 4836 2.
2332 4780 2411 4858 ᾼ.
2434 4780 2523 4858 ῥ’.
2553 4780 2808 4858 6_.__’Z._9°.
2846 4849 2857 4858 _
2886 4777 2979 4858 ff“
3008 4776 3362 4858 ll‘llilfltilp‘ll.
3393 4777 3436 4858 εἰ..
3475 4782 3524 4832 4.

102 4846 209 4938 i’."
243 4856 622 4938 αυᾹῐέάρθίΨΡ
642 4860 700 4911 δυ
733 4853 1183 4938 ίίυίηίὲρθοίέξὶεν
1204 4858 1283 4938 ἓῗσ
1320 4846 1491 4938 mm:
1520 4867 1601 4933 ιη’
1640 4866 1697 4907 θ·
1738 4866 1804 4938 91
1825 4852 1933 4938 EF;
1958 4856 2018 4938 ἓ·
2053 4850 2177 4938 η²³⁷ἷ
2198 4853 2519 4938 (19.0ἶὲβῆ
2581 4848 2675 4938 ῗῖ⁷²
2695 4849 2860 4938 (ἔξἕῖ
2878 4853 2968 4938 Ψ·
3000 4854 3117 4938 ¹.¹.;.
3151 4846 3532 4938 ῘῘἮΡΒΨΞΞΞ·

100 4916 283 4989 εἱιιιιί
308 4929 405 4985 Ε1.
441 4916 865 4986 leodinensium
898 4927 999 4982 E2.
1078 4923 1172 4957 ’³⁷⁸
1200 4923 1293 4982 ita
1320 4924 1416 4980 Et.
1458 4928 1511 4979 2.
1546 4922 1589 4978 i.
1628 4938 1681 4979 v.
1712 4922 1928 4981 desunt
1952 4925 2008 4978 4.
2049 4925 2107 4977 6.
2144 4928 2194 4978 7.
2216 4916 2305 4979 9°.
2328 4919 2427 4990 vel
2443 4923 2540 4990 1ο.
2577 4924 2665 4976 11.
2705 4918 2865 4975 velut
2897 4924 2947 4990 5,
3024 4916 3117 4952 ⁸⁸⁷⁵
3150 4918 3404 4975 inmitari
3430 4918 3526 4974 E2.

96 5000 203 5037 ’⁸⁷⁸
240 4999 377 5056 ital.
420 4999 519 5056 inf.
554 5003 613 5055 7.
730 4997 823 5031 ’³⁷⁷
853 4996 1037 5053 invito
1067 5001 1126 5052 7.
1242 4992 1337 5028 "7'
1364 4993 1672 5051 dissitetur
1700 4995 1799 5061 E2,
1913 4991 2007 5026 ’⁵⁷⁸
2037 4991 2166 5049 sei.
2222 4997 2319 5061 5.”
2387 4989 2482 5024 ί³⁸⁰
2506 4991 2915 5061 concessam.
2951 4993 3002 5044 2.
3039 4989 3088 5043 4.
3119 4994 3176 5045 6.
3215 4994 3248 5046 7
3263 5030 3286 5061 ._
3314 4992 3389 5044 9°.
3428 4994 3522 5044 10.

94 5070 203 5107 ³³⁸⁸
237 5070 520 5129 audiente
550 5074 609 5126 6.
727 5067 820 5102 ²⁸⁸²
850 5068 1001 5123 enim
1034 5069 1092 5121 4.
1209 5064 1303 5099 ³³³³
1330 5065 1495 5123 deest
1520 5068 1576 5120 4.
1696 5059 1865 5121 ““c.
1897 5079 1951 5119 s.
1990 5080 2051 5120 u.
2091 5065 2141 5117 4.
2254 5059 2348 5095 ²³⁸⁸
2380 5061 2543 5119 deest
2568 5064 2625 5118 4.
2717 5059 2809 5093 ³³⁸⁸
2839 5060 3033 5117 divina
3058 5063 3215 5117 7.9°.
3256 5059 3309 5114 d.
3336 5073 3425 5127 eg.
3459 5075 3521 5129 p.

95 5146 212 5223 ξε..
238 5145 338 5223 2..
366 5212 381 5223 ‘
423 5139 522 5223 "'7.
552 5157 606 5214 p,
641 5140 700 5223 ἱ..
725 5137 1033 5223 d_.‘de_s:unt
1049 5138 1119 5193 Et
1141 5179 1154 5192 .
1188 5140 1242 5193 2.
1269 5209 1308 5223 ἢ
1478 5136 1600 5218 f..v.
1635 5141 1754 5223 6..“
1802 5134 2212 5223 "fzngaitanps.
2348 5135 2521 5223 quae,
2554 5136 2832 5223 eartanus
2861 5129 3323 5223 6L7.n9°.k_u’:’°
3347 5131 3441 5211 ita
3467 5132 3527 5187 Ε.

90 5200 205 5250 ὗοί
238 5200 640 5271 Baldeuuin'iis
669 5215 720 5268 tl.
756 5215 840 5268 10.
876 5215 971 5266 11.
998 5222 1243 5280 semper.
1269 5205 1646 5265 Balduwinus
1676 5208 1772 5263 E2.
1850 5202 1944 5238 ²³⁹²
1973 5204 2206 5260 venisse
2240 5209 2293 5259 7.
2370 5201 2464 5235 ’⁸⁸⁸
2496 5202 2863 5260 baldevinum
2892 5204 2987 5259 Et.
3019 5207 3071 5258 2.
3108 5200 3527 5258 balduuninum

92 5293 153 5331 '7,
201 5283 591 5331 hnldnninnm
623 5286 699 5331 9°-
811 5278 905 5314 ²⁸⁹⁶
936 5280 1110 5331 rhoas
1136 5284 1197 5331 7.
1236 5283 1311 5331 9°.
1423 5276 1519 5311 ³³⁸⁸
1554 5293 1609 5331 1‘.
1649 5294 1711 5331 ι).
1765 5292 1829 5331 se
1861 5277 1929 5331 E1
1950 5319 1964 5331 .
2012 5279 2065 5331 2.
2168 5271 2263 5309 ⁸³⁸⁸
2294 5274 2459 5331 deest
2483 5277 2540 5330 4.
2649 5272 2741 5307 ⁸⁸³⁷
2775 5274 2954 5330 tradit
2985 5280 3045 5331 7.
3160 5270 3254 5306 ²³⁹⁸
3278 5272 3440 5329 deest
3465 5278 3525 5329 7.

92 5293 160 5391 7‘,
201 5283 592 5366 balduuipum
623 5286 699 5340 9°.
811 5278 905 5314 ’⁸⁸⁸
936 5277 1197 5337 rhoas'7.
1236 5283 1311 5336 9°.
1423 5277 1519 5311 ³³⁸⁸
1553 5293 1711 5382 r.
1765 5292 1829 5335 se
1861 5277 1964 5333 Et.
2012 5279 2065 5333 2.
2168 5277 2263 5309 ⁸³⁸⁵
2294 5277 2459 5331 deest
2483 5277 2540 5330 4.
2649 5277 2741 5307 ²³⁹⁷
2775 5277 2954 5330 tradit
2985 5280 3045 5331 7.
3160 5277 3254 5306 ""
3278 5277 3440 5329 deest
3465 5278 3525 5329 7.

84 5358 113 5392 ²
151 5356 207 5392 ’⁸
236 5354 613 5428 godefridum
645 5354 749 5428 Et.
786 5356 849 5409 2.
884 5356 945 5408 7.
1061 5348 1411 5428 "°°_tantum
1436 5354 1498 5407 7.
1661 5347 1708 5383 ⁰¹
1738 5348 1904 5408 deest
1923 5351 1973 5404 4.
2086 5344 2183 5380 ²⁴⁰²
2215 5345 2533 5419 probamus
2562 5347 2620 5402 4.
2730 5343 2827 5378 ²⁴⁰³
2855 5360 2917 5403 se
2949 5361 2978 5402 a
3013 5359 3115 5403 sua
3147 5349 3196 5401 5.
3286 5342 3377 5376 ²⁴⁰⁴
3407 5357 3536 5416 spe-

94 5423 286 5487 ratu'r
320 5430 414 5485 10.
453 5431 546 5485 11.
662 5423 733 5459 ²⁰⁵
758 5434 1116 5494 congregare
1147 5424 1204 5479 4.
1710 5488 1916 5548 ΝΟΜ

176 5595 343 5677 (342)
374 5598 463 5659 An
494 5591 649 5657 idem
678 5592 778 5670 qui
807 5608 859 5655 ι.
894 5595 1053 5665 1099,
1084 5588 1407 5653 cruciferos
1432 5589 1587 5651 circa
1617 5589 1914 5649 Ravenum
1945 5585 2311 5660 collegerat?
