3962 6342
120 370 289 450 1οη
1009 382 1454 453 CHRONICA.
1484 418 1558 435 --
1586 379 2065 453 CHRUNICON
2111 379 2661 451 UNIVERSALE.
3388 371 3544 443 104!

346 518 614 595 stitutor,
648 523 783 595 tunc
816 523 1009 578 autem
1039 518 1269 595 noviter
1296 533 1616 595 conversus
1639 520 1696 577 in
1722 522 2029 595 peregrino
2059 520 2283 595 habitu,
2319 521 2515 595 ibique
2538 516 2608 577 ab
2631 515 2977 595 omnibusin
3001 512 3203 595 multis
3229 514 3545 595 accusaba.

346 600 460 661 tur,
494 590 568 667 _de
600 586 813 667 quibus
851 608 913 648 se
958 593 1276 667 prudenter
1324 594 1665 667 excusabat.
1720 586 1893 651 Unde
1927 600 1985 651 et
2034 586 2318 667 scriptum
2371 586 2588 664 le'gitur
2618 591 2688 649 de
2729 606 2821 658 co,
2856 588 2988 662 quia
3022 608 3034 644 :
3069 586 3289 646 Manus
3332 587 3543 647 borum

344 665 608 720 omnium
638 664 845 722 contra
874 679 1004 721 eum
1034 666 1091 721 et
1120 666 1242 736 ipse
1269 666 1475 722 contra
1495 665 1599 721 hos
1619 679 1832 723 omnes.

193 760 473 832 Ejusdem
509 768 702 818 tamen
736 762 1024 819 actionem
1057 762 1288 818 concilii
1312 761 1361 818 si
1387 761 1515 833 quis
1549 760 1808 833 plenarie
1839 778 2193 833 cognoscere
2226 763 2443 834 querit,
2468 763 2522 818 in
2548 760 2766 817 litteris
2794 756 3094 830 cujusdam
3120 756 3421 813 scolastici
3444 772 3544 813 no-

118 852 283 907 mine
306 851 584 907 llessonis
609 852 758 922 (345)
782 851 1081 921 eleganter
1103 849 1471 907 enucleatum
1497 850 1758 922 reperire
1784 854 1999 922 poterit
2023 852 2114 886 ²⁴⁸³
2148 852 2310 926 [ϐοά.
2343 853 2413 908 E.
2449 850 2602 907 Idem
2634 849 2944 906 concilium
2973 849 3256 903 Remense
3286 844 3541 917 qualiter

116 944 324 996 actum
348 940 421 995 sit
444 939 598 996 scire
629 938 984 1009 volentibus,
1020 938 1250 995 difficile
1274 953 1385 995 non
1410 943 1500 994 est
1522 939 1783 996 invenire
1808 942 2030 1013 scripta
2052 942 2357 1012 cujusdam
2383 939 2677 999 scolastici
2703 936 2979 994 llessonis
3002 936 3252 1002 nomine,
3280 939 3450 1006 prout
3474 948 3537 991 se

116 1026 469 1084 interfuisse
493 1032 769 1097 testatur,
792 1025 1139 1084 enncleatim
1163 1026 1352 1083 omnia
1377 1027 1767 1086 describentis
1789 1030 1888 1101 'l],
1916 1032 1971 1086 id
1995 1035 2086 1087 est
2110 1031 2364 1102 qualiter
2388 1046 2488 1086 rex
2506 1029 2597 1063 "3‘
2621 1029 2771 1083 inter
2794 1041 3034 1097 regnum
3058 1028 3115 1081 et
3141 1023 3534 1080 sacerdotium

115 1117 189 1171 de
224 1116 545 1173 concordia
580 1115 839 1171 facienda
872 1115 1262 1179 consenserit;
1298 1115 1535 1185 insuper
1563 1117 1751 1173 eidem
1782 1119 2050 1187 concilio,
2086 1121 2179 1176 cui
2200 1119 2292 1153 ³⁸⁸⁵
2314 1119 2587 1175 videlicet
2624 1121 2690 1172 13
2722 1114 2841 1171 Kal.
2874 1116 3015 1170 Nov.
3052 1113 3355 1185 predictus
3385 1126 3533 1184 papa

114 1204 383 1261 Calistus
412 1204 505 1238 ³⁸⁵⁸
536 1207 581 1259 ll
616 1204 868 1261 vallatus
900 1207 1001 1259 426
1036 1203 1319 1274 patribus,
1374 1218 1569 1259 coram
1621 1205 1923 1263 innumera
1968 1209 2342 1266 multitudine
2392 1207 2534 1263 cleri
2576 1222 2641 1262 ac
2682 1203 2881 1277 populi
2931 1201 3212 1274 prcsedit,
3246 1216 3357 1257 non
3389 1201 3534 1257 adeo

113 1310 179 1349 se
204 1294 304 1327 "‘7
331 1299 685 1365 presentem,
717 1294 968 1349 vicinum
1000 1297 1212 1361 tamen,
1246 1293 1609 1360 exhibuerit;
1646 1295 1738 1349 ubi
1764 1300 1823 1351 et
1846 1296 2135 1368 colloquio
2167 1313 2272 1354 suo
2304 1297 2499 1352 domni
2530 1310 2693 1367 papae
2726 1293 2937 1362 legatis
2958 1290 3051 1323 ""
3072 1304 3375 1358 concesso,
3411 1292 3535 1344 tan-

115 1383 251 1437 dem
288 1382 558 1438 inducias
587 1382 777 1437 dcnuo
810 1381 1092 1451 quesicrit
1129 1386 1369 1451 propter
1399 1382 1671 1450 generale
1704 1384 2057 1456 colloquium
2082 1402 2209 1443 cum
2236 1386 2601 1457 principibus
2633 1381 2981 1451 habendum,
3017 1395 3124 1451 pro
3164 1378 3533 1435 investituris

115 1472 359 1528 scilicet
383 1471 840 1539 :ecclesiasticis,
866 1485 1009 1540 quas
1037 1473 1338 1538 tantopere
1364 1471 1685 1539 cogebatur
1708 1473 2009 1541 amittere;
2034 1474 2103 1530 ad
2132 1473 2394 1531 ultimum
2419 1489 2558 1529 vero
2583 1472 2732 1527 idem
2758 1470 3140 1541 apostolicus,
3164 1468 3353 1523 inacta
3379 1468 3535 1523 inter

115 1576 177 1615 se
206 1566 268 1616 et
293 1574 494 1629 regem
519 1559 860 1623 concordia;
888 1556 1186 1630 synodalia
1210 1558 1695 1627 predecessorum
1720 1576 1954 1619 suorum
1981 1563 2213 1619 decreta
2238 1562 2667 1618 confirmaverit
2694 1560 2837 1629 (Oct.
2866 1560 2975 1630 30),
3004 1558 3233 1627 aliaque
3257 1554 3530 1612 nonnulla

113 1665 249 1720 qua:
283 1665 381 1704 res
413 1649 685 1718 exigebat
720 1647 946 1704 noviter
977 1646 1069 1682 "‘9
1102 1649 1410 1709 addiderit.
1448 1650 1538 1706 Sic
1570 1649 1766 1721 itaque
1800 1656 1934 1722 post
1966 1651 2088 1707 dies
2123 1653 2240 1707 fere
2274 1655 2338 1705 12
2368 1651 2420 1706 in
2454 1650 2673 1707 virtute
2709 1649 2963 1719 Spiritus
3005 1645 3189 1702 sancti
3224 1645 3335 1701 rite
3368 1644 3531 1700 linito

112 1737 394 1808 concilio,
422 1742 668 1794 cunctos
691 1737 1012 1809 apostolica
1038 1739 1442 1798 benedictione
1466 1740 1841 1795 confirmatos
1866 1739 1934 1796 ad
1960 1741 2194 1811 propria
2224 1740 2412 1795 redire
2438 1737 2722 1810 permisit,
2755 1749 3219 1807 unumquemque
3242 1748 3371 1789 cum
3394 1748 3532 1801 gau-

111 1828 235 1881 dio.
286 1829 414 1898 Ipse
458 1841 690 1897 quoque
728 1841 839 1883 non
883 1828 1063 1885 multo
1106 1836 1238 1900 post
1271 1830 1340 1887 ad
1379 1829 1598 1886 Italiam
1641 1846 1976 1895 conversus,
2014 1830 2357 1886 incredibile
2390 1832 2712 1885 memoratu
2742 1826 2837 1860 ²⁴⁶⁰
2864 1830 2971 1895 est,
3019 1828 3236 1895 quanto
3264 1822 3527 1894 tripudio

111 1930 413 1986 quamque
446 1915 723 1972 immensa
760 1931 963 1988 pompa
1000 1933 1106 1972 non
1139 1919 1325 1976 solum
1355 1920 1541 1975 totius
1570 1920 1784 1990 Romae,
1820 1919 2129 1975 verumMl
2154 1920 2327 1975 etiam
2354 1918 2751 1974 universarum
2777 1914 3207 1988 provinciarum
3233 1926 3375 1983 quas
3399 1925 3527 1981 per-

108 2004 462 2073 transicrat,
518 2004 730 2059 Christi
764 2005 891 2061 vice
925 2006 1002 2061 sit
1035 2012 1365 2079 susceptus.
1412 2008 1493 2063 Ab
1525 2007 1625 2064 illo
1660 2013 1925 2080 tempore
1958 2012 2073 2066 tam
2106 2008 2233 2076 ipse
2260 2008 2375 2077 jam
2404 2021 2542 2063 vere
2592 2003 2953 2077 apostolicus
3001 2016 3170 2072 quam
3219 1999 3526 2056 universus

110 2091 280 2148 illum
325 2107 577 2163 sequens
618 2093 833 2150 Christi
870 2110 1013 2164 grex
1046 2096 1116 2152 de
1149 2096 1240 2152 die
1272 2097 1328 2152 in
1362 2097 1511 2152 diem
1556 2098 1840 2169 prolicere
1870 2097 2067 2169 coepit,
2111 2096 2293 2153 donec
2324 2101 2532 2152 cuncta
2567 2109 2700 2166 pars
2728 2092 2964 2150 Burdini
2994 2090 3105 2160 Μ’,
3141 2102 3310 2160 quem
3344 2086 3523 2157 aliqui

110 2180 363 2237 Ydolum
415 2182 824 2250 cognominare
876 2183 1085 2253 solent,
1121 2185 1177 2239 in
1210 2185 1335 2242 dies
1366 2185 1654 2241 infirmata
1682 2185 1795 2257 ²⁴⁶³,
1831 2186 2030 2242 conari
2077 2191 2279 2242 contra
2320 2184 2644 2242 aecclesiam
2674 2182 2879 2249 desiit;
2913 2180 3074 2250 regni
3105 2182 3300 2235 tamen
3330 2179 3522 2247 coepta

108 2270 433 2326 commotio
463 2301 533 2310 —
562 2271 668 2327 abe
698 2270 789 2304 ²⁴⁶⁶
820 2271 1045 2328 scelus!
1081 2304 1148 2313 —-
1181 2273 1514 2330 nullatenus
1547 2274 1784 2345 quievit.

254 2370 336 2438 οι)
371 2368 467 2443 _E_l.
505 2368 644 2443 alia
688 2382 873 2443 φηςιητι
919 2369 1136 2443 aitait:
1174 2328 1839 2441 Adelgotu‘sleMagad.
1894 2371 2371 2443 archiepisCopus
2418 2370 2566 2427 obiit
2596 2373 2653 2425 et
2684 2368 2887 2425 eodem
2937 2379 3086 2422 anno
3133 2363 3309 2420 etiam
3359 2363 3520 2432 nugo

329 2440 513 2496 abbas
544 2440 611 2494 XI
647 2439 813 2494 obiit.
847 2454 979 2511 ᾳιιω
1010 2441 1104 2496 E2.
1137 2443 1375 2513 recepit.

180 2537 305 2592 [Ioc
336 2550 484 2592 anno
515 2535 768 2606 Adelgoz
800 2536 1313 2607 Magdeburgensis
1345 2538 1838 2611 archiepiscopus,
1876 2540 2047 2596 homo
2074 2539 2305 2609 juvenis
2337 2544 2395 2595 et
2428 2543 2543 2595 tam
2576 2541 2693 2595 Deo
2726 2551 2896 2608 quam
2927 2534 3197 2591 omnibus
3224 2530 3318 2565 ²⁴⁸⁵
3348 2529 3518 2587 bonis

106 2624 516 2695 acceptabilis,
570 2624 877 2680 immaturo
924 2630 1241 2696 preventus
1290 2641 1519 2697 occasu,
1569 2627 1747 2683 vitam
1799 2632 2131 2700 presentem
2160 2626 2253 2660 ’³⁸⁸
2292 2628 2349 2683 in
2381 2627 2622 2684 Domino
2674 2626 2878 2682 finivit.
2934 2624 3035 2682 Cui
3086 2622 3261 2679 etiam
3293 2621 3518 2690 Rugge-

106 2728 208 2770 rus
237 2711 338 2745 "‘7
368 2712 686 2769 canonicus
714 2713 989 2770 canonica
1022 2714 1307 2771 electione
1340 2717 1647 2773 successit.

1597 2834 1667 2886 A.
1705 2833 1775 2887 D.
1814 2832 2026 2888 MCXX.

173 2927 510 2997 Imperator
548 2925 799 2981 natalem
840 2926 1067 2983 Domini
1110 2928 1443 2985 Wormaciae
1475 2943 1587 2984 non
1621 2929 2004 3000 imperialiter
2042 2927 2382 2986 celebravit.
2423 2930 2635 2985 Postea
2664 2925 2846 2983 ductu
2874 2923 2968 2958 ³⁸⁸⁸
3000 2922 3275 2980 Friderici
3311 2920 3381 2976 de
3412 2923 3516 2977 Ar-

100 3015 363 3085 nesborg
390 3013 483 3048 ²⁴⁶⁹
513 3015 817 3071 Saxoniam
855 3015 1182 3087 ingressus,
1224 3017 1420 3088 ibique
1448 3019 1519 3074 ab
1550 3017 1643 3051 ²⁴⁷⁰
1671 3020 1964 3091 epiSCOpis
2004 3020 2258 3089 regionis
2296 3018 2475 3089 illius,
2511 3018 2581 3075 ab
2613 3018 2739 3088 ejus
2778 3014 3177 3073 communione
3218 3011 3513 3069 abstinen-

100 3103 289 3174 tibus,
333 3103 390 3158 in
432 3104 729 3160 Franciam
771 3104 1167 3169 convertitur;
1214 3106 1309 3161 ubi
1343 3106 1635 3163 nonnullis
1667 3112 1965 3180 acceptus,
1999 3108 2402 3180 compluribus
2433 3107 2607 3163 etiam
2640 3105 2864 3162 invisus
2893 3103 3238 3160 habebatur.
3275 3102 3391 3156 Nec
3421 3098 3510 3132 ²⁴⁷¹

95 3191 293 3247 minus
322 3191 543 3248 interea
579 3192 923 3250 scissionem
959 3192 1332 3250 inconsutilis
1363 3194 1575 3251 tunicae
1606 3209 1725 3252 suae
1758 3197 2031 3254 Dominus
2055 3197 2177 3268 ipse
2203 3197 2552 3267 detestatus,
2588 3196 2740 3251 inter
2768 3194 2969 3264 multa,
3004 3192 3218 3263 quibus
3248 3206 3351 3264 pro
3383 3189 3508 3261 ipso

91 3280 263 3337 orbis
297 3285 587 3337 terrarum
620 3279 847 3349 ﬂagella
882 3282 1179 3352 pugnavit,
1214 3282 1268 3336 in
1300 3282 1644 3353 episcOpatu
1672 3285 1998 3341 Trevirensi
2032 3286 2123 3319 ²⁴⁷²
2154 3300 2351 3341 mense
2380 3285 2548 3341 Junio
2578 3284 2861 3341 suscitata
2890 3285 3243 3352 tempestate
3270 3278 3361 3313 ’⁸⁷³
3390 3278 3510 3350 gla-

91 3369 243 3424 ciem
299 3367 459 3424 mirae
506 3368 926 3438 magnitudinis
957 3370 1184 3440 eﬂ‘udit,
1219 3385 1346 3441 quae
1375 3374 1431 3426 et
1463 3370 1553 3403 "7‘
1582 3373 1827 3429 :edilicia
1861 3374 2077 3429 evertit
2108 3377 2166 3430 et
2201 3374 2309 3430 alia
2344 3372 2603 3445 pericula
2653 3370 2870 3428 intulit.
2923 3368 3227 3425 Saxoniam
3279 3382 3507 3439 quoque

92 3462 150 3513 et
181 3457 440 3513 maxime
471 3457 528 3512 in
559 3458 903 3529 episcopatu
954 3458 1421 3516 IIalberstateusi
1453 3459 1544 3493 "7“
1577 3460 1701 3518 dira
1750 3464 2035 3532 grandine
2084 3463 2420 3535 ﬂagellavit,
2457 3463 2512 3518 in
2546 3465 2771 3517 tantum
2804 3462 2866 3516 ut
2897 3459 2954 3515 in
2985 3472 3187 3514 novem
3237 3455 3505 3513 villarum

93 3546 315 3602 finibus
367 3560 476 3602 non
531 3546 716 3603 solum
769 3547 1057 3604 frumenta
1089 3548 1190 3604 sed
1223 3552 1283 3603 et
1316 3549 1535 3605 bestias
1582 3550 1704 3621 agri
1739 3567 1866 3607 cum
1920 3552 2256 3609 volatilibus
2305 3550 2625 3607 innumeris
2673 3547 3124 3620 consumpserit.
3161 3546 3282 3612 Qua
3314 3559 3506 3601 corre-

93 3634 301 3702 ptione
324 3631 416 3666 “7‘
434 3634 718 3691 stimulati
751 3635 1025 3705 Saxones,
1059 3637 1299 3692 crebros
1330 3642 1655 3694 conventus
1685 3640 1759 3695 ob
1790 3640 2158 3696 concordiam
2193 3642 2405 3709 facere,
2442 3638 2797 3695 dissidentes
2827 3636 2981 3692 inter
3013 3650 3075 3690 se
3107 3647 3337 3705 pacare,
3370 3633 3506 3689 dex-

93 3726 218 3777 tras
256 3721 500 3777 invicem
531 3721 691 3791 dare,
728 3723 1019 3794 predones
1048 3724 1460 3795 exterminare,
1500 3728 1931 3800 subpressoque
1960 3728 2051 3761 ²⁴⁷⁷
2083 3728 2458 3800 imperatoris
2498 3740 2765 3797 persona,
2808 3726 3013 3780 contra
3054 3737 3282 3779 omnem
3324 3721 3505 3779 homi-

95 3822 225 3865 nem
267 3813 457 3867 terras
499 3825 636 3867 suas
673 3812 947 3869 invadere
992 3811 1319 3870 molientem
1354 3828 1412 3870 se
1445 3816 1795 3872 unanimiter
1827 3831 2052 3873 armare
2079 3822 2415 3889 coeperunt;
2449 3830 2514 3870 ac
2550 3814 2702 3871 inter
2731 3814 2854 3870 hac
2885 3811 3058 3867 etiam
3092 3810 3374 3882 quosdam
3403 3812 3504 3867 mi-

95 3897 235 3955 lites
282 3898 638 3956 caesarianos
687 3900 1055 3970 Thuringiam
1089 3901 1180 3935 "7°
1210 3906 1513 3959 vastantes
1545 3903 1601 3959 in
1631 3904 1877 3960 castello
1925 3906 2314 3962 Wassenburc
2342 3904 2434 3938 ²⁴⁷⁰
2462 3902 2609 3975 (346)
2640 3900 2888 3970 singulis
2934 3899 3208 3972 presidiis
3256 3899 3502 3955 circum-

91 3985 422 4057 eludentes,
481 3986 714 4043 tandem
774 3989 1012 4059 penuria
1072 3990 1318 4048 aﬂlictos
1371 3991 1752 4063 expulerunt;
1812 3993 2013 4064 sicque
2059 3992 2115 4049 in
2166 3992 2327 4049 brevi
2378 4006 2578 4065 pacem
2622 3988 3121 4061 jocundissimam,
3170 3987 3310 4043 licet
3359 3987 3498 4044 alibi

92 4088 289 4130 werra
323 4074 415 4107 ²⁶⁸⁰
443 4075 616 4131 solita
648 4081 975 4147 grassante,
1011 4078 1133 4134 suis
1166 4079 1220 4134 in
1256 4079 1525 4151 partibus
1556 4079 1960 4136 instituerunt.
1998 4080 2235 4136 Litteris
2268 4080 2441 4136 etiam
2473 4094 2540 4136 ac
2570 4078 2659 4113 ²⁴⁸¹
2691 4076 3085 4148 legationibus
3127 4089 3289 4149 papae
3329 4075 3495 4131 robov

91 4164 227 4234 rati,
273 4164 618 4220 vacantibus
660 4164 958 4222 kathedris
989 4166 1079 4199 ²⁶⁸²
1108 4168 1385 4224 canonice
1417 4171 1687 4239 pastores
1732 4168 2067 4239 elegerunt;
2103 4184 2267 4241 quos,
2303 4169 2594 4225 mediante
2625 4166 2955 4239 lllogontino
2985 4164 3219 4237 presule
3250 4162 3360 4235 ³⁸⁸³,
3398 4164 3495 4235 qui

88 4257 233 4308 tunc
268 4250 369 4308 illo
406 4253 561 4321 regis
595 4253 988 4311 declinaverat
1019 4255 1181 4326 iram,
1227 4257 1607 4328 probabiliter
1637 4262 1696 4314 et
1727 4258 2143 4316 aecclesiastica
2178 4258 2454 4316 libertate
2486 4257 2820 4315 consecrari
2853 4257 3138 4313 fecerunt.

155 4341 264 4397 His
309 4342 673 4411 temporibus
714 4342 1045 4401 Fridericus
1083 4345 1377 4416 palatinus
1411 4361 1626 4417 comes,
1663 4347 1760 4417 qui
1793 4362 1978 4419 nuper
2008 4362 2069 4404 se
2098 4362 2128 4403 a
2159 4348 2391 4405 caeteris
2432 4348 2774 4418 dissocians,
2809 4346 2966 4417 regis
2998 4343 3266 4402 ﬁdelitati
3301 4343 3495 4400 devin-

88 4435 266 4486 xerat
297 4428 408 4499 ⁸⁸⁸⁸,
442 4430 608 4499 obiit,
639 4431 755 4502 jam
792 4436 1107 4503 provectus
1147 4439 1341 4505 aetate,
1384 4440 1442 4490 et
1487 4439 1549 4492 ut
1586 4436 1815 4492 cuidam
1857 4451 2027 4493 servo
2068 4436 2166 4492 Dei
2209 4437 2511 4494 evidenter
2553 4436 2874 4494 revelatum
2916 4435 3221 4503 afﬁrmant,
3256 4431 3329 4488 ad
3369 4431 3491 4489 loca

84 4517 342 4588 poenalia
378 4516 467 4551 ²⁴⁸⁸
501 4520 686 4575 fertur
717 4520 1109 4578 descendisse.
1139 4524 1306 4580 Bonae
1340 4524 1630 4581 memoriae
1662 4524 1980 4594 Dieggerus
2007 4524 2116 4595 "3‘,
2148 4525 2395 4597 primum
2426 4523 2516 4558 ’⁸⁸⁷
2548 4527 2728 4582 abbas
2756 4523 2984 4582 cenobii
3018 4522 3204 4579 sancti
3239 4520 3489 4590 Georgii,

87 4606 345 4678 indeque
367 4621 473 4678 per
496 4606 749 4678 legatum
773 4609 1156 4680 apostolicum
1179 4611 1270 4645 ³⁸⁸⁸
1290 4613 1527 4669 Metensi
1562 4612 1841 4669 mcclesiaa
1873 4614 2197 4685 ordinatus,
2234 4621 2365 4687 post
2398 4615 2611 4672 multas
2631 4628 2661 4669 a
2686 4612 2843 4683 regis
2867 4611 3139 4669 ﬁdelibus
3162 4609 3357 4665 illatas
3380 4608 3490 4665 sibi

1464 4728 1696 4785 VARUS
1727 4729 2124 4787 LECTIONES.

152 4818 494 4922 ""Jgotuit
526 4824 626 4901 .90.
744 4819 834 4853 "“
883 4820 1046 4879 deest
1088 4824 1173 4903 4..
1262 4822 1353 4857 ’⁸⁵⁵
1392 4824 1553 4882 deest
1595 4831 1652 4880 7.
1710 4828 1792 4881 9°.
1913 4825 2003 4860 ³⁸⁵⁸
2035 4826 2291 4883 kalixtus
2334 4829 2393 4907 7.
2444 4896 2455 4906 .
2513 4825 2603 4858 "‘7
2653 4838 2716 4880 se
2767 4837 2863 4880 res
2908 4838 2970 4895 p.
3034 4825 3090 4877 4.
3209 4819 3300 4854 ²⁴⁸⁸
3329 4821 3493 4878 deest

155 4961 168 4967 _
216 4962 228 4967 _
409 4892 861 4967 naviter_4-ll.
931 4965 938 4967 Α
978 4892 1071 4925 ²⁴⁶⁰
1116 4894 1279 4967 dictu
1330 4898 1385 4967 4.
1505 4895 1593 4928 ²⁴⁶¹
1642 4896 1746 4952 sed
1793 4900 1851 4953 4.
1970 4896 2061 4929 ³⁸⁸³
2106 4896 2580 4967 burgundmrQC.
2700 4893 2789 4927 ³⁸⁸³
2839 4894 3323 4967 [ἰνωριεξηςοηθνθ
3372 4892 3479 4947 Di.

80 4960 172 4994 "“
206 4962 257 5017 ἰ.
317 4974 371 5015 ε.
429 4962 553 5025 ach,
608 4964 670 5017 o!
724 4977 787 5017 ac
839 4965 1009 5044 4-11.
1117 4937 1923 5068 ἷιᾶἓ.πίιοιηὶηίὺιῖἴοΪΊ).
1981 4972 2039 5023 6.
2093 4937 2583 5024 7"."‘5o‘3"""=7«"ni
2635 4982 2693 5036 p.
2749 4981 2811 5037 p.
2868 4937 2997 5020 4:“
3032 4937 3140 4996 ἶ⁴⁸²ί
3165 4976 3488 5033 ruoggerus

82 5035 104 5068 ,ι
189 5030 226 5068 R
302 5037 332 5068 '7
412 5037 469 5068 ορ
546 5037 611 5068 4η
758 5032 1037 5068 ιισθιιιηίη
1079 5040 1113 5068 η
1283 5036 1348 5068 ιω
1380 5039 1707 5068 annnam..."
1747 5040 1823 5068 na
1899 5039 2186 5068 "manu...
2232 5041 2252 5068 ι
2334 5038 2649 5068 ηπηηοιπηηη
2690 5041 2725 5068 r1
2869 5035 2960 5068 suo
2989 5034 3214 5068 Hnnafﬂ
3287 5040 3320 5068 ιτ
3391 5036 3452 5068 0c

81 5035 164 5109 L4.”
189 5030 249 5109 (ξ’.
302 5037 369 5109 7ἐ
412 5037 637 5109 93mm.
758 5032 849 5065 ²⁴⁶⁸
880 5032 1039 5109 dictu
1070 5040 1138 5109 77.
1200 5030 1348 5109 _j‘°’
1379 5039 1707 5107 arnesburg
1746 5040 1848 5095 E2.
1897 5039 2186 5109 arnsburg
2227 5041 2283 5093 4.
2333 5030 2649 5109 arnesberc
2690 5030 3151 5109 7.'U__'_"°_deest
3182 5038 3239 5109 6.
3282 5030 3346 5109 7'.
3374 5036 3477 5109 9°.

78 5102 167 5183 :7“
198 5103 314 5183 [Ioc
337 5107 438 5183 ἶ...
467 5102 559 5135 "7’
584 5103 909 5183 trevOercnsi
926 5108 1134 5183 _4-l_l_._
1173 5106 1301 5183 3‘79:
1308 5111 1629 5183 tempestas
1650 5102 1747 5166 Et.
1774 5114 1815 5165 t.
1844 5110 1898 5183 in
1922 5102 2178 5178 glaciem'
2187 5114 2246 5165 7.
2330 5107 2421 5141 "7‘
2443 5109 2606 5183 deest
2628 5111 2685 5164 4.
2767 5105 2858 5139 "7'
2880 5103 3347 5183 halbe_rstadensi
3371 5106 3477 5183 Dl_.

79 5173 175 5228 El.
214 5176 266 5227 2.
349 5171 439 5205 ²⁶⁷⁸
468 5174 835 5256 correctione
868 5176 963 5230 Dl.
1043 5176 1134 5210 ²⁴⁷⁷
1161 5177 1253 5235 ita
1272 5179 1371 5234 D1.
1397 5171 1492 5235 E'l.
1520 5185 1571 5236 2.
1601 5182 1647 5235 7.
1678 5186 1760 5237 10.
1796 5171 2227 5250 subpressoque
2255 5192 2401 5236 corr.
2440 5180 2872 5251 subpressaque
2891 5182 2941 5231 6.
2975 5178 3407 5280 sub’pressaque
3430 5181 3480 5231 5.

79 5246 105 5280 κ
162 5246 225 5280 0c
288 5247 342 5280 lt
452 5242 541 5277 2478
574 5249 885 5280 ίιηιιηηιοτη
921 5248 947 5280 ι
1059 5247 1150 5280 2479
1181 5252 1568 5280 ..mnannt...-n
1604 5254 1624 5280 ι
1687 5257 1714 5280 ιε
1770 5254 1800 5280 n
1856 5256 1926 5280 an
1979 5254 2034 5280 ιλ
2096 5252 2433 5280 ..νηοηηιη-..η
2466 5254 2499 5280 η
2550 5251 2984 5280 ..νηοοηηιιιηιηα
3101 5246 3170 5280 480
3200 5247 3250 5280 in
3287 5262 3343 5280 ην
3393 5250 3452 5280 οα

76 5246 250 5322 6:96.
288 5247 369 5297 ill.
452 5242 541 5277 ²⁴⁷³
574 5246 887 5322 t_uringi_am
917 5248 1003 5322 4.“
1037 5247 1150 5322 Α²⁸⁷ῗ
1181 5252 1581 5322 svassenburg
1597 5254 1647 5322 4.
1686 5257 1735 5307 5.
1770 5254 1820 5306 6.
1856 5242 1942 5307 1ό.
1978 5254 2062 5306 11.
2096 5242 2434 5322 \vasseburc
2466 5254 2516 5305 7.
2550 5242 2898 5322 ivasscn'bur
2924 5251 2999 5304 9°.
3037 5320 3047 5322 _
3078 5242 3170 5322 if”
3198 5247 3253 5303 in
3287 5242 3360 5302 vv.
3393 5250 3476 5303 9°.

74 5313 161 5390 ffff
197 5327 256 5369 e.
297 5328 461 5390 papae
495 5330 565 5390 ac
593 5316 647 5390 l.
681 5313 847 5390 12:4.
901 5316 1005 5390 3‘"
1036 5317 1331 5376 kathedrze
1356 5326 1441 5377 10.
1520 5313 1609 5355 ‘7”
1641 5322 1904 5379 deestto.
1934 5326 2027 5378 11.
2112 5319 2201 5353 ²⁴⁸⁴
2233 5320 2536 5377 devixerat
2568 5322 2662 5378 E2.
2700 5320 2986 5377 ﬁdelitate
3018 5319 3363 5390 dejunxerat
3392 5322 3475 5373 9°.

72 5381 163 5417 ²⁸³³
196 5400 253 5456 p.
292 5381 592 5442 descendit
628 5389 676 5442 4.
757 5384 849 5421 ²⁴⁸⁶
880 5388 1181 5459 dietgerus
1216 5395 1267 5447 7.
1346 5390 1438 5426 ²⁸⁸⁷
1466 5392 1633 5451 deest
1655 5395 1703 5447 4.
1785 5393 1876 5427 ²⁴⁸⁸
1913 5391 2222 5463 apostolici
2251 5394 2337 5448 9°.

1669 5500 1889 5557 NOTJE.

114 5588 299 5671 .(345)
333 5589 612 5671 IIesgqnis
638 5590 787 5671 liber
810 5606 839 5648 a
862 5593 1248 5671 [engnagelio
1279 5596 1496 5671 editus,
1530 5598 1712 5654 notis-
1859 5668 1869 5671 Α
1920 5598 2069 5671 (346)
2102 5597 2314 5671 Eadem
2349 5598 2593 5655 fortasse
2633 5612 2762 5669 quas
2792 5597 3235 5664 Wachsenburg
3266 5593 3480 5650 dicitur

82 5661 266 5718 simus
295 5663 408 5717 est.
447 5661 528 5717 Cf.
565 5666 692 5718 acta
722 5662 956 5721 concilii
987 5661 1290 5737 ap.'Mansi
1322 5670 1460 5739 XXI,
1483 5661 1547 5739 'p.
1582 5672 1705 5724 235.
1854 5668 1909 5723 in
1929 5661 2159 5727 'duc'atu
2191 5670 2479 5726 Gothano.
