3962 6314
407 375 556 444 1051
1561 377 2044 443 EKKEHARDI
2088 373 2642 444 URAUGIENSIS
3659 373 3828 443 1052

481 512 743 572 Alterum
778 527 1008 586 quoque
1040 527 1152 571 non
1185 513 1366 571 multo
1398 519 1548 588 post,
1585 512 1641 570 id
1664 517 1753 571 est
1781 514 1834 570 in
1868 516 2016 572 festo
2043 514 2230 572 sancti
2265 512 2515 585 Martini,
2549 510 2906 586 colloquium
2941 512 3260 588 imperator
3285 529 3417 574 cum
3449 511 3824 588 principibus

411 605 507 678 qui
531 605 715 678 priori
743 620 850 661 non
877 605 1116 662 aderant
1153 605 1489 674 Babenberg
1509 603 1601 638 “7‘
1622 605 1854 671 habuit;
1888 605 1985 661 ubi
2009 609 2066 660 et
2089 605 2318 661 cunctis
2341 603 2395 658 in
2422 618 2526 660 sua
2551 609 2685 660 vota
2711 604 3228 676 concordantibus,
3263 604 3418 662 inter
3449 604 3655 675 multa,
3689 619 3820 676 qua:

412 698 528 750 tam
555 694 623 750 ad
649 693 808 763 regni
834 708 1002 764 quam
1028 693 1096 749 ad
1122 693 1434 749 sacerdotii
1467 694 1868 763 congruebant
1899 693 2195 762 honorem,
2229 707 2388 747 more
2420 693 2700 763 majorum
2731 693 3091 765 compositis,
3126 693 3355 764 legatos
3382 693 3657 766 proprios
3687 708 3822 749 cum

409 783 680 840 Romanis
703 782 1035 852 destinavit,
1062 787 1120 837 et
1145 785 1425 852 utrosque
1447 781 1560 852 ³⁸⁷⁵,
1586 783 1790 839 nuncia
1815 781 1983 846 simul
2005 788 2059 837 et
2081 795 2319 838 munera
2343 782 2598 838 ferentes
2619 780 2956 852 honorifica,
2987 781 3198 840 domno
3223 781 3551 855 apostolico
3575 780 3821 852 Calisto,

409 871 840 940 consanguineo
872 870 1103 927 scilicet
1131 871 1246 941 jam
1291 871 1522 928 sibimet
1555 871 1905 941 unitissimo,
1939 870 2172 927 direxit.

481 959 777 1028 [Preterea
813 959 1025 1016 domno
1057 959 1294 1028 Erlolt‘o,
1328 959 1425 1030 qui
1455 959 1838 1016 Fuldensibus
1870 959 2044 1016 etiam
2076 958 2276 1016 invitis
2310 961 2564 1030 preerat,
2597 961 2732 1013 ante
2763 971 2980 1030 paucos
3019 957 3146 1014 dies
3186 957 3488 1028 defuncto,
3523 973 3651 1015 cum
3682 973 3825 1014 con-

410 1061 584 1103 sensu
619 1047 976 1119 prescntium
1010 1048 1356 1120 principum,
1401 1047 1687 1106 electione
1727 1047 1980 1119 regulari
2020 1047 2321 1120 premissa,
2356 1047 2601 1103 domnus
2639 1045 3006 1117 Oudalricus,
3040 1047 3302 1117 ejusdem
3339 1047 3824 1118 congregationis

411 1136 616 1206 frater,
650 1136 706 1191 in
739 1137 992 1208 regimen
1025 1138 1332 1209 successit,
1367 1142 1425 1194 et
1451 1139 1617 1210 juxta
1649 1138 2016 1212 privilegium
2048 1137 2442 1210 proscriptum
2474 1137 2692 1208 regalia
2721 1137 2814 1196 vel
2845 1136 3064 1196 ﬁscalia
3094 1136 3283 1195 eidem
3305 1135 3400 1173 ³⁸⁷⁸
3417 1137 3665 1195 cenobio
3693 1150 3827 1208 per-

412 1223 657 1282 tinentia
691 1227 763 1283 ab
794 1225 1146 1298 imperatore
1175 1226 1454 1300 suscepit.
1485 1227 1570 1297 E.]

1806 1344 1870 1397 A.
1903 1341 1964 1395 D.
2000 1340 2091 1374 ²⁶⁷⁷
2119 1341 2402 1398 MCXXIII.

489 1467 811 1536 Imperator
840 1465 1140 1523 lleinricus
1173 1465 1422 1522 natalem
1456 1466 1677 1522 Domini
1709 1466 1952 1535 Trajecti
1988 1464 2328 1523 celebravit.
2361 1466 2563 1523 Oritur
2586 1467 2641 1523 in
2665 1467 2806 1539 ipsis
2833 1467 2998 1524 festis
3021 1467 3230 1524 diebus
3261 1467 3526 1538 quaedam
3559 1465 3826 1524 simulta-

417 1554 518 1626 tio,
556 1557 708 1611 inter
740 1555 964 1610 aulicos
994 1555 1216 1611 scilicet
1241 1559 1298 1611 ct
1323 1555 1580 1627 episcopi
1616 1553 2064 1618 ministerialcs;
2095 1570 2223 1626 qum
2250 1555 2423 1611 etiam
2447 1571 2514 1612 eo
2536 1557 2843 1627 processit,
2873 1561 2934 1612 ut
2958 1555 3050 1590 ²⁸⁷⁸
3073 1555 3343 1612 universa
3367 1555 3530 1612 curia
3556 1555 3733 1612 simul
3753 1570 3824 1612 ac

411 1644 651 1699 civitate
685 1651 969 1700 commota
1000 1644 1108 1706 "7°,
1143 1645 1451 1714 utriusque
1484 1644 1572 1676 ²⁶⁸⁰
1607 1645 1790 1715 partis
1821 1647 2058 1698 armatae
2091 1649 2512 1700 concurrerent
2543 1645 2839 1701 cohortes.
2874 1645 2959 1701 Fit
2993 1645 3213 1701 clamor
3249 1646 3554 1713 confusus,
3591 1645 3759 1715 quasi
3790 1660 3822 1700 a

407 1734 876 1804 Trajectcnsihus
900 1734 952 1788 in
977 1733 1065 1766 ²⁶⁸¹
1090 1734 1496 1805 imperatorem
1529 1733 1856 1802 conjuratio
1879 1734 1950 1788 sit
1981 1734 2164 1800 facta;
2197 1734 2401 1803 sicque
2433 1733 2549 1789 illis
2583 1734 2944 1790 irruentibus
2966 1737 3025 1789 et
3049 1735 3180 1790 istis
3200 1733 3637 1802 resistentibus,
3663 1734 3824 1789 acris

410 1823 802 1876 committitur
824 1838 1035 1895 pugna,
1059 1823 1202 1878 adco
1227 1828 1289 1878 ut
1313 1823 1476 1878 multi
1501 1824 1798 1886 caderent,
1822 1821 2024 1892 plures
2043 1823 2111 1876 de
2133 1822 2441 1893 Oppidanis
2461 1825 2832 1892 caperentur,
2855 1821 3064 1892 reliqui
3089 1821 3142 1876 in
3169 1822 3376 1878 turrim
3401 1820 3821 1888 firmissimam,

411 1925 538 1980 qum
573 1909 663 1942 ²⁶⁸²
696 1911 812 1966 illic
845 1918 989 1981 erat,
1031 1914 1432 1980 confugerent.
1470 1911 1735 1966 Pontifex
1768 1911 1941 1966 etiam
1978 1911 2122 1981 ipse,
2171 1911 2332 1980 quasi
2366 1910 2529 1981 pravi
2562 1909 2792 1966 consilii
2826 1911 3124 1982 particeps
3155 1915 3215 1966 et
3245 1911 3320 1965 ob
3349 1911 3458 1965 hoc
3491 1910 3826 1980 majestatis

410 2013 545 2055 reus
579 2000 830 2070 habitus,
865 2001 1150 2057 custodite
1184 2001 1458 2071 traditur,
1489 2015 1516 2055 a
1556 2015 1664 2071 qua
1706 2004 1903 2070 postea
1949 2014 2150 2068 magna
2195 1999 2450 2070 pecuniae
2489 2013 2707 2055 summa
2753 1998 3050 2068 multatus,
3095 1998 3296 2056 multis
3333 1997 3510 2055 etiam
3553 1998 3826 2070 primori-

411 2089 518 2145 bus
536 2088 628 2122 ’⁸⁸³
650 2089 877 2146 illarum
904 2091 1156 2162 partium
1177 2090 1720 2159 intervenientibus,
1743 2094 1803 2144 et
1824 2088 2069 2144 maxime
2095 2089 2392 2145 Friderico
2417 2087 2744 2145 Coloniensi
2771 2088 3218 2160 archiepiscopo
3237 2087 3348 2159 ³⁸⁸⁸,
3369 2087 3466 2144 vix
3485 2086 3819 2143 redimitur.

413 2177 602 2249 Coepit
631 2179 805 2234 etiam
841 2184 977 2235 tunc
1008 2180 1334 2248 germinare
1365 2178 1672 2235 discordiae
1698 2177 1856 2232 illius
1879 2177 2270 2248 seminarium,
2299 2192 2426 2248 quae
2451 2175 2715 2246 sequenti
2746 2179 2954 2233 aestate
2986 2175 3234 2232 maximo
3256 2175 3416 2232 illius
3439 2173 3532 2208 ²⁶⁸⁸
3557 2175 3824 2244 regionis

415 2265 541 2320 dam
553 2283 662 2337 pno
687 2283 814 2336 qua:
840 2266 1011 2337 vulgo
1034 2266 1374 2322 llollant’m
1395 2271 1660 2336 vocatur,
1691 2281 1920 2321 morose
1945 2280 2009 2321 ac
2032 2264 2121 2298 ³⁸⁸⁷
2143 2265 2456 2335 laboriose,
2491 2269 2550 2320 et
2579 2264 2674 2321 vix
2704 2263 2936 2320 tandem
2969 2264 3096 2336 ipso
3132 2263 3485 2335 imperatore
3512 2262 3824 2336 capiosum

412 2353 512 2408 illo
547 2355 870 2411 exercitum
903 2355 1174 2426 ducente,
1209 2353 1662 2419 terminabatur;
1697 2355 1794 2410 ubi
1826 2359 2084 2410 matrona
2120 2355 2364 2426 quedam
2389 2355 2558 2424 cujus
2581 2369 2785 2410 nomen
2808 2353 3023 2410 excidit
3058 2353 3406 2424 [exercitum
3427 2351 3685 2409 ducente
3708 2355 3830 2408 ter-

415 2442 765 2512 minabatur,
793 2444 890 2500 ubi
915 2448 1176 2500 matrona
1200 2445 1445 2516 quedam
1469 2443 1775 2500 Gertrudis
1799 2443 2026 2499 nomine
2050 2443 2206 2515 (E.)],
2241 2458 2408 2500 soror
2436 2442 2705 2500 nimirum
2730 2441 2987 2499 Lotharii
3019 2441 3206 2513 ducis,
3231 2440 3401 2512 cujus
3421 2438 3517 2474 ³⁸⁸³
3537 2445 3599 2498 et
3623 2445 3830 2513 patro-

413 2530 568 2586 cinio
599 2531 838 2601 conlisa,
874 2532 1212 2603 imperatori
1243 2531 1528 2588 rebellare
1567 2531 1958 2602 presumebat.

486 2619 566 2674 Eo
597 2619 794 2690 itaque
821 2625 1080 2692 tempore
1111 2621 1295 2692 primo
1323 2635 1428 2692 per
1459 2619 1782 2688 Saxoniam,
1813 2618 2021 2675 deinde
2054 2633 2157 2690 per
2187 2623 2367 2675 totam
2401 2633 2546 2691 pene
2576 2617 2668 2652 ³⁸⁸⁸
2699 2617 3061 2676 Germaniam
3088 2617 3349 2676 externis
3377 2617 3824 2690 quiescentibus

417 2707 611 2776 [bellis
633 2709 768 2781 ²⁶⁹⁰],
805 2709 1061 2766 civilium
1094 2711 1310 2781 ubique
1343 2710 1693 2766 seditionum
1728 2714 2046 2779 tempestas
2075 2709 2352 2776 increvit;
2386 2713 2440 2763 (ι
2469 2713 2529 2765 ut
2554 2708 2631 2763 ait
2656 2708 2942 2780 prOpheta
2970 2727 2982 2761 :
3006 2707 3382 2764 mendacium
3401 2708 3462 2764 et
3479 2708 3826 2778 perjurium

417 2800 879 2868 inundat-erunt,
915 2801 973 2856 et
1000 2799 1090 2832 ³⁸⁸³
1117 2803 1369 2870 sanguis
1397 2801 1751 2870 sanguinem
1783 2800 1984 2869 tetigit
2015 2799 2179 2863 (Osee
2209 2814 2283 2868 ιν,
2318 2801 2392 2869 2).
2430 2797 2722 2853 Predones
2755 2797 2992 2868 quippe,
3024 2797 3119 2867 qui
3153 2797 3262 2854 sub
3291 2795 3524 2852 nomine
3555 2797 3822 2868 equitum

417 2886 671 2958 undique
712 2889 1327 2958 superhabundabant,
1373 2887 1537 2942 villas
1575 2891 1632 2942 et
1675 2902 1846 2955 agros
1882 2887 2280 2942 aecclesiarum
2329 2887 2699 2955 invadebant,
2735 2886 2976 2943 colonos
3005 2886 3097 2918 ²⁶⁰²
3129 2885 3278 2942 (1οωί
3313 2884 3578 2956 forisque
3607 2884 3822 2957 spolia-

416 2977 574 3040 bant,
601 2981 658 3030 et
684 2977 754 3032 ah
778 2977 868 3009 ²⁶⁹³
891 2977 1084 3033 scelus
1110 2982 1121 3033 !
1149 2979 1220 3032 ab
1253 2977 1343 3032 his
1373 2976 1462 3009 ’⁸⁸⁸
1486 2976 1579 3046 qui
1616 2991 1758 3046 pauc
1791 2977 1916 3032 solo
1948 2982 2008 3031 et
2039 2991 2183 3046 aqua
2214 2975 2306 3008 ²⁶⁹³
2335 2975 2604 3030 victitare
2636 2975 2926 3045 solebant,
2957 2974 3202 3032 delicias
3232 2974 3470 3030 sibimet
3497 2973 3820 3032 ministrari

413 3065 726 3120 tormentis
765 3065 1076 3134 exigebant
1120 3064 1243 3131 "9°;
1287 3065 1488 3135 sicque
1534 3063 1728 3135 predis
1768 3069 1825 3119 et
1871 3064 2151 3120 incendiis
2194 3078 2539 3134 unoquoque
2580 3078 2718 3120 suas
2757 3063 3001 3132 injurias
3041 3063 3396 3132 vindicante,
3429 3062 3616 3134 coepit
3659 3063 3823 3118 undi-

413 3167 524 3222 que
557 3153 772 3208 caritas
807 3153 977 3208 immo
1006 3154 1221 3208 raritas
1247 3168 1488 3209 annona:
1518 3168 1912 3209 succrescere.
1939 3185 2005 3192 —
2031 3155 2090 3208 In
2116 3169 2261 3224 pago
2293 3153 2705 3210 Wormaciensi
2728 3152 2819 3186 ²⁶⁹⁷
2845 3152 3155 3209 videbatur
3178 3166 3282 3223 per
3302 3151 3528 3221 aliquot
3553 3151 3688 3207 dies
3712 3165 3822 3208 non

413 3240 633 3295 modica
667 3245 724 3296 et
759 3246 977 3297 armata
1014 3241 1326 3296 multitudo
1356 3241 1616 3311 equitum
1649 3243 1906 3297 euntium
1942 3247 2001 3298 et
2034 3242 2422 3312 redeuntium,
2456 3250 2515 3297 et
2555 3245 2722 3312 quasi
2752 3240 2822 3296 ad
2860 3239 3059 3311 placiti
3093 3237 3183 3272 ²⁶⁹⁸
3215 3238 3509 3309 colloquia
3543 3253 3701 3294 nunc
3732 3236 3825 3292 hic

414 3345 564 3384 nunc
597 3329 712 3384 illic
746 3333 971 3384 turmas
1001 3329 1092 3362 ²⁶⁰⁹
1123 3330 1329 3398 facere,
1365 3329 1520 3384 circa
1555 3342 1759 3385 nonam
1791 3345 1932 3385 vero
1965 3329 2162 3386 horam
2191 3329 2418 3386 cuidam
2453 3329 2652 3400 monti,
2677 3344 2706 3386 a
2732 3343 2846 3400 quo
2879 3333 2940 3384 ct
2969 3341 3166 3384 exisse
3197 3326 3573 3396 videbantur,
3599 3341 3665 3382 se
3698 3325 3828 3381 red-

413 3418 568 3472 dere.
615 3417 863 3472 Tandem
909 3417 1140 3489 quidam
1174 3418 1243 3471 dc
1277 3417 1482 3473 incolis
1521 3418 1776 3487 regionis
1820 3417 1978 3474 illius
2017 3433 2129 3474 non
2169 3419 2292 3474 sine
2330 3433 2534 3488 magno
2571 3418 2784 3474 timore
2825 3417 3154 3487 hujusmodi
3194 3419 3310 3471 tam
3344 3415 3709 3487 prodigiosa:
3735 3414 3828 3447 ’τοο

414 3506 702 3573 concioni,
736 3508 929 3562 crucis
961 3506 1262 3575 signaculo
1296 3505 1570 3575 munitus,
1604 3505 2168 3577 apprOpinquatm‘,
2195 3521 2325 3562 mox
2358 3507 2644 3577 quandam
2676 3521 2749 3563 ex
2779 3505 2896 3562 illis
2922 3509 3329 3561 occurrentem
3363 3503 3476 3559 sibi
3511 3517 3822 3574 personam

415 3609 515 3662 per
550 3608 755 3649 nomen
780 3593 868 3626 ²⁷⁰²
889 3595 1306 3665 omnipotentis
1338 3594 1557 3649 Domini
1591 3595 1776 3650 nostri
1811 3595 2182 3650 manifestare
2214 3610 2444 3652 causam
2483 3594 2678 3667 populi
2716 3595 2812 3665 qui
2845 3593 2937 3627 ²⁷⁰³
2969 3595 3054 3650 sic
3086 3596 3398 3664 appareret
3434 3591 3694 3662 adjurat.
3724 3591 3821 3646 Cui

415 3682 509 3736 ille
537 3683 686 3737 inter
710 3686 920 3739 caetera
949 3701 961 3738 :
989 3685 1121 3742 Non
1145 3697 1368 3751 sumus,
1403 3682 1610 3753 inquit,
1641 3683 1712 3739 ut
1726 3683 1968 3754 putatis
1979 3683 2389 3755 fantasmata,
2421 3697 2528 3741 nec
2553 3683 2817 3739 militum
2839 3682 2960 3739 uta
2979 3681 3144 3739 vobis
3171 3679 3473 3738 cernimur
3498 3678 3700 3748 turba,
3723 3678 3824 3736 sed

413 3773 629 3828 anima
656 3771 920 3828 militum
951 3785 1066 3828 non
1099 3773 1262 3842 longe
1289 3771 1543 3828 antehac
1571 3771 2034 3845 interfectorum.
2067 3773 2252 3828 Arma
2274 3787 2408 3829 vero
2431 3774 2487 3828 et
2507 3771 2597 3805 ²τ⁰⁶
2622 3771 2869 3828 habitus
2890 3771 3071 3842 atque
3100 3769 3240 3840 equi
3268 3769 3418 3840 quia
3447 3767 3625 3825 nobis
3648 3767 3820 3840 prius

398 3860 665 3930 fuerant
681 3859 774 3892 ²⁷⁰⁵
797 3859 1196 3918 instrumenta
1218 3859 1525 3931 peccandi,
1550 3874 1706 3916 nunc
1725 3858 1894 3917 nobis
1913 3860 2058 3917 sunt
2081 3861 2339 3918 materia
2371 3861 2664 3930 tormenti,
2701 3861 2760 3916 et
2784 3874 2918 3916 cere
2946 3860 3128 3916 totum
3157 3859 3420 3929 ignitum
3449 3857 3546 3914 est
3569 3856 3734 3927 quod
3759 3855 3818 3911 in

411 3948 581 4006 nobis
608 3949 875 4018 cernitis,
899 3951 1177 4020 quamvis
1199 3949 1264 4006 id
1281 3963 1381 4006 vos
1401 3947 1808 4020 corporalibus
1835 3949 2025 4004 oculis
2053 3948 2382 4005 discernere
2405 3963 2521 4006 non
2536 3948 2807 4020 possitis.
2845 3949 2904 4002 In
2930 3945 3262 4018 hujusmodi
3289 3945 3580 4002 comitatu
3603 3944 3817 4001 dicitur

412 4037 586 4092 etiam
628 4037 860 4093 Emicho
902 4052 1119 4107 comes,
1163 4041 1296 4092 ante
1334 4053 1552 4108 paucos
1591 4051 1772 4092 annos
1811 4036 2042 4092 occisus
2087 4039 2256 4107 (351),
2301 4037 2666 4108 apparuisse,
2701 4047 2761 4092 et
2791 4038 2863 4092 ab
2895 4037 3002 4093 hac
3035 4050 3204 4107 parua
3235 4033 3328 4066 ²⁷⁰⁸
3358 4033 3735 4090 orationibus
3762 4037 3815 4086 et

413 4125 753 4181 clemosiuis
775 4141 834 4182 se
861 4141 1030 4197 posse
1052 4126 1142 4158 ²⁷⁰⁷
1168 4125 1367 4182 redimi
1397 4126 1686 4182 docuisse.
1713 4157 1782 4165 —
1805 4127 2080 4181 Referunt
2118 4126 2370 4196 quidam,
2402 4125 2555 4196 quod
2587 4130 2758 4182 nocte
2791 4141 2918 4196 quae
2952 4124 3102 4180 diem
3134 4122 3439 4179 dominicze
3473 4136 3663 4178 coena:
3694 4135 3816 4192 pre-

415 4215 618 4284 cessit,
655 4215 788 4270 dum
814 4215 883 4270 ad
909 4215 1133 4284 vigilias
1159 4229 1312 4270 more
1333 4215 1748 4272 aecclesiastico
1780 4218 2184 4285 prepcrarent,
2216 4214 2426 4270 vidisse
2450 4229 2511 4271 se
2539 4214 2699 4285 quasi
2727 4213 2932 4270 stellas
2957 4213 3288 4269 innumeras
3311 4211 3384 4268 de
3406 4211 3557 4268 czelo
3585 4209 3812 4278 cadere,

417 4301 470 4356 in
509 4307 731 4358 tantum
767 4308 830 4359 ut
861 4304 1067 4374 pluviae
1099 4309 1299 4373 guttas
1329 4309 1386 4359 et
1419 4303 1792 4359 multitudine
1825 4308 1882 4358 et
1912 4303 2150 4358 casibus
2182 4303 2522 4360 viderentur
2547 4302 2782 4358 imitari.

489 4391 708 4448 (:laruit
749 4391 856 4448 hoc
900 4398 1160 4464 tempore
1201 4392 1524 4449 Dictericus
1554 4391 1648 4424 ²τ⁰⁸
1679 4393 1939 4448 Cicensis
1975 4393 2313 4463 cpiscopus,
2348 4392 2565 4448 litteris
2595 4391 2856 4462 adprime
2873 4389 3178 4460 ~eruditus,
3211 4403 3441 4460 semper
3473 4396 3684 4447 contra
3713 4391 3791 4446 sci

419 4485 624 4550 smata,
667 4495 794 4550 qum
835 4480 958 4538 suis
1002 4481 1360 4553 temporibus
1401 4495 1806 4550 nonnunquam
1849 4480 2213 4552 pululabant,
2247 4487 2648 4552 propugnator
2677 4477 3020 4548 catholicus,
3055 4484 3112 4532 et
3146 4478 3201 4533 in
3229 4479 3386 4533 omni
3416 4479 3705 4549 pastorali
3729 4477 3814 4512 ²τ⁰⁹

419 4567 816 4626 sollicitudine
844 4571 1168 4627 commissae
1197 4569 1431 4625 sibimet
1461 4566 1743 4624 recelcsiae
1761 4567 2056 4624 desudans
2085 4568 2461 4625 utilitatibus.
2495 4569 2594 4624 llic
2618 4568 2817 4638 itaque
2839 4581 2950 4622 non
2975 4566 3144 4636 longe
3165 4581 3194 4621 a
3221 4566 3567 4622 suburbano
3592 4567 3684 4624 vel
3709 4572 3814 4623 ter-

422 4656 628 4713 ritorio
659 4673 779 4714 sum
799 4657 893 4690 ²⁷¹⁰
914 4658 1174 4714 civitatis
1207 4656 1621 4714 monasterium
1644 4656 1765 4713 sive
1797 4655 2088 4712 abbatiam
2123 4671 2346 4713 summo
2376 4661 2588 4716 conatu
2621 4669 2944 4725 magnoque
2971 4657 3306 4725 sumptuum
3339 4667 3405 4710 ac
3436 4654 3810 4712 aedificiorum

1781 4795 2016 4853 νΑιιιιΕ
2051 4797 2451 4873 LECTIQNES.

482 4923 576 4957 “7‘
614 4923 942 4980 babenbcrc
964 4927 1023 4979 6.
1053 4926 1111 4977 7.
1141 4925 1224 4979 9°.
1257 4926 1348 4978 10.
1382 4926 1473 4978 11.
1552 4918 1644 4953 ’⁸⁷⁸
1675 4925 1840 4977 utros
1862 4925 1920 4977 6.
2001 4920 2045 4953 ²⁶

2237 4919 2379 4976 idem
2407 4921 2508 4974 Et.
2579 4918 2671 4952 ²⁶⁷⁷
2703 4917 2990 4974 dominice
3023 4913 3448 4973 incarnationis
3471 4921 3558 4990 9°.
3593 4922 3686 4973 10.
3719 4923 3801 4974 11.

416 4991 508 5065 ’Ψ
539 4995 696 5052 deest
724 4998 781 5048 7.
823 5000 903 5049 9°.
945 5007 1239 5065 superscr.
1279 4995 1382 5065 El.
1464 4991 1715 5065 {mpost
1740 4992 1907 5065 add._
1930 4996 1992 5047 ut
2014 4997 2078 5065 Δ7.
2107 4991 2241 5065 ῌ²⁶⁸⁰
2272 4991 2482 5065 utrius
2507 4993 2610 5065 Di.
2671 4993 2728 5044 5.
2792 4994 2876 5065 li).
2938 4989 3148 5065 utrius
3173 4989 3800 5065 CQTT:__}ltrittsq1l_e_6.

415 5063 505 5136 ἷθεέξ
539 5067 689 5120 coni.
721 5066 774 5121 in
801 5065 934 5136 imp.
964 5057 1029 5120 7:
1107 5064 1198 5096 ²⁶⁸²
1229 5079 1284 5135 q.
1311 5064 1420 5136 ire.
1448 5057 1658 5136 desunt
1681 5065 1736 5118 4.
1786 5063 1971 5136 Αξίξδῖρ

2235 5065 2345 5136 λι.-
2397 5063 2486 5136 mf
2513 5062 2788 5136 episcopo
2811 5062 2862 5136 4.
2939 5058 3104 5136 εθθδ-ιζ.
3137 5059 3170 5112 i.
3196 5057 3410 5136 ’ζεῃξθδσ
3440 5057 3799 5136 liolliandllt.

415 5130 506 5166 ’"87
541 5142 598 5191 et
626 5143 684 5192 7.
769 5135 860 5168 ’³³⁸
885 5128 1114 5192 ’ᾱὶιιιίιιε
1153 5128 1262 5190 9⁶.’
1320 5135 1413 5167 ²⁶⁸⁹
1444 5135 1606 5191 deest
1641 5136 1699 5188 4.
1782 5133 1874 5166 ¹⁶⁹⁰
1903 5128 1979 5190 ita

2233 5131 2276 5165 ’1
2307 5133 2467 5189 deest
2498 5128 2562 5186 6.‘
2631 5128 2728 5164 ’5”
2750 5129 2986 5186 colones
3025 5131 3128 5185 ΕΩ.
3209 5129 3302 5162 ²⁶⁹³
3331 5128 3404 5184 ha
3435 5134 3496 5184 6.
3536 5135 3597 5186 7.
3639 5129 3694 5184 hi
3723 5134 3796 5184 9°.

416 5203 503 5275 ἴθι
539 5207 610 5275 ab
643 5208 732 5262 his
766 5207 805 5262 d
837 5207 1055 5262 sunt6.
1085 5212 1145 5262 7.
1177 5208 1263 5261 9°.
1345 5203 1438 5238 ²⁶⁹⁸
1465 5210 1522 5260 et
1547 5218 1697 5275 aqua
1718 5204 2022 5275 desunt4.
2097 5203 2188 5236 ³⁸⁸⁸
2213 5204 2486 5275 exiebant
2508 5209 2566 5258 6.
2596 5215 2754 5275 corr.
2785 5201 3093 5275 exigebant
3122 5205 3230 5275 11).
3286 5199 3804 5275 *°"_\_varmacie_nsi

419 5273 473 5327 4.
561 5273 650 5350 ff”
680 5277 959 5350 placitum
985 5282 1075 5332 10.
1115 5276 1374 5350 11.-νέω
1407 5268 1726 5350 ιρι-βδέω.
1763 5281 1853 5332 “-
1935 5274 1981 5350 ’Τ

2238 5273 2396 5350 gioue
2420 5275 2523 5328 E2.
2608 5268 3238 5350 27finapprepinqualiat
3261 5275 3320 5326 7.
3394 5269 3491 5350 "f"
3513 5286 3576 5326 ιι.
3607 5268 3802 5350 christi

423 5289 473 5327 4.
564 5289 650 5308 ινδ
680 5289 959 5348 placitum
985 5289 1075 5332 10.
1115 5289 1200 5332 ιι.
1282 5289 1374 5310 ὀν’
1407 5289 1612 5352 turbas
1636 5289 1726 5331 w.
1763 5289 1853 5332 ιι.

423 5344 750 5420 litauit:.__4._
784 5346 898 5420 f7?“
931 5361 1040 5414 que
1069 5355 1140 5420 7L
1206 5347 1299 5420 mf
1329 5351 1509 5420 atque
1529 5346 1843 5420 habituset
1867 5361 1927 5420 e._
1959 5348 1987 5400 4

2231 5289 2396 5344 gioue
2423 5289 2523 5328 [εκ.
2610 5289 2698 5305 ι’νι
2731 5289 2802 5342 ap
2821 5289 2913 5326 )ro
2937 5289 3238 5340 nnquanat
3261 5289 3320 5326 ν.
3395 5289 3490 5302 ουν·
3513 5289 3576 5326 ιι.
3607 5289 3795 5326 ειη-ιδιι

2231 5348 2456 5420 luerunt
2489 5350 2575 5420 9°.
2656 5341 2748 5420 ’7_°_°
2777 5289 2936 5398 deest
2961 5347 3055 5420 7:”
3090 5339 3181 5420 "1°"
3214 5355 3279 5420 se
3307 5357 3369 5412 p.
3410 5341 3630 5400 desunt
3651 5345 3708 5396 6.
3743 5345 3795 5395 7.

421 5420 504 5466 9°.
588 5413 681 5451 ’τοι
711 5411 1074 5474 tliiedericus
1104 5418 1206 5474 ΕΞ.
1245 5411 1624 5474 theodericus
1655 5423 1714 5474 7.
1754 5417 1985 5474 dietrim

1762 5417 2040 5474 dietricus
2075 5418 2132 5472 4.
2168 5421 2252 5472 9°.
2335 5414 2428 5448 "0’
2455 5411 2770 5486 pastoralis
2801 5420 2884 5468 9°.
2965 5411 3056 5445 ²⁷ί⁰
3086 5411 3208 5466 sive
3239 5411 3326 5467 9°.

1993 5537 2195 5594 ΝΟΤίΕ
2209 5578 2222 5592 .

481 5624 626 5698 (351)
655 5631 724 5688 v.
764 5647 832 5688 a.
879 5634 1038 5688 1m.
