3962 6308
178 285 334 351 1061

1031 285 1470 350 (ἶΙ-ΙΗΟΝΙΟΑ.
1503 323 1579 334 --
1611 287 2086 349 CHRONICON
2135 285 2662 348 UNIVERSALE

3425 287 3580 352 1062

169 431 290 480 tum
349 423 419 479 ad
479 421 720 479 eandem
750 422 1278 494 peregrinationem
1352 421 1688 492 animatum,
1739 421 1820 476 uti
1859 428 1910 484 A
1946 421 2151 476 mortis
2182 419 2446 475 redeunt.
2476 421 2586 474 Nec
2619 417 2953 490 desuntjam
2979 420 3221 478 eandem
3255 429 3470 480 terram
3491 439 3579 480 re-

168 511 391 569 nullam
414 512 661 584 spiritus
693 511 820 580 ejus
876 511 1132 580 requiem
1174 509 1438 578 haberet,
1497 509 1681 564 donec
1722 521 1829 580 per

168 599 388 657 multas
417 599 838 656 tribulationes
867 597 1158 669 corporali
1188 596 1485 667 presentia
1530 597 1624 652 ubi
1653 602 1834 652 stcte-

166 694 308 744 runt
346 687 526 760 pedes
559 686 780 743 Domini
806 687 1146 758 pertingens
1199 685 1490 741 adoraret.
1539 686 1654 739 Nec
1733 684 1834 739 mi-

165 777 419 832 randum
454 777 552 832 sed
587 773 1001 830 venerandum.
1041 777 1169 844 post
1197 773 1386 829 ablata
1406 774 1565 829 saxis
1592 772 1830 828 duriora

163 864 441 921 cordium
475 863 842 919 ethnicorum
861 861 1234 931 scandala,de
1263 861 1353 917 via
1401 862 1833 917 Dominicatho-

167 952 349 1008 licam
385 951 736 1007 unanimiter
763 948 1086 1004 aecclesiam
1121 951 1190 1004 ad
1219 950 1432 1003 fontem
1467 949 1556 1005 sui
1590 956 1832 1004 exortus

164 1046 230 1096 et
265 1039 341 1095 ad
364 1037 654 1095 cunabula
689 1037 1000 1109 primitivae
1029 1051 1146 1092 sua)
1172 1036 1564 1092 institutionis
1604 1051 1670 1091 ac
1703 1050 1830 1106 spe-

163 1127 383 1185 cialem
415 1127 538 1183 veri
573 1126 742 1198 panis
776 1126 1006 1181 domum
1021 1140 1166 1180 nova
1183 1125 1540 1195 poenitentia)
1591 1125 1680 1179 via
1696 1139 1831 1180 con-

165 1217 469 1282 tendere;
503 1229 672 1284 quam
696 1217 925 1270 constat
957 1213 1092 1268 olim
1143 1213 1402 1283 preciosa
1432 1227 1677 1284 quisque
1724 1227 1828 1269 sua

165 1304 435 1359 membra
470 1315 574 1374 per
601 1300 842 1357 eandem
875 1300 1022 1354 viam
1070 1315 1181 1354 non
1242 1300 1366 1355 neci
1429 1304 1674 1370 tantum,
1726 1300 1828 1356 sed

163 1392 354 1447 etiam
391 1390 712 1460 omnigenis
744 1400 1098 1460 paganorUm
1131 1388 1401 1444 ludibriis
1431 1393 1490 1444 ut
1521 1404 1661 1444 oves
1679 1405 1830 1446 OCCI-

164 1478 362 1535 sio'nis
393 1478 761 1550 exposuisse.
788 1477 1100 1532 Exeisdem
1133 1475 1343 1531 Christi
1393 1477 1828 1533 confessoribus

167 1568 349 1640 pauci
380 1567 477 1637 qui
510 1569 825 1637 supersunt
857 1565 1067 1621 testari
1100 1564 1312 1634 solent,
1339 1564 1492 1636 quod
1527 1565 1826 1622 recordari

166 1655 514 1712 miserabile
537 1660 644 1724 est,
673 1669 778 1710 nec
801 1668 1034 1725 passum
1067 1669 1129 1709 se
1153 1652 1318 1724 pedis
1351 1654 1503 1709 inter
1546 1653 1828 1710 idolatras

162 1743 364 1814 gratis
394 1747 764 1812 consecutos,
796 1747 1012 1811 quanto
1033 1741 1220 1797 minus
1266 1741 1522 1798 victuum
1572 1741 1664 1798 vel
1733 1741 1828 1798 ho-

168 1832 497 1904 spieiorum
529 1831 833 1887 solamina.
858 1831 936 1886 De
956 1830 1264 1886 tormentis
1283 1830 1560 1886 inauditis
1581 1836 1639 1885 et
1666 1830 1822 1886 innu-

171 1935 377 1990 meris,
414 1935 541 1990 qua:
573 1935 679 1990 pro
711 1918 835 1976 auri
893 1919 1198 1975 exactione
1254 1919 1406 1990 passi
1480 1924 1635 1988 sunt,
1699 1919 1827 1989 quis

169 1998 325 2064 satis
357 2009 620 2064 scribere
645 2011 844 2078 queat;
868 2007 1080 2077 quibus
1133 2021 1288 2063 mors
1341 2007 1540 2076 utique
1589 2007 1826 2063 amaris-

169 2097 320 2152 sima
351 2111 457 2167 pro
481 2096 666 2166 lucro,
703 2095 819 2150 vita
853 2111 958 2166 pro
985 2110 1162 2151 cruce
1187 2097 1352 2150 erat?
1382 2095 1490 2150 Sed
1527 2100 1585 2150 ut
1631 2095 1700 2150 ad
1727 2109 1826 2150 no-

169 2190 298 2240 stra
333 2185 640 2240 redeamus
671 2187 938 2254 tempora
966 2215 1035 2223 —
1055 2185 1206 2254 quod
1229 2185 1378 2240 enim
1401 2183 1618 2240 scimus
1641 2183 1826 2254 loqui-

171 2289 322 2343 mur,
355 2275 411 2328 et
437 2272 588 2342 quod
611 2272 862 2329 vidimus
903 2276 1279 2328 testamur—
1317 2272 1571 2328 nondum
1614 2271 1824 2328 desunt

171 2362 356 2417 illoin
374 2360 590 2431 stadio,
624 2361 887 2432 quamvis
919 2360 1088 2431 plana
1137 2361 1254 2430 jam
1296 2361 1407 2431 via,
1449 2361 1826 2416 currentibus

167 2449 228 2504 in
266 2447 1012 2518 absolutionemculparum
1041 2447 1300 2518 martyrii
1337 2447 1824 2519 bravia,pericula

167 2537 400 2594 scilicet
435 2537 747 2605 latronum,
780 2535 1038 2607 pericula
1066 2537 1379 2604 ﬂuminum,
1417 2535 1677 2607 pericula
1712 2549 1827 2591 ma-

168 2627 276 2689 ris.
309 2624 663 2691 solitudinis,
691 2623 933 2679 famiset
963 2623 1290 2692 sitis,estus
1337 2632 1395 2678 et
1454 2623 1821 2693 egritudinis,

165 2713 407 2783 aliaque
426 2711 580 2768 mille
594 2712 1086 2782 peregrinationis
1101 2711 1485 2780 incommoda,
1503 2711 1826 2782 inexpertis

165 2802 266 2859 vix
301 2801 634 2857 credibilia.
675 2801 824 2856 Dant
876 2799 1046 2855 fidem
1092 2799 1269 2856 dictis
1319 2800 1537 2854 nostris
1581 2804 1668 2854 tot
1725 2815 1827 2870 per

163 2888 416 2944 eandem
454 2894 698 2944 stratam
747 2893 932 2944 strata
967 2887 1186 2943 Christi
1229 2887 1649 2943 cruciferorum
1673 2889 1827 2962 capi-

165 2977 339 3033 tibus
373 2975 588 3031 ablatis
617 2977 923 3046 cadavera,
955 2976 1052 3046 qui
1075 2975 1568 3032 latrocinantibus
1611 2976 1824 3033 ibidem

164 3066 362 3122 invasi
397 3065 655 3136 paganis,
692 3065 746 3119 in
795 3065 1025 3120 modum
1064 3065 1259 3120 crucis
1299 3069 1508 3120 contra
1540 3064 1823 3122 orientem

1944 508 2351 579 promissionis
2373 507 3068 563 incolentibuscotidiana
3092 512 3580 580 martyria,ultro-

1944 611 2112 652 neum
2148 595 2973 664 videlicetexilium,absentia
3000 600 3577 670 parentum,penuria

1945 699 2158 753 rerum,
2194 685 2576 753 incursiones,
2606 683 2930 753 latrocinia,
2966 685 3140 740 timor
3169 688 3577 756 continuus,et

1944 773 2168 828 insidiae
2201 773 2602 841 barbarorum,
2639 772 2920 827 inﬂuitiva
2985 773 3134 830 bella
3187 788 3314 829 cum
3385 776 3581 843 regnis

1945 862 2248 917 Persarum
2271 861 2365 916 vel
2398 860 2864 930 Babyloniorum.
2899 862 3144 918 Econtra
3176 862 3232 918 in
3257 861 3382 918 dies
3409 876 3583 920 excu-

1944 947 2096 1002 tiens
2127 962 2190 1003 se
2219 947 2290 1002 de
2322 946 2560 1018 pulvere
2621 946 2735 1002 (ilia
2770 947 2936 1017 Syon,
2979 948 3484 1005 llierosolimitana
3501 950 3584 1005 ni-

1943 1035 2148 1091 mirum
2171 1036 2456 1105 :ecclesia,
2488 1036 2780 1091 canticum
2808 1051 3018 1092 novum
3045 1036 3262 1094 dilecto
3309 1053 3432 1108 suo,
3482 1039 3580 1108 qui

1941 1138 2138 1179 secum
2155 1124 2440 1179 mirabilia
2467 1123 2800 1192 fecit,canta
2810 1138 2869 1179 re
2884 1138 2992 1179 non
3009 1131 3206 1180 cessat
3223 1126 3583 1184 :Secundum

1937 1212 2406 1282 multitudinem,
2447 1212 2732 1282 inquiens,
2763 1211 3030 1269 dolorum
3067 1227 3328 1270 meorum
3364 1216 3431 1271 in
3461 1229 3584 1272 cor-

1941 1301 2012 1357 de
2053 1315 2175 1356 meo
2219 1301 2648 1356 consolationes
2679 1301 2793 1356 tute
2822 1301 3283 1374 ἰιειέκῖεαυθναητ
3315 1305 3582 1360 animum

1940 1403 2131 1445 meam
2155 1389 2347 1454 (Psal.
2374 1391 2661 1459 xcm,19).
2688 1391 2825 1444 Nam
2849 1390 3002 1446 inter
3035 1391 3157 1446 haec
3187 1391 3468 1447 exercitia
3495 1406 3584 1447 sa-

1943 1492 2038 1532 cra
2072 1477 2199 1532 loco
2227 1477 2298 1531 ab
2329 1477 2672 1532 inveteratis
2709 1493 3062 1548 paganorum
3097 1479 3400 1549 spurcitiis
3430 1495 3584 1537 mun-

1942 1565 2174 1634 dantur,
2193 1563 2472 1620 aicclesize
2499 1565 2815 1620 destructas
2842 1570 3268 1633 restaurantur,
3285 1567 3578 1639 episcopia

1941 1653 2031 1708 vel
2066 1653 2305 1708 cenobia
2337 1667 2442 1723 per
2498 1653 2761 1722 regiones
2813 1654 3078 1724 pristinis
3121 1655 3177 1710 in
3221 1654 3366 1711 locis
3417 1656 3582 1712 insti-

1942 1741 2498 1810 tuuntur,civitates
2520 1745 2576 1795 et
2603 1741 2844 1796 castella
2879 1743 3238 1812 muniuntur,
3274 1749 3484 1814 portus
3521 1751 3580 1800 et

1940 1833 2237 1885 mercatus
2269 1829 2404 1884 olim
2439 1828 2692 1884 desolati
2736 1830 3036 1900 populosis
3076 1832 3464 1888 conventibus
3496 1833 3582 1901 jo-

1939 1917 2469 1986 cundantur,etiam
2487 1921 2544 1970 et
2564 1917 2858 1986 agricolis,
2894 1918 3246 1974 vinitoribus
3261 1925 3320 1974 et
3336 1921 3580 1991 pastori-

1939 2006 2048 2062 bus
2063 2005 2246 2061 oflicia
2267 2021 2368 2060 sua
2386 2006 2876 2074 conceduntur-,et
2890 2005 3042 2076 quod
3061 2007 3328 2063 omnibus
3341 2008 3580 2063 excellit

1940 2093 2702 2165 beneﬁciistemporalibus,
2742 2094 2995 2150 czelestis
3016 2095 3164 2164 ignis
3207 2096 3262 2150 in
3321 2110 3580 2153 resurre-

1937 2183 2130 2238 ctione
2164 2182 2376 2238 Christi
2402 2196 2654 2238 annuum
2696 2183 2946 2240 karisma
2981 2184 3348 2241 ministratur
3372 2186 3578 2242 usibus

1936 2271 2222 2328 humanis.
2248 2271 2414 2326 Venit
2450 2273 2624 2326 etiam
2657 2270 2710 2326 in
2744 2286 2945 2328 manus
2968 2277 3220 2342 nostras,
3281 2274 3434 2344 quod
3462 2275 3579 2345 jam

1908 2372 2040 2429 'per
2063 2364 2247 2416 totum
2279 2359 2478 2415 orbem
2535 2358 2977 2416 disseminatum
3034 2362 3350 2432 credimus,
3392 2377 3584 2418 exem-

1936 2447 2066 2518 plar
2093 2448 2397 2518 cujusdam
2421 2447 2710 2518 epistolae,
2760 2463 2928 2519 quam
2981 2449 3307 2506 Gabrielem
3344 2451 3582 2507 archan-

1937 2534 2127 2603 gelum
2153 2549 2222 2589 ex
2246 2551 2487 2605 persona
2515 2536 3032 2592 Salvatorisnostri
3067 2537 3176 2608 ipsi
3227 2537 3582 2596 aecelesiaaet

1937 2637 2041 2693 per
2072 2623 2226 2678 illam
2253 2623 2520 2679 omnibus
2544 2625 2830 2680 zccclcsiis
2863 2625 3092 2680 missam
3155 2628 3584 2685 referuntattu-

1939 2711 2238 2780 lisse,quze
2272 2711 2421 2767 sicut
2457 2712 2673 2767 multos
2729 2713 3268 2782 prevaricatoribus
3325 2715 3575 2772 intentat

1940 2799 2220 2854 minarum
2289 2804 2571 2868 terrores,
2635 2801 2713 2854 ita
2765 2800 3067 2856 conversis
3116 2800 3326 2856 solitas
3375 2801 3582 2860 divinae

1938 2887 2264 2944 clementiae
2300 2903 2408 2943 non
2453 2889 2698 2956 denegat
2736 2887 3189 2944 consolationes.
3222 2891 3372 2960 Ergo
3419 2896 3579 2948 tanta

1936 2991 2042 3047 per
2067 2974 2472 3031 multitudines
2497 2975 2932 3032 uiiserationum
2945 2976 3356 3047 Dominisuper
3379 2977 3582 3036 Hieru-

1939 3065 2118 3121 salem
2135 3069 2260 3120 orta
2275 3065 2458 3133 gloria
2475 3066 2602 3134 ejus
2615 3069 2942 3136 oportet,ut
2962 3065 3582 3124 universmtribuster-

161 3162 354 3210 terrae
389 3154 668 3226 protensi,
703 3154 943 3210 calicem
967 3153 1180 3210 Christi
1207 3154 1280 3208 bi'
1312 3154 1424 3210 isse
1477 3159 1823 3226 cernuntur,
1857 3129 1906 3190 (ἶ
1939 3153 2503 3223 ra3,memoresquod
2523 3153 2658 3208 olim
2679 3153 2927 3210 salvatio
2943 3154 3012 3209 de
3033 3158 3224 3210 monte
3243 3155 3582 3227 Syonvene-

163 3244 336 3298 inter
357 3243 686 3298 orationum
720 3257 826 3312 pro
857 3241 1070 3312 quibus
1097 3242 1624 3313 peregrinabantur
1666 3247 1821 3298 vota.

165 3331 553 3401 Quapropter
584 3335 812 3386 cessent
829 3344 1070 3386 necesse
1103 3335 1192 3385 est
1225 3329 1458 3399 quidam
1483 3330 1827 3388 deliciarum

167 3419 435 3474 vinculis
467 3417 704 3482 irretiti,
729 3433 961 3474 crucem
993 3423 1125 3490 post
1153 3418 1462 3488 Christum,
1483 3419 1748 3488 quamvis
1771 3419 1824 3474 in

167 3507 418 3578 angaria
444 3523 572 3563 cum
599 3509 865 3579 Symonc,
899 3507 1269 3578 portantibus
1302 3507 1702 3578 inproperare,
1723 3521 1829 3565 cur

168 3599 371 3668 ipsum
407 3597 540 3664 iter,
579 3602 782 3668 utpote
826 3611 1106 3666 nusquam
1166 3595 1376 3651 divinis
1414 3593 1642 3666 legibus
1683 3595 1831 3651 indi-

163 3691 356 3754 ctum,
392 3684 543 3739 vicio
569 3685 872 3740 dumtaxat
907 3685 1674 3755 mobilitatisas<equantur;
1696 3699 1826 3742 cum

168 3774 596 3845 ipsesepotius
621 3773 1074 3843 incorrigibiles,
1103 3774 1374 3830 dumvias
1401 3773 1621 3829 Domini
1653 3774 1828 3830 duras

169 3877 293 3918 non
328 3867 638 3933 appetunt,
673 3863 1142 3919 detractionibus
1200 3869 1479 3918 venenata
1515 3864 1706 3932 lingua
1751 3869 1830 3918 te-

171 3955 434 4007 stentur.
472 3952 588 4006 Nos
619 3957 814 4007 autem
836 3951 974 4022 quid
1005 3952 1387 4008 hosnisivere
1410 3958 1831 4023 martyrescre-

172 4039 408 4107 damus,
443 4037 658 4108 quibus
681 4039 929 4094 mundus
952 4039 1288 4109 crucifixus,
1313 4043 1368 4093 et
1421 4038 1527 4109 ipsi
1592 4038 1824 4094 mundo.

173 4126 386 4182 Crucis
417 4140 482 4181 se
515 4126 680 4196 signo
715 4126 786 4182 ad
812 4131 898 4181 tot
923 4127 1221 4184 cruciatus
1281 4126 1620 4196 insigniunt,
1655 4131 1712 4182 et
1758 4126 1828 4182 de

174 4214 384 4271 multis
413 4214 747 4287 paucissimi
786 4215 1052 4286 idemque
1085 4214 1321 4288 palmati
1356 4216 1520 4287 quasi
1575 4213 1830 4273 victores

1938 3241 2012 3296 rit
2041 3241 2276 3310 mundo,
2313 3240 2722 3298 sicutidudum
2767 3241 3046 3312 lugebant
3092 3241 3390 3298 ﬁliationis
3446 3243 3580 3300 affe-

1936 3335 2034 3384 ctu
2054 3330 2479 3399 supcrram,ita
2504 3344 2654 3386 nunc
2693 3329 2876 3385 eidem
2903 3331 3214 3401 primitivae
3235 3332 3406 3388 matri
3447 3347 3582 3389 con-

1935 3419 2228 3487 gaudeant
2271 3422 2328 3473 et
2362 3419 2665 3474 saeientur
2711 3419 2784 3474 ab
2814 3419 3096 3476 uberibus
3159 3419 3581 3476 consolationis

1937 3506 2084 3575 ejus,
2114 3505 2252 3562 illuc
2285 3509 2670 3563 ascendentes
2721 3507 2910 3563 asolis
2940 3514 3074 3564 ortu
3126 3513 3184 3564 et
3231 3523 3466 3580 occasu,
3508 3510 3582 3565 ab

1948 3595 2220 3664 aquilone
2241 3603 2301 3648 et
2319 3596 2456 3650 mari
2474 3597 2544 3651 ad
2565 3595 2959 3652 confitendum
2986 3597 3192 3667 procul
3207 3597 3383 3656 dubio
3397 3599 3584 3655 modis

1937 3684 2206 3740 omnibus
2229 3684 2438 3738 nomini
2467 3684 2684 3739 Domini
2719 3685 2904 3740 nostri
2944 3685 3071 3740 Iesu
3105 3686 3340 3755 Christi,
3373 3687 3468 3758 qui
3507 3686 3587 3744 lo-

1937 3773 2350 3841 cumeundem,
2387 3772 2539 3842 quod
2565 3773 2719 3828 salva
2741 3777 2934 3828 tamen
2950 3773 3062 3828 [ide
3084 3773 3198 3830 dici
3223 3773 3418 3845 liceat,
3451 3775 3584 3845 plus

1941 3861 2315 3931 quamipsum
2353 3861 3068 3931 paradysumterrestrem
3100 3861 3469 3918 consecravit
3502 3863 3585 3919 in-

1939 3951 2294 4016 carnatione,
2326 3948 2639 4018 miraculis,
2701 3948 2988 4020 passione,
3041 3949 3474 4006 resurrectione
3522 3957 3582 4010 et

1940 4037 2277 4093 ascensione
2329 4053 2462 4103 sua;
2514 4037 2683 4107 cujus
2727 4050 2936 4092 nomen
2980 4042 3042 4092 et
3123 4037 3582 4096 misericordiam

1941 4131 2153 4182 cuncta
2189 4123 2489 4196 predicent
2527 4130 2585 4181 et
2632 4125 2964 4196 gloriﬁcent
2997 4126 3324 4184 seculorum
3358 4126 3578 4186 secula.

1944 4216 2142 4270 Amen.

1669 4411 1985 4470 EXPLICIT
2011 4408 2105 4446 ³⁸³⁵

241 4508 338 4543 ²⁸⁸⁶
367 4509 554 4567 deest.
587 4507 684 4566 Et.
727 4508 770 4564 ³.

1303 4870 2486 4986 EKKEHABDI

883 5137 1458 5236 EPISTOLA
1644 5140 1807 5234 AD

1994 5131 2880 5232 EBKEMBERTUM

1536 5356 1708 5432 (Vide
1733 5369 1920 5431 supra
1947 5355 2055 5416 col.
2093 5355 2245 5430 449.)
