3962 6308
142 307 312 377 ΗΠἾ

1548 299 2176 372 PROLEGOMENA

3415 293 3576 362 1078

137 461 414 524 eioribus
455 458 654 522 verbis
697 473 882 536 quam
927 459 1206 537 fabulosi
1216 459 1318 520 illi
1367 457 1697 520 Catholdus
1748 459 1810 518 et
1831 442 1886 504 Α
1913 453 2068 514 mini
2087 453 2402 527 sepultura
2416 451 2790 521 referuntur,
2812 449 2882 509 in
2910 413 3256 524 antiquiore
3274 449 3386 510 illo
3415 449 3568 512 libro

133 554 492 627 Arimaspes
527 551 874 611 laudantur.
917 553 1002 609 De
1035 552 1288 624 Egberto
1319 551 1561 624 quidem
1591 553 1650 608 et
1663 563 1802 622 pro-

133 643 332 701 ximis
345 645 478 716 ejus
510 641 946 700 successoribus
967 643 1174 698 auctor
1187 641 1388 700 minus
1415 655 1595 712 parco
1606 641 1800 697 utitur

131 743 450 800 sermone;
473 731 579 788 sed
590 743 727 786 mox
765 731 1034 787 consueto
1070 743 1230 786 more
1264 729 1478 800 pergit.
1517 729 1800 800 Nequeex

132 820 404 882 fontium
432 817 700 890 penuria
737 817 861 874 haec
870 819 1006 888 jam
1035 817 1333 888 explicari
1350 819 1612 888 possunt.
1641 818 1798 874 Nam

131 923 254 980 quo
267 907 620 980 propiusazl
639 920 751 962 sua
765 907 1025 976 tempora
1042 905 1301 976 scriptor
1323 906 1576 970 devenit,
1598 919 1660 961 eo
1674 905 1796 962 bre-

128 997 272 1054 vius
301 1009 403 1054 res
449 997 826 1052 Treverenses
855 995 1152 1063 narravit,
1189 996 1298 1051 aut
1325 1009 1424 1051 eas
1449 994 1602 1052 satis
1627 996 1796 1052 notas

126 1099 254 1143 esse
270 1085 472 1150 ratus,
499 1086 610 1141 aut
627 1097 687 1139 eo
707 1083 866 1140 consi
878 1082 958 1137 lio
982 1083 1194 1140 ductus
1231 1085 1299 1139 ut
1314 1085 1562 1139 veterem
1585 1082 1794 1140 civita-

126 1173 212 1232 tis
221 1172 497 1245 gloriam
516 1187 699 1244 quam
719 1172 1112 1242 amplissimis
1138 1171 1420 1230 laudibus
1437 1171 1689 1245 eferret,
1703 1185 1793 1228 re-

125 1262 403 1320 centiora
421 1274 558 1320 vero
578 1261 841 1332 tempora
857 1275 1006 1331 sape
1021 1261 1219 1317 minus
1223 1261 1449 1332 felicia
1465 1276 1574 1330 neg
1584 1261 1798 1334 ligeret

125 1351 229 1407 vel
259 1349 413 1408 aliis
439 1348 685 1407 uberius
715 1349 1103 1408 describenda
1134 1349 1522 1420 relinqueret.

199 1438 332 1496 Sed
357 1438 827 1510 aliam/ortasse
847 1437 1030 1510 hujus
1061 1437 1435 1496 diversitatis
1456 1452 1702 1495 causam
1719 1437 1791 1494 li-

135 1529 228 1584 cet
253 1526 550 1584 indicare.
581 1526 741 1593 Quid
773 1527 930 1584 enim
951 1526 1006 1584 si
1027 1527 1132 1583 ille
1153 1541 1324 1598 quem
1369 1528 1675 1586 Gestorum
1705 1527 1793 1585 di-

129 1615 327 1674 cimus
348 1617 646 1673 auctorem
665 1615 982 1686 antiquius
1013 1615 1334 1686 descripsit
1349 1630 1508 1687 opus,
1534 1615 1692 1687 quod
1721 1615 1791 1672 de

125 1703 350 1775 primis
396 1703 666 1762 historia
718 1705 1097 1762 Treverensis
1147 1703 1504 1776 temporibus
1545 1703 1788 1760 uberius

1911 562 2030 605 non
2053 544 2412 617 legebantur.
2439 542 2583 602 Alia
2607 540 2912 614 probabili
2933 541 3276 613 conjectura
3302 540 3570 602 indicari

1899 637 2172 707 possunt,
2194 647 2241 690 e.
2259 648 2357 706 gr.
2382 646 2514 704 qua
2529 633 2600 690 de
2619 631 2867 690 ecclesia
2883 630 2959 688 ab
2983 629 3291 688 Euchario
3309 629 3568 704 adiﬁca-

1909 727 1990 794 ta,
2019 724 2088 781 de
2127 723 2447 790 Eucherio,
2493 721 2725 779 Valerio
2757 723 2814 779 et
2838 719 3111 779 Materno
3133 719 3222 777 ibi
3244 720 3496 792 sepultis
3514 735 3563 780 c.

1909 819 1993 883 14,
2028 819 2111 882 15,
2143 818 2224 882 16,
2260 813 2330 870 de
2357 812 2510 870 cella
2538 812 2735 870 sancti
2766 810 3058 868 Eucharii
3081 825 3128 868 c.
3157 814 3218 866 21
3251 810 3559 882 leguntur.

1904 904 2047 960 Hac
2067 901 2224 958 enim
2253 901 2599 972 scriptorem
2629 899 2982 958 monasterii
3011 900 3232 957 Sancti
3261 899 3566 960 Eucharii

1902 995 2027 1052 sive
2057 992 2308 1050 Mat/tite
2335 990 2630 1060 indicant,
2663 992 2770 1062 qui
2790 988 3129 1064 prasertim
3157 989 3228 1046 id
3254 991 3381 1063 egit
3403 993 3476 1049 ut
3495 991 3568 1052 in

1900 1097 2006 1141 suo
2026 1081 2385 1139 monasterio
2419 1080 2734 1152 pontiﬁces
2755 1079 3020 1151 egregios
3051 1081 3110 1136 et
3133 1079 3298 1137 viros
3325 1081 3562 1139 sanctos

1899 1173 2156 1243 sepultos
2178 1184 2302 1228 esse
2321 1169 2654 1226 ostenderet
2671 1168 2840 1238 (102).
2869 1167 3080 1240 Capite
3102 1171 3168 1224 16
3188 1181 3326 1227 vero
3345 1169 3563 1241 episco-

1897 1275 2109 1333 porum
2121 1258 2459 1331 catalogum
2479 1257 2658 1314 valde
2680 1258 2879 1326 auxit,
2898 1258 2971 1314 ut
2987 1257 3266 1314 lacunam
3276 1257 3452 1315 illam
3467 1259 3562 1316 in-

1900 1353 1988 1408 ter
2010 1349 2351 1407 Maternum
2372 1349 2432 1404 et
2441 1347 2749 1418 Agritium
2771 1347 3105 1418 expleretet
3119 1345 3402 1405 Ecclesia
3428 1346 3564 1404 Tre-

1897 1441 2165 1498 verensis
2193 1436 2623 1508 antiquitatem
2667 1435 2890 1494 certius
2909 1435 3268 1494 vindicaret.
3305 1436 3563 1494 Eueno-

1896 1531 2084 1598 mina,
2112 1541 2245 1598 qua
2266 1527 2333 1583 in
2351 1525 2798 1598 antiquioribus
2817 1523 3108 1598 catalogis
3128 1523 3533 1584 desiderarim

1901 1617 2072 1689 (103),
2092 1616 2324 1689 ﬂetitia
2372 1628 2515 1686 esse,
2538 1615 2676 1687 jam
2704 1613 2996 1684 omnibus,
3029 1613 3391 1687 nisifallar,
3425 1627 3558 1672 conn

1897 1707 2218 1776 stat(104);
2237 1705 2434 1776 major
2452 1717 2585 1760 vero
2605 1717 2807 1760 eorum
2822 1715 2968 1774 pars
2988 1701 3057 1759 in
3072 1701 3226 1758 libro
3251 1701 3556 1776 legebatur

128 1789 276 1861 egit,
299 1789 461 1860 quod
478 1789 749 1860 ipsevere
761 1789 998 1848 brevius
1017 1792 1487 1848 continuandum
1499 1789 1786 1860 sumpsit?
1815 1807 1870 1871 Β
1898 1793 2191 1851 Methodii
2213 1792 2562 1850 Paterensis
2581 1791 2817 1849 nomine
2837 1791 3126 1864 inscripto
3159 1791 3369 1864 (105),;
3382 1804 3558 1866 quem

125 1877 302 1934 Sunt
331 1891 477 1935 sane
515 1891 648 1948 qua
673 1880 742 1934 ut
763 1878 855 1934 ita
883 1880 1218 1935 statuamus
1248 1879 1423 1935 valde
1451 1879 1776 1936 suadeant.

125 1966 452 2038 Ejusmodi
480 1965 700 2022 librum
728 1980 916 2039 usque
937 1967 1019 2024 ad
1045 1967 1266 2024 Basini
1297 1969 1558 2039 tempora
1578 1969 1781 2025 decur-

127 2057 358 2112 rentem
387 2053 702 2113 Hillarius
729 2054 905 2122 vidit,
937 2055 1064 2112 sive
1103 2055 1349 2112 eundem
1384 2057 1511 2114 sive
1530 2056 1788 2113 similem

134 2145 443 2202 Calmetus
455 2158 582 2215 pra
601 2143 790 2202 oculis
813 2143 1032 2201 habuit
1048 2157 1235 2216 eaqne
1257 2144 1472 2202 attulit
1482 2159 1614 2218 qua
1633 2146 1790 2204 hanc

129 2232 549 2290 narrationem
577 2233 934 2306 plerumque
958 2247 1091 2291 cum
1131 2231 1329 2292 Gestis
1363 2233 1690 2303 convenire,
1721 2234 1790 2291 in

125 2322 401 2394 singulis
422 2337 558 2380 vero
590 2323 734 2380 locis
765 2322 1107 2394 discrepare
1135 2323 1448 2380 ostendant
1473 2325 1608 2390 (99).
1649 2324 1789 2390 Qui-

131 2409 240 2468 bus
263 2411 616 2468 accuratius
639 2410 1028 2481 examinatis,
1060 2410 1129 2466 id
1135 2412 1324 2482 patet,
1359 2411 1516 2469 hunc
1534 2412 1788 2469 codicem

127 2499 382 2570 propius
411 2498 494 2555 ad
518 2499 727 2572 fontes
755 2499 1028 2557 accedere
1048 2513 1236 2570 neque
1252 2513 1322 2556 ea
1347 2499 1628 2556 exhibere
1657 2514 1789 2572 qua

142 2586 416 2660 fabulosa
427 2588 483 2645 et
500 2587 566 2645 in
579 2587 830 2645 cxnobio
849 2588 1292 2646 Sanmathiano
1313 2589 1557 2646 inventa
1570 2590 1787 2647 essevi-

135 2677 420 2734 deantur.
443 2677 622 2743 Quem
639 2677 894 2736 codicem
905 2678 1222 2749 quominus
1233 2678 1635 2750 antiquiorem
1656 2681 1788 2739 Ges-

137 2768 336 2823 torum
350 2767 500 2824 form
507 2781 604 2823 am
617 2765 896 2824 exhibere
907 2767 1176 2825 dicamus
1193 2768 1386 2824 multa
1395 2767 1600 2826 vetant
1613 2768 1784 2842 (100),

136 2855 268 2913 nisi
299 2857 588 2927 quotquot
603 2855 674 2912 de
694 2854 954 2914 historia
981 2857 1325 2914 Treverensi
1343 2859 1555 2929 scripti
1571 2858 1702 2924 sint
1719 2859 1788 2916 li-

129 2942 247 3013 bri,
301 2943 482 3002 Gesta
510 2944 889 3016 appellemus.
937 2946 1062 3004 Sed
1088 2943 1280 3004 Gestis
1307 2947 1530 3005 nostris
1567 2947 1788 3004 librum

131 3032 318 3089 illum
322 3033 730 3104 fundamento
741 3048 862 3092 esse
879 3035 1137 3106 positum
1157 3035 1216 3091 et
1217 3036 1422 3106 fontes
1441 3051 1586 3108 quos
1601 3051 1787 3108 supra

1915 1897 1989 1940 ne
2015 1896 2228 1940 revera
2257 1881 2398 1940 huic
2437 1880 2670 1939 auctori
2699 1879 3000 1939 attribuas
3030 1881 3156 1938 tum
3181 1879 3378 1953 ipsius
3409 1882 3555 1940 atas

1899 1975 2021 2030 tum
2043 1972 2183 2029 alia
2200 1969 2466 2028 rationes
2481 1971 2688 2028 vetant
2700 1969 2870 2042 (106).
2892 1968 3012 2026 His
3034 1967 3284 2040 receptis
3303 1969 3426 2027 octo
3445 1967 3551 2027 ad-

1897 2059 2191 2118 debantur
2223 2057 2588 2131 Tungrensis
2613 2057 2898 2116 Ecclesia
2927 2055 3204 2129 episcopi,
3239 2056 3311 2114 de
3329 2055 3550 2130 quibus

1896 2150 2092 2207 noster
2131 2147 2416 2218 Herigeri
2437 2145 2619 2204 verba
2635 2147 2910 2216 retinuit,
2933 2144 3040 2204 sed
3059 2159 3314 2218 quorum
3342 2144 3444 2204 hic
3471 2145 3552 2204 lo-

1897 2253 2029 2297 cum
2055 2237 2374 2309 sepultura
2401 2249 2464 2294 se
2491 2235 2722 2294 nescire
2760 2235 2928 2304 dicit,
2961 2233 3062 2292 hos
3088 2248 3250 2292 more
3277 2235 3549 2294 consueto

1895 2329 1964 2384 in
1983 2327 2178 2384 sancti
2199 2325 2499 2383 Eucharii
2512 2324 2760 2382 ecclesia
2778 2323 3038 2396 sepultos
3055 2323 3292 2382 asserit.
3306 2323 3552 2383 -—Aliis

1899 2416 2043 2474 locis
2063 2429 2196 2488 qua
2207 2429 2280 2471 ex
2291 2427 2462 2486 opere
2482 2414 2590 2470 illo
2611 2414 2848 2484 sumpta
2883 2411 3244 2484 quaaddita
3253 2411 3398 2484 sint,
3411 2413 3552 2484 jam

1895 2505 2165 2562 indicari
2208 2504 2436 2576 nequit,
2466 2515 2658 2576 neque
2685 2501 2827 2560 inde
2854 2514 2894 2560 a
2919 2516 3036 2574 quo
3065 2503 3323 2575 tempore
3353 2502 3551 2564 Gesto—

1892 2608 2030 2650 rum
2057 2593 2311 2664 scriptor
2327 2592 2566 2663 proprio
2585 2591 2785 2648 Marte
2803 2590 3218 2649 narrationem
3242 2590 3550 2650 continua-

1893 2683 2050 2740 verit
2076 2683 2432 2755 compertu/m
2459 2679 2760 2738 habemus.
2797 2679 3102 2737 Calmetus
3145 2678 3401 2738 codicem
3431 2692 3551 2738 non

1893 2772 2060 2829 ultra
2098 2770 2428 2828 Maximini
2477 2771 2739 2840 tempora
2792 2767 2993 2841 dfert,
3039 2767 3356 2826 Hillarius
3401 2767 3548 2828 alte-

1891 2873 2029 2917 rum
2098 2858 2167 2915 in
2211 2857 2440 2915 Basino
2501 2855 2786 2927 desinere,
2839 2855 3114 2926 alterum,
3189 2868 3364 2928 quem
3409 2855 3548 2914 σαι-

1891 2948 2219 3006 metianum
2259 2944 2453 3016 habet,
2510 2945 2850 3002 sanctorum
2889 2943 3219 3016 primitivx
3285 2944 3546 3004 ecclesia

1893 3035 2362 3108 compendiosam
2443 3035 2710 3092 vitarum
2818 3033 3172 3092 relationem
3261 3031 3545 3092 exhibere

128 3121 414 3178 recensui
435 3135 713 3194 magnam
729 3125 960 3194 partem
979 3137 1095 3180 non
1114 3123 1188 3180 ab
1209 3123 1336 3195 ipso
1357 3125 1661 3184 Gestorum
1681 3139 1786 3183 au-
1815 3169 1862 3196 η
1892 3125 2058 3183 dicit.
2109 3123 2409 3196 Equidem
2445 3123 2586 3180 inde
2631 3136 2670 3180 a
2714 3121 2910 3195 capite
2940 3122 3083 3195 fere
3129 3123 3198 3178 23
3240 3123 3542 3180 auctorem

1815 3169 1864 3232 C

125 3209 294 3267 ctore
313 3209 418 3267 sed
438 3223 477 3267 a
497 3209 701 3282 priore
726 3211 836 3268 illo
855 3211 1140 3283 scriptore
1169 3211 1472 3270 adhibitos
1501 3227 1641 3284 esse,
1667 3230 1784 3272 non
1815 3209 1864 3232 υ
1891 3215 1999 3272 hoc
2051 3213 2194 3271 duce
2243 3212 2592 3271 destitutum
2605 3211 2815 3284 fuisse
2853 3211 3165 3285 putarim;
3200 3211 3307 3270 sed
3353 3211 3542 3271 etiam

125 3311 448 3369 possumus
477 3298 627 3372 quin
654 3299 1024 3369 statuamus;
1050 3302 1326 3372 quamvis
1351 3316 1508 3359 nunc
1535 3316 1668 3374 qua
1687 3302 1784 3360 hic

137 3386 294 3444 liber
323 3387 686 3460 exhibuerit,
718 3403 850 3462 qua
881 3390 1190 3449 Gestorum
1216 3391 1423 3448 auctor
1451 3391 1776 3464 addiderit,

135 3490 259 3533 non
288 3477 444 3534 satis
466 3477 725 3535 discerni
737 3478 946 3550 possit.
977 3480 1116 3546 Qua
1139 3480 1434 3538 Calmetus
1459 3479 1641 3554 afert
1660 3481 1783 3540 hac

121 3563 314 3620 sunt:
348 3565 507 3622 locus
535 3579 581 3622 c.
613 3569 678 3621 16
709 3565 780 3622 de
824 3567 1114 3638 episcopis
1152 3566 1310 3624 inter
1352 3567 1694 3625 Maternum
1724 3566 1782 3625 et

123 3653 443 3725 Agritiuan
461 3655 772 3713 ecclesiam
807 3657 1216 3714 Treverensem
1234 3657 1576 3730 regentibus
1606 3659 1773 3732 (101),

110 3741 410 3813 praeterea
434 3756 567 3814 qux
592 3759 638 3799 c.
675 3747 740 3798 15
777 3742 847 3800 de
872 3745 1205 3816 viniductu,
1238 3760 1284 3803 ο.
1322 3751 1389 3802 19
1429 3747 1500 3803 de
1525 3740 1778 3806 Mathix

114 3828 356 3888 ossibus
374 3831 433 3888 et
443 3832 918 3903 tunicaDomini,
940 3832 1158 3891 ibidem
1181 3835 1564 3907 deAgritiiet
1574 3835 1776 3893 Maxi-

1890 3316 2024 3375 qux
2067 3303 2245 3360 antea
2299 3315 2374 3358 ex
2431 3299 2717 3372 Gregorio
2764 3305 2823 3358 et
2863 3299 3231 3373 Fredegario
3274 3301 3535 3372 sumpta,

1888 3391 2063 3448 immo
2080 3405 2213 3462 qua
2245 3390 2315 3448 de
2343 3389 2857 3462 antiquacivitate
2885 3387 3236 3447 Treverensi
3263 3401 3340 3446 ex
3361 3387 3539 3448 libris

1880 3481 2125 3552 partim,
2140 3480 2368 3551 partim
2377 3493 2450 3535 ex
2463 3477 2781 3537 traditione
2790 3477 3036 3550 vulgari
3049 3476 3368 3550 conspilata
3376 3479 3534 3550 sunt,

1885 3569 2165 3627 monacho
2202 3568 2303 3626 illi
2327 3568 2774 3626 Sanmathiano
2824 3565 3160 3634 tribuerim,
3191 3567 3301 3639 qui
3321 3565 3537 3624 sucula

1887 3673 1967 3713 xu
1989 3671 2064 3714 ex
2086 3657 2338 3715 breviori
2348 3656 2921 3728 archiepiscoporum
2934 3654 3195 3714 historia
3215 3654 3394 3715 Gesta
3411 3653 3538 3714 hac

1884 3747 2294 3818 composuerit,
2317 3761 2378 3804 eo
2406 3745 2654 3804 consilio
2677 3746 2907 3815 ductus,
2931 3745 3003 3801 ut
3017 3743 3236 3814 patriae
3261 3745 3320 3800 et
3333 3743 3535 3802 Eccle-

1883 3835 1991 3894 sia
2007 3849 2130 3894 sua
2141 3837 2407 3908 gloriam
2426 3848 2610 3907 quam
2626 3834 2894 3891 maxime
2912 3831 3239 3891 celebraret
3257 3831 3430 3903 (107).

1723 3934 1925 3993 NOTAS

216 3999 424 4072 99)»C1‘.
459 4013 633 4072 supra
668 4015 720 4056 n.
757 4006 842 4058 51.

219 4070 347 4150 100)
384 4073 498 4128 lloc
519 4070 714 4150 imper
744 4071 928 4150 §ybel
952 4073 1274 4150 contendit,
1300 4073 1400 4128 Die
1433 4073 1768 4150 Advocaten

111 4139 226 4216 des
257 4139 488 4216 Trierer
519 4139 711 4199 Rocks
743 4139 933 4216 Fascs.
969 4146 1064 4214 Ill,
1098 4160 1154 4216 p.
1190 4150 1259 4201 75
1293 4159 1444 4214 sqq.,
1471 4146 1765 4216 antiquam

113 4211 442 4290 Gestorum
456 4213 698 4290 formam
718 4215 1036 4290 restituere
1047 4211 1325 4290 conatus.
1344 4211 1464 4290 Sed
1485 4211 1769 4290 qua‘par-

113 4283 327 4356 time):
357 4283 616 4356 Ilillario,
655 4287 865 4356 partim
908 4302 979 4342 ex
1010 4287 1268 4344 Calmeto
1301 4283 1676 4356 affert-{inter
1707 4301 1768 4344 se

111 4351 285 4408 nullo
320 4355 490 4426 modo
539 4351 857 4426 cohaerent,
888 4363 947 4413 et
977 4363 1170 4414 utrum
1201 4373 1274 4413 ex
1333 4351 1533 4414 eodem
1565 4358 1768 4414 codice

110 4425 703 4500 sumpta_si_n_t__valde
744 4425 948 4500 dubito
991 4431 1067 4500 (ν.
1121 4443 1296 4499 supra
1329 4447 1380 4500 p.
1425 4433 1520 4485 110
1553 4443 1606 4484 n.
1641 4433 1758 4498 50).

113 4495 308 4569 Verba
331 4496 402 4550 ab
423 4495 662 4569 l‘lillario
683 4513 789 4554 exs
831 4498 981 4569 ripta
1002 4495 1117 4554 'non
1142 4495 1429 4556 Gesta'vel
1453 4495 1764 4556 Historiam

111 4547 220 4641 seu
240 4547 1639 4641 'is‘p‘i-iy'iai_agiasna{uariis-553‘uissus:
1797 4547 1850 4607 D
1882 4547 2112 4640 (Ηξῐιὶῗ.

107 4636 337 4716 charii,
366 4636 634 4696 Treviris
657 4640 940 4710 depositio
959 4636 1040 4716 Si
1059 4641 1276 4698 Valerii
1292 4641 1415 4697 sine
1438 4642 1662 4716 dierum
1687 4642 1769 4697 in-

110 4705 412 4782 dic_at10ne
444 4705 782 4782 nequeunt),
819 4716 879 4768 ct
910 4725 939 4766 a
966 4713 1271 4768 Gestorum
1292 4717 1458 4768 textu
1487 4712 1658 4782 longe
1683 4727 1768 4768 re-

106 4778 366 4854 cedunt;
391 4778 638 4854 quocum
669 4778 851 4838 codex
883 4783 1274 4838 Caluietianus
1317 4778 1655 4854 plerumque
1679 4797 1769 4839 sa-

107 4847 188 4904 tis
215 4847 513 4922 convehit.
550 4853 680 4922 Ipse
715 4867 851 4908 vero
874 4853 1168 4910 Calmetus
1197 4847 1340 4909 dicil.
1371 4874 1382 4908 :
1441 4855 1530 4910 Un
1557 4847 1766 4910 manu-

103 4920 409 5002 scritplgs
425 4920 638 5002 ancien
657 4924 716 5002 et
733 4924 876 5002 plus
889 4925 1072 5002 court,
1101 4925 1767 5002 dontapparemmentle

101 4992 309 5067 moine
326 4992 578 5067 _T_hie_rrg
591 4992 753 5067 sﬁe’toi
765 4995 956 5067 tseroi
972 4996 1028 5067 et
1039 4992 1145 5066 qui
1161 4997 1248 5051 est
1263 4992 1477 5067 eamme
1491 4995 1765 5067 lefonde-

101 5063 339 5118 mentet
363 5063 438 5137 la_
455 5063 804 5137 basedeson
837 5063 1104 5135 histoir'e,
1129 5063 1567 5137 Theodericum,
1591 5067 1685 5137 qui
1711 5082 1757 5122 s.

105 5145 289 5209 xqex.,
342 5147 398 5209 χ]
426 5134 536 5209 inc.
583 5136 748 5206 vixit,
795 5134 1633 5209 Calmetprimum(Gestorum
1667 5151 1764 5195 au-

102 5207 334 5284 ctorem
377 5205 549 5284 habet
585 5205 844 5284 est
871 5205 1327 5284 probablement
1365 5207 1630 5284 compose’
1639 5223 1764 5284 par

113 5272 418 5353 Thierrg/j.
449 5272 714 5353 ldco'non
740 5272 933 5353 Gest'a,
955 5279 1061 5353 sed
1089 5272 1761 5353 Gestorumiontem'illp

104 5343 633 5420 codice'contincri
670 5349 881 5406 innuit.
922 5343 1129 5420 (Quod
1167 5349 1473 5406 llontheim
1508 5351 1675 5407 Hist.
1715 5351 1756 5419 Ι,

106 5429 241 5496 pag.
277 5430 410 5472 xxvr
440 5419 604 5488 dicit,
651 5420 1148 5496 Eberhardianum
1168 5420 1470 5496 exemplar
1501 5420 1759 5496 Calmeto

106 5489 297 5563 visum
330 5502 478 5563 esse,
515 5489 800 5563 neminem
829 5492 1100 5563 tenebit.)
1157 5489 1478 5563 Gesta'ssec
1505 5507 1584 5563 (xu
1615 5492 1762 5547 anti-

105 5557 316 5634 quiora
352 5532 510 5616 nulla
543 5561 744 5634 fuisse,
781 5532 899 5632 jam
945 5532 1121 5634 su'prla
1154 5562 1302 5619 satis
1345 5532 1758 5634 ddcuiamodes

104 5642 260 5704 vero
284 5633 488 5687 Aureae
520 5631 742 5704 Wallis,
769 5631 938 5704 quem
963 5631 1133 5704 sybel
1167 5634 1278 5689 huc
1302 5633 1615 5701 revocavit,
1643 5632 1758 5704 alio

109 5700 399 5776 pertinet;
430 5717 482 5758 v.
519 5702 688 5776 infra.
723 5700 979 5776 Denique
1006 5700 1140 5776 quae
1170 5705 1241 5761 de
1273 5700 1759 5776 Annalibus’civi-

103 5771 251 5830 tatis
295 5777 462 5845 gesta
513 5771 921 5846 antiquissima
967 5771 1424 5844 continentibus,
1477 5787 1624 5846 quos
1655 5773 1760 5830 Sil-

1881 4009 2078 4063 vester
2113 4017 2258 4075 papa
2287 4002 2608 4059 revolvisse
2636 3999 2873 4069 dicitur,
2896 3999 2951 4056 in
2975 3998 3104 4075 Vita
3139 3996 3433 4075 S._§gritii
3451 3997 3535 4056 le-

1879 4069 2209 4147 guntur-(vl
2241 4089 2419 4147 supra
2443 4089 2498 4146 p.
2528 4075 2686 4147 112),
2706 4076 2874 4142 gesta
2899 4072 3163 4143 quaedam
3194 4069 3324 4128 Vita
3354 4069 3536 4128 fuisse

1881 4142 2232 4217 antiquiora,
2269 4142 2403 4200 mihi
2437 4142 2796 4217 persuadere
2827 4142 3146 4216 neQueunt.

1985 4221 2102 4284 101)
2136 4219 2176 4284 Ι,
2212 4234 2262 4284 p.
2288 4232 2384 4273 νη.

2136 4221 2533 4359 ῧιρρἔιξίῖηθηῑ
2567 4299 2786 4360 quiec.
2821 4289 2890 4360 25
2933 4284 3016 4360 de
3039 4282 3428 4360 translatione
3459 4284 3524 4342 S.

1881 4354 2189 4428 Maximini,
2225 4354 2276 4414 (Ξ.
2307 4363 2376 4415 ‘25
2403 4364 2464 4415 et
2493 4361 2561 4414 28
2585 4354 2660 4414 de
2684 4357 2840 4414 Hetti
2871 4361 2931 4413 et
2960 4356 3315 4428 Theoderico
3339 4354 3419 4412 ibi
3440 4370 3535 4414 se-

1881 4431 2084 4502 pultis,
2117 4427 2181 4487 c.
2203 4435 2272 4487 27
2303 4429 2374 4502 de
2405 4443 2653 4502 corpore
2691 4428 2744 4485 S.
2777 4427 3047 4502 Eucherii
3081 4427 3418 4502 traduntur.

1953 4498 2097 4582 (103)
2121 4503 2180 4557 V.
2199 4501 2373 4558 catal.
2391 4498 2792 4580 Gislbnianum
2810 4515 2902 4571 ap.
2925 4499 3230 4554 Hontbeim
3255 4498 3275 4552 l
3317 4512 3372 4568 p.
3395 4511 3531 4555 xxxv

1959 4574 2112 4622 illar.
2155 4589 2206 4622 n.
2269 4576 2356 4622 71-
2393 4576 2539 4622 159i-
2600 4573 2999 4622 Prumiensem
3030 4569 3235 4622 Prodr.
3351 4583 3402 4622 ο.
3433 4572 3524 4622 78.

1882 4569 2112 4640 (Hillar.
2154 4589 2206 4645 p.
2269 4576 2356 4640 71,
2393 4576 2539 4643 159),
2600 4569 2999 4627 Prumiensem
3030 4569 3235 4625 Prodr.
3274 4569 3312 4637 Ι,
3350 4583 3402 4647 p.
3433 4572 3524 4625 78.

1881 4644 2103 4710 Quibus
2131 4644 2280 4720 add_e
2311 4643 2549 4720 tertium
2575 4656 2761 4720 usque
2793 4640 3202 4720 ad_Eg_ber_tum
3224 4643 3530 4720 continua-

1878 4706 2000 4770 t'um
2027 4731 2196 4786 quem
2224 4715 2616 4770 Bethmannus
2635 4706 2706 4767 e'x
2726 4706 3014 4786 Lamberti
3045 4706 3530 4786 [loridodescri-

1877 4786 2021 4856 psit.
2044 4777 2367 4856 'llombeim
2402 4786 2441 4854 l,
2493 4799 2554 4855 p.
2587 4796 2743 4838 xxvn
2773 4781 2964 4856 dicit);
2998 4777 3528 4856 «_Quod_ali_us_vir

1876 4849 2124 4912 eximius
2157 4862 2216 4911 et
2239 4849 2661 4927 triumuirorum
2689 4850 3178 4927 prudentissimus
3197 4849 3400 4927 simile
3418 4849 3524 4906 Is.

1877 4928 2184 4983 Gestorum
2231 4925 2545 5002 exemplar,
2572 4920 2804 5002 inquo
2835 4921 3056 5002 pariter
3112 4920 3271 5002 nulla
3301 4920 3527 5002 episco-

1877 5012 2078 5068 porum
2105 4996 2340 5068 nomina
2389 4989 2541 5051 inter
2567 4989 2892 5068 Maternum
2922 4989 3524 5068 etAgritiumjne‘dia

1875 5060 2030 5143 eunt,
2066 5066 2343 5143 alio_loco
2375 5081 2404 5122 a
2440 5065 2713 5143 s_e_visu_m
2747 5063 2883 5143 mihi
2921 5060 3526 5143 retuleri_t..u_s‘ed_for-

1875 5132 2035 5194 tasse
2061 5137 2364 5206 catalogus
2390 5137 2482 5193 vel
2507 5136 2739 5193 brevior
2758 5133 3005 5192 historia
3037 5132 3282 5204 intelligi
3307 5132 3518 5206 debet.

1945 5209 2088 5278 (104)
2133 5204 2406 5274 Quamvis
2456 5208 2735 5266 llillarius
2780 5205 3096 5265 fortissime
3141 5209 3344 5264 contra
3373 5204 3524 5265 hanc

1873 5278 2236 5336 dimicaverit
2261 5280 2628 5334 sententiam.

1972 5355 2092 5422 105)
2126 5350 2206 5406 Cl‘.
2243 5349 2389 5422 infra
2425 5357 2617 5405 notam
2646 5349 2721 5422 ad
2751 5365 2802 5406 c.
2835 5353 2921 5406 16.

1971 5417 2092 5493 100)
2127 5421 2431 5477 llontheim
2467 5421 2685 5493 Insul,
2712 5437 2764 5492 p.
2794 5435 2908 5476 χχι.
2934 5421 3078 5493 Acta
3109 5419 3204 5493 SS.
3239 5419 3397 5493 Sept.
3423 5417 3518 5493 ly,

1873 5509 1927 5564 p.
1962 5489 2086 5596 360'.
2122 5495 2200 5548 De
2233 5505 2369 5549 vera
2401 5489 2677 5548 Methodii
2712 5489 2920 5548 aetate.
2953 5506 3008 5548 v.
3043 5489 3258 5547 ibidem
3287 5489 3398 5546 iun
3425 5489 3516 5561 IV,

1914 5585 2092 5705 ’(107)
2111 5633 2504 5706 Paucissiepe
2533 5632 2733 5690 verbis
2754 5630 2972 5689 additis
3002 5630 3096 5706 vel
3127 5629 3369 5706 mutatis
3398 5628 3520 5686 fon-

1868 5700 2014 5760 tium
2045 5700 2450 5762 testimoniairi
2483 5721 2648 5762 suum
2673 5718 2837 5762 usum
2873 5703 3082 5767 vertit;
3105 5716 3157 5758 c.
3190 5705 3278 5756 22.
3312 5700 3518 5754 Roma-

1869 5789 2074 5832 norum
2104 5777 2288 5834 duces
2317 5776 2372 5832 in
2403 5777 2787 5834 Treverorum
2817 5773 3114 5846 principes
3143 5769 3410 5828 mutavit.
3442 5767 3506 5822 S.
