3962 6244
376 313 538 388 10⁵19-

1626 317 1889 386 GESTA
1947 313 2521 380 TREVFRORUM

3638 313 3804 378 1080

447 477 646 548 Neque
669 475 867 536 tamen
908 473 1014 536 hoc
1038 475 1186 536 libro
1205 475 1466 536 omnium
1501 476 1656 536 votis
1687 475 2014 550 satisfecit.
2054 465 2109 526 A
2138 453 2525 550 ίῖξάτιίθθνθ-θί
2541 453 2761 550 Ῑξαενεδ
2774 450 3476 550 ηιιξθίεέξιτοίτρνρφτιαηξ
3489 449 3808 550 εωρῖεσςινε

373 567 532 626 Nam
547 569 732 641 paulo
740 568 875 641 post
893 569 1264 627 Treverensis
1277 585 1312 640 ᾳ
1322 571 1384 625 ui
1389 569 1462 625 da
1472 586 1522 625 m
1539 584 1666 625 eum
1681 569 1958 626 continua
1965 583 2027 625 n-

379 657 517 714 dum
531 659 732 724 etamp
741 660 1084 730 li/tcandum
1100 659 1472 730 suscepit,ita
1486 660 1740 718 utinitio
1753 660 2028 730 singulas

377 761 530 820 quas
543 749 670 803 tam
693 749 858 804 modo
873 747 1162 805 breviores
1182 750 1348 807 modo
1363 749 1655 822 longiores
1667 749 1919 806 adderet
1932 762 2030 806 no-

381 836 554 892 titias
585 849 1012 906 nonnunquam
1039 839 1220 894 etiam
1243 853 1374 908 qua
1388 839 1617 910 scripta
1644 838 1819 894 erant
1840 837 2030 892 muta-

377 925 474 980 ret
498 923 592 980 vel
593 939 844 995 prorsus
871 927 1184 996 omitteret,
1205 929 1410 998 postea
1436 941 1570 984 vero
1600 942 1812 983 novam
1834 925 2031 982 archi-

387 1013 782 1084 episcoporum
817 1013 856 1068 h
875 1016 1130 1072 "ctoriam
1153 1019 1480 1087 pleniorem
1520 1019 1577 1073 et
1601 1015 2032 1074 accuratiorem

386 1102 708 1162 ordiretur.
737 1118 924 1175 usque
953 1105 1034 1160 ad
1053 1105 1446 1164 Arlalberonis
1469 1108 1726 1176 tempora
1763 1109 1841 1163 ta.
1877 1104 2029 1169 1132)

377 1190 806 1248 Continuatam.
847 1194 1053 1249 Primo
1085 1193 1228 1250 libri
1259 1196 1394 1251 intu
1426 1196 1488 1251 tu
1524 1196 1822 1251 diversum
1852 1192 2034 1263 hujus

365 1295 395 1338 δ
411 1281 697 1350 criptoris
712 1282 1019 1351 ingenium
1042 1299 1116 1354 ag
1127 1299 1338 1341 nosces.
1361 1286 1567 1340 Animo
1587 1283 1788 1340 minus
1810 1283 2031 1352 quieto,

386 1381 610 1426 sermcn
621 1383 651 1426 e
671 1366 833 1426 uberi
839 1371 928 1428 ori
953 1375 1095 1428 Trer
1103 1387 1542 1444 erensesproseq
1554 1373 1742 1436 uitur,
1758 1372 1923 1428 modo
1941 1386 2037 1426 no-

377 1459 468 1515 vis
490 1473 633 1516 usus
634 1459 933 1530 fontibus,
967 1462 1136 1518 modo
1169 1462 1557 1518 traditionem
1590 1463 1827 1519 secutus
1846 1461 2036 1518 senio-

395 1562 648 1617 rumque
664 1549 1034 1605 relationem.
1073 1552 1338 1607 Romana
1366 1552 1626 1620 tempora
1657 1565 1731 1606 ea:
1750 1551 2036 1607 Suetonio

397 1637 506 1692 etA
519 1639 719 1693 usonio
735 1638 880 1708 (108)
897 1638 1192 1708 illustrat,
1213 1641 1394 1695 semel
1402 1640 1484 1696 ad
1496 1638 1792 1696 Gallicam
1808 1651 2036 1709 quoque

380 1723 695 1780 historiam
713 1728 1024 1796 provoca“
1039 1732 1175 1797 109),
1197 1728 1456 1784 Casaris
1459 1729 1732 1799 fortasse
1751 1741 2032 1784 commen-

2139 546 2330 604 dicar.
2357 579 2403 586 —
2428 544 2646 604 Postea
2655 543 2877 602 secund
2885 558 2944 601 :is
2957 542 3061 600 ille
3070 540 3326 613 scriptor
3339 540 3674 614 antiquum
3689 540 3810 598 tea:-

2141 635 2264 692 tum
2283 637 2483 692 minus
2513 635 2696 692 auxit
2722 647 2914 704 neque
2941 633 3034 690 ita
3063 631 3474 704 ampliﬁcavit
3491 632 3565 688 ut
3587 645 3808 688 novum

2140 740 2282 796 opus
2322 725 2599 794 dicatur;
2616 724 2722 782 sed
2738 737 2939 795 pauca
2978 723 3214 780 tantum
3259 721 3489 793 adjecit
3529 733 3608 776 ea:
3650 721 3813 778 Vitis

2140 815 2480 872 sanctorum
2493 814 2750 871 Martini
2775 815 2946 883 (114),
2961 812 3243 870 Severini
3259 811 3308 877 (1
3329 814 3429 881 15),
3449 809 3807 878 Gertrudis,

2127 905 2398 976 fortasse
2419 905 2599 960 etiam
2611 904 2850 971 Basini,
2875 916 3097 960 necnon
3108 915 3184 957 etc
3205 899 3437 957 chartis
3451 899 3814 957 aliisvemo-

2141 1009 2222 1048 nu
2231 995 2388 1050 ment
2411 1007 2440 1050 s
2456 993 2695 1049 hausta.
2713 993 2786 1050 In.
2809 1005 2936 1050 sae.
2962 991 3019 1046 Χ
3038 990 3298 1046 historia
3310 1002 3572 1059 eaponen
3581 987 3664 1044 da
3678 988 3816 1050 fon—

2146 1082 2305 1139 tibus
2323 1083 2381 1138 et
2399 1083 2520 1152 ipse
2546 1083 2762 1154 procul
2780 1081 2956 1138 dubio
2993 1080 3315 1136 destitutus
3357 1078 3524 1148 erat;
3561 1077 3814 1134 nullum

2146 1172 2301 1226 enim
2328 1172 2549 1242 prater
2580 1172 2990 1228 narrationem
3017 1169 3087 1224 de
3114 1167 3343 1225 sanctis
3369 1181 3408 1224 a
3445 1166 3812 1224 Theoderico

2146 1259 2425 1317 Mettensi
2478 1259 2801 1332 reportatis
2858 1258 3199 1316 adhibitum
3263 1255 3533 1312 videmus
3581 1253 3812 1312 librum

2148 1349 2192 1417 (1
2215 1349 2294 1417 16)
2313 1367 2327 1413 ;
2353 1349 2456 1404 sed
2477 1363 2552 1405 ea:
2561 1349 2773 1420 populi
2784 1361 3021 1405 rumore
3039 1346 3238 1404 sumta
3259 1345 3403 1402 sunt
3418 1357 3554 1415 qua
3573 1343 3648 1400 de
3671 1344 3814 1400 Rot-

2139 1451 2280 1507 gero
2302 1437 2560 1494 Ehberto
2585 1437 2848 1507 aliisq-ue
2867 1433 3252 1507 pontificibus
3266 1433 3435 1500 falsa
3442 1433 3811 1506 plerumque

2149 1524 2494 1592 traduntur,
2515 1525 2625 1581 aut
2650 1524 2732 1580 ad
2760 1524 3039 1582 ecclesias
3056 1522 3130 1580 ab
3153 1523 3304 1592 ipsis
3334 1520 3684 1578 exstructas
3713 1519 3814 1576 vel

2149 1613 2400 1670 donatas
2433 1614 2720 1684 spectant,
2764 1613 2874 1669 aut
2901 1613 3129 1668 leviora
3155 1611 3300 1668 sunt
3337 1609 3644 1666 etnullius
3675 1609 3811 1672 fere

2145 1703 2442 1758 momenti.
2463 1702 2668 1759 Etiam
2685 1716 2805 1770 qua
2833 1701 2902 1756 de
2918 1701 3186 1771 Poppone
3199 1698 3538 1756 narrantur
3553 1696 3809 1770 fabulis

381 1813 572 1870 tarics
587 1816 645 1870 in
656 1787 777 1870 tellz
783 1829 928 1884 gens
953 1817 997 1885 (1
1019 1820 1121 1886 10),
1137 1787 1428 1886 prater-ea
1449 1787 1697 1873 Salbam
1741 1817 2027 1872 Viatorem

2216 1804 2323 1846 ena
2377 1792 2536 1855 sunt,
2580 1804 2654 1847 ea
2704 1789 3032 1846 traditione
3079 1787 3345 1860 quadam
3391 1787 3810 1844 ecclesiastica

381 1900 628 1959 disertis
665 1903 860 1960 verbis
881 1905 1174 1962 auctorem
1198 1905 1430 1962 laudat.
1461 1908 1616 1962 Nam
1637 1905 1741 1962 ubi
1761 1906 1832 1961 de
1865 1904 2037 1961 Chri-

378 1991 596 2049 stiana
621 1993 940 2064 religionis
981 1994 1145 2064 apud
1179 1995 1470 2051 Treveros
1496 1996 1698 2052 initiis
1725 2007 1914 2050 sermo
1953 1989 2039 2048 est

386 2071 556 2151 (111),
605 2096 721 2137 non
761 2081 951 2138 solum
990 2081 1314 2153 longiorem
1354 2083 1666 2152 Eucharii,
1725 2082 1950 2139 Valerii
1987 2081 2047 2134 et

384 2167 648 2226 Materni
666 2170 985 2228 historiam
1007 2173 1299 2228 insertam
1317 2172 1605 2239 videmus,
1627 2173 1735 2230 sed
1747 2174 1928 2228 etiam
1937 2171 2044 2244 fa-

385 2256 620 2316 bulosas
637 2259 778 2316 illas
794 2259 959 2316 urbis
973 2260 1238 2330 origines
1252 2261 1538 2330 repetitas
1552 2261 1826 2331 legimus,
1845 2261 2039 2317 eodem

391 2345 519 2408 fere
541 2347 738 2403 tenore
757 2348 862 2404 sed
890 2348 1041 2404 aliis
1065 2348 1264 2406 verbis
1287 2364 1468 2420 quam
1480 2351 1704 2420 primis
1735 2351 2041 2409 Gestorum

383 2435 691 2504 capitulis.
723 2434 948 2499 Quibus
971 2436 1130 2492 inter
1144 2449 1204 2490 se
1229 2437 1608 2507 comparatis,
1627 2452 1740 2492 non
1757 2452 1831 2492 ex
1846 2438 2042 2496 Gestis

385 2520 491 2578 se'rl
511 2535 586 2578 ea:
609 2521 1204 2595 Gestm'um.;ontibus
1227 2525 1348 2582 hac
1361 2527 1558 2582 sumta
1580 2540 1703 2584 esse
1713 2527 1920 2597 patet;
1939 2527 2043 2583 sed

383 2623 462 2666 an
491 2625 529 2666 a
554 2612 965 2668 continuatore
983 2613 1090 2670 illo
1113 2613 1380 2686 confecta
1411 2615 1522 2671 aut
1537 2615 1786 2672 aliunde
1807 2615 1932 2671 sint
1950 2615 2042 2672 de-

389 2699 617 2772 scripta
660 2699 929 2776 dubitari
980 2703 1180 2758 zotest.
1243 2703 1528 2768 Quamvis
1572 2718 1705 2760 vero
1733 2703 1848 2761 hac
1863 2707 2044 2776 parte

392 2789 638 2844 eundem
675 2789 802 2850 fere
829 2804 1154 2846 sermonem
1185 2792 1536 2862 easdemquc
1563 2793 1884 2849 locutiones
1913 2808 2044 2866 qua

395 2878 461 2934 in
491 2879 628 2948 ipsa
657 2879 1104 2936 continuatione
1134 2880 1567 2952 deprehendere
1611 2881 1768 2938 mihi
1807 2882 2040 2954 videar,

275 2964 280 2970 ’
391 2962 519 3022 hac
552 2967 750 3023 tamen
763 2969 1072 3040 perplacet
1097 2971 1413 3037 sententia,
1449 2970 1569 3025 tum
1585 2971 1731 3041 quia
1747 2984 1864 3027 non
1882 2971 2044 3028 video

394 3067 498 3111 cur
530 3055 764 3112 easdem
793 3071 891 3114 res
919 3071 1036 3113 uno
1067 3057 1216 3114 libro
1237 3057 1324 3115 bis
1355 3059 1464 3115 ille
1494 3060 1888 3131 enarraverit,
1923 3061 2047 3117 tum

387 3144 534 3213 quia
559 3143 682 3200 hac
704 3157 835 3201 cum
859 3145 1236 3202 antecedente
1264 3145 1564 3202 Eucharii
1601 3147 1828 3204 Valerii
1849 3149 2049 3205 etMa-

390 3233 546 3289 terni
577 3231 839 3291 historia
865 3241 1025 3291 arcte
1067 3235 1388 3304 conjuncta
1417 3250 1540 3293 esse
1557 3239 1726 3308 puto,
1761 3252 1944 3308 quam
1977 3252 2052 3294 ea:

390 3321 542 3378 libro
565 3321 823 3394 quodam
845 3323 1245 3382 ecclesiastico
1285 3325 1400 3382 huc
1426 3339 1552 3383 esse
1584 3325 1895 3382 translata
1907 3319 2056 3396 m,et

385 3407 506 3466 toto
529 3411 903 3468 narrationis
928 3411 1125 3468 tenore
1146 3413 1205 3468 et
1222 3411 1483 3484 singulis
1503 3413 1700 3472 verbis
1723 3415 1870 3486 (112)
1894 3415 2055 3472 indi.

390 3497 520 3555 cari
537 3497 836 3554 videatur.
872 3499 1014 3558 Nisi
1021 3499 1297 3572 fortasse
1329 3501 1497 3560 dicas
1519 3502 1626 3560 hoc
1653 3503 1912 3561 alterius
1931 3503 2055 3560 his-

392 3585 560 3642 toria
584 3587 963 3646 Treverensis
993 3603 1118 3646 esse
1145 3589 1414 3656 initium,
1432 3597 1645 3664 postea
1671 3592 1904 3648 demum
1925 3606 2056 3650 cum

393 3671 594 3732 Gestis
615 3676 976 3747 conjuncta;
1001 3677 1070 3734 id
1099 3679 1260 3750 quod
1284 3680 1679 3752 inscriptione
1703 3679 1811 3738 hoc
1843 3681 1961 3738 loco
1991 3683 2056 3739 in

392 3763 755 3835 quibusdam
803 3765 1105 3824 codicibus
1138 3771 1490 3840 pramissa:
1538 3768 1747 3840 Incipit
1792 3768 2052 3839 hystoria

394 3853 776 3909 Treverorum
801 3855 1228 3925 quodammodo
1253 3857 1661 3928 conﬁrmatur.
1686 3857 1894 3928 Neque
1914 3857 2057 3916 huic

391 3941 654 4012 opinioni
667 3944 938 4014 equidem
949 3943 1430 4016 obstiterim;sed
1439 3959 1590 4016 pene
1600 3946 1656 4002 is
1663 3945 1777 4015 fui
1793 3946 1901 4016 qui
1913 3946 2056 4003 olim

397 4030 545 4086 duos
550 4031 758 4102 fuisse
797 4030 1066 4090 historia
1102 4035 1476 4092 Treverensis
1521 4033 1703 4091 lilros
1725 4035 1931 4105 postea
1962 4035 2054 4092 de-

392 4133 555 4175 mum
577 4119 643 4174 in
660 4134 845 4175 unum
865 4135 1008 4192 cong
1018 4122 1306 4180 lutinatos
1325 4121 1646 4180 statuerem
1665 4122 1836 4194 (113).
1867 4123 2054 4190 Quam

386 4207 781 4276 seponendam
797 4209 1009 4280 putavi
1021 4210 1396 4281 sententiam,
1416 4223 1486 4266 ne
1503 4210 1686 4267 nimis
1696 4212 2052 4284 conject-uris

402 4371 674 4454 Eucharii
707 4377 1015 4454 ecclesiam
1074 4377 1373 4454 tum_mi_ra
1435 4377 1786 4454 antiguitate
1817 4383 1938 4437 tum

401 4444 579 4521 liquis
613 4447 886 4521 pretiosis
917 4449 989 4505 do
1003 4449 1182 4521 navit.
1210 4444 1928 4521 Episcopos'ifungrenses
1959 4465 2058 4507 au-

404 4515 1220 4597 dac‘ter'Trcvcren‘sesfecit.
1257 4515 1470 4597 'Etiain
1527 4515 1729 4576 falsum
1787 4521 2054 4578 Silvestri

403 4587 656 4668 diploma
684 4590 856 4668 povis
878 4589 1280 4668 additionibus
1299 4591 1371 4648 ab
1396 4591 1524 4668 ipso
1555 4597 1788 4668 auctum
1813 4606 1966 4668 esse.
1993 4597 2054 4650 ut

400 4661 659 4735 tunicam
683 4661 906 4735 Domini
925 4663 1206 4718 Treveros
1229 4675 1362 4719 esse
1382 4661 1666 4734 perlatam
1690 4663 2053 4735 ostenderet,

403 4730 572 4799 Sybel
607 4731 885 4788 ostendit.
1035 4745 1043 4754 ‘

479 4801 628 4870 (108)
658 4802 741 4858 Ad
771 4818 822 4859 c.
862 4807 948 4859 13.

453 4873 628 5010 .829)
663 4873 744 4930 Ad
776 4889 826 4930 c.
860 4877 945 4956 14.

571 4949 627 5010 0)
662 4945 779 5000 Hos
827 4950 941 5001 etia

426 4943 627 5016 :(110)
662 4945 779 5000 Hos
827 4945 1001 5016 etiam
1057 4943 1194 5016 aliis,
1239 4943 1385 5002 locis
1444 4943 1732 5004 adhibuit.
1791 4953 2051 5004 veterum

405 5013 714 5138 gestorum
744 5015 942 5074 verbis
991 5015 1270 5083 mutatis;
1304 5033 1362 5074 ν.
1429 5021 1600 5074 notas
1649 5017 1720 5074 ad
1751 5032 1801 5074 c.
1865 5022 1918 5088 9,
1957 5023 2045 5074 10.

404 5099 520 5140 ειο.

479 5153 528 5291 (ἶ
543 5156 628 5218 11)
663 5159 720 5212 C.
754 5161 838 5216 14.

542 5231 630 5291 12)
659 5229 838 5285 Verba

509 5227 630 5304 112)
659 5229 850 5304 Yet-ba
884 5228 1053 5304 dico:
1090 5245 1284 5304 ιεοτῐρ
1315 5229 1697 5304 demonstrat.

455 5299 629 5372 ,(119)
664 5300 933 5355 Fortasse
960 5299 1108 5356 idem
1142 5301 1400 5372 scriptor
1432 5302 1528 5371 qui
1554 5303 1723 5358 Gesta
1757 5303 2060 5358 continua-

410 5365 494 5426 vit
525 5365 1078 5447 Italemmcomposuit
1123 5374 1195 5447 de
1225 5365 1550 5447 originibus
1599 5373 1683 5428 rei
1716 5374 1968 5447 publicae
1999 5378 2057 5447 et

412 5434 684 5518 ecclesiae
711 5434 1083 5518 'I‘rcx'e:lfeusis
1135 5434 1648 5518 11111ε1111ῖ111,11110111Δ
1679 5434 1881 5516 postea
1916 5445 2058 5516 ipsis

408 5507 1100 5588 iuscreudumjudicavit.
1127 5507 1492 5584 Antiquioris
1518 5507 1902 5588 libri,'cx_quo
1926 5507 2062 5571 Ges-

411 5578 467 5655 ta
507 5578 716 5655 partim
762 5578 1058 5655 descripta
1102 5598 1239 5655 esse
1288 5578 1468 5655 supra
1503 5578 1720 5655 monui,
1777 5578 1898 5643 haec
1929 5599 2062 5642 esse

417 5643 741 5726 ι’ξεμβξξιεγιιθ
773 5643 1042 5726 genuiua,
1091 5654 1344 5710 fortasse
1367 5643 1506 5723 'quis
1553 5643 1719 5711 dicat'
1741 5655 1834 5714 cui
1865 5671 2064 5713 assen-

383 5712 405 5760 t
440 5712 533 5761 ire
561 5712 656 5765 vix
687 5715 920 5783 possim.

2149 1877 2390 1947 hausta,
2407 1881 2534 1936 alia
2550 1893 2624 1934 ea:
2649 1879 2783 1935 Vita
2805 1877 3004 1934 sancti
3025 1877 3342 1948 ngeonis
3363 1877 3606 1946 sumpta
3629 1875 3805 1944 (117).

2151 1967 2366 2024 Postea
2397 1968 2666 2040 quadam
2680 1965 3248 2036 eapassionesancti
3287 1964 3554 2022 Curionis
3587 1963 3812 2021 descri-

2143 2055 2261 2128 pta
2281 2057 2425 2113 sunt
2454 2056 2633 2128 (118)).

2220 2127 2361 2184 Jam
2401 2126 2621 2184 veroab
2664 2127 2771 2182 hoc
2809 2124 2948 2181 inde
2965 2125 3212 2196 tempore
3241 2124 3450 2182 auctor
3482 2123 3809 2193 antiquum

2155 2216 2464 2274 Gestorum
2503 2216 2726 2271 textum
2752 2215 2934 2271 nimis
2953 2212 3179 2270 brevem
3207 2226 3462 2282 prorsus
3492 2212 3730 2284 rejecit,
3745 2211 3810 2268 id

2153 2319 2330 2376 agens
2345 2305 2414 2362 ut
2429 2305 2666 2375 plenius
2709 2303 2765 2359 et
2801 2303 3093 2374 copiosius
3115 2303 3400 2358 narraret
3418 2314 3810 2372 quacumque

2153 2395 2271 2450 tum
2295 2408 2368 2450 ea
2384 2395 2684 2451 seniorum
2695 2391 2983 2448 relatione
2995 2393 3040 2460 (1
3060 2393 3165 2461 19),
3184 2391 3306 2446 tum
3318 2404 3394 2447 ea:
3409 2389 3646 2448 chartis
3661 2388 3807 2458 (120)

2152 2484 2536 2555 epistolisque
2579 2483 2721 2552 (121)
2755 2480 3036 2550 colligere
3053 2479 3338 2551 potuerit.
3385 2479 3584 2536 Plena
3611 2479 3811 2548 igitur

2153 2574 2503 2630 narratione
2533 2571 2830 2642 Popponis
2860 2569 2919 2626 et
2943 2567 3291 2640 Engelbsrti
3331 2567 3598 2638 tempora
3616 2581 3813 2639 perse-

2151 2678 2185 2732 q
2197 2661 2382 2730 uitur,
2409 2675 2484 2716 an
2505 2663 2610 2715 ’mo
2627 2659 2883 2716 candido
2903 2658 3007 2714 sed
3029 2671 3173 2728 erga
3190 2657 3609 2728 imperatorem
3625 2656 3812 2712 Hein-

2149 2753 2344 2808 ricum
2365 2750 2458 2806 IV
2471 2749 2652 2805 nimis
2675 2747 2916 2806 hostilis
2935 2760 3032 2804 res
3049 2748 3294 2818 exponit
3304 2746 3736 2818 gravissimas,
3759 2744 3816 2800 et

2154 2839 2253 2895 ubi
2277 2837 2358 2894 ad
2377 2839 2636 2908 tempora
2665 2837 2828 2894 venit
2852 2836 2982 2892 suis
2990 2836 3314 2907 propriora
3343 2849 3412 2891 ea
3439 2834 3662 2891 narrat
3681 2847 3813 2904 qua

2153 2919 2278 2988 ipse
2300 2917 2457 2973 vidit
2474 2917 2572 2972 vel
2587 2915 3033 2986 aprasenlibus
3063 2913 3302 2970 audivit
3327 2913 3496 2986 (122).
3527 2914 3710 2970 Hanc
3742 2913 3811 2969 ti-

2157 3006 2254 3064 bri
2267 3007 2502 3076 partem
2546 3017 2779 3075 magna
2799 3017 2921 3061 esse
2959 3002 3345 3060 auctoritatis
3375 3015 3575 3060 omnes
3614 3015 3810 3058 conce-

2159 3095 2316 3164 dent,
2340 3107 2662 3150 sermonem
2681 3092 2838 3150 satis
2867 3093 3088 3149 cultum
3111 3091 3216 3148 sed
3234 3091 3419 3148 nimis
3434 3103 3628 3148 sacra
3645 3090 3814 3147 Scri-

2081 3191 2128 3253 (3
2157 3192 2346 3254 plura
2366 3182 2423 3239 et
2441 3182 2695 3239 Patrum
2717 3181 2859 3238 locis
2881 3182 3230 3237 exornatum
3255 3183 3403 3252 (123)
3413 3177 3808 3250 judicabant.

2169 3272 2314 3337 Quis
2321 3271 2526 3344 fuerit
2545 3272 2751 3327 auctor
2772 3285 2885 3326 non
2915 3269 3180 3340 cinstat;
3199 3268 3305 3342 sed
3323 3283 3441 3325 non
3463 3269 3574 3326 diu
3595 3269 3806 3339 posta.

2170 3361 2322 3430 1132,
2343 3375 2456 3432 quo
2474 3359 2851 3416 narrationis
2870 3357 3049 3414 telam
3065 3357 3325 3429 abrupit,
3341 3359 3576 3415 vixisse
3585 3370 3814 3414 censen-

2167 3451 2276 3506 dus
2299 3451 2404 3506 est.
2429 3449 2790 3506 Uanonicum
2807 3448 3067 3504 dixerim
3087 3447 3513 3514 Treverensem,
3530 3447 3686 3502 certe
3697 3458 3814 3502 non

2163 3538 2381 3596 Sancti
2403 3537 2651 3595 Mathia
2671 3535 3038 3604 monachum,
3073 3537 3292 3606 quippe
3307 3535 3418 3606 qui
3461 3533 3685 3591 Sancti
3707 3535 3813 3589 Pe-

2167 3628 2249 3684 tri
2273 3627 2577 3684 ecclesiam
2599 3639 2638 3682 a
2667 3627 2941 3696 Poppone
2966 3624 3388 3681 recedi/iculum
3416 3623 3702 3681 accurate
3722 3621 3814 3678 de-

2163 3712 2408 3782 scribat,
2435 3712 2599 3770 nihil
2618 3727 2748 3768 vero
2776 3711 2847 3767 de
2868 3710 2976 3768 hoc
2989 3709 3243 3768 canobio
3266 3709 3632 3779 restaurato,
3659 3707 3820 3764 nihil

2167 3803 2236 3859 de
2255 3801 2459 3859 sancto
2481 3800 2721 3858 Mathia
2747 3799 2978 3870 reperto
3009 3798 3193 3870 dicat.

2235 3873 2504 3929 Fuerunt
2534 3886 2668 3928 vero
2688 3872 2797 3942 qui
2809 3868 3008 3926 etiam
3028 3869 3186 3926 hanc
3213 3868 3536 3926 Destormn
3541 3868 3815 3941 formam

2161 3962 2508 4018 mutandam
2525 3961 2582 4017 et
2592 3957 3300 4032 augendamjudicarent.
3314 3957 3566 4014 Utenim
3578 3972 3673 4016 eos
3674 3971 3815 4031 pra-

2166 4049 2493 4107 termittam
2512 4049 2757 4118 codices,
2777 4047 2994 4118 quibus
3011 4047 3282 4118 antiqua
3303 4047 3678 4118 recensionis
3697 4047 3813 4117 pri-

2161 4135 2271 4178 ma
2286 4122 2454 4194 parti
2483 4121 2639 4178 hanc
2665 4117 3166 4178 continuationem
3199 4117 3479 4176 additam
3505 4119 3778 4176 videmus
3795 4133 3814 4168 :

2161 4209 2598 4282 aliussingulos
2629 4207 2780 4266 locos
2806 4207 3066 4266 mutavit
3095 4205 3270 4278 (124),
3300 4203 3627 4278 scriptoris
3642 4207 3812 4264 verba

1991 4309 2212 4372 ΝΟΤίΕ.

1971 4395 2057 4436 re-
2084 4391 2139 4448 Α

2241 4379 2388 4450 (114)
2425 4377 2508 4450 Ad
2539 4391 2590 4434 ο.
2621 4381 2710 4434 20.

2239 4448 2387 4518 (11:5)
2422 4448 2505 4504 Ad
2538 4464 2588 4505 c.
2622 4451 2710 4505 24.

2269 4522 2386 4576 116)
2419 4522 2501 4576 Ad
2535 4534 2586 4576 c.
2620 4523 2709 4574 ‘29.

2263 4597 2386 4664 117)
2419 4591 2612 4664 Addit.
2646 4605 2697 4646 c.
2733 4593 2784 4646 3.
2819 4592 2868 4646 6.

2262 4667 2386 4733 118)
2419 4663 2614 4718 Addit.
2651 4676 2708 4718 ο.
2748 4665 2800 4717 9.

2267 4728 2384 4804 119)
2421 4733 2616 4788 Addit.
2651 4747 2701 4788 ο.
2733 4737 2790 4788 1:
2816 4730 3109 4804 quantum
3128 4728 3414 4804 adnisam
3431 4729 3719 4804 notitiam
3737 4743 3814 4786 se-

2162 4800 2398 4862 nierum
2417 4804 2712 4862 relatione
2725 4800 2994 4872 devenit;
3011 4818 3061 4858 c.
3082 4804 3147 4856 16
3163 4820 3176 4856 :
3199 4800 3514 4872 seniorum
3529 4815 3598 4858 re
3605 4802 3817 4858 latione

2163 4876 2246 4932 ad
2264 4876 2532 4932 nostram
2565 4875 2850 4932 noticiam
2871 4871 3264 4944 devenerunt;
3285 4885 3337 4926 c.
3379 4873 3453 4928 23
3478 4891 3491 4928 :
3543 4875 3813 4944 sicutpa-

2165 4947 2327 5003 trum
2353 4947 2691 5004 nostrorum
2715 4945 2920 5002 relatu
2948 4943 3295 5002 didicimus.

2235 5020 2384 5089 (120)
2418 5019 2476 5074 (ι.
2514 5024 2560 5072 1.
2596 5024 2647 5074 7.
2681 5020 2732 5072 8.
2773 5021 2854 5072 17.

2237 5083 2385 5161 (121)
2421 5089 2479 5144 C.
2515 5093 2565 5146 δ.
2602 5091 2685 5144 12.
2724 5090 2807 5142 13.
2846 5089 2929 5142 19.
2953 5085 3138 5142 Etiam
3170 5083 3244 5141 ad
3277 5084 3576 5144 Hincmari
3607 5084 3807 5157 episto-

2165 5159 2277 5216 lam
2309 5159 2372 5216 ο.
2403 5163 2490 5216 23.
2529 5161 2824 5231 provocat.

2240 5231 2388 5299 (122)
2423 5232 2480 5286 C.
2508 5226 2614 5286 2'4:
2647 5243 2780 5300 qua
2807 5228 2868 5285 et
2883 5227 3008 5299 ipse
3029 5226 3278 5300 ego_vidi
3299 5227 3362 5284 et
3379 5227 3646 5300 aliorum.
3663 5228 3808 5300 certa

2164 5298 2457 5360 relatione
2477 5298 2750 5373 cognovi;
2779 5315 2829 5356 c.
2857 5298 2920 5354 19
2943 5319 2962 5356 :
2991 5298 3290 5369 quoddam
3318 5299 3704 5358 memorabile
3721 5298 3809 5353 cui

2165 5387 2256 5430 me
2285 5374 2534 5444 contigit
2559 5374 2860 5430 interesse.

2241 5444 2391 5514 (123)
2424 5440 2808 5514 Augustinum
2841 5456 2890 5514 c_.
2925 5443 3009 5496 17.
3045 5443 3256 5514 20.722,
3290 5440 3639 5510 Gregorium
3673 5443 3728 5495 11.
3759 5455 3802 5494 c.

2169 5519 2256 5572 18.
2289 5512 2380 5583 22,
2413 5512 2626 5571 Gelasii
2669 5512 2973 5584 epistolam
3004 5513 3183 5584 c._1t,_
3240 5525 3502 5584 canones
3561 5515 3635 5569 ib.
3673 5521 3718 5564 vi.
3746 5526 3797 5564 c.

2169 5579 2468 5712 20i‘a1‘i‘crt,
2489 5585 2590 5642 sed
2615 5584 2686 5640 iis
2708 5579 3052 5657 'plerumque
3073 5579 3222 5639 locis
3247 5583 3345 5640 ubi
3369 5583 3617 5642 aliorum
3645 5585 3802 5639 verba

2172 5671 2235 5712 re
2261 5673 2326 5712 er
2361 5697 2374 5712 .

2172 5662 2374 5714 refert.

2244 5729 2392 5801 (124)
2425 5729 2482 5784 c.
2519 5729 2602 5784 14.
2638 5729 2722 5785 14.
