3962 6366
141 345 301 411 1081
1533 344 1822 408 PROLE1

1969 346 2156 409 [ENA
3410 350 3563 417 1082

136 496 395 542 nonnun
416 494 602 554 quam
646 482 881 554 injusta
901 482 958 539 et
976 481 1159 540 nimis
1181 482 1393 540 acerba
1413 482 1587 540 ratus
1600 501 1621 550 _'
1649 484 1809 541 alius
1845 486 1891 542 Α
1927 486 2062 543 dose
2088 486 2157 542 ut
2179 488 2377 545 scriba
2414 490 2641 546 textum
2660 464 2849 545 'haud
2883 490 3036 547 satis
3074 488 3444 547 intellexisse
3469 489 3576 548 sed

140 571 481 646 Godefridi
512 572 949 645 archiepiscopi
980 574 1235 645 tempora
1259 589 1333 631 ex
1352 576 1503 633 aclis
1525 576 1811 643 genuinis
1923 579 2536 650 quamﬂdclissimum
2562 582 2815 639 alterius
2833 596 2894 637 co
2905 582 3051 637 dicis
3074 582 3376 650 exemplar
3382 581 3571 651 fecis-

138 664 339 721 latius
365 663 712 735 exponenda
733 664 955 720 sumsit
975 668 1122 733 (125)
1138 682 1161 731 ,·
1188 666 1349 721 alius
1371 667 1624 737 denique
1645 666 1812 721 novis
1921 679 1983 722 se
2003 668 2294 725 videatur.
2322 670 2395 725 In
2416 672 2469 726 si
2476 671 2679 740 nqulis
2700 670 2893 725 verbis
2912 670 3243 727 scribendis
3265 685 3301 726 (ι
3324 670 3570 740 vulgari

136 752 572 810 additionibus
615 753 842 809 textum
881 755 1077 823 auxit,
1122 754 1353 811 chartis
1390 756 1447 810 et
1474 754 1812 826 diplomati—
1921 768 2071 826 saepe
2097 759 2339 825 recedit,
2369 761 2585 829 quippe
2614 761 2719 829 qui
2743 776 2772 814 c
2791 776 2896 830 pro
2920 764 2961 825 ι,
2996 778 3057 814 cc
3078 775 3183 826 pro
3206 766 3285 825 ct,
3314 775 3441 814 cum
3463 773 3569 829 pro

138 840 276 905 bus,
308 856 444 913 qua
462 844 527 899 in
545 843 819 913 antiquis
844 843 1039 901 Gestis
1064 843 1602 901 breriterindicata
1622 845 1808 912 erant,
1923 860 2045 903 com
2080 851 2135 900 et
2171 847 2303 903 alia
2336 848 2614 904 exhibeat
2632 850 2970 919 peculiaria
3050 851 3189 904 Tam.
3239 848 3352 903 hac
3390 862 3571 918 quam

135 932 420 1004 aliisque
448 930 591 988 mul.
606 934 661 989 is
685 932 858 1002 plene
888 933 1220 1004 descriptis,
1255 936 1344 990 ita
1366 934 1433 990 ut
1450 949 1647 990 eorum
1665 935 1816 989 mole
1921 937 2136 991 menda
2168 937 2281 992 illa
2305 940 2596 1008 graviora
2633 938 2841 994 scriba
2881 938 3195 995 tribuenda
3236 950 3358 993 esse
3390 937 3533 1007 puto
3548 952 3572 1002 ,-

130 1021 483 1092 genuinum
517 1021 739 1077 textum
771 1036 1192 1092 nonnunquam
1219 1038 1466 1094 prorsus
1493 1023 1735 1080 obruere
1761 1024 1818 1079 et
1923 1038 2041 1081 non
2065 1039 2284 1094 paucos
2310 1039 2440 1081 vero
2466 1040 2694 1082 errores
2721 1027 2841 1097 ipsi
2870 1026 3175 1085 Gestorum
3204 1026 3434 1082 auctori
3464 1027 3569 1081 im-

135 1111 602 1167 chartularium
636 1112 845 1182 potius
885 1127 1066 1182 quam
1106 1113 1423 1169 chron'con
1468 1114 1817 1169 Treverense
1919 1112 2280 1183 putaverim.
2328 1116 2539 1171 Brevis
2578 1114 2646 1169 de
2681 1116 3139 1183 archiepiscopis
3178 1114 3564 1181 Adalberone,

137 1198 434 1255 exhibere
465 1200 763 1255 videatur.
805 1202 969 1266 Quod
989 1217 1025 1256 a
1051 1202 1357 1258 Lamberto
1390 1203 1459 1257 de
1489 1205 1671 1272 Leqia
1701 1218 1817 1256 mo-
1928 1201 2251 1273 Godefrido
2274 1204 2331 1257 et
2356 1203 2698 1271 Meqinhero
2726 1205 2944 1259 notit'a
2974 1205 3100 1259 alia
3130 1217 3310 1257 manu
3333 1202 3395 1257 in
3416 1200 3570 1258 codi-

132 1288 338 1344 nacho
362 1288 812 1346 Sanmathiano
818 1289 1063 1360 factum
1090 1305 1230 1353 esse,
1252 1294 1392 1347 sunt
1413 1293 1519 1361 qui
1541 1286 1821 1347 statuant
1926 1303 2004 1355 ce,
2030 1291 2213 1361 hujus
2233 1292 2301 1346 ut
2320 1292 2557 1348 videtur
2578 1293 2931 1363 temporibus
2952 1293 3189 1362 scripto,
3216 1292 3426 1346 (trltittt
3449 1290 3561 1344 est.

136 1376 301 1445 (126)
314 1396 340 1446 ,·
372 1377 438 1431 id
464 1377 625 1447 quod
656 1392 845 1447 neque
872 1380 1226 1448 conﬁrmare
1254 1394 1435 1449 neque
1464 1395 1682 1451 negare
1712 1394 1816 1435 au-
1925 1379 2101 1435 Hanc
2120 1393 2242 1435 una
2264 1394 2393 1436 cum
2419 1382 2727 1439 Gestorum
2750 1381 3192 1451 textu/idetiter
3221 1378 3564 1447 descripsit.

139 1465 299 1519 sim.
348 1464 516 1520 Certe
543 1466 742 1535 codex,
768 1468 889 1522 nisi
910 1466 1085 1523 valde
1088 1468 1309 1539 fallor,
1335 1469 1407 1524 ab
1433 1470 1556 1539 ipso
1580 1470 1817 1525 auctore
2000 1468 2089 1537 (Α)
2126 1470 2203 1523 1b.
2242 1469 2439 1525 Codex
2459 1472 2646 1526 musci
2666 1470 3033 1538 Britannici,
3064 1469 3295 1524 Harlei.
3322 1482 3378 1521 n.
3408 1470 3569 1534 3773,

138 1555 464 1621 exaratus,
500 1554 565 1609 in
587 1567 722 1611 sxc.
756 1570 831 1609 xu
854 1555 1044 1610 medio
1077 1556 1354 1613 collocari
1385 1558 1572 1622 debet,
1599 1558 1655 1611 et
1674 1556 1816 1611 olim
1924 1569 2060 1612 sieo.
2092 1572 2188 1625 xu,
2216 1572 2387 1626 quem
2408 1559 2544 1613 ante
2564 1572 2750 1615 annos
2771 1558 3003 1627 aliquot
3017 1560 3151 1626 jam
3176 1556 3451 1613 Perteius
3474 1568 3571 1609 no-

136 1642 219 1696 in
255 1640 610 1699 bibliotheca
638 1643 1091 1700 Sanmathiana
1108 1646 1270 1715 fuit.
1312 1647 1610 1701 Praeterea
1634 1647 1815 1701 etiam
1926 1656 2009 1699 vx
2039 1644 2178 1699 huic
2209 1643 2515 1701 Gestorum
2548 1645 2799 1701 editioni
2831 1646 3210 1709 adhibun'at,
3253 1659 3408 1699 nunc
3438 1657 3569 1697 rero

145 1731 304 1786 nota
329 1730 398 1786 de
419 1731 665 1787 ecclesia
697 1731 912 1788 Sancti
945 1734 1238 1789 Eucharii
1264 1735 1629 1804 recedi/iouia
1663 1735 1720 1789 et
1746 1735 1817 1789 de
1928 1732 2024 1789 his
2051 1734 2282 1790 schedis
2318 1733 2587 1789 Treveris
2619 1734 2942 1805 deperditis
2967 1735 3176 1790 iterum
3201 1747 3381 1803 quam
3402 1745 3571 1788 accu-

139 1821 360 1876 sancto
394 1819 635 1876 blathia
666 1821 901 1876 invento
927 1826 1070 1892 (127)
1096 1823 1277 1893 hujus
1305 1824 1545 1880 cxnobii
1573 1824 1814 1893 Scriplo-
1843 1846 1895 1905 B
1924 1823 2231 1879 ratis-inte
2259 1824 2315 1877 V.
2333 1824 2403 1880 cl.
2425 1824 2628 1879 Ehler
2644 1837 2703 1879 ee
2719 1823 2980 1892 scripsit.
3006 1833 3123 1886 {gito
3142 1821 3572 1890 crmzprobatum

138 1921 281 1964 rem
306 1910 590 1980 arguunt.
613 1910 781 1966 Idem
797 1911 1296 1968 continuationem
1317 1912 1389 1968 ab
1407 1928 1461 1967 a.
1494 1916 1808 1980 1132-1152,
1927 1913 2030 1973 est,
2068 1912 2223 1968 hunc
2250 1911 2469 1969 librum
2496 1911 2637 1968 codi
2658 1914 2713 1967 is
2746 1917 2767 1966 1
2802 1925 2924 1967 esse
2954 1912 3273 1979 exemplar,
3308 1912 3412 1975 ita,
3449 1908 3571 1963 nisi

142 2011 234 2054 ex
280 1998 415 2054 Vita
444 1999 641 2055 sancti
678 1999 1071 2057 Adalberonis
1100 2016 1377 2071 magnam
1398 2002 1638 2072 partem
1669 2003 1815 2059 hau-
1909 2001 2132 2071 fallor,
2150 2002 2394 2074 factum
2422 2003 2489 2055 ut
2514 2000 2714 2057 scriba
2746 2000 3025 2071 maqistri
3066 1999 3353 2055 dictantis
3390 1996 3570 2052 verba

144 2087 335 2154 stam,
381 2087 676 2157 adjecisse
693 2088 1007 2159 putandus
1038 2091 1140 2147 est.
1177 2105 1358 2160 quam
1392 2091 1455 2146 in
1485 2092 1680 2148 codice
1708 2092 1814 2148 illo
1922 2092 2151 2146 calamo
2174 2089 2496 2160 exciperet;
2519 2102 2641 2160 qua
2661 2088 2961 2144 occasione
2980 2088 3078 2143 hic
3102 2087 3325 2141 textum
3344 2086 3406 2141 in
3434 2091 3447 2139 1
3476 2086 3569 2140 de-

1910 2178 2239 2248 pravatum
2279 2178 2634 2248 conjecturis
2672 2190 2892 2233 sanare
2930 2176 3258 2239 conaretur,
3304 2174 3407 2230 ille
3434 2187 3567 2227 vero

1919 2279 2095 2323 novos
2118 2267 2503 2323 committeret
2523 2279 2748 2321 errores
2768 2265 3043 2334 antiquis
3058 2264 3387 2335 gratiores.
3415 2264 3570 2319 Nam

1924 2356 2069 2412 adeo
2079 2358 2215 2427 jam
2236 2354 2412 2411 verba
2431 2354 2871 2425 sententiasque
2890 2352 3166 2423 corrupta
3192 2352 3469 2419 videmus,
3502 2350 3570 2406 ut

1921 2458 2073 2502 vera
2099 2445 2364 2501 lectionis
2386 2444 2566 2499 etiam
2588 2442 2847 2514 vestigia
2871 2455 3020 2511 sape
3047 2441 3423 2497 evanuerint.
3466 2441 3571 2495 Ite-

1923 2534 2146 2590 centior
2166 2547 2379 2589 manus
2398 2532 2592 2587 multa
2614 2532 2892 2599 correxit,
2926 2543 3351 2599 nonnunquam
3381 2529 3571 2584 altero

1920 2623 1991 2679 ut
2009 2622 2244 2677 videtur
2266 2620 2461 2677 codice
2490 2620 2724 2689 a'ljuta,
2756 2621 2973 2690 sapius
2999 2620 3182 2675 meris
3212 2617 3573 2687 conjecturis

1922 2711 2243 2781 indulgens
2287 2741 2354 2749 —
2378 2710 2455 2766 In
2476 2710 2711 2765 ultimis
2733 2710 2992 2776 quatuor
3015 2707 3156 2764 libri
3170 2706 3358 2777 foliis
3380 2704 3570 2762 libelli

1924 2798 2086 2856 alius
2108 2799 2445 2868 argumenti
2468 2798 2614 2867 (129)
2638 2797 2849 2865 scripti
2873 2796 3033 2853 sunt.

1999 2887 2088 2959 (A)
2111 2890 2169 2943 2.
2210 2887 2409 2944 Codex
2426 2888 2615 2943 musci
2631 2884 3000 2953 Britannici,
3022 2881 3330 2941 Arundell.
3359 2897 3415 2937 n.
3442 2885 3566 2949 270,

1926 2991 2061 3034 sxc.
2102 2992 2221 3046 xm,
2256 2976 2324 3032 ut
2349 2975 2606 3044 videtu/r,
2639 2975 2811 3031 iii-4‘0
2836 2975 3114 3043 scriptus,
3148 2970 3250 3027 ubi
3271 2971 3399 3043 fol.
3450 2972 3571 3025 1-23

1932 3067 2110 3126 Gesta
2136 3066 2514 3123 Treverorum
2536 3064 2795 3135 antiqua
2819 3064 2904 3133 leg
2915 3063 3113 3118 untur.
3136 3063 3311 3117 Hunc
3334 3058 3570 3125 librum,

1929 3157 2072 3215 olim
2095 3156 2367 3228 fortasse
2392 3153 2713 3225 Moguntia
2739 3153 2836 3209 vel
2859 3153 2927 3209 in
2955 3152 3189 3208 dixcesi
3219 3148 3574 3220 Moguntina

1929 3245 2293 3303 asservatum
2325 3245 2491 3315 (130),
2522 3244 2756 3314 primus
2792 3242 2872 3297 cl.
2920 3238 3293 3311 Lappenberq
3334 3238 3569 3301 evolvit,

155 2174 370 2232 eadem
396 2190 602 2245 manu,
635 2180 911 2246 quamvis
946 2193 1058 2233 non
1089 2179 1365 2234 continuo
1396 2179 1635 2249 calamo,
1669 2183 1815 2237 scri-

147 2265 326 2337 ptam
352 2263 640 2321 videmus.
670 2267 875 2336 Neque
896 2281 1026 2322 vero
1050 2268 1212 2323 ultra
1240 2268 1395 2324 hunc
1421 2283 1643 2325 annum
1669 2272 1815 2326 scri-

147 2354 295 2425 ptor
312 2367 663 2425 progressus
685 2356 787 2424 est,
812 2356 917 2412 sed
945 2356 1059 2412 a’ii
1082 2358 1285 2426 postea
1315 2358 1476 2415 alias
1506 2361 1815 2416 continua-

149 2444 348 2501 tiones
378 2443 745 2515 adjecerunt,
780 2444 850 2501 de
878 2445 1097 2515 quibus
1125 2446 1276 2502 alibi
1308 2449 1653 2506 accuratius
1681 2464 1813 2521 aqe-

144 2546 288 2591 mus
302 2576 315 2588 .

224 2622 358 2679 Hoc
388 2620 507 2678 loco
534 2622 961 2695 antiquissima
998 2624 1373 2681 Treverorum
1407 2624 1586 2682 Gesta
1627 2640 1815 2697 usque

148 2709 241 2767 ad
271 2724 331 2766 a.
372 2715 527 2779 1101,
566 2712 744 2769 Gesta
773 2712 951 2768 aucta
978 2713 1037 2768 et
1057 2714 1405 2769 continuata
1434 2728 1619 2786 usque
1647 2714 1728 2771 ad
1752 2729 1809 2771 a.

152 2803 319 2868 1132,
342 2799 598 2869 denique
614 2800 952 2857 additiones
972 2815 1101 2857 srec.
1130 2817 1204 2856 xu
1211 2803 1426 2874 factas
1449 2802 1811 2860 exhibemus.

150 2888 303 2954 Qua
333 2887 535 2945 omnia
560 2888 825 2945 codicum
846 2890 1311 2945 etrecentiorum
1334 2891 1691 2961 scriptorum
1712 2906 1815 2949 au-

146 2976 440 3034 ctoritate
462 2976 624 3033 ducti
653 2978 1033 3033 Treverorum
1066 2980 1248 3037 Gesta
1278 2982 1688 3048 nominamus;
1712 2982 1817 3038 sed

155 3066 233 3121 ut
260 3065 509 3136 singula
539 3065 962 3122 discernantur
982 3082 1178 3137 opera,
1203 3068 1459 3138 primum
1483 3083 1533 3139 a,
1559 3070 1816 3127 alter-um

152 3155 216 3220 b,
251 3154 496 3211 tertium
516 3168 647 3210 vero
669 3169 699 3209 c
721 3156 1111 3212 nominamus.
1149 3156 1666 3215 Ccntinuationem
1697 3159 1819 3216 bre-

153 3257 291 3299 vem
316 3257 505 3313 usque
523 3243 604 3299 ad
624 3257 687 3299 a.
723 3248 858 3299 1152
877 3245 931 3299 et
956 3258 1088 3314 qua
1105 3246 1307 3314 postea
1330 3247 1583 3304 diversis
1611 3248 1821 3320 tempo-
1851 3203 1899 3265 Ο

154 3330 339 3388 ribus
371 3331 441 3387 de
470 3333 757 3403 episcopis
789 3332 1247 3390 Treverensibus
1277 3336 1505 3406 scripta
1531 3338 1675 3393 sunt
1700 3338 1823 3395 alio

172 3420 365 3491 hujus
394 3420 759 3476 collectionis
786 3420 1087 3476 volumine
1117 3421 1372 3479 edemus.

229 3510 411 3566 Nunc
451 3508 678 3565 codices
707 3510 998 3581 quotquot
1026 3511 1105 3566 ad
1133 3510 1414 3567 notitiam
1443 3512 1709 3571 nostram
1736 3530 1828 3572 ve-

156 3599 382 3654 nerunt
404 3596 662 3654 breviter
692 3597 1111 3668 describemus,
1145 3614 1245 3670 spe
1276 3600 1439 3657 ducti
1453 3603 1598 3674 fore
1628 3604 1698 3659 ut
1724 3603 1831 3664 hoc

157 3685 333 3741 modo
364 3700 481 3743 non
510 3688 701 3743 solum
741 3687 997 3745 editioni
1037 3690 1253 3746 nostra
1282 3692 1443 3746 viam
1471 3692 1827 3763 sternamus,

171 3774 284 3831 sed
308 3790 379 3832 ea
406 3790 639 3846 quoque
662 3776 857 3847 magis
884 3778 1307 3849 conﬁrmentur
1326 3782 1507 3850 atque
1527 3782 1833 3839 illustren-

178 3865 280 3920 tur
300 3877 433 3935 qua
440 3866 575 3935 jam
598 3867 1000 3935 exposuimus.
1041 3867 1198 3924 Nam
1218 3868 1444 3925 codices
1464 3871 1671 3941 secuti,
1701 3871 1831 3929 Tri-

175 3952 237 4009 th
247 3954 389 4009 emii
419 3967 645 4010 errores
676 3953 1101 4023 deprehendere
1121 3956 1180 4010 et
1193 3970 1309 4011 non
1328 3956 1518 4013 solum
1541 3958 1661 4015 tres
1684 3960 1829 4017 illas

183 4042 493 4101 Gestorum
506 4043 751 4114 formas
778 4056 1078 4099 secernere
1100 4044 1206 4100 sed
1230 4045 1411 4101 etiam
1432 4046 1680 4104 leviores
1700 4062 1829 4106 mu-

164 4131 229 4187 ta
241 4130 435 4188 tiones
464 4131 737 4188 indicare
752 4132 1080 4203 potuimus.

240 4217 330 4288 (A)
368 4224 414 4273 1.
454 4219 653 4276 Codex
679 4224 825 4291 (128)
847 4221 989 4277 olim
1022 4221 1424 4280 «monasterii
1450 4225 1665 4281 Sancti
1696 4226 1827 4283 Μα-

165 4306 314 4363 thiee
343 4307 597 4377 apostoli
627 4310 802 4364 extra
828 4323 1026 4365 muros
1060 4310 1441 4369 Treverenses
1469 4313 1593 4369 ord.
1629 4315 1825 4372 sancti

165 4395 501 4465 Benedicti,
532 4415 561 4446 ››
595 4396 819 4453 nostris
852 4398 1209 4468 temporibus
1239 4400 1305 4455 in
1333 4398 1683 4459 bibliotheca
1706 4404 1824 4463 viri

168 4484 504 4541 doctissimi
555 4484 825 4541 Fichard
870 4485 1399 4558 Francofurtensis
1448 4494 1813 4550 asservatus.

166 4571 347 4630 Liber
360 4572 548 4645 foliis
578 4576 646 4626 75
676 4575 928 4631 minoris
943 4575 1165 4646 forma
1194 4578 1441 4648 constat,
1474 4593 1726 4649 quorum
1754 4587 1821 4639 69

169 4662 370 4721 Gestis
419 4661 753 4732 explentur,
804 4676 936 4734 quee
985 4665 1197 4720 saculo
1245 4680 1322 4721 xu
1369 4667 1492 4724 inc.
1546 4682 1663 4725 non
1699 4685 1825 4730 una

165 4764 371 4820 manu,
394 4749 632 4821 partim
667 4752 734 4808 in
761 4751 1125 4809 membranis
1155 4767 1309 4824 quas
1339 4755 1547 4814 dicunt
1561 4758 1825 4831 palimp-

164 4839 344 4897 sestis
362 4839 594 4911 scripta
614 4841 771 4910 sunt,
795 4841 1068 4912 neqliqen
1077 4841 1163 4898 ter
1184 4843 1426 4913 quidem
1447 4847 1505 4902 et
1527 4846 1649 4903 tam
1668 4863 1823 4907 men-

1932 3347 2118 3403 nuper
2146 3347 2281 3389 vero
2312 3334 2391 3389 cl.
2434 3332 2659 3403 Thorpe
2687 3332 2753 3387 in
2780 3343 2924 3386 usus
2959 3328 3188 3385 nostros
3228 3324 3574 3395 exscripsit.

1935 3424 2062 3479 Hoc
2091 3422 2397 3481 Gestorum
2426 3420 2749 3492 exemplar,
2779 3433 2895 3475 non
2915 3431 2989 3474 ex
3011 3422 3063 3487 1,
3090 3416 3195 3474 sed
3223 3429 3295 3471 ex
3324 3414 3446 3471 alio
3477 3412 3582 3468 hu-

1921 3512 2032 3582 jus
2055 3511 2416 3569 recensionis
2444 3510 2639 3567 codice
2667 3508 2983 3578 sumptum,
3018 3505 3304 3563 accurata
3324 3501 3585 3575 prastat

1935 3601 2235 3660 scribendi
2252 3602 2507 3665 ratione,
2531 3598 2636 3656 sed
2650 3598 2881 3654 mendis
2900 3594 3142 3652 minime
3159 3594 3341 3661 caret,
3366 3594 3583 3663 quippe

1938 3690 2099 3761 quod
2114 3688 2279 3745 modo
2298 3688 2475 3745 verba
2499 3687 2751 3755 omittat,
2786 3686 2951 3742 modo
2981 3685 3113 3740 alia
3142 3682 3335 3739 addat
3349 3681 3443 3738 vel
3462 3694 3583 3738 cor-

1937 3778 2297 3837 rectionibus
2340 3777 2656 3846 antiquum
2696 3787 3017 3831 sermonem
3060 3772 3353 3843 deformet
3395 3770 3572 3840 (131).

1936 3868 2306 3924 Brevissima
2336 3866 2403 3922 in
2417 3865 2545 3937 fine
2574 3863 2813 3935 adjecta
2850 3862 2941 3919 est
2972 3859 3341 3919 continuatio
3378 3858 3583 3916 eadem

1935 3968 2121 4013 manu
2147 3954 2400 4025 scripta.

2012 4043 2158 4101 Cum
2190 4042 2295 4099 hoc
2320 4040 2515 4099 codice
2532 4039 2742 4111 plures
2772 4040 2863 4098 ita
2892 4036 3263 4106 conveniunt,
3295 4037 3364 4093 ut
3394 4049 3469 4093 ex
3495 4050 3582 4091 eo-

1938 4132 2066 4189 dem
2089 4131 2266 4204 fonte
2303 4129 2509 4187 hausti
2547 4142 2670 4185 esse
2708 4126 2978 4185 debeant.
3024 4125 3194 4182 Inter
3217 4138 3363 4196 quos
3388 4125 3581 4196 primo

1936 4222 2055 4279 loco
2084 4219 2453 4277 nominanda
2479 4218 2621 4275 sunt
2639 4218 2752 4274 duo
2769 4217 3035 4275 codicum
3047 4214 3425 4287 fragmenta,
3452 4228 3582 4285 qua

1933 4310 2135 4366 utrum
2163 4309 2304 4366 huic
2332 4308 2516 4365 classi
2548 4306 2867 4364 tribuenda
2895 4306 3024 4364 sint
3047 4319 3225 4363 necne
3244 4306 3383 4377 jam
3407 4303 3584 4361 intel-

1938 4400 2048 4470 ligi
2076 4398 2290 4469 nequit
2307 4417 2328 4452 :

2005 4490 2088 4559 3a)
2122 4486 2321 4544 Codex
2350 4484 2858 4559 Guelferbytanus
2873 4496 3007 4542 sxc.
3041 4498 3139 4554 xu,
3164 4483 3274 4554 qui
3292 4496 3448 4539 nunc
3467 4494 3583 4539 uno

1852 4551 1904 4614 D
1936 4551 2167 4634 tantum
2187 4551 2579 4648 quaternibne
2595 4551 2844 4643 constat,
2870 4587 2984 4644 quo
2995 4551 3319 4633 Gestorum
3334 4570 3583 4627 initium

1931 4678 2120 4736 usque
2140 4664 2222 4721 ad
2241 4663 2363 4722 hac
2380 4677 2507 4734 cap.
2535 4667 2567 4718 9
2587 4662 2764 4720 verba
2787 4681 2806 4716 :
2829 4677 2883 4716 ιιι
2908 4660 3157 4716 concilio
3180 4659 3384 4716 habuit
3424 4658 3509 4714 cir
3536 4660 3580 4713 II

1933 4752 2174 4825 legitur,
2198 4753 2476 4810 accurate
2494 4750 2648 4809 satis
2671 4750 2729 4806 et
2744 4748 2937 4805 nitide
2956 4747 3237 4817 scriptus.

2005 4851 2089 4922 3b)
2108 4851 2305 4908 Codex
2316 4850 2437 4907 viri
2446 4847 2516 4905 cl.
2535 4845 2810 4918 Leopoldi
2828 4860 2946 4903 van
2962 4842 3580 4915 Alstein,Gandensis,

1753 5027 1975 5086 NOTAE.

264 5162 392 5232 125)
427 5161 566 5227 Quae
597 5160 730 5217 vide
763 5161 911 5217 intra
940 5160 1116 5217 edita.

266 5237 393 5317 129)
424 5232 896 5317 Wyttenbach}.
930 5233 1278 5317 98901..Δ
1303 5234 1380 5317 (ρ.
1418 5239 1521 5317 172
1552 5252 1603 5317 ρ.
1631 5239 1819 5317 eidem

170 5302 529 5378 mntationes
560 5302 901 5378 illasﬂcsﬂ.
930 5308 1012 5378 15.
1037 5305 1235 5378 iactas
1268 5302 1520 5378 tribuit.)
1554 5310 1630 5365 De
1665 5311 1821 5367 Lam-

168 5377 336 5432 berto
366 5392 420 5430 v.
459 5374 649 5430 Mirac.
684 5376 736 5429 S.
775 5374 1000 5430 Mathize
1033 5375 1088 5430 iu
1121 5378 1382 5448 Append.

239 5448 390 5515 (127)
417 5447 476 5501 C.
510 5450 597 5501 25.

238 5515 502 5600 (128_)__(_3f.
541 5515 767 5600 qute‘de
799 5515 905 5572 hoc
941 5516 1198 5600 filiisque
1226 5519 1530 5576 codicibus
1556 5521 1671 5591 jam
1720 5526 1823 5579 Ar-

169 5588 318 5646 chiv.
354 5590 471 5657 VII,
507 5603 564 5660 p.
600 5592 707 5660 5H,
735 5601 888 5660 s_qq.,
922 5588 1060 5645 dixi.

239 5661 390 5733 (129)
421 5658 655 5733 Prima
669 5658 965 5733 dedicatio
978 5674 1175 5733 quam
1195 5661 1509 5719 constituit
1521 5675 1633 5719 rex
1650 5664 1823 5720 S’alo-

164 5729 333 5806 mon;
362 5729 448 5793 De
461 5729 822 5806 paenitentia
842 5733 902 5788 et
921 5729 1272 5790 liberatione
1288 5734 1664 5804 Salomonis;
1687 5736 1769 5793 Di
1780 5754 1822 5790 ς-

1930 5170 2217 5227 sonantia
2248 5167 2546 5226 Ambrosii
2575 5168 2635 5225 et
2657 5168 2977 5225 Jeronimi.

2004 5241 2152 5313 (130)
2184 5242 2321 5297 Nam
2356 5240 2931 5313 archiepiscoporum
2980 5238 3581 5313 Moguntinorunvea-

1933 5308 2188 5382 talogu’m
2252 5345 2277 5350 --
2316 5326 2364 5367 a.
2408 5308 2628 5365 123οἷιι
2666 5308 2869 5367 ultimo
2899 5309 3009 5381 legi
3040 5308 3315 5381 fuliojam
3348 5308 3575 5365 Archiv.

1933 5385 2045 5440 VII.
2085 5400 2137 5455 p,
2174 5388 2295 5452 512,
2332 5382 2548 5439 notavi.

2004 5448 2096 5525 (13'
2107 5459 2153 5526 1)
2189 5457 2247 5510 E.
2279 5448 2366 5525 'gr.
2399 5470 2448 5510 c.
2476 5460 2513 5526 9
2538 5466 2728 5526 neque
2752 5484 2821 5492 —
2849 5450 3124 5526 volebant
3143 5468 3192 5509 c.
3220 5456 3293 5526 10
3321 5465 3451 5526 cum
3483 5448 3580 5526 his

1930 5522 2431 5598 —‘per'venefant,
2459 5524 2515 5581 et
2541 5522 2648 5595 qui
2683 5555 2745 5563 —
2776 5522 3537 5598 proficiscebanturdcsuuL
3564 5534 3577 5597 ξ

1932 5612 1981 5652 c.
2017 5589 2105 5665 23,
2143 5613 2246 5669 pro
2272 5589 2460 5669 penus
2490 5589 2894 5669 sc‘riptuln'esl
2910 5595 3175 5667 penuria
3203 5600 3258 5649 et
3302 5591 3432 5648 inde
3467 5589 3576 5645 loci

1932 5683 2140 5727 sensus
2174 5669 2556 5727 deformatur.
