3962 6302
441 326 596 394 1088

1676 325 1946 394 GESTA
1999 321 2332 392 TREVER
2344 323 2578 393 ORUM

3658 325 3781 398 1084

439 485 619 543 antea
641 484 942 542 Lammens
972 481 1143 556 (132),
1170 497 1298 544 sae.
1333 429 1432 554 xu,
1478 485 1778 557 eleganter
1816 484 1883 541 in
1911 495 2086 539 mem-
2116 463 2167 522 Α
2200 481 2534 539 ternionum
2558 479 2790 538 numeri
2819 476 3245 536 XXXI-XXXI
3251 477 3302 534 ν
3319 477 3634 552 ostendunt,
3650 485 3780 544 nota-

443 573 650 632 branis
679 575 985 632 exoratus.
1023 576 1227 646 Hujus
1257 589 1489 647 quoque
1519 575 1642 631 octo
1675 575 1906 629 tantum
1921 572 2087 644 folia

440 667 776 737 supersunt,
815 678 946 736 qua
964 679 1152 734 usque
1171 664 1254 720 ad
1287 678 1333 721 c.
1361 668 1428 720 12
1455 663 1660 721 verba:
1708 662 2086 732 magistratus

445 769 571 826 quae
596 755 912 826 pertinent.

513 845 648 898 Huc
673 842 959 899 accedunt
977 841 1221 909 codices,
1257 855 1402 912 quos
1433 855 1563 898 cum
1587 841 1864 912 antiquis
1895 839 2088 899 Gestis

445 930 558 998 (Η.)
584 943 772 1002 usque
792 929 874 986 ad
893 929 1226 985 Eberhardi
1248 930 1487 986 mortem
1512 930 1578 997 (σι-
1600 943 1655 985 α.
1686 931 1844 998 1066)
1869 929 2088 985 exscri-

427 1019 552 1090 ptis
573 1017 1075 1074 continuationem
1095 1018 1272 1073 illam
1292 1032 1478 1088 usque
1498 1017 1580 1074 ad
1598 1033 1652 1073 a.
1684 1023 1818 1072 1132
1835 1017 1967 1086 conj
1976 1031 2078 1072 un-

433 1109 599 1164 xisse
614 1107 770 1162 etita
784 1121 993 1161 norum
1005 1107 1431 1176 quodammodo
1443 1121 1586 1177 opus
1599 1105 1880 1177 efecisse,
1896 1120 2086 1176 supra

425 1197 562 1266 jam
600 1195 753 1250 dixi.
799 1196 1010 1251 Nescio
1041 1209 1122 1250 an
1151 1195 1376 1251 codices
1408 1201 1467 1250 3τι
1498 1196 1560 1248 3b
1591 1195 1705 1251 huc
1718 1195 2084 1264 pertineant,

435 1283 661 1353 reliqui
674 1297 806 1338 vero
817 1284 1095 1340 saculum
1113 1299 1210 1339 xm
1225 1299 1338 1340 non
1353 1284 1654 1354 superant,
1671 1297 1778 1353 neq
1791 1297 1858 1338 ue
1893 1284 2082 1352 atate,

434 1386 624 1444 neque
659 1373 947 1429 accurata
979 1372 1220 1428 lectione
1267 1371 1764 1436 commendantur,
1810 1373 2086 1442 quamvis

437 1475 569 1518 cum
597 1466 631 1516 2
657 1461 1006 1531 plerumque
1034 1460 1402 1517 conveniant.

513 1550 565 1619 4)
593 1549 792 1606 Codex
821 1550 874 1604 V.
901 1550 971 1605 cl.
1005 1549 1552 1620 ThomaPhillipps
1577 1549 1816 1620 equitis,
1835 1550 1898 1604 in
1916 1550 2089 1618 cujus

439 1639 746 1696 ditissima
771 1637 1120 1694 bibliotheca
1145 1637 1474 1694 Middtehil
1495 1638 1861 1705 asservatur,
1896 1639 2001 1706 qui
2025 1637 2090 1692 in

421 1729 606 1799 foliis
625 1730 694 1781 42
715 1726 1179 1783 membranaceis
1207 1741 1387 1782 manu
1415 1740 1541 1783 sac.
1572 1742 1669 1781 xm
1703 1725 1880 1781 Gesta
1903 1726 2088 1781 conti-

439 1817 556 1882 net,
587 1815 740 1873 satis
771 1815 1094 1885 diligenter
1123 1815 1399 1872 exarata.
1434 1816 1780 1886 Pracipuas
1813 1815 2087 1871 lectiones

439 1906 511 1961 cl.
549 1903 926 1974 Lappenberg
959 1904 1240 1960 enotavit.

2197 587 2312 644 que
2330 571 2443 627 hac
2462 570 2811 627 recentioris
2833 582 3046 625 manus
3077 568 3494 640 conﬁrmatur:
3515 571 3571 625 In
3591 570 3777 646 v[eieri]

2196 677 2226 718 c
2242 659 2456 732 [odice]
2487 660 2893 732 praecedebant.
2916 658 3086 714 Gesta
3103 659 3452 712 Francorum
3475 661 3530 712 et
3555 659 3776 720 Historia

2200 749 2472 806 miscellze
2522 747 2684 804 Pauli
2735 747 2966 803 Diaconi
3027 745 3255 802 nomine
3302 745 3432 800 libri
3481 761 3615 803 χχιχ.
3647 749 3780 808 Nunc

2195 839 2361 895 nihil
2377 840 2499 895 nisi
2518 835 2698 894 Gesta
2725 837 3104 892 Treverorum
3129 835 3228 891 hic
3266 834 3539 904 leguntur
3539 837 3658 906 jam
3675 838 3782 895 duo-

2199 926 2304 984 bus
2319 927 2502 1001 foliis
2524 927 2762 984 omissis
2781 939 3012 982 manca.
3043 923 3168 981 Sed
3185 924 3308 980 hac
3327 937 3506 994 nuper
3520 923 3783 984 Bethman-

2196 1031 2310 1073 nus
2329 1017 2526 1074 noster
2551 1017 2745 1072 Roma
2775 1014 2998 1084 reperit
3017 1015 3084 1070 in
3103 1012 3224 1070 cod.
3285 1013 3557 1069 Vaticano
3581 1013 3778 1084 Christ,

2195 1121 2253 1162 n.
2291 1110 2448 1173 1283,
2483 1104 2584 1160 ubi
2597 1104 2658 1176 f.
2691 1108 2778 1173 70,
2813 1106 2900 1173 7|,
2923 1102 3180 1160 exstant.

2268 1193 2350 1265 δι’)
2370 1194 2570 1250 Codex
2611 1193 2987 1249 Parisiensis
3026 1189 3566 1258 Saint-Germain,'n.
3588 1195 3664 1260 77,
3679 1191 3776 1262 fol.

2195 1283 2364 1353 maj.,
2390 1297 2419 1340 s
2482 1298 2601 1351 xm,
2647 1281 2878 1339 duabus
2915 1281 3205 1337 columnis
3224 1277 3490 1350 scriptos,
3510 1278 3606 1348 qui
3623 1291 3788 1336 eacon-

2198 1372 2349 1429 tinet
2366 1385 2498 1443 qua
2527 1373 2593 1428 in
2631 1375 2692 1426 6η
2705 1373 2841 1442 jam
2863 1368 3306 1430 desiderantur,
3319 1367 3549 1439 partem
3567 1367 3786 1426 historia

2196 1461 2566 1517 Francorum
2586 1458 2659 1516 ab
2688 1461 2939 1530 Hugone
2960 1456 3332 1514 Floriacensi
3360 1455 3599 1526 scripta,
3631 1457 3785 1513 Histo-

2196 1551 2356 1606 riam
2384 1548 2729 1616 miscellam,
2764 1545 3127 1620 fragmenta
3169 1544 3444 1615 quadam
3486 1544 3552 1599 de
3577 1543 3784 1602 historia

2198 1639 2586 1704 Francorum,
2613 1638 2812 1706 iisque
2835 1635 3014 1694 Gesta
3036 1634 3419 1689 Treverorum
3437 1631 3600 1687 addit
3615 1632 3784 1688 adver-

2201 1725 2330 1781 bum
2355 1739 2429 1781 ex
2441 1728 2521 1779 63.
2543 1725 2859 1795 descripta,
2876 1723 2947 1778 ut
2962 1723 3247 1778 accurata
3263 1719 3519 1778 codicum
3529 1719 3785 1777 collatione

2117 1840 2170 1900 Β
2196 1828 2335 1870 mox
2363 1812 2658 1870 intellexi.

2270 1903 2380 1968 δυ’)
2433 1901 2633 1958 Codex
2658 1898 3035 1956 Parisiensis
3066 1895 3538 1966 Saint-Germain,
3568 1909 3624 1952 n.
3660 1900 3780 1966 1079,

511 1996 594 2062 58)
624 1993 821 2048 Codex
840 1990 1319 2063 Hamburgensis
1339 1992 1498 2049 Hist.
1522 1993 1684 2060 eccl.,
1707 1995 1784 2058 40,
1811 2006 1865 2047 n.
1891 1991 2095 2050 XXXI
2197 1992 2409 2049 saculo
2431 2005 2546 2059 xw,
2573 2004 2647 2046 ex
2665 1989 2818 2047 libro
2837 1989 3015 2045 Joan.
3062 1987 3116 2044 le
3132 1987 3327 2045 Feron
3351 1985 3781 2057 Carolopolitaui,

447 2082 617 2152 (133),
635 2081 776 2136 olim
795 2080 1182 2154 Ufenbachii,
1199 2081 1409 2151 postea
1435 2081 1646 2145 Wol/ii.
1665 2080 1940 2148 chart.,s.
1961 2082 2016 2136 Χ
2029 2083 2084 2148 V,

439 2171 518 2239 4ο,
569 2171 678 2240 qui
705 2169 880 2232 foliis
909 2173 1014 2224 223
1057 2171 1235 2226 varia
1279 2183 1458 2240 opera
1487 2170 1748 2226 continet
1775 2169 2083 2239 historica,

435 2257 693 2314 Joannis
723 2257 794 2313 de
820 2256 1158 2314 Stabulaus
1185 2254 1364 2312 Gesta
1407 2257 1580 2326 ponti
1589 2257 1757 2314 ticum
1793 2257 2090 2326 Tungren-

436 2343 580 2412 ium,
622 2343 803 2401 Gesta
838 2344 1281 2400 Treverensium
1310 2357 1534 2400 necnon
1563 2343 1811 2400 Eusebii
1833 2346 1891 2400 et
1915 2345 2088 2403 Pros-

429 2433 566 2504 peri
593 2434 889 2490 Chronica
915 2431 1230 2502 Sigeberto
1256 2433 1584 2504 pramissa.
1615 2433 1792 2490 Gesta
1820 2433 2088 2490 Trevero-

437 2535 574 2578 rum
595 2527 664 2577 70
670 2522 840 2593 folia
863 2521 1117 2592 explent,
1143 2521 1288 2578 olim
1309 2521 1552 2578 seorsim
1575 2521 1908 2591 numerata,
1933 2537 2090 2580 nunc

435 2611 684 2682 paginis
721 2614 952 2666 159-278
986 2610 1314 2680 inscripta;
1338 2609 1444 2666 sed
1461 2609 1600 2666 inde
1621 2624 1659 2663 a
1674 2624 1733 2680 p.
1765 2615 1866 2664 253
1888 2610 1963 2682 (f.
1998 2613 2085 2681 48)

437 2697 809 2756 continuatio
833 2697 1054 2769 legitur
1074 2697 1157 2754 ad
1190 2698 1566 2754 Wernherum
1587 2712 1774 2768 usque
1793 2698 2088 2770 archiepi-

447 2801 684 2858 scOpum
716 2787 796 2856 (a.
832 2790 991 2858 1388)
1023 2786 1298 2844 deducta.

513 2875 594 2948 5b)
611 2865 810 2932 Codex
823 2875 1298 2947 Hamburgensis
1319 2875 1479 2932 Hist.
1501 2875 1685 2931 Germ.
1698 2917 1712 2944 ,
1722 2876 1866 2948 χοι,
1884 2891 1940 2932 n.
1963 2877 2083 2945 31b,

437 2963 715 3036 pluribus
732 2964 1012 3022 manibus
1038 2978 1166 3022 sac.
1205 2979 1411 3020 χιν-χνι
1434 2965 1607 3020 inuito
1630 2966 1775 3036 maj.
1802 2965 2084 3037 scriptus,

440 3053 702 3125 amplam
735 3053 1023 3110 librorum
1043 3053 1464 3110 historicorum
1490 3053 1886 3109 collectionem
1909 3055 2088 3110 conti-

434 3143 534 3198 net
563 3142 732 3212 (134),
749 3142 909 3199 inter
928 3155 1060 3212 qua
1082 3143 1204 3198 tam
1222 3140 1480 3198 Joannis
1505 3141 1576 3196 de
1595 3141 1926 3199 Stabit/aus
1945 3156 2089 3213 opus

435 3203 616 3303 quam
664 3203 1052 3288 Treverorum
1079 3229 1260 3287 Gesta
1291 3229 1365 3301 te,
1385 3230 1590 3299 untur,
1623 3229 1744 3288 hac
1757 3231 1820 3302 χ.
1860 3203 2090 3288 175-190
2121 3203 2170 3265 C

437 3333 621 3376 manu
649 3333 696 3376 s.
729 3335 822 3389 xv,
853 3319 925 3375 ut
949 3319 1189 3376 videtur
1226 3319 1501 3375 exarata.
1539 3319 1838 3376 Lectiones
1867 3333 1997 3375 cum
2027 3325 2088 3376 5ιι

432 3409 784 3479 plerumque
794 3407 1167 3479 conveniunt,
1185 3408 1556 3465 continuatio
1559 3409 1618 3480 χ.
1641 3410 1874 3464 186-190
1889 3409 2090 3464 eadem

439 3497 546 3554 est.

512 3590 591 3656 5ο)
610 3585 806 3642 Codex
821 3583 1297 3657 Hamburgensis
1308 3585 1672 3645 Hist.Germ.
1690 3587 1845 3657 sing.
1861 3587 2084 3657 region.

434 3675 572 3746 fol.,
601 3689 656 3730 n.
687 3679 756 3730 70
777 3677 926 3742 (135)
965 3675 1315 3732 recentioris
1337 3675 1554 3744 atatis,
1577 3675 1684 3746 qui
1689 3675 1873 3746 foliis
1894 3678 1960 3731 88
1981 3689 2087 3731 ea-

441 3763 570 3819 dem
585 3762 873 3820 Historia
894 3764 1266 3820 Trevcrensis
1284 3764 1662 3820 monumenta
1677 3761 1932 3830 exhibet,
1957 3764 2090 3833 qui-

443 3851 551 3908 bus
587 3849 769 3908 Gesta
807 3850 1385 3922 archiepiscoporum
1408 3849 1845 3908 Coloniensium
1885 3852 1975 3912 (ut
2001 3852 2086 3922 δι’)

440 3939 634 3997 addit.
660 3941 779 3996 Hic
804 3939 1148 3996 libermanu
1167 3941 1323 3998 satis
1336 3940 1596 4010 eleganti
1617 3941 1876 4010 scriptus
1888 3939 2090 3999 foedis-

435 4029 609 4087 simis
620 4041 720 4085 sca
729 4029 807 4084 let
818 4028 1138 4092 erroribus.
1162 4029 1269 4099 qui
1281 4027 1535 4084 scribam
1551 4028 1764 4084 veteris
1773 4029 2090 4100 scriptura

441 4115 727 4187 ignarum
749 4116 1032 4186 arguunt.
1067 4117 1214 4173 Cum
1229 4119 1290 4170 5ει
1311 4115 1368 4170 et
1381 4115 1444 4170 5b
1454 4115 1629 4171 valde
1649 4116 1980 4187 concordat,
2013 4130 2091 4174 ex

439 4205 650 4262 neutro
673 4205 868 4261 tamen
904 4205 1172 4275 sumptus
1196 4205 1314 4270 est;
1336 4204 1442 4260 sed
1460 4204 1542 4259 ad
1561 4204 1880 4277 antiquius
1899 4219 2089 4263 exem-

429 4294 576 4368 plar
601 4309 798 4352 omnes
824 4296 1047 4368 referri
1076 4294 1290 4351 debent
1326 4325 1395 4333 —
1415 4293 1702 4364 Ejusdem
1718 4297 1976 4366 generis.

515 4383 598 4455 5d)
641 4383 840 4441 Codex
883 4386 1074 4442 mussi
1119 4383 1490 4452 Britannici,
1531 4383 1753 4441 Cotton.
1805 4385 1967 4442 Titus
2009 4387 2082 4442 D.

441 4473 552 4530 ΧΧ
564 4473 623 4541 ν,
640 4487 762 4531 esse
781 4475 1037 4542 ridetur,
1052 4473 1160 4544 qui
1183 4473 1362 4531 Gesta
1390 4472 1776 4529 Treverorum
1805 4488 1993 4544 usque
2008 4475 2090 4531 ad

2198 2079 2266 2136 id
2295 2079 2382 2134 est
2410 2093 2484 2134 ex
2510 2081 2572 2132 6η
2605 2077 2954 2149 descriptus.

2271 2168 2405 2237 6b“)
2441 2167 2641 2224 Codex
2671 2165 3046 2223 Parisiensis
3077 2162 3293 2220 Baluze
3325 2161 3574 2219 Armoire
3592 2162 3651 2231 11,
3667 2174 3779 2233 pag.

2201 2261 2254 2326 5,
2283 2271 2344 2313 n.
2365 2262 2416 2313 2.
2451 2257 2672 2314 codicis
2707 2260 2764 2309 (η
2800 2251 3212 2330 apographum
3233 2265 3281 2310 s.
3325 2265 3436 2306 xvn
3442 2250 3660 2324 factum
3681 2263 3778 2307 con-

2204 2347 2369 2402 tinet.

2271 2438 2352 2506 6")
2380 2433 3003 2492 CodexBruxellensis
3030 2446 3088 2488 n.
3124 2431 3451 2499 9178-9187,
3473 2443 3518 2486 s.
3549 2443 3656 2497 xm,
3669 2425 3780 2500 fol,

2199 2524 2401 2580 eadem
2423 2536 2601 2594 opera
2627 2522 2891 2579 continet
2916 2535 3048 2592 qua
3062 2521 3128 2578 in
3149 2524 3215 2576 ϐα
3237 2518 3380 2576 olim
3403 2517 3783 2589 legebantur,“

2199 2612 2263 2667 6b
2285 2613 2516 2683 partim
2543 2611 2834 2680 hodieque
2861 2609 3114 2667 exstant.
3155 2607 3512 2674 Quibuscum
3537 2602 3780 2663 codicibus

2199 2699 2382 2770 hujus
2411 2699 2685 2757 lectiones
2714 2713 2753 2755 a
2795 2699 2852 2753 V.
2877 2697 2950 2755 cl.
2996 2697 3211 2754 Oehler
3242 2693 3781 2766 diligentissime”-

2200 2790 2338 2847 tata
2365 2789 2586 2860 ubique
2615 2787 2990 2846 concordant.

2268 2878 2354 2951 ϐἀ)
2381 2878 2580 2936 Codex
2599 2875 3030 2948 Lugdunensis.
3053 2877 3250 2944 n.127,
3274 2887 3324 2943 s,
3348 2887 3449 2930 χιιι
3465 2873 3593 2942 ina,
3611 2871 3678 2940 ιο,
3695 2868 3782 2927 ini-

2201 2965 2282 3023 tio
2295 2966 2350 3022 et
2374 2967 2487 3024 fine
2504 2979 2770 3034 mancus,
2790 2965 2971 3023 Gesta
2991 2962 3148 3020 enim
3164 2963 3267 3020 his
3288 2976 3336 3019 c.
3363 2965 3431 3018 24
3448 2959 3652 3017 verbis:
3665 2956 3779 3029 quod

2199 3060 2442 3112 vocatur
2454 3055 2666 3111 horren
2676 3070 2723 3109 ιι)
2741 3053 3188 3126 incip.'unt..S'eq
3197 3051 3425 3109 uuntur
3433 3051 3616 3123 prima
3627 3047 3783 3105 Histo-

2195 3145 2307 3202 ria
2316 3143 2596 3202 miscella
2607 3142 2804 3213 verba,
2818 3143 3061 3213 reliqua
3074 3141 3262 3214 hujus
3278 3139 3418 3198 libri
3417 3139 3584 3212 parte
3595 3135 3778 3194 avulsa.

2202 3235 2407 3290 Etiam
2439 3234 2538 3290 hic
2569 3232 2716 3290 liber
2737 3246 2775 3288 a
2795 3231 3164 3289 Bethmanno
3195 3245 3331 3288 cum
3351 3229 3524 3287 editis
3539 3237 3782 3299 compara-

2202 3322 2296 3380 tus
2317 3336 2498 3394 quam
2511 3323 2784 3392 proxime
2803 3320 2883 3376 ad
2897 3321 3054 3378 alios
3074 3319 3262 3391 hujus
3282 3318 3491 3377 classis
3508 3316 3702 3375 codices
3714 3326 3782 3369 ac-

2201 3411 2389 3479 cedit;
2399 3424 2582 3482 neque
2599 3409 2870 3466 dubitari
2878 3409 3242 3480 potestquin
3253 3421 3445 3465 omnes
3465 3420 3534 3463 ex
3552 3418 3650 3462 uno
3661 3399 3783 3462 fonte

2200 3499 2527 3568 manarint,
2551 3500 2658 3570 qui
2673 3499 2811 3568 jam
2839 3498 3066 3554 textum
3092 3497 3276 3554 valde
3301 3495 3579 3553 mutatum
3591 3491 3661 3548 iis
3666 3501 3783 3562 pra-

2203 3587 2411 3644 buerit.
2438 3588 2595 3644 Nam
2615 3587 2890 3658 quamvis
2909 3586 3102 3642 multa
3131 3587 3268 3642 sint
3280 3599 3410 3644 cum
3422 3587 3452 3639 4
3467 3584 3523 3640 et
3537 3586 3566 3637 5
3584 3591 3780 3639 commu-

2197 3678 2326 3740 nia,
2330 3677 2518 3748 plura
2541 3676 2736 3732 tamen
2753 3674 3093 3745 peculiaria
3114 3673 3219 3731 hic
3235 3674 3526 3746 leguntur,
3539 3681 3654 3741 qua
3669 3666 3779 3724 scri-

2187 3766 2438 3836 ptorem,
2456 3764 2523 3819 ut
2539 3764 2865 3820 orationem
2875 3762 3146 3819 redderet
3149 3762 3298 3834 faci
3306 3761 3506 3818 liorem
3525 3760 3580 3814 et
3599 3756 3781 3828 elegan-

2201 3853 2616 3922 tiorem,libere
2627 3852 2979 3908 etaudacter
2988 3851 3168 3908 verba
3180 3841 3775 3908 correxisseostendunt.

2269 3943 2576 4014 [ntegrum
2588 3941 2732 4014 fere
2753 3940 2963 3998 horum
2991 3939 3264 3998 codicum
3284 3937 3619 3996 varietatem
3643 3932 3780 3990 adno-

2201 4032 2348 4102 tavi,
2360 4031 2702 4104 prasertim
2716 4043 2847 4088 eam
2867 4030 2933 4086 in
2961 4043 3086 4101 qua
3113 4043 3317 4087 omnes
3343 4029 3440 4085 vel
3461 4023 3780 4096 singularum

2199 4120 2485 4180 classium
2523 4120 2749 4178 codices
2777 4117 3219 4178 conveniebant.
3263 4119 3439 4176 Hanc
3467 4111 3664 4174 litteris
3679 4113 3722 4179 3,
3739 4111 3775 4175 5,

2199 4215 2250 4282 6,
2283 4208 2574 4266 ind/cavi.

2269 4297 2437 4355 Libri
2463 4296 2798 4368 sequuntur
2823 4293 3246 4367 manuscripti,
3271 4295 3382 4366 qui
3399 4291 3677 4354 Gestorum
3687 4285 3777 4342 tev-

2200 4389 2324 4445 tum
2341 4387 2470 4442 mut
2476 4386 2555 4443 tis
2574 4385 2720 4442 addi
2729 4384 2989 4442 tionibus
3004 4385 3249 4442 auctum
3260 4385 3509 4455 etusque
3525 4379 3600 4438 ad
3611 4391 3660 4434 a.
3677 4374 3779 4432 1132

2198 4475 2611 4535 continuatum
2632 4475 2771 4530 exhi
2780 4473 2882 4530 ben
2891 4474 2930 4529 t.
2955 4473 3166 4530 Etiam
3181 4474 3250 4530 hi
3269 4473 3338 4530 in
3359 4472 3505 4528 duas
3515 4469 3702 4526 classes
3715 4473 3778 4518 se-

439 4576 496 4620 a.
534 4566 692 4632 1387,
718 4577 938 4620 necnon
963 4561 1142 4618 Gesta
1171 4561 1748 4632 archiepiscoporum
1781 4563 2086 4620 Colonien-
2117 4562 2172 4624 D
2199 4564 2523 4623 cernantur
2554 4562 2795 4634 oportet,
2838 4562 3094 4620 alteram
3131 4575 3267 4632 qua
3297 4559 3609 4634 genuinam
3639 4551 3778 4622 hujus

441 4653 599 4709 sium
624 4651 680 4707 et
710 4651 1180 4722 Trajectensium
1200 4649 1450 4719 aliaque
1465 4650 1730 4706 continet
1753 4649 1920 4720 (136).

509 4744 594 4810 6⁸)
621 4739 821 4796 Codex
853 4738 1218 4796 bibliotheca
1240 4737 1424 4808 regia
1452 4738 1824 4796 Parisiensis
1843 4753 1901 4795 n.
1925 4743 2082 4810 5873,

439 4829 584 4886 olim
597 4828 648 4884 Ῑ.
670 4829 735 4885 Α.
761 4828 1022 4898 Thuani,
1038 4828 1217 4884 antea
1232 4845 1260 4877 «
1275 4840 1350 4882 ex
1369 4826 1548 4884 libris
1558 4827 1652 4884 Jo.
1669 4827 1921 4899 Leferon
1945 4830 2090 4885 Car-

442 4919 570 4990 IOpo
579 4918 777 4975 litani.
794 4939 822 4966 υ
855 4919 978 4974 Uno
990 4918 1286 4974 volumine
1303 4919 1422 4974 tres
1443 4915 1670 4974 codices
1691 4917 1942 4974 diversa
1952 4917 2090 4974 ata-

439 5006 518 5064 tis
539 5005 936 5063 continentur.
962 5006 1361 5063 Tertia/insae.
1379 5020 1479 5061 xm
1495 5005 1609 5061 inc.
1632 5003 1862 5062 duabus
1873 5007 2089 5062 colu/m-

440 5093 839 5167 nisscriptum
851 5094 992 5152 olim
1005 5095 1088 5153 ad
1097 5095 1274 5154 aliud
1276 5094 2092 5168 pertinuissevolumen,qua-

2199 4649 2965 4725 operisformamprabeat,
2981 4650 3240 4707 alteram
3250 4649 3418 4707 novis
3438 4637 3778 4725 interpolat?

2198 4721 2373 4798 nibus
2395 4721 2536 4796 hinc
2550 4721 2960 4796 indewauctam.
2976 4737 3267 4810 Alioquin
3276 4751 3412 4795 vero
3423 4735 3570 4794 inter
3586 4721 3780 4789 sevalde

2198 4829 2570 4898 conveniunt,
2596 4827 2652 4884 et
2669 4828 2947 4899 quamvis
2974 4840 3406 4898 nonnunquam
3426 4824 3595 4882 etiam
3626 4815 3693 4875 ad
3713 4823 3779 4870 co-

2201 4918 2358 4976 dices
2383 4922 2415 4974 5
2436 4918 2494 4974 et
2510 4921 2543 4972 6
2565 4915 2868 4986 accedant,
2899 4916 3254 4986 plerumque
3295 4917 3486 4974 tamen
3509 4903 3777 4982 genuinam

2197 5007 2421 5066 codicis
2447 5011 2469 5062 1
2508 5005 2813 5062 lectionem
2834 5004 3078 5063 servant
3102 5002 3283 5076 (137).

2269 5095 2364 5154 Ad
2387 5095 2651 5176 priorem
2676 5093 2926 5151 classem
2939 5092 3246 5164 pertinent
3280 5111 3294 5147 :

2022 5219 2224 5277 ΝΟΤΑΕ
2239 5263 2254 5278 .

513 5369 769 5444 (132)Ci'_.
802 5369 1040 5428 Archiv.
1080 5373 1202 5429 VII!
1231 5387 1316 5444 p._
1341 5371 1638 5440 522;ν111,
1667 5386 1721 5442 p.
1754 5374 1875 5428 555.
1910 5371 2075 5428 Minui

2210 5387 2302 5444 rus
2343 5385 2491 5429 sum.

442 5445 603 5494 recte
646 5441 1038 5514 Botnmsnnus
1069 5441 1273 5500 noster
1301 5442 1413 5514 hoc
1449 5441 1830 5512 fragmentum
1865 5447 2090 5514 partem

439 5511 828 5585 essuAQQQicis
857 5511 1253 5585 Lugdunensis
1281 5512 1426 5585 dicit
1453 5511 1690 5585 (βξ-555,
1715 5516 1835 5585 97).

515 5578 660 5713 Ξ133)
694 5581 770 5632 De
803 5591 918 5645 quo
947 5582 1020 5658 cf.
1053 5585 1288 5640 Archiv.
1324 5584 1414 5652 Vl,
1537 5583 1662 5638 230.

547 5649 663 5713 134)
694 5647 758 5700 ν.
793 5647 1023 5704 Archiv.
1061 5655 1151 5713 Vl.
1187 5669 1242 5713 ι).
1279 5655 1403 5713 240,
1429 5657 1487 5708 et
1520 5668 1648 5713 qua)

547 5647 663 5714 134)
694 5647 758 5700 ν.
793 5647 1023 5704 Archiv.
1061 5655 1151 5724 Vl,
1186 5669 1242 5731 p.
1279 5647 1409 5723 240,
1429 5647 1487 5708 ét
1520 5668 1648 5724 qua)
1681 5653 1792 5709 vol.
1827 5657 1872 5712 X
1903 5656 2093 5714 dictu-

2273 5443 2422 5516 (135)
2458 5441 2689 5516 Archiv.
2725 5440 2816 5516 δτι,
2849 5455 2911 5512 p.
2948 5442 3072 5497 244.

2297 5512 2420 5586 136)
2457 5512 3036 5588 A_rchiv._\‘il,_n.75.
3100 5584 3122 5588 _
3210 5585 3262 5588 __
3382 5583 3392 5588 _
3619 5561 3744 5588 Mm

2201 5653 2219 5710 1
2273 5563 2422 5667 (ﬁt
2457 5563 3047 5656 ’έέὲὦιᾶιῖὗιὸεὸζ
3095 5584 3148 5653 9,
3199 5585 3288 5652 10,
3340 5583 3399 5637 ei
3448 5575 3568 5635 aliis
3618 5563 3770 5625 multis

2224 5670 2366 5714 0018.
