3962 6366
129 354 308 425 1085

1535 361 2156 431 PROLEGOMENA

3397 370 3553 439 1086

204 514 247 570 Β
276 515 330 586 1)
366 512 567 571 Coelen;
627 512 1089 577 Vindobonensis
1120 517 1288 575 Hist.
1344 518 1501 592 prof.
1536 531 1591 574 n.
1628 519 1782 581 1069,
1821 502 1871 559 Α
1903 518 2220 577 ditissima
2238 518 3551 597 bibliothecalibrisusurusameeascrtptam

120 616 266 661 stac.
305 618 403 673 xu,
432 606 513 673 8°,
539 606 713 676 cujus
745 606 1016 664 lectiones
1038 607 1181 664 inde
1202 620 1239 664 a
1262 608 1557 680 Popponis
1579 608 1789 679 tempo-

116 692 309 750 ribus
337 694 415 751 cl.
458 693 666 750 Chmel
693 696 760 751 in
787 709 931 752 usus
962 697 1190 753 nostros
1214 697 1550 767 exscripsit.
1578 698 1652 753 In
1662 699 1791 768 fine

126 778 323 837 Gesta
340 779 653 839 Alberonis
670 782 1103 854 archiepiscopi
1132 787 1384 842 metrica
1417 786 1476 841 et
1498 800 1697 842 versus
1720 786 1791 841 de

128 871 416 927 Romana
454 872 727 928 avaritia
770 873 1063 941 leguntur.
1118 876 1320 945 Hujus
1363 873 1507 930 libri
1543 889 1790 945 apogra-

116 958 324 1030 phum
343 962 408 1016 in
430 960 726 1017 Lambecii
748 976 892 1018 usus
895 962 1139 1033 factum
1167 964 1230 1019 in
1264 963 1617 1021 bibliotheca
1661 965 1790 1020 Vin-

130 1048 457 1105 dobonensi
484 1051 551 1104 ις’.
588 1050 675 1115 II,
713 1054 832 1117 361,
860 1053 1226 1107 asserratur.

213 1138 254 1191 Β
268 1141 325 1206 ‘2)
345 1138 544 1193 Codex
557 1135 1064 1211 Guelferbytanus
1078 1142 1123 1209 (1
1137 1144 1246 1209 38),
1264 1141 1442 1197 antea
1459 1160 1485 1191 «
1503 1140 1650 1197 liber
1665 1140 1792 1198 bea-

128 1225 337 1281 torum
367 1227 765 1296 apostolorum
792 1227 962 1283 Petri
985 1228 1045 1283 et
1059 1229 1242 1284 Pauli
1266 1231 1331 1285 in
1361 1229 1714 1300 Ylsineburg
1735 1252 1788 1299 ιι,

125 1326 268 1370 seec.
300 1328 396 1381 xu,
420 1317 498 1382 4ο,
515 1316 767 1383 eleganti
788 1316 1113 1386 scriptura,
1139 1318 1307 1372 tezclu
1325 1318 1575 1388 perbono
1597 1319 1653 1372 et
1670 1318 1790 1374 sin-

121 1403 352 1471 gulari
386 1402 705 1475 Godefridi
742 1403 1175 1476 archiepiscopi
1205 1407 1461 1464 historia
1496 1408 1780 1477 insignis.

208 1492 253 1545 Β
279 1494 334 1561 3)
373 1492 573 1549 Codea'
607 1494 1184 1563 Schlettstadiensis,
1214 1495 1355 1551 olim
1380 1496 1792 1553 Marbacensis

127 1580 494 1638 monasterii
521 1596 700 1652 prope
728 1582 1194 1654 Columbariam,
1242 1598 1289 1641 s.
1335 1600 1412 1640 xu
1446 1599 1561 1654 ean,
1584 1586 1726 1657 fol,
1754 1599 1792 1641 a

126 1670 384 1725 Pertzio
396 1684 452 1725 a.
479 1673 605 1726 1841
621 1672 909 1741 repertus,
926 1686 964 1728 a
976 1673 1347 1729 Bethmanno
1360 1674 1558 1731 nostro
1572 1674 1677 1730 hoc
1688 1689 1791 1729 an-

126 1772 208 1813 no
229 1759 526 1828 perlectus
539 1760 597 1815 et
614 1761 868 1831 optimus
883 1761 1066 1831 hujus
1076 1763 1436 1819 recensionis
1438 1764 1475 1833 j
1481 1763 1792 1832 udicatus;

1902 622 2024 665 esse
2048 609 2226 665 doleo.
2260 610 2544 674 Quamris
2566 610 2672 666 hoc
2689 624 2831 680 opus
2848 611 3197 668 recentioris
3211 613 3408 671 alatis
3429 628 3553 673 esse

1898 698 2194 765 videatur,
2219 699 2488 768 singulos
2522 698 2717 754 tamen
2764 698 2916 755 locos
2942 700 3138 757 ϐίης-(ἰδ’
3169 701 3353 757 lucem
3378 702 3551 759 datu-

1895 800 1994 843 ros
2017 800 2138 844 esse
2155 787 2439 857 putarim.

1967 875 2062 930 Ad
2090 875 2246 932 hanc
2271 875 2536 932 codicum
2541 875 2860 947 familiam
2880 877 3232 949 referendus
3254 880 3342 936 est
3357 899 3368 937 :

1972 964 2011 1017 Β
2030 967 2083 1034 7)
2111 966 2188 1020 Co
2199 966 2307 1019 dea:
2325 966 2771 1023 Scriverianus.
2792 981 2827 1021 a
2846 967 3133 1022 Leibnitio
3156 952 3372 1039 editus,
3398 970 3552 1042 ipso-

1897 1065 2011 1121 que
2031 1051 2175 1108 teste
2196 1054 2393 1123 injine
2418 1052 2509 1107 ita
2544 1053 2898 1122 inscriptus:
2928 1054 3199 1109 Fclicitcr
3225 1055 3431 1112 ﬁniunt
3453 1074 3550 1126 ge-

1900 1146 1988 1196 sta
2019 1143 2403 1197 Treberorum
2434 1157 2655 1197 summa
2690 1142 2989 1209 diligentia
3027 1158 3127 1213 per
3164 1158 3365 1201 manus
3389 1146 3545 1201 Petri

1899 1229 2276 1285 Wcsalcntini
2298 1230 2538 1300 scripta,
2565 1231 2731 1299 cujus
2755 1231 2941 1285 anima
2964 1239 3097 1301 post
3123 1238 3363 1288 mortem
3390 1234 3539 1290 hanc

1896 1334 2025 1374 cum
2052 1318 2283 1374 Christo
2316 1319 2642 1389 requiescat
2690 1320 2741 1374 in
2772 1334 2928 1390 pace.
2988 1322 3184 1375 Amen.
3215 1321 3547 1379 Leibnitius

1896 1408 2019 1464 alio
2040 1408 2159 1464 loco
2190 1410 2336 1477 (140)
2370 1408 2483 1464 tres
2517 1408 2732 1463 laudat
2758 1424 2819 1463 co
2833 1410 3002 1471 iices,
3034 1410 3251 1479 prater
3274 1410 3548 1474 Guelfer-

1900 1496 2186 1567 bgtanum
2214 1512 2400 1567 supra
2420 1498 2810 1561 nominatum,
2856 1499 3111 1553 alterum
3135 1512 3172 1553 a
3203 1498 3393 1569 Migio
3412 1515 3547 1571 pro-

1883 1585 2116 1653 fessore
2138 1586 2558 1655 Marpurgensi
2572 1588 2891 1655 acceptam,
2910 1586 3167 1641 a/terum
3181 1602 3349 1655 quem
3368 1604 3549 1658 penes

1897 1688 1959 1730 se
1982 1673 2249 1729 habebat.
2284 1674 3191 1745 UterScrieerianusft/eritnon
3213 1677 3460 1733 constat.
3489 1709 3545 1718 -ς-

1900 1762 2107 1818 Etiam
2134 1762 2455 1821 Coldastus
2494 1763 2752 1818 similem
2791 1763 3037 1818 codicem
3080 1765 3346 1833 possedit
3374 1766 3543 1835 (141),

129 1856 237 1911 cui
263 1854 483 1925 tamen,
499 1856 645 1927 quia
658 1858 900 1913 nonnisi
918 1857 1179 1929 singulis
1195 1859 1337 1915 locis
1353 1859 1791 1915 lectionemeno-
1821 1859 1872 1917 B
1901 1852 2133 1922 aliique
2138 1851 2411 1922 fortasse
2416 1851 2683 1922 fuerunt
2700 1853 2806 1922 qui
2838 1866 2992 1907 nunc
3021 1852 3224 1907 latent.
3262 1852 3431 1908 Certe
3457 1868 3546 1909 co-

132 1943 335 1999 tatam
357 1944 649 2015 haberem,
663 1947 933 2017 primum
956 1948 1143 2003 locum
1174 1947 1433 2004 tribuere
1454 1962 1569 2005 non
1587 1947 1780 2019 potui.

128 2032 268 2089 Sea:
269 2032 448 2104 folia
479 2034 706 2104 desunt,
728 2035 858 2092 alia
877 2037 1185 2092 Justinqu
1207 2038 1523 2094 continent.

202 2120 340 2178 Alii
372 2122 492 2180 tres
519 2123 743 2180 codices
769 2126 1179 2181 narrationem
1202 2125 1465 2195 prabent
1489 2126 1625 2184 hinc
1654 2126 1792 2181 inde

130 2210 439 2267 mutatam
464 2213 561 2268 vel
577 2212 1037 2283 interpolatum;
1058 2215 1217 2271 inter
1248 2228 1395 2284 quos
1422 2232 1432 2268 :

210 2300 252 2353 Β
269 2302 323 2370 4)
343 2299 542 2357 ϐοάσω
558 2301 1072 2372 Stuttgardiensis
1093 2316 1220 2359 sae.
1242 2318 1317 2358 xu
1333 2304 1667 2374 praecipuus
1684 2304 1786 2375 est,

130 2389 372 2447 cateris
392 2389 725 2460 antiquior,
761 2389 1081 2459 diligenter
1112 2391 1416 2461 eaaratus,
1440 2405 1628 2461 neque
1646 2393 1792 2449 scri-

126 2477 600 2550 ptorisarbitrio
621 2478 982 2547 decurtatus,
1006 2492 1194 2551 neque
1216 2480 1536 2551 temporum
1555 2481 1793 2550 injuria

131 2568 260 2629 fine
291 2566 638 2624 destitutus.

213 2655 255 2709 Β
275 2658 331 2725 5)
360 2654 559 2711 Cadere
604 2654 1061 2713 Vindobonensis
1089 2656 1246 2712 Hist.
1262 2657 1425 2728 prof.
1451 2670 1510 2712 n.
1536 2660 1639 2713 686
1668 2673 1792 2715 ma-

118 2757 324 2816 gnam
342 2741 651 2801 Gestorum
675 2745 908 2815 partem
930 2745 1255 2815 (Additam.
1290 2760 1338 2802 c.
1372 2749 1550 2801 10-14.
1586 2747 1654 2803 16
1673 2748 1794 2804 init

129 2837 224 2901 17,
262 2836 332 2889 18
365 2833 464 2895 ﬁn.
494 2837 560 2889 19
585 2836 744 2904 sqq.)
773 2833 1014 2889 omittit.

211 2931 251 2985 Β
274 2933 332 3001 6)
360 2929 559 2987 Codex
577 2931 950 2987 Treeerensis
972 2946 1027 2986 n.
1048 2934 1134 2999 30,
1150 2932 1292 2988 olim
1309 2933 1375 2988 ις’.
1391 2931 1641 2989 Mathia
1658 2933 1792 2988 Tre-

127 3020 426 3089 terensis,
458 3020 525 3075 in
543 3019 671 3090 ﬁne
710 3033 951 3076 mancus
997 3021 1085 3077 est
1110 3021 1419 3091 (desinite.
1450 3024 1559 3094 30),
1585 3022 1641 3078 et
1671 3023 1793 3078 tam

128 3109 421 3166 mendose
458 3107 944 3181 negligenterque
970 3110 1234 3181 scriptus
1256 3110 1427 3180 (139),
1460 3114 1527 3168 ut
1549 3111 1792 3168 nonnisi

1900 1940 2017 1995 dea:
2036 1941 2244 1995 Aurea
2276 1941 2463 1996 Vallis
2481 1954 2530 1996 s.
2547 1955 2647 1994 xm
2660 1954 2697 1995 a
2711 1940 3007 1995 Martenio
3022 1941 3203 2005 visus,
3222 1955 3394 2010 quem
3415 1944 3546 2000 tru-

1898 2030 2116 2086 strain
2149 2028 2505 2085 bibliotheca
2533 2028 3039 2099 Luccembu/rgensi
3069 2029 3547 2098 quasioi,incen-

1902 2117 1999 2174 dio
2014 2116 2358 2186 absumptus
2380 2131 2501 2173 esse
2522 2117 2778 2173 ridetur.
2802 2118 2916 2173 (lui
2934 2118 3208 2189 quamvis
3221 2117 3411 2173 addit.
3432 2120 3539 2174 c.8.

1902 2205 2198 2261 consentit
2237 2205 2606 2261 Everhardus
2636 2205 3112 2277 cpiscopusﬂnis
3151 2206 3318 2273 esset,
3344 2207 3414 2260 ut
3432 2206 3547 2263 huc

1901 2308 2028 2349 eum
2049 2294 2314 2365 referam
2344 2309 2405 2349 eo
2425 2308 2771 2364 permoveor
2798 2294 2955 2364 quod
3002 2294 3341 2350 Martenius
3372 2294 3549 2350 illum

1899 2397 2031 2440 eum
2051 2383 2428 2440 Liebnitiano
2452 2383 2619 2438 textu
2636 2385 2946 2439 convenire
2960 2383 3126 2439 dicat
3141 2384 3185 2453 (1
3200 2386 3307 2453 42).
3336 2382 3549 2440 Brevis

1897 2473 2021 2529 alia
2033 2487 2217 2528 manu
2237 2472 2453 2527 addita
2476 2472 2611 2527 erat
2628 2472 2996 2528 continuatio
3017 2485 3206 2541 usque
3223 2471 3305 2528 ad
3326 2486 3381 2527 a.
3414 2476 3546 2528 12:18

1900 2561 2171 2627 deducta,
2222 2560 2327 2617 sed
2358 2561 2596 2631 partim
2633 2573 2708 2615 ea:
2753 2559 3057 2631 Sigeberti
3107 2559 3549 2617 Cemblacensis

1898 2648 2180 2706 chronica
2208 2648 2429 2704 hausta
2461 2647 2628 2715 (143).

1974 2738 2214 2794 Codices
2257 2736 2509 2807 denique
2544 2735 2891 2791 recensendi
2918 2736 3077 2805 sunt,
3112 2735 3331 2805 quibus
3361 2737 3545 2794 tertia

1902 2826 2207 2886 Gestorum
2206 2825 2415 2897 forma
2436 2823 2789 2881 continetur.
2809 2824 3081 2880 Omnium
3101 2837 3236 2880 vero
3254 2826 3541 2894 prastan-

1902 2914 2169 2971 tissimus
2200 2913 2303 2970 est.

1974 3022 2012 3076 C
2062 3024 2111 3093 1)
2174 3020 2373 3077 Codea:
2420 3018 2793 3075 Treoerensis
2849 3032 3018 3073 num.
3078 3022 3205 3073 1341
3274 3018 3543 3089 (XXXI),

1899 3109 2073 3179 mbr.,
2109 3111 2261 3166 in-li0
2278 3108 2443 3178 moj.,
2480 3106 2592 3163 hac
2611 3107 3000 3177 inscriptione
3042 3107 3283 3163 notatus
3311 3125 3321 3159 :
3348 3105 3542 3161 Codex

128 3198 355 3256 ultimo
384 3196 505 3253 loco
535 3199 1061 3269 nominaripossit.
1102 3199 1239 3263 Qua
1267 3200 1491 3257 codices
1526 3202 1580 3254 B.
1608 3214 1653 3257 c.
1692 3203 1782 3256 14.
1823 3219 1872 3281 C
1904 3198 2090 3255 sancti
2118 3198 2385 3254 Eucharii
2410 3196 2665 3267 episcopi
2690 3197 2994 3266 sanctique
3018 3195 3244 3251 Mathite
3271 3194 3539 3265 apostoli.

130 3286 735 3358 adjeceruntdesunt,
754 3286 1007 3358 reliqua:
1028 3302 1157 3343 vero
1180 3289 1519 3347 additiones
1541 3290 1793 3346 etinter-

119 3373 471 3444 polationes
495 3385 687 3429 omnes
701 3372 800 3429 hic
819 3373 907 3442 leg
918 3374 1114 3442 untur,
1134 3388 1320 3445 neque
1342 3375 1411 3430 de
1421 3390 1557 3432 sera
1571 3375 1792 3433 codicis

130 3461 756 3531 tetateparoaquejlde
769 3462 1037 3519 dubitari
1046 3464 1248 3532 potest.
1268 3464 1487 3519 Eodem
1502 3465 1719 3521 rolumi
1726 3478 1795 3520 ne

133 3550 407 3607 historia
426 3550 761 3619 martyrum
782 3550 1227 3606 Trecerensium
1244 3551 1483 3622 legitur,
1500 3567 1679 3624 quam
1700 3566 1794 3609 ne-

134 3655 255 3713 que
271 3641 410 3695 tunc
422 3652 605 3708 quum
631 3639 687 3692 ιν.
705 3640 776 3694 cl.
811 3639 1185 3710 Ilii/ttenbach
1198 3641 1353 3697 hunc
1365 3641 1614 3698 codicem
1629 3644 1798 3699 Han-

1903 3289 2253 3358 quicumque
2268 3284 2974 3354 abstulerit,calicislude
2993 3284 3312 3356 proditoris
3341 3284 3393 3337 in
3421 3297 3548 3353 per-

1903 3382 2142 3448 petuum
2168 3376 2459 3447 particeps
2483 3374 2600 3429 ﬁat.
2646 3388 2829 3429 amen.
2866 3387 3049 3428 amen.
3076 3374 3187 3440 fiat
3224 3373 3391 3442 (144).
3423 3373 3549 3429 Hoc

1901 3466 2171 3521 volumen
2194 3463 2425 3521 duabus
2439 3462 2717 3535 partibus
2734 3462 2982 3530 constat,
3005 3477 3261 3533 quarum
3281 3462 3477 3517 altera
3493 3475 3541 3517 s.

1904 3569 1982 3609 xu
2029 3553 2144 3621 (cel
2166 3554 2340 3622 χιιιῖ),
2373 3552 2569 3609 altera
2590 3565 2636 3608 s.
2675 3567 2766 3607 xlv
2790 3552 3018 3621 scripta
3042 3550 3150 3607 est.
3184 3550 3309 3607 Illa
3332 3550 3376 3612 Γ.
3412 3554 3541 3605 197.

1907 3641 2084 3699 Gesta
2096 3642 2447 3711 ponti/lcum
2466 3641 2879 3706 Romanorum,
2890 3640 2950 3711 f.
2970 3642 3037 3693 98
3059 3639 3259 3695 breces
3277 3638 3551 3709 qua/lam

132 3741 425 3785 noceram
455 3727 897 3785 transmisisset
914 3730 1253 3800 nequedum
1272 3730 1511 3787 Treveri
1534 3730 1798 3802 degerem
1906 3728 2395 3799 notitia(145),f.
2418 3726 2487 3784 99
2504 3742 2634 3800 sqq.
2662 3728 2790 3797 (fol.
2822 3732 2940 3798 182)
2963 3729 3141 3787 Gesta
3170 3729 3554 3783 Treverorum

1725 3829 1924 3883 ΝΟΤᾹΞ
1940 3869 1951 3880 .

212 3894 369 3967 (138)
402 3896 465 3949 V.
504 3895 734 3951 Archiv.
768 3897 885 3963 VII,
919 3913 971 3967 p.
1005 3899 1123 3951 515.

214 3966 365 4035 (139)
396 3968 461 4021 ν.
518 3968 745 4021 Archiv.
783 3968 898 4035 VII,
924 3966 989 4038 ρ.
1026 3972 1147 4023 518.
1202 3968 1356 4023 Idem
1391 3983 1521 4022 esse
1560 3968 1793 4024 videtur

135 4052 316 4109 quem
346 4038 393 4091 Μ
428 4038 520 4109 In.
582 4042 662 4092 13.
712 4038 1053 4108 inscriptum
1101 4054 1284 4109 usque
1315 4038 1384 4093 ad
1416 4041 1795 4094 Nortmanno-

134 4124 275 4181 rum,
297 4108 651 4165 invasionem
685 4109 1000 4180 pertinere,
1037 4108 1313 4166 Ilillarius
1337 4110 1477 4165 dicit
1502 4124 1633 4181 pag.
1666 4113 1792 4177 127;

133 4180 293 4235 conf.
332 4194 464 4249 pag.
500 4184 585 4235 66.

211 4251 367 4318 (140)
400 4253 631 4306 Access.
668 4249 805 4306 hist.
838 4255 885 4316 1,
923 4251 1081 4321 praef.

213 4325 370 4459 (141)
408 4321 709 4411 Apologia,
749 4337 800 4391 p.
839 4324 932 4415 41.
959 4324 1046 4376 43.

250 4396 371 4459 142)
406 4392 658 4447 Martene
694 4393 835 4448 Coll.
865 4394 952 4457 ll,
983 4409 1034 4459 p.

250 4396 371 4461 142)
406 4392 658 4447 Martene
694 4393 835 4448 Coll.
865 4394 952 4457 IV,
983 4409 1034 4461 p.
1075 4395 1168 4446 111
1201 4410 1211 4445 :
1242 4393 1405 4449 Huic
1432 4392 1597 4461 (Hist.
1626 4395 1787 4448 Trcv.

1892 3898 2090 3969 ﬁlias.
2123 3896 2209 3951 De
2226 3910 2347 3969 una
2366 3896 2549 3969 natus
2571 3895 2669 3969 est
2686 3894 2799 3969 iste
2812 3893 3027 3969 _4lbero
3050 3893 3545 3969 archiepiscopus,

1904 3969 1973 4023 de
1991 3968 2119 4023 alia
2141 3968 2445 4036 episcopus
2470 3968 2683 4021 Petrus
2714 3966 3023 4022 Tullensis.
3042 3968 3128 4021 De
3142 3967 3395 4021 eodemA
3429 3964 3552 4036 bere

1903 4040 2050 4108 toﬂt
2070 4038 2287 4092 mentio
2316 4040 2380 4092 in
2424 4038 2553 4092 Vita
2579 4036 2733 4092 beati
2765 4036 3079 4093 Florber'i.
3116 4040 3183 4094 A.
3216 4038 3286 4091 Β.
3318 4035 3554 4105 ιιδρλῖι

1902 4110 2383 4177 archiepiscopus
2406 4109 2712 4171 Hillinus;
2737 4114 2912 4165 natus
2938 4108 3065 4164 fuit
3088 4109 3154 4163 in
3176 4108 3395 4165 diocesi
3418 4109 3553 4163 Leo-

1905 4181 2096 4235 diensi
2118 4179 2182 4235 de
2204 4180 2623 4235 Fat/emannia
2649 4193 2829 4249 prope
2882 4180 3259 4235 Dinantium.
3314 4180 3399 4234 De
3436 4178 3551 4234 isto

1902 4253 2141 4308 Hittino
2172 4251 2507 4306 continetur
2550 4253 2613 4305 in
2658 4252 2788 4305 Vita
2819 4250 2972 4305 beati
3019 4250 3341 4319 Bernardi,
3392 4249 3552 4320 quod

1906 4323 2029 4393 ipse
2050 4336 2179 4377 eum
2207 4322 2470 4378 adduxit
2497 4322 2579 4377 ad
2605 4322 3145 4379 reconciliationem
3168 4322 3545 4389 Metensium,

1894 4394 2089 4464 petita
2110 4394 2374 4464 oeniain
2401 4393 2664 4463 capitulo
2696 4395 3094 4450 Ctarreoallis.
3128 4395 3423 4463 Sequitur
3443 4393 3552 4447 Ar-

135 4455 1663 4534 aL'eibnitioeditze)omninoconsimilisestquamiu
1680 4478 1786 4521 ms.
1821 4455 2115 4520 D‘noldus
2172 4455 2691 4533 archiepiscopus;
2754 4465 2894 4521 inde
2940 4455 3297 4531 Folmarus;
3344 4464 3553 4520 contra

132 4534 343 4590 codice
364 4535 571 4590 Aurea
606 4535 810 4599 Val/is,
836 4540 974 4589 ante
992 4549 1176 4589 annos
1206 4536 1561 4603 quingentos
1578 4550 1793 4589 erara-

133 4606 208 4673 to,
232 4605 787 4677 invenimus..._Aut
811 4606 867 4661 si
888 4605 1040 4674 quid
1067 4606 1221 4677 inter
1248 4608 1563 4677 utramque
1580 4606 1793 4662 discri-

131 4675 327 4747 minis
350 4677 629 4747 occurrit,
651 4675 1013 4732 levissimum
1028 4676 1187 4731 illud
1206 4678 1295 4731 est
1313 4677 1375 4731 in
1397 4675 1789 4747 eo’quesitum,

133 4745 304 4817 quod
324 4746 733 4817 codeaAurete
797 4748 983 4802 Vallis
1012 4748 1213 4815 prima
1250 4762 1435 4802 manu
1462 4745 1551 4803 ad
1570 4762 1793 4804 annum

136 4816 278 4874 1047
311 4816 604 4889 desinens,
647 4831 847 4887 pauca
879 4818 949 4872 de
974 4817 1467 4885 subsequentibus
1500 4819 1794 4889 archiepi-

132 4889 336 4958 sc0pis
348 4887 431 4943 ad
448 4888 753 4944 Hillinum
768 4902 957 4958 usque
974 4890 1290 4945 recentiori
1309 4889 1546 4959 quidem
1565 4890 1669 4946 sed
1689 4887 1793 4945 an-

135 4962 318 5029 tiqua
340 4973 523 5014 manu
543 4959 810 5029 subjicit.
841 4961 991 5015 Hanc
1024 4975 1079 5029 p.
1118 4965 1212 5015 171
1252 4974 1304 5013 n.
1336 4960 1537 5014 edidit.

212 5029 365 5099 (143)
402 5030 602 5085 Hirseh
629 5029 698 5085 de
724 5030 847 5085 Vita
876 5030 1161 5097 Sigcberti
1189 5047 1241 5101 ι).
1274 5036 1387 5086 145.
1488 5031 1710 5097 Quibus
1733 5034 1792 5085 ct

136 5101 270 5157 loco
320 5115 372 5172 a.
411 5105 546 5157 1041
575 5101 830 5169 omissis,
870 5101 1148 5171 reliquam
1186 5106 1405 5172 partem
1439 5102 1528 5156 hic
1575 5102 1794 5155 exscri-

140 5173 281 5228 bere
308 5170 504 5240 juvat:
540 5172 685 5243 Post
715 5172 872 5228 hunc
904 5170 1283 5243 (Popponem)
1314 5173 1792 5243 archiepiscopus

138 5243 353 5316 extitit
380 5242 801 5316 Engelbertus.
842 5243 961 5307 Quo
982 5242 1288 5316 defuncto
1312 5242 1791 5316 archiepiscopus

139 5314 464 5370 ordinatur
487 5312 721 5370 'Bruno.
750 5315 914 5370 Anno
956 5312 1196 5371 Domini
1227 5317 1377 5380 1124,
1429 5312 1793 5385 Godefridus

124 5384 268 5456 fuit
281 5385 766 5455 archiepiscopus
788 5385 1152 5441 Trecirensis
1174 5386 1351 5441 annis
1371 5389 1423 5440 7.
1448 5390 1512 5441 Α.
1538 5386 1607 5440 1).
1636 5390 1654 5439 1
1675 5390 1788 5440 131.

143 5456 351 5512 Albero
372 5456 656 5513 Melensis
686 5456 754 5514 fit
779 5456 1258 5525 archiepiscopus
1275 5470 1381 5525 per
1412 5470 1599 5512 annos
1620 5457 1792 5513 circi-

142 5529 228 5583 ter
247 5532 333 5583 ‘20.
360 5528 481 5584 Hic
514 5528 825 5583 dicen/lum
848 5527 935 5583 est
955 5528 1113 5598 quod
1118 5527 1332 5598 frater
1353 5528 1610 5597 episcopi
1634 5529 1793 5582 Hen-

139 5600 253 5657 rici
272 5599 642 5659 Leodiensis.
657 5598 763 5669 qui
784 5598 1051 5668 sepultus
1064 5599 1153 5654 est
1171 5599 1235 5653 in
1256 5598 1431 5665 Hoio,
1450 5611 1634 5654 comes
1658 5599 1792 5655 Tul-

140 5669 322 5730 lensis
336 5670 693 5728 Fridericus
707 5669 849 5726 duos
862 5669 1265 5740 habuitﬂlios,
1282 5684 1400 5726 com
1411 5669 1551 5725 item
1567 5672 1793 5740 [tenar-

140 5746 275 5804 dum
295 5743 357 5801 et
380 5740 655 5800 comitem
683 5741 948 5798 Petrum.
978 5742 1103 5798 Iste
1131 5741 1349 5798 Petrus
1381 5740 1532 5799 duas
1578 5739 1792 5796 habuit

1903 4551 2073 4608 quem
2108 4535 2359 4608 tempoe
2383 4535 2729 4608 schism‘atis
2758 4535 3307 4608 imperatorposuit
3326 4547 3549 4608 prapoj

1900 4604 2085 4662 situm
2117 4606 2458 4678 Rodulfum,
2483 4608 2538 4661 et
2557 4604 2871 4678 Folmorus
2877 4606 3058 4677 fugit
3076 4604 3137 4659 in
3153 4604 3471 4678 Franciam
3497 4604 3557 4658 et

1904 4678 2041 4733 inde
2064 4678 2226 4747 apud
2256 4674 2548 4733 Turonum
2576 4676 2740 4731 obiit.
2778 4674 3111 4745 Postquem
3130 4676 3214 4744 fit
3239 4674 3549 4747 [channes

1901 4744 2379 4818 archiepiscopus
2401 4763 2455 4803 a.
2484 4748 2548 4803 C.
2580 4750 2729 4801 1188.
2752 4761 2862 4816 per
2891 4760 3080 4818 annos
3100 4750 3186 4801 23.
3220 4744 3551 4818 Hicaepul-

1902 4821 1996 4875 tus
2020 4814 2121 4876 est'
2138 4822 2201 4873 in
2223 4814 2470 4874 abbatia
2492 4818 2563 4872 de
2589 4814 2883 4873 Claustra.
2919 4817 3062 4873 Post
3090 4830 3264 4886 quem
3298 4814 3550 4870 Theode-

1897 4892 2062 4946 ricus
2086 4891 2155 4944 de
2192 4890 2378 4945 Wecla
2410 4889 2664 4955 (Wcaa?)
2691 4903 2795 4957 per
2827 4888 3279 4958 annosferei30.
3317 4886 3549 4958 Hicse-

1888 4962 2102 5030 pullus
2123 4962 2208 5015 est
2228 4961 2293 5015 in
2316 4959 2564 5015 ecclesia
2584 4958 2799 5030 Sancti
2825 4958 2935 5012 Pet
2958 4958 2991 5012 ~i
3024 4957 3195 5030 apud,
3212 4957 3537 5030 Treverim.

1898 5028 2048 5087 Inde
2070 5044 2242 5101 nepos
2285 5032 2415 5100 ejus
2447 5029 2742 5085 Arnoldus
2770 5031 2921 5084 125-2.
2958 5028 3262 5100 Ila'lulfus
3290 5041 3423 5101 fcero
3440 5028 3549 5096 fa-

1898 5102 2029 5158 ctus
2044 5099 2275 5170 eslmag
2285 5115 2394 5157 nus
2405 5102 2783 5171 prapositus.
2806 5101 2847 5155 Α
2856 5115 2967 5156 uno
2979 5114 3113 5155 vero
3132 5099 3370 5171 nomini
3392 5102 3545 5171 12158,

1894 5173 2032 5243 post
2031 5173 2263 5243 festum
2286 5170 2547 5228 omnium
2565 5173 2906 5229 sanctorum
2924 5170 3043 5227 obii
3052 5170 3386 5243 tArnoldus
3416 5170 3549 5243 Z're-

1897 5240 2160 5299 pere'nsis
2210 5243 2689 5313 archiepiscopus
2722 5244 2787 5297 in
2826 5243 3022 5299 castro
3068 5256 3175 5300 suo
3204 5240 3547 5313 intestatus,

1901 5314 2317 5443 [Treriiéimque
2343 5311 2658 5371 relatus’in
2678 5314 2926 5372 ecclesia
2937 5315 3153 5371 Sancti
3170 5312 3341 5368 Petri
3360 5311 3554 5381 sepul-

1929 5401 1996 5442 us
2032 5400 2090 5441 es
2125 5428 2137 5440 .

1929 5401 1996 5442 US
2032 5400 2137 5441 θρςι.

1973 5457 2120 5527 (liti)
2153 5454 2299 5511 Olim
2334 5454 2399 5509 M.
2435 5455 2476 5520 1,
2512 5469 2564 5509 n.
2606 5458 2690 5509 1'2.
2727 5459 2995 5519 notatus;
3032 5471 3084 5510 v.
3120 5453 3348 5523 Hillar.,
3380 5468 3433 5523 p.
3466 5454 3561 5518 26,

1972 5587 2121 5670 (lis)
2154 5596 2515 5670 Notandum.
2555 5594 2867 5670 Gallorum
2882 5593 3223 5670 fortissimi
3274 5592 3417 5670 sunt
3438 5587 3570 5644 Bel-

1893 5661 2001 5741 gre.
2033 5661 2150 5727 etc.
2182 5669 2239 5737 (v
2273 5669 2420 5723 infra
2455 5667 2613 5741 atad
2645 5683 2695 5723 c.
2733 5670 2820 5741 1(3)
2850 5661 2945 5741 et:
2996 5666 3322 5741 Kideamus
3348 5661 3417 5718 de
3445 5673 3553 5717 au-

1898 5736 2180 5798 ctoritate
2211 5741 2268 5797 et
2298 5754 2411 5797 usu
2426 5739 2614 5811 pallii
2636 5738 2788 5811 quid
2804 5737 2891 5795 sit
2895 5736 3180 5816 pallium,
3215 5746 3311 5789 etc
