3962 6352
125 370 290 431 1089

1536 367 2165 433 PROLEGOMENA

3399 377 3557 444 1090

116 522 279 579 tensi
302 522 456 594 (153)
483 523 541 579 et
560 522 888 581 annalibus
910 538 986 582 ea
1004 522 1288 582 Mariano
1316 522 1581 595 aliisque
1592 523 1786 597 fonti-
1816 506 1869 564 Α
1900 522 2321 582 Hontheimius
2344 525 2468 583 tum
2484 529 2882 587 recensionem
2906 530 2965 599 C,
2989 530 3094 587 sed
3111 529 3288 587 initio
3310 532 3558 592 destitu-

116 612 229 669 bus
260 613 330 669 in
358 613 434 671 ις’.
474 611 769 683 Dysibodi
819 613 1173 671 monasterio
1221 613 1506 686 confectis
1536 613 1685 686 (154)
1717 612 1787 669 de

110 701 298 760 rebus
329 702 793 759 Treverensibus
818 703 1115 773 leguntur,
1139 702 1388 759 aliunde
1407 716 1685 759 manasse
1703 702 1788 759 vi-

112 791 358 848 dentur.
384 790 708 848 Domestici
736 804 873 847 vero
899 791 1218 861 scriptores
1247 804 1442 849 omnes
1474 788 1671 847 Gestis
1698 805 1788 847 re-

115 880 417 937 centiores
437 892 629 935 eorum
642 877 771 950 ﬁde
786 879 1082 948 nituntur,
1102 894 1289 935 narra
1298 879 1478 937 tfones
1492 878 1782 950 repetunt,

116 967 310 1023 verba
330 966 465 1039 ipsa
484 980 635 1038 saepe
653 967 931 1025 retinent.
960 968 1094 1024 Huc
1105 967 1413 1040 referendi
1433 968 1577 1024 sunt
1590 967 1787 1024 aucto-

116 1069 219 1113 res
220 1056 536 1127 passionis
544 1056 884 1127 martyrum
904 1057 1049 1112 Trev
1057 1054 1600 1113 erensiumineditee
1612 1056 1782 1126 (155),

128 1145 287 1202 Vitae
306 1146 361 1203 ,δ’
372 1188 385 1200 .
412 1143 666 1201 ΜαιΙιίιε
685 1146 834 1216 (156)
857 1146 915 1201 et
931 1143 1201 1201 chronici
1230 1144 1603 1203 Treverensis
1622 1176 1692 1186 —-
1712 1159 1775 1203 a.

120 1236 268 1289 1353
293 1233 466 1303 (157),
492 1246 714 1290 necnon
741 1232 1027 1303 Eqidius
1054 1234 1378 1291 monachus
1405 1235 1615 1291 Aurea
1654 1234 1785 1292 Val-

117 1322 204 1381 lis
224 1322 379 1395 (158)
400 1324 457 1379 et
474 1322 779 1380 Johannes
799 1324 871 1379 de
887 1322 1221 1380 Stabulum
1243 1324 1412 1395 (159),
1430 1337 1634 1381 rerum
1653 1326 1785 1381 Leo-

118 1411 433 1471 diensium
449 1411 786 1482 scriptores.
804 1412 1092 1482 praterea
1110 1426 1247 1468 vero
1270 1414 1376 1483 qui
1395 1426 1524 1470 sac.
1554 1427 1646 1469 xv:
1662 1415 1778 1472 inc.

114 1516 282 1559 nova
324 1498 506 1559 Gesta
539 1500 665 1559 sive
696 1501 988 1559 historias
1029 1501 1414 1559 Treverenses
1449 1515 1778 1574 composue-

113 1591 292 1661 runt,
314 1590 639 1648 monachus
656 1587 1338 1648 Eberhardo-Glusanus
1361 1590 1528 1661 (160),
1560 1604 1781 1662 anony-

114 1692 255 1738 mus
286 1679 445 1736 alter
466 1677 637 1750 (161),
669 1677 974 1735 Johannes
993 1679 1162 1735 Enen
1185 1678 1355 1749 (162),
1388 1678 1606 1748 quibus
1633 1679 1781 1737 addi

111 1768 377 1840 possunt
402 1766 756 1839 Kyriander
777 1767 925 1839 (163)
949 1768 1007 1823 et
1022 1766 1328 1824 Johannes
1359 1767 1584 1823 Linden
1606 1766 1774 1839 (164),

1902 612 2041 679 tam,
2063 626 2138 669 ea:
2157 613 2354 671 codice
2371 616 2408 670 C
2434 620 2478 683 1,
2503 617 2624 675 tum
2644 618 2853 675 varias
2873 619 3348 678 continuationes
3370 637 3443 677 es:
3465 637 3554 679 co-

1899 700 2131 758 dicibus
2166 702 2623 763 Treverensibus
2658 706 2853 763 edidit
2881 708 3260 777 (Prodromus
3292 710 3551 767 historiae

1897 790 2066 845 Trev.
2099 790 2185 860 11,
2209 805 2273 861 ρ.
2304 793 2562 847 746-948.
2603 796 2885 864 Augusta
2920 796 3076 852 Vind.
3106 800 3283 868 1757).
3318 799 3556 859 Nostris

1896 891 2031 934 vero
2053 878 2411 949 temporibus
2448 881 2509 935 V.
2540 882 2617 939 cl.
2664 883 3141 954 Wyttenbachius
3172 887 3228 940 et
3254 887 3553 945 Mullerus

1896 978 2107 1021 novam
2138 967 2455 1027 editionem
2492 971 2765 1027 curaturi
2799 972 3015 1029 multos
3057 974 3296 1044 quidem
3326 976 3555 1034 codices

1896 1051 2301 1111 adhibuerunt
2327 1055 2680 1129 uberemque
2714 1072 2918 1117 rerum
2966 1062 3410 1119 Treverensium
3439 1064 3553 1121 col-

1901 1140 2206 1199 lectionem
2226 1157 2303 1199 e.v
2324 1143 2497 1203 libris
2519 1147 2579 1203 et
2595 1147 3040 1218 antiquioribus
3062 1151 3117 1205 et
3132 1152 3553 1212 recentioribus

1881 1230 2168 1300 fecerunt
2194 1232 2249 1302 (3
2293 1232 2442 1289 Volt.
2480 1234 2654 1290 in-i.‘0
2682 1236 2963 1307 Augusta
2998 1239 3381 1296 Treverorum
3418 1245 3553 1297 1836

1893 1319 2088 1391 sqq.);
2115 1318 2222 1375 sed
2244 1320 2499 1377 codicem
2522 1322 2560 1376 C
2586 1328 2607 1377 1
2633 1324 2984 1396 plerumque
3011 1328 3220 1394 secuti,
3255 1329 3323 1384 ut
3349 1329 3555 1387 varias

1895 1406 2203 1466 Gestorum
2210 1408 2449 1480 formas
2471 1409 2875 1469 discernerent
2890 1414 3137 1470 minime
3156 1416 3555 1486 studuerunt;

1892 1508 1954 1550 eo
1977 1496 2173 1551 tamen
2190 1495 2505 1565 laudandi,
2526 1500 2687 1569 quod
2705 1513 2781 1557 ea:
2801 1501 3100 1559 codicibus
3124 1502 3441 1563 ditissima
3469 1505 3553 1564 bi-

1894 1582 2194 1641 bliotheca
2214 1586 2609 1657 Treverensis,
2631 1602 2670 1645 a
2699 1589 3142 1661 Wyttenbachio
3162 1606 3387 1665 magna
3412 1594 3555 1653 dili-

1884 1673 2097 1744 gentia
2113 1673 2376 1731 collectis
2396 1675 2455 1731 et
2473 1677 2751 1747 servatis,
2773 1681 2956 1749 plura
2973 1682 3055 1739 ad
3072 1682 3379 1741 Gestorum
3400 1686 3552 1743 locos

1891 1762 2288 1821 illustrandos
2316 1764 2657 1823 attulerunt
2672 1768 2883 1824 natatu
2902 1771 3112 1841 digna.

116 1858 232 1928 qui
260 1870 452 1928 usque
476 1855 560 1914 ad
581 1870 638 1913 a.
672 1859 808 1912 1629
834 1854 1145 1913 Gestorum
1168 1856 1578 1913 narrationem
1601 1858 1780 1916 conti-
1807 1855 1863 1915 B
1962 1852 2194 1910 Novam
2211 1851 2367 1910 hanc
2382 1853 2701 1912 editionem
2711 1858 3047 1927 paraturus
3060 1860 3287 1929 partim
3303 1861 3386 1918 iis
3410 1875 3555 1920 usus

114 1948 360 2005 nuavit.
387 1947 620 2005 Saculo
641 1961 735 2003 xv:
762 1946 1125 2004 Trithemius
1149 1946 1459 2005 Gestorum
1477 1947 1780 2007 escemvlar

115 2037 341 2094 nactus
369 2050 550 2107 quam
572 2034 848 2107 plurima
877 2034 1019 2092 inde
1046 2036 1115 2092 in
1141 2048 1319 2106 opera
1349 2048 1462 2092 sua
1488 2034 1780 2093 historica

120 2124 449 2182 transtulit
468 2124 643 2195 atque
673 2123 815 2181 libri
826 2124 1071 2195 famam
1083 2138 1195 2195 per
1219 2122 1605 2183 Germaniam
1626 2124 1778 2183 dila-

120 2215 298 2279 tavit.
331 2214 424 2271 ita
452 2213 523 2270 ut
543 2225 683 2269 male
700 2213 914 2284 plures
946 2212 1017 2269 de
1053 2213 1249 2272 Gestis
1286 2214 1528 2271 edendis
1557 2217 1779 2285 cogita-

114 2300 278 2368 rent,
325 2300 398 2358 G.
442 2299 798 2370 Bruschius,
844 2299 1159 2371 Freherus,
1206 2302 1551 2360 Lambecius
1593 2306 1766 2376 (165).

119 2390 279 2448 Cum
295 2402 462 2447 nemo
485 2390 685 2446 tamen
703 2389 810 2447 hoc
828 2390 1140 2447 exsecutus
1156 2392 1309 2449 esset
1319 2390 1658 2463 consilium,
1681 2405 1776 2450 ne-

114 2492 236 2552 que
258 2479 579 2536 Browerus
602 2476 819 2535 librum
841 2478 929 2534 tot
943 2478 1088 2536 locis
1105 2479 1445 2536 adhibitum
1459 2494 1591 2538 cum
1610 2482 1776 2538 lecto—

109 2566 294 2625 ribus
315 2565 822 2636 communicasset,
843 2569 1076 2639 primus
1096 2569 1432 2627 Dacherius
1454 2567 1634 2627 Gesta
1655 2569 1777 2628 edi-

112 2655 219 2713 dit
244 2655 464 2729 qualia
491 2656 559 2713 in
586 2656 782 2713 codice
810 2657 875 2710 ϐυ
902 2656 1137 2714 invenit
1165 2656 1250 2726 (a.
1292 2662 1449 2729 1675,
1490 2659 1764 2731 Spicileg.

108 2745 263 2813 XII,
294 2759 364 2816 ρ.
406 2748 527 2811 196,
562 2744 656 2801 ed.
695 2758 849 2802 nova
876 2746 963 2815 II,
994 2760 1060 2817 p.
1101 2746 1255 2817 208).
1308 2746 1475 2812 Quod
1509 2749 1776 2806 nesciens

111 2831 460 2891 Leibnitius
468 2834 659 2905 paulo
668 2835 811 2906 post
824 2836 1017 2905 primo
1040 2837 1449 2893 Accessionum
1466 2836 1776 2895 historica-

106 2936 253 2979 rum
270 2921 565 2978 volumini
581 2923 809 2979 textum
824 2923 862 2977 Β
877 2936 950 2979 ea:
967 2922 1160 2982 tribus
1177 2923 1478 2982 codicibus
1494 2925 1776 2983 haustum

110 3010 386 3069 inseruit
417 3010 657 3081 (Lipsia
681 3014 869 3083 1698).
913 3013 1059 3070 Tum
1087 3026 1202 3069 uno
1216 3014 1359 3085 fere
1386 3015 1639 3085 tempore
1666 3016 1776 3073 Ec-

112 3100 347 3159 cardus
376 3102 876 3159 cc-ntinuationem
910 3116 974 3159 a.
1014 3106 1336 3159 1132-1259
1354 3102 1590 3174 publici
1603 3103 1777 3175 juris

1889 1952 2022 1997 sum
2048 1954 2183 2012 qua
2208 1942 2332 2000 viri
2362 1941 2711 2011 doctissimi,
2758 1944 2957 2003 debita
3001 1947 3180 2003 laude
3197 1950 3335 2019 jam
3359 1963 3549 2020 supra

1888 2029 2205 2099 nominati,
2239 2043 2315 2087 ea:
2340 2031 2639 2089 codicibus
2667 2035 3125 2105 ascripserunt,
3151 2038 3379 2106 partim
3408 2052 3545 2095 vero

1889 2116 2116 2175 codices
2140 2120 2673 2190 prastantissimos
2692 2122 2820 2192 ipse
2840 2124 3026 2180 evolvi
3049 2124 3107 2179 et
3125 2138 3247 2195 qua
3259 2128 3433 2196 potui
3456 2126 3546 2185 di-

1891 2206 2143 2277 ligentia
2160 2209 2548 2277 pertractavi,
2569 2210 3100 2283 Francofurtenses
3121 2214 3177 2270 et
3193 2212 3545 2287 Guelferby-

1890 2295 2060 2351 tanos
2085 2296 2474 2367 Hannoveree,
2508 2299 2887 2356 Parisienses
2909 2301 3198 2372 Parisiis,
3236 2304 3549 2361 Treveren-

1886 2395 1979 2441 ses
2001 2384 2067 2440 in
2088 2383 2271 2455 hujus
2290 2384 2461 2442 urbis
2483 2384 2862 2457 bibliotheca,
2881 2389 3366 2462 Hamburqenses
3385 2392 3544 2450 deni-

1886 2484 2003 2543 que
2030 2474 2247 2530 A’ilia.
2296 2475 2476 2532 Gesta
2512 2476 2946 2547 antiquissima
2970 2481 3164 2547 primo
3198 2480 3317 2537 loco
3346 2480 3540 2547 edidi;

1887 2560 2140 2618 codicem
2164 2566 2186 2616 1
2201 2562 2561 2633 plerumque
2580 2565 2833 2633 secutus,
2860 2566 2966 2635 qui
2986 2566 3197 2625 multis
3220 2567 3364 2626 locis
3380 2570 3545 2627 solus

1885 2660 2089 2705 veram
2114 2649 2419 2705 lectionem
2437 2652 2703 2707 servavit
2722 2651 2891 2723 (166),
2920 2656 3129 2711 rarius
3153 2669 3228 2711 ea:
3246 2659 3337 2711 2-6
3359 2670 3544 2713 emen-

1888 2735 2122 2793 dandus
2161 2738 2316 2793 erat.
2363 2738 2610 2809 Subjeci
2650 2754 2782 2811 qua
2817 2742 2854 2795 Β
2886 2741 2946 2797 et
2973 2743 3011 2795 C
3040 2743 3422 2812 addiderunt,
3470 2746 3545 2801 le-

1886 2824 2079 2882 ctione
2098 2824 2361 2882 codicum
2385 2827 2423 2880 B
2445 2832 2479 2882 2
2500 2827 2559 2882 et
2578 2828 2616 2882 C
2643 2833 2662 2882 1
2692 2828 2912 2898 ubique
2917 2831 3058 2901 fere
3078 2845 3376 2901 expressa.
3406 2832 3545 2898 Qua

1886 2913 1955 2970 in
1973 2914 2012 2968 Β
2029 2914 2169 2970 inde
2190 2928 2229 2971 a
2250 2916 2546 2986 Popponis
2568 2916 2925 2987 temporibus
2947 2918 3164 2975 addita
3183 2922 3338 2977 sunt.
3368 2921 3541 2977 Addi-

1889 3007 2206 3059 tamentum
2237 3009 2293 3059 et
2326 3005 2821 3061 continuationem
2862 3008 3164 3065 nominavi
3193 3022 3380 3079 eaque
3410 3012 3541 3066 tan-

1887 3103 2070 3160 quam
2089 3092 2410 3148 secundam
2434 3090 2741 3150 Gestorum
2760 3095 2992 3165 partem
3012 3095 3197 3165 edidi,
3222 3097 3433 3167 parvis
3454 3111 3541 3154 co-

99 3187 278 3261 fecit
303 3188 505 3260 (Corp.
543 3188 753 3245 histor.
780 3190 869 3259 II,
883 3205 955 3261 p.
981 3192 1327 3259 2197-2258,
1353 3192 1570 3262 Lipsia
1592 3196 1765 3263 1723),

1932 3181 2087 3236 tcum
2105 3182 2144 3235 Β
2163 3183 2229 3235 46
2248 3182 2359 3237 etC
2378 3181 2794 3239 additionibus
2809 3183 3347 3242 velmutationibus
3363 3185 3540 3258 infra

119 3277 454 3348 Calmetus,
496 3278 939 3336 Leibnitianam
967 3280 1283 3336 editionem
1310 3282 1563 3350 secutus,
1592 3282 1777 3351 maio-

112 3379 247 3423 rem
267 3364 414 3422 libri
419 3366 658 3437 partem
675 3368 1126 3439 exprimendam
1141 3368 1389 3439 curavit,
1406 3368 1779 3441 codicumque

118 3454 406 3512 lectiones
440 3454 678 3525 aliquot
709 3457 945 3513 notavit
981 3457 1257 3527 (Histoire
1300 3458 1371 3513 de
1416 3459 1689 3515 Lorraine
1720 3461 1772 3535 ζ,

117 3545 392 3602 Preuves
412 3560 471 3615 p.
510 3549 658 3600 1-50.
696 3547 909 3617 Nancy
940 3549 1097 3615 1728,
1132 3548 1219 3603 ed.
1251 3552 1302 3604 2.
1338 3543 1488 3603 ibid.
1523 3562 1579 3604 a.
1618 3553 1772 3618 1745,

114 3647 175 3705 p.
205 3634 389 3705 l-LXI),
422 3633 678 3706 denique
702 3634 1039 3693 Martenius
1060 3636 1115 3691 et
1139 3636 1468 3694 Durandus
1494 3637 1777 3694 recensio-

115 3735 258 3778 nem
286 3722 368 3792 (3.,
395 3722 705 3793 prioribus
731 3722 1030 3793 capitibus
1052 3727 1310 3790 resectis,
1340 3725 1445 3781 sed
1470 3726 1777 3783 continua-

114 3809 387 3867 tionibus
402 3841 472 3851 —-
494 3815 627 3866 1455
645 3811 896 3878 additis,
913 3812 1313 3870 evhibuerunt
1332 3814 1507 3883 (Vett.
1529 3813 1771 3886 Scriptt.

116 3905 180 3959 et
205 3916 467 3958 monum.
504 3900 683 3973 ampl.
717 3902 998 3959 Collectio
1019 3905 1127 3973 1V,
1148 3919 1221 3975 p.
1261 3906 1517 3960 145-452.
1555 3906 1766 3962 Paris.

118 3993 309 4062 1729).
341 3991 437 4046 Eo;
457 3990 572 4048 hac
591 3991 850 4049 editione
853 3992 1213 4063 fragmenta
1233 3994 1506 4065 quaedam
1525 3993 1593 4050 in
1610 3995 1775 4051 Scri-

102 4080 357 4153 ptorum
371 4093 574 4137 rerum
594 4080 966 4140 Gallicarum
987 4081 1384 4138 collectionem
1404 4083 1777 4140 transierunt

119 4168 425 4240 (Bouquet
438 4168 587 4226 cont.
609 4168 717 4237 XI,
725 4183 791 4240 p.
816 4171 950 4236 19:1;
967 4168 1021 4225 Χ
1036 4169 1201 4238 VIII,
1218 4183 1276 4241 ρ.
1297 4169 1442 4238 670).
1465 4170 1612 4227 Post
1626 4183 1774 4241 quos

1887 3269 2203 3327 indicatis.
2249 3271 2425 3327 Satis
2463 3270 2697 3327 uberem
2735 3271 3003 3329 lectionis
3031 3273 3384 3330 varietatem
3413 3290 3541 3333 eno-

1891 3358 2033 3427 tavi,
2066 3372 2253 3430 neque
2282 3359 2348 3416 in
2372 3361 2507 3430 ipsa
2534 3362 2887 3418 narratione
2917 3361 3291 3419 illustranda
3318 3377 3540 3434 parcus

1888 3459 2012 3503 esse
2039 3448 2223 3516 volui,
2255 3448 2336 3505 iis
2366 3451 2701 3518 prasertim
2743 3450 3101 3520 temporibus
3139 3451 3356 3522 quibus
3396 3451 3540 3510 libri

1873 3535 2083 3606 fontes
2110 3536 2379 3593 indicari
2405 3538 2498 3592 vel
2529 3537 2800 3594 divinari
2824 3540 3092 3608 possunt.
3132 3539 3403 3603 Denique
3430 3542 3541 3611 Ap-

1881 3624 2186 3693 pendicem
2233 3626 2738 3681 monumentorum
2792 3626 3238 3682 Treverensium
3290 3626 3537 3699 subjeci,
3596 3622 3605 3631 ’

1887 3726 2008 3783 qua
2049 3727 2118 3769 ea
2156 3713 2364 3783 collegi
2406 3726 2537 3781 qua
2565 3714 2663 3768 vel
2687 3714 2768 3769 ad
2797 3715 2930 3784 ipsa
2963 3716 3141 3773 Gesta
3178 3714 3540 3784 explicanda

1886 3811 1977 3855 ve:
2027 3801 2110 3859 ad
2153 3800 2471 3857 historiam
2518 3803 2919 3872 antiquiorem
2973 3804 3383 3862 Treverensem
3416 3806 3540 3875 ple-

1886 3890 2026 3946 nius
2056 3890 2509 3959 coqnoscendam
2525 3890 2740 3959 facere
2767 3889 3142 3948 videbantur.

3026 4062 3095 4117 G.
3133 4063 3350 4119 Wurz.

1707 4400 1935 4457 NOTIE.

115 4628 353 4705 Valerio
377 4632 433 4705 et
458 4628 734 4705 Materno,
751 4631 845 4705 Ill,
878 4630 968 4703 45,
993 4630 1065 4705 de
1083 4630 1297 4705 Helena
1318 4633 1552 4691 Treveri
1576 4632 1773 4692 oriun-
1802 4645 1854 4705 ι)

114 4701 210 4773 da,
251 4702 341 4769 IV,
374 4703 429 4773 8,
466 4699 547 4773 de
569 4699 872 4773 Maximino
894 4699 963 4759 et
993 4703 1253 4761 Paulino.

188 4772 340 4857 (153)
382 4772 477 4857 88.
513 4772 583 4857 Υ,
616 4789 669 4857 p.
713 4775 801 4844 36,
837 4772 909 4830 de
940 4774 1083 4832 urbe
1152 4775 1384 4833 condita
1436 4789 1508 4832 ex
1559 4775 1771 4833 Ottone

114 4843 368 4912 Frising.
397 4847 462 4899 ut
492 4843 751 4900 videtur.

189 4914 513 5041 (βῆ-ἔξεο
544 4914 832 4972 Methodio
855 4916 1218 4987 tribuuntur,
1245 4916 1316 4974 de
1340 4932 1455 4990 quo
1486 4919 1558 4974 cl‘.
1596 4932 1766 4988 supra

112 4992 237 5044 col.
281 4992 440 5042 1078.

215 5058 342 5127 155)
375 5055 613 5129 Archiv.
653 5057 771 5127 VII,
808 5073 861 5129 p.
916 5062 1039 5115 517.

212 5131 339 5200 156)
376 5128 642 5201 ActaSS.
680 5128 847 5185 Febr.
880 5130 972 5198 Ill,
1011 5145 1071 5201 p.
1112 5131 1235 5201 442,
1279 5131 1405 5201 445.

211 5199 337 5273 157)
364 5199 602 5256 Archiv.
642 5201 759 5269 VII,
796 5216 856 5272 p.
894 5199 1025 5257 693;
1066 5200 1272 5257 Plures
1303 5200 1538 5259 codices
1566 5202 1768 5258 Treve-

110 5270 160 5326 ri
195 5270 469 5327 exstant.

184 5340 338 5415 (158)
374 5342 435 5397 In
467 5340 663 5398 Gestis
692 5354 832 5414 epp.
900 5341 1300 5400 Leodiensium
1362 5356 1453 5415 ap.
1516 5342 1768 5414 Chapea-

107 5411 253 5483 ville
285 5411 326 5483 Ι,
374 5428 435 5483 p.
462 5416 683 5483 19,21,
719 5411 814 5467 23.

183 5428 894 5565 (11359),ἓῤῥῖιξίιῗιξξτυιιῗιξγ.
935 5484 989 5541 in
1030 5485 1161 5543 cod.
1224 5484 1765 5555 Hamburgensibus

107 5569 286 5625 supra
315 5553 403 5625 ⁷5η,
440 5553 521 5625 5b,
564 5553 865 5613 indicatis.

224 5570 286 5612 ra
321 5570 381 5611 5η
440 5570 500 5611 eo
564 5570 865 5613 mulcatis.

179 5570 333 5755 £160)
377 5598 574 5683 Codex
606 5626 662 5682 in
684 5626 1040 5685 bibliotheca
1099 5628 1338 5685 Trever.
1407 5628 1516 5684 No.
1592 5630 1753 5682 1350.

229 5698 375 5755 Vlll)
408 5701 776 5755 asservatur.

137 5697 375 5771 CXVIII)
408 5711 645 5755 asserva
656 5701 776 5754 tur.

1958 4631 2107 4758 (1611)
2139 4629 2332 4687 Codex
2373 4631 2613 4712 Trever.
2649 4631 2788 4713 Non
2829 4634 2987 4712 1346.
3049 4631 3258 4704 (XXIX)
3287 4664 3357 4676 —
3399 4635 3536 4690 1522

1960 4717 2030 4758 ne
2104 4716 2451 4758 reverenses
2482 4702 2743 4758 historia:
2776 4701 2988 4758 ibidem
3019 4708 3254 4758 exstant
3291 4706 3362 4758 N.
3396 4709 3529 4758 1391

1884 4701 2030 4759 Aliae
2060 4701 2451 4758 Treverenses
2482 4702 2743 4758 historia:
2776 4701 2988 4758 ibidem
3019 4701 3254 4759 eXstant
3291 4706 3362 4760 N.
3396 4709 3529 4763 1391

1884 4773 2094 4845 (1347).
2134 4805 2202 4812 —
2236 4777 2391 4845 1537,
2423 4773 2491 4845 Ν.
2539 4774 2907 4845 1392(1346).
2940 4803 3003 4814 —
3038 4777 3191 4845 1569.

1957 4843 2107 4915 (162)
2143 4846 2218 4899 De
2236 4844 2401 4915 cujus
2432 4843 2582 4899 libro
2614 4859 2640 4897 τι
2676 4843 3106 4899 Scheckmanno
3130 4843 3203 4915 in
3270 4846 3532 4903 Latinum

1882 4914 2059 4972 verso
2092 4919 2150 4971 et
2181 4915 2346 4969 Metis
2375 4930 2425 4969 s.
2470 4918 2517 4969 t.
2584 4915 2858 4983 Epitome
2905 4915 3068 4971 alias
3107 4914 3379 4973 Medulla
3433 4916 3537 4975 Ge-

1880 4989 2108 5043 slorum
2137 4986 2577 5059 (revirensium
2594 4985 2832 5040 editov.
2867 4985 3172 5041 Hontheim
3200 4988 3292 5057 Ill,
3323 5003 3357 5059 p
3406 4992 3529 5044 989.

1980 5061 2104 5128 163)
2132 5055 2442 5128 ,Hontheim
2477 5054 2516 5128 l._
2542 5055 2602 5123 l.,
2631 5071 2691 5126 p.
2729 5059 2858 5111 990.

1980 5061 2104 5128 163)
2140 5059 2442 5111 Hontheim
2477 5059 2512 5109 l.
2542 5059 2602 5123 1.,
2631 5071 2691 5126 p.
2729 5059 2858 5111 990.

2125 5126 2460 5183 Hontheim.
2505 5124 2565 5197 l.,
2594 5141 2655 5197 p.
2694 5129 2827 5183 991.
2866 5127 3256 5197 Wyttenbach
3288 5128 3333 5200 1,
3368 5129 3525 5203 prol.

1879 5214 2100 5340 Ι”(²ἶῗξεέ)
2129 5267 2204 5340 γ.
2246 5267 2512 5340 ιείδηξιίί
2540 5269 2932 5340 Accessiones,
2953 5269 2992 5338 l,
3022 5269 3210 5340 praet.

1976 5343 2098 5411 166)
2122 5339 2242 5394 Hoc
2276 5338 2539 5410 pluribus
2569 5354 2629 5411 cf.
2659 5343 2712 5407 9,
2774 5344 2857 5405 10,
2922 5338 3068 5411 locis
3115 5355 3247 5398 cum
3298 5344 3529 5402 Caesare

1877 5410 2109 5483 collatis
2131 5414 2289 5483 patet
2317 5426 2331 5475 ;
2364 5423 2557 5483 e__._gr.,
2584 5410 2992 5483 hortatusque,
3018 5410 3189 5483 longe
3208 5427 3268 5483 a,
3294 5428 3335 5471 a
3358 5416 3528 5473 Seno-

1873 5453 2557 5550 Ii‘ii'zié'EiZ'Zr'noZio‘iié,’
2584 5453 3335 5547 stemmatum:
3358 5453 3514 5542 "Si?

1876 5552 2063 5611 Codd.
2094 5558 2127 5609 2
2153 5557 2261 5611 -6
2290 5565 2576 5633 δθωρθιυοε
2611 5552 2839 5609 Caesare
2853 5552 3160 5633 recedunt,
3187 5555 3251 5633 B_.
3290 5557 3358 5633 C.
3384 5570 3527 5633 vero

1874 5639 2286 5698 nonnunquam
2339 5637 2484 5698 cum,
2525 5624 2655 5698 ipso
2710 5624 3098 5698 conveniunt,
3147 5625 3522 5698 quiaAipsius

1873 5694 2086 5756 librum
2117 5692 2342 5770 primus
2358 5692 2577 5755 codicis
2600 5697 2667 5754 Β.
2705 5695 2962 5770 scriptor
3007 5692 3367 5755 adhibuerit;
