3962 6310
159 316 324 384 1098

1438 312 1695 384 GESTA
1735 313 2305 381 TREVERORUM

3416 314 3572 381 1094

156 469 551 539 Germaniam,
587 466 897 537 Belgicam,
932 465 1191 535 Galliam,
1236 470 1489 535 togatam
1520 465 1584 537 ",
1621 466 1819 524 braca-
1848 451 1901 510 Α
1934 469 2095 526 urbis
2125 484 2196 525 ex
2228 470 2556 540 quadris‘”
2578 469 2871 543 lapidibus
2897 484 3025 528 cum
3057 472 3325 529 turribus
3353 473 3577 542 magnis

155 566 298 628 tam,
319 556 682 628 cisalpinam,
710 554 1148 627 transalpinam,
1170 554 1544 624 Pannoniam,
1572 553 1814 625 Italiam,

151 646 395 704 Ruriam
417 646 587 716 (170),
617 644 929 713 Liguriam,
956 643 1318 711 Dalmatiam,
1348 642 1623 699 Muricum
1646 643 1815 714 (171),

152 734 456 793 Bizemilia
505 732 554 767 ⁷ο
600 738 989 803 cunctamque
1027 731 1071 764 “'1
1110 733 1423 801 Europam.
1481 764 1549 772 -—
1599 731 1644 764 ⁷³
1690 733 1821 792 Tre-

152 826 293 882 bete
324 821 370 857 ⁷⁸
402 827 657 890 mortuo,
704 823 853 878 [loro
896 819 1051 877 illius
1081 819 1125 853 "‘
1160 820 1211 876 in
1258 820 1589 892 principatu
1620 820 1665 854 ⁷⁸
1693 836 1822 876 suc-

150 913 334 971 cessit
366 909 434 982 ",
477 911 572 982 qui
617 916 841 982 patrem
887 910 1205 965 secundum
1252 910 1426 965 ritum
1468 910 1820 980 gentilitatis

154 1003 293 1073 igne
320 1000 688 1058 combustum
724 998 779 1053 in
811 998 1030 1054 vertice
1068 999 1267 1054 Jurani
1299 997 1343 1031 ⁷⁷
1376 999 1592 1055 montis
1632 1011 1822 1055 tumu-

154 1089 339 1155 lavit;
368 1089 463 1146 cui
495 1088 671 1143 etiam
692 1085 738 1120 ⁷⁸
760 1102 893 1143 aras
926 1087 1206 1157 instituit,
1237 1094 1294 1142 et
1328 1086 1438 1144 sibi
1470 1087 1755 1157 subjectis
1776 1085 1821 1121 ⁷⁸

156 1185 226 1237 ut
266 1178 438 1235 deum
481 1176 726 1233 adorare
765 1175 1046 1248 praecepit
1076 1174 1122 1208 ⁸ο
1157 1195 1168 1229 :
1203 1190 1372 1233 error
1404 1191 1646 1246 magnus
1688 1181 1745 1232 et
1790 1190 1819 1233 a

154 1268 329 1336 Nino,
379 1266 565 1338 ipsius
601 1265 847 1320 ileronis
880 1279 1006 1335 avo,
1052 1264 1421 1333 adinventus,
1467 1265 1563 1335 qui
1599 1266 1821 1336 primus

153 1356 352 1428 patris
376 1355 463 1412 sui
490 1354 644 1409 Belis
669 1352 714 1386 ’ί
746 1352 1162 1409 simulachrum
1191 1351 1235 1385 ⁸²
1266 1354 1412 1410 fudit
1443 1358 1502 1410 et
1534 1354 1820 1410 hominem

156 1458 270 1517 pro
305 1443 420 1499 deo
454 1442 722 1499 venerari
761 1440 960 1511 jussit.
1007 1443 1157 1497 Hero
1197 1443 1380 1515 patris
1420 1442 1507 1498 sui
1543 1443 1747 1499 merita
1779 1442 1824 1476 ⁸⁸

158 1531 385 1589 tabula
427 1545 769 1588 marmoreae
813 1530 1136 1601 inscripsit,
1176 1546 1344 1601 quam
1378 1530 1450 1586 ad
1480 1530 1524 1563 ⁸⁴
1552 1532 1679 1602 ejus
1711 1545 1827 1586 me-

169 1622 417 1678 moriam
462 1620 684 1692 pariter
712 1624 773 1675 et
805 1620 1135 1677 futurorum
1178 1619 1446 1676 notitiam
1479 1635 1607 1676 cum
1640 1634 1707 1675 eo
1738 1632 1825 1675 re-

168 1709 439 1769 condidit
469 1709 539 1766 ad
576 1708 757 1765 instar
790 1706 1188 1778 hujuscemodi
1219 1706 1265 1741 ⁸⁸
1296 1710 1463 1780 (172).

161 1801 320 1861 Nini
346 1798 725 1863 Semiramis,
761 1811 892 1869 quae
921 1798 1085 1854 tanto
1118 1798 1367 1868 conjuge
1382 1796 1558 1869 felix

162 1888 450 1946 Plurima
462 1886 752 1959 possedit,
786 1886 878 1942 set
896 1886 1081 1957 plura
1100 1886 1413 1956 prioribus
1441 1885 1621 1942 addit
1643 1884 1713 1956 ⁸⁸,

163 1979 298 2036 Non
327 1975 373 2009 ⁸⁷
402 1974 675 2033 contenta
704 1975 855 2045 suis,
888 1987 992 2030 nec
1022 1973 1160 2031 totis
1177 1973 1412 2045 ﬁnibus
1441 1972 1486 2006 ⁸⁸
1517 1973 1698 2044 orbis,

161 2064 428 2137 Expulit
452 2079 491 2121 a
516 2064 718 2135 patrio
748 2061 793 2094 ⁸³
820 2063 1167 2134 privignum
1201 2062 1449 2119 Trebeta
1476 2076 1678 2134 regno,

163 2155 478 2227 Profugus
513 2153 813 2224 insignem
854 2152 1122 2208 nostram
1151 2152 1260 2223 qui
1290 2151 1563 2209 condidit
1598 2150 1821 2223 urbem,

172 2241 446 2301 Treberis
473 2239 520 2273 ⁸ο
549 2240 689 2297 huic
721 2253 932 2296 nomen
964 2239 1115 2297 dans
1146 2239 1214 2296 ob
1231 2239 1500 2312 factoris
1537 2254 1825 2308 amorem;

173 2331 314 2397 Qud
342 2329 537 2400 capud
567 2329 820 2399 Europa
849 2330 1221 2399 cognoscitur
1251 2327 1604 2386 anteritate.

166 2420 372 2478 Filius
390 2417 575 2488 huius
596 2418 757 2473 Hero
774 2415 816 2449 ⁹¹
835 2416 1037 2488 patris
1059 2416 1180 2474 bac
1199 2418 1576 2488 epigramata
1595 2415 1639 2451 θ’
1647 2432 1823 2490 pono,

171 2508 366 2579 Cujus
386 2506 469 2564 ad
486 2506 752 2579 inferias
775 2505 877 2563 bic
902 2519 1034 2562 cum
1061 2506 1207 2562 Jove
1232 2506 1402 2562 Mars
1432 2506 1591 2563 tenet
1613 2519 1759 2565 aras

166 2597 390 2656 Sidere
417 2594 713 2664 concordi,
732 2609 867 2666 pas:
887 2594 979 2651 est
992 2608 1109 2651 non
1137 2593 1505 2653 dissocianti.

244 2689 275 2740 3
305 2683 377 2740 ”.
418 2685 553 2740 Post
596 2685 880 2739 Heronem
920 2682 1291 2744 Trebirorum
1323 2683 1367 2716 "
1399 2698 1472 2738 ex
1504 2683 1627 2754 ipsa
1656 2688 1831 2754 gente

168 2774 289 2831 orti
338 2771 384 2805 ”
428 2771 730 2843 principes
772 2769 818 2804 ⁸⁸
859 2770 1185 2827 extiterunt
1234 2774 1293 2829 et
1341 2770 1551 2839 duces;
1596 2770 1831 2842 jamque

166 2863 573 2920 Treberenses
601 2859 646 2893 ⁸⁷
676 2864 737 2915 et
767 2873 1008 2916 numero
1053 2859 1212 2918 aucti
1257 2864 1316 2915 et
1362 2858 1592 2931 opibus,
1627 2862 1831 2916 urbem

170 2965 343 3009 suam
377 2950 602 3005 munire
634 2952 694 3004 et
723 2947 912 3004 modis
944 2948 1216 3005 omnibus
1246 2947 1636 3005 decreverunt
1667 2948 1833 3007 ador-

171 3053 340 3097 nare.
390 3038 583 3094 Primo
631 3037 828 3108 itaque
868 3034 914 3071 "
954 3038 1025 3093 ad
1071 3036 1469 3107 aquilonarem
1516 3037 1561 3071 ³³
1605 3037 1831 3109 plagam

1930 564 2158 628 portam
2200 559 2639 617 aedificaverunt
2670 558 2756 629 λοι,
2801 560 2923 631 ipsa
2964 560 3050 616 sui
3085 560 3149 594 ¹⁰²
3181 562 3577 630 magnitudine

1931 651 1989 701 et
2030 648 2237 704 minaci
2278 650 2634 719 proceritate
2674 649 2995 705 mirabilem
3028 648 3094 682 ⁸⁰³
3126 650 3293 719 (173,
3336 665 3579 721 eamque

1932 741 2159 806 portam
2201 738 2430 807 Nigram
2474 738 2540 771 ¹⁰⁴
2582 744 2808 809 portam
2853 739 3051 794 Martis
3092 738 3482 810 appellavere,
3516 738 3584 773 ¹⁰⁸

1928 824 2096 894 cujus
2136 826 2361 897 lapides
2402 842 2510 882 non
2553 833 2819 883 cemento
2860 827 3074 897 aliquo,
3126 834 3210 884 set
3254 830 3407 885 ferro
3449 845 3585 886 con-

1931 913 2371 984 glutinabantur
2402 920 2461 971 et
2495 915 2728 987 plumbo
2769 917 2965 972 Martis
2996 915 3090 981 1°‘;
3124 917 3323 974 Martis
3354 918 3438 986 ίοτ,
3476 910 3580 991 qui

1933 1002 2077 1059 deus
2110 1003 2242 1058 belli
2278 1004 2659 1068 credebatur;
2701 1010 2759 1059 et
2790 1003 2857 1037 ¹⁰⁸
2880 1018 2992 1077 per
3022 1004 3168 1061 hanc
3200 1012 3424 1076 portam
3461 1008 3578 1064 bel-

1934 1089 2049 1147 lum
2099 1093 2324 1160 gesturi
2380 1092 2932 1164 proficiscebantur;
2986 1093 3214 1162 Nigram
3262 1102 3453 1151 autem
3503 1098 3576 1152 ob

1934 1179 2260 1249 tristitiam,
2307 1181 2438 1249 quia
2482 1181 2553 1236 de
2597 1181 2749 1236 bello
2790 1181 3077 1250 fugientes
3112 1198 3214 1252 per
3245 1184 3483 1240 eandem
3514 1184 3581 1218 ¹⁰⁹

1935 1268 2140 1323 tristes
2173 1270 2642 1324 revertebantur.
2682 1269 2928 1340 Campus
2962 1274 3093 1324 ante
3124 1276 3348 1341 portam
3374 1270 3439 1305 11°
3459 1272 3582 1328 lon-

1935 1356 2199 1425 gitudine
2217 1362 2277 1411 et
2296 1356 2357 1389 ω
2375 1357 2685 1413 latitudine
2704 1358 2998 1428 spatiosus
3021 1358 3218 1415 Martis
3239 1361 3578 1432 vocabatur,

1935 1446 2033 1501 ubi
2078 1450 2312 1515 tyrones
2353 1446 2528 1501 armis
2569 1445 3040 1502 instruebantur.
3081 1447 3343 1503 Secunda
3371 1448 3581 1506 deinde

1938 1538 2102 1605 porta
2144 1534 2214 1590 ad
2255 1539 2447 1590 ortum
2490 1534 2629 1589 solis
2680 1550 2810 1590 cum
2860 1534 3127 1591 turribus
3169 1537 3455 1606 speciosis
3493 1543 3582 1593 est

1936 1622 2221 1679 aedificata
2255 1622 2337 1692 ¹¹²,
2380 1622 2448 1677 ad
2484 1637 2651 1692 quam
2686 1623 2942 1678 victores
2985 1623 3054 1679 de
3098 1624 3249 1679 bello
3286 1630 3585 1683 reverten-

1936 1714 2029 1766 tes
2060 1709 2125 1744 ¹¹³
2159 1710 2347 1766 tocius
2379 1708 2444 1743 11⁸
2475 1710 2736 1766 civitatis
2768 1726 3016 1766 occursu
3052 1712 3495 1783 excipiebantur
3521 1720 3579 1770 et

1854 1808 1906 1866 Β
1938 1799 2161 1867 laetitia,
2196 1805 2251 1855 et
2286 1799 2360 1854 ob
2392 1798 2457 1832 ¹¹⁸
2488 1798 2595 1854 hoc
2629 1798 2768 1854 Alba
2804 1804 2973 1869 porta
3005 1800 3293 1857 nominata
3316 1800 3382 1834 ω
3402 1803 3571 1874 (174).

1933 1888 2124 1944 Tertia
2158 1891 2324 1958 porta
2358 1888 2427 1943 ad
2462 1886 2687 1958 plagam
2731 1887 3103 1943 meridianam
3144 1904 3272 1945 cum
3311 1890 3577 1947 turribus

1936 1975 2119 2032 firmis
2148 1981 2205 2031 et
2240 1977 2376 2032 altis
2410 1976 2463 2031 in
2498 1976 2687 2032 medio
2713 1981 2803 2032 est
2835 1976 2901 2010 “7
2932 1976 3091 2033 urbis
3121 1982 3462 2034 constructa
3492 1977 3577 2050 ω,

1935 2077 2118 2133 eaque
2160 2064 2231 2119 de
2270 2080 2441 2121 causa
2487 2068 2652 2136 porta
2695 2065 2873 2121 Media
2916 2071 3247 2137 nuncupata
3292 2065 3357 2099 “9
3396 2067 3573 2141 (175).

1937 2155 2143 2209 Forum
2196 2168 2387 2210 rerum
2438 2153 2504 2186 ¹²⁰
2554 2153 2840 2209 venalium
2892 2154 3200 2210 maximum
3251 2160 3386 2211 ante
3435 2155 3581 2213 hanc

1938 2248 2165 2314 portam
2214 2243 2595 2298 constitutum
2648 2242 2993 2311 habebatur,
3046 2242 3212 2299 locus
3250 2245 3425 2301 etiam
3468 2259 3582 2316 quo

1942 2331 2155 2387 mortui
2187 2331 2258 2387 ad
2290 2329 2691 2402 sepeliendum
2722 2330 3134 2386 efferebantur.
3169 2330 3386 2397 Quarta
3417 2337 3581 2403 porta

1942 2434 2146 2476 versus
2178 2420 2541 2475 occidentem
2570 2423 2908 2475 constructa
2933 2419 3116 2475 estad
3141 2419 3281 2476 litus
3309 2420 3584 2491 Mosellae,

1941 2522 2070 2578 quae
2100 2507 2242 2563 mira
2276 2507 2365 2562 sui
2393 2507 2755 2577 operositate
2782 2510 2837 2561 et
2871 2507 3119 2562 turrium
3149 2507 3585 2579 incomparabili

1941 2593 2378 2666 pulchritudine
2405 2600 2637 2650 ceteras
2658 2599 2861 2664 portas
2882 2593 3160 2649 excelluit
3185 2593 3270 2664 ω,
3301 2600 3358 2650 et
3383 2597 3456 2651 ob
3479 2596 3589 2652 hoc

1941 2688 2125 2754 portae
2154 2680 2370 2737 inclitae
2394 2681 2460 2713 ¹²²
2484 2680 2831 2736 vocabulum
2865 2682 3133 2752 sumpsit.
3172 2683 3328 2738 Hanc
3360 2687 3587 2753 portam

1942 2771 2133 2828 stellis
2162 2785 2234 2826 ex
2266 2785 2407 2826 auro
2438 2770 2605 2825 factis
2634 2768 2980 2825 mirabiliter
3010 2770 3270 2840 pinxere,
3302 2786 3429 2842 quas
3459 2787 3591 2845 por-

1940 2860 2027 2916 tui
2056 2858 2285 2915 navium
2318 2856 2644 2929 proximum
2669 2855 2734 2889 ¹²⁸
2756 2861 2926 2911 nocte
2954 2862 3011 2911 et
3042 2856 3134 2912 die
3158 2857 3223 2890 1"
3247 2857 3481 2915 luminis
3509 2860 3593 2915 of-

1941 2948 2135 3005 ﬁcium
2168 2948 2491 3019 praebuere.
2527 2947 2809 3001 Fecerunt
2840 2945 3052 3001 ibidem
3081 2950 3136 3001 et
3164 2945 3228 2978 ¹¹⁸
3250 2946 3589 3018 capitolium

1943 3037 2273 3108 maximum,
2322 3035 2600 3108 templum
2646 3051 2875 3108 quoque
2919 3036 3208 3097 idolorum
3249 3038 3335 3110 ω,
3378 3040 3433 3094 in
3479 3055 3592 3111 quo

1549 3138 1784 3193 VARIA‘]
1828 3136 2228 3193 LECTIONES.

249 3208 297 3242 ⁶⁹
328 3207 626 3278 thogatam
663 3208 774 3262 B2.
809 3207 870 3261 G.
899 3206 1066 3278 br._t.
1092 3220 1143 3261 c.
1171 3206 1252 3262 5b.
1329 3206 1376 3239 ⁷⁰
1404 3205 1699 3263 bihemilia
1735 3209 1810 3263 1°.
1849 3209 1995 3266 bize.
2033 3207 2188 3263 milia
2218 3211 2270 3262 2.
2309 3205 2595 3278 biremilia
2626 3210 2706 3261 5⁸.
2741 3205 3085 3262 biremiliam
3116 3207 3195 3263 5b.
3233 3207 3590 3278 byzemiliam

180 3282 281 3336 B2.
320 3275 664 3335 bizc'miliam
702 3280 739 3332 C
772 3281 821 3332 4.
858 3279 911 3331 6.
986 3275 1031 3309 ⁷¹
1062 3280 1360 3347 totamque
1392 3278 1473 3333 5b.
1552 3278 1597 3311 ⁷²
1624 3293 1671 3335 c.
1702 3280 1792 3335 ΙΙΙ,
1818 3281 1934 3338 inc.
1963 3281 2020 3334 C.
2048 3278 2247 3335 Leibn.
2324 3276 2369 3309 ⁷³
2400 3278 2629 3332 trcbete
2659 3291 2806 3333 corr.
2845 3279 3073 3333 trebeta
3106 3279 3185 3335 1b.
3222 3275 3465 3334 trebotie
3498 3285 3585 3334 3°.

181 3353 225 3406 B
247 3356 301 3407 6.
327 3352 574 3406 trebetas
601 3350 638 3403 Β
659 3354 711 3403 2.
740 3349 968 3403 trebeta
992 3348 1070 3403 3°.
1096 3353 1146 3403 5.
1173 3353 1221 3403 6.
1252 3351 1309 3405 C.
1339 3350 1563 3406 trebata
1587 3353 1671 3404 6°.
1752 3349 1797 3383 ⁷⁴
1821 3352 1857 3406 f.
1885 3350 2011 3419 ejus
2034 3355 2082 3405 5.
2110 3356 2172 3404 6°
2192 3349 2238 3403 δ.
2268 3350 2362 3403 Bt.
2441 3347 2487 3380 ⁷⁸
2511 3348 2897 3419 principatum
2922 3349 3006 3404 3b.
3038 3354 3096 3404 5.
3122 3354 3179 3405 6.
3263 3350 3307 3382 7°
3332 3349 3593 3405 succedit

185 3424 227 3477 B
251 3428 304 3479 2.
382 3420 428 3454 ⁷⁷
451 3420 613 3477 urani
641 3421 679 3474 B
700 3423 751 3474 2.
772 3419 964 3487 jurani
988 3433 1135 3475 corr.
1164 3420 1327 3476 urani
1355 3420 1393 3474 C
1418 3425 1463 3473 1.
1491 3422 1549 3475 et
1565 3421 1656 3476 ita
1680 3422 1717 3475 C
1742 3426 1791 3477 3.
1819 3426 1867 3477 4.
1894 3418 1943 3477 5.
1973 3420 2163 3476 turani
2187 3424 2266 3475 6°.
2294 3434 2322 3476 e
2341 3425 2531 3475 coria?
2605 3418 2650 3451 ⁷⁸
2672 3425 2728 3473 et
2754 3436 2797 3473 s.
2825 3435 2871 3475 s.
2899 3420 3112 3477 desunt
3132 3427 3212 3476 5°.
3239 3422 3491 3477 subditis
3514 3422 3591 3476 5°.

183 3492 233 3526 ⁸ο
265 3492 427 3549 deest
445 3493 576 3562 5b.“
607 3489 651 3523 ⁸³
683 3490 794 3545 beli
828 3493 907 3562 3°,
949 3491 1006 3544 C.
1045 3490 1214 3559 (belis
1239 3506 1389 3562 corr.
1423 3490 1532 3545 beli
1570 3493 1672 3562 1?).

1753 3492 1796 3525 ⁸²
1829 3492 2185 3548 mulachrum
2212 3492 2359 3546 fudit
2384 3490 2601 3561 incipit
2620 3494 2695 3544 5°.
2723 3489 2867 3561 fudit
2893 3492 3055 3548 deest
3072 3493 3149 3548 5°.
3226 3491 3271 3524 ⁸³
3303 3492 3511 3548 merito
3544 3496 3593 3546 1.

182 3562 231 3597 “
264 3564 340 3620 ob
361 3563 451 3618 5°.
536 3560 580 3594 ⁸⁸
609 3562 755 3618 add.
792 3560 1080 3633 rubram:
1103 3561 1489 3633 Epytaphium
1522 3560 1767 3618 Heronis
1797 3565 1899 3618 B2.
1981 3562 2025 3595 ⁸⁸
2055 3562 2215 3619 deest
2235 3561 2318 3618 5°.
2382 3560 2445 3633 ί⁸⁷
2479 3576 2581 3633 nec
2606 3564 2671 3633 B.
2705 3563 2768 3616 C.
2853 3560 3154 3633 “civibus
3185 3563 3269 3617 δι’.

3306 3564 3413 3634 qui
3443 3576 3599 3618 erro-

184 3634 362 3706 ribus
386 3633 689 3706 similibus
718 3632 928 3706 seatet.
1012 3631 1056 3664 ⁸⁸
1086 3646 1115 3688 e
1145 3631 1307 3706 egw;
1335 3636 1404 3706 1.
1432 3633 1622 3703 patria
1653 3648 1807 3706 corr.
1851 3634 2038 3706 patrio
2072 3636 2110 3688 Β
2142 3639 2198 3690 2.
2242 3632 2428 3706 patria
2458 3632 2577 3706 5°_.__
2626 3631 2684 3706 οἶ
2700 3632 2946 3706 treveris
2980 3635 3017 3686 Β
3046 3638 3103 3706 6.
3144 3634 3203 3689 et
3226 3631 3328 3691 itd
3346 3635 3592 3704 sapius.

187 3705 233 3739 ⁸³
265 3705 397 3775 ejus
427 3719 528 3760 ero
559 3703 644 3759 6°.

189 3861 351 3904 corr.
391 3861 630 3903 numero
663 3845 745 3899 1°.
829 3843 874 3876 ⁸⁸

746 3703 789 3735 ⁹²
819 3705 910 3758 ita
944 3707 997 3775 1.
1039 3706 1124 3756 5°.
1168 3704 1233 3756 Β.
1273 3708 1329 3758 3.
1372 3704 1409 3758 C
1443 3710 1500 3759 1.
1539 3709 1597 3758 3.
1638 3703 2054 3775 epigrammata
2088 3705 2229 3760 alii.

191 3777 232 3831 C
266 3773 323 3831 1'.
362 3777 732 3853 treberorum
765 3774 1090 3853 2._]'eliqui
1119 3774 1288 3853 etnita
1322 3788 1551 3853 semper
1564 3773 1756 3853 Lfere.’
1794 3774 1858 3853 _°‘
1888 3776 2051 3853 deest
2077 3780 2138 3829 6°
2170 3776 2223 3827 ι).
2315 3773 2359 3853 ⁹Ι⁶

2331 3702 2375 3735 ⁸³
2414 3717 2471 3758 c.
2512 3703 2607 3756 IV.
2649 3703 2714 3756 C.
2755 3703 2960 3759 Leibu.

2392 3772 2678 3843 printipes
2715 3778 2766 3826 1.

3061 3704 3103 3735 ⁹⁴
3144 3706 3233 3760 ita
3268 3711 3322 3759 1.
3366 3706 3449 3759 1b.
3491 3706 3594 3760 Bii.

2851 3772 2894 3805 ⁹⁷
2925 3774 3285 3830 trebirenscs
3315 3780 3372 3829 et
3404 3790 3605 3832 mucro

907 3842 1139 3914 quidem
1167 3846 1284 3900 B6.
1369 3846 1413 3878 9°
1440 3842 1532 3902 ita
1563 3842 1620 3901 2.
1659 3847 1742 3900 5°.
1782 3850 1840 3901 6.
1882 3847 1973 3900 C1
2014 3846 2067 3914 (e
2093 3860 2241 3901 corr.
2273 3845 2345 3899 ut
2365 3842 2651 3911 videtur).
2693 3842 3020 3914 aquiloni-In
3058 3850 3111 3899 1.
3158 3847 3241 3899 1°.
3284 3850 3370 3901 3°.
3411 3849 3493 3899 5°.
3535 3845 3607 3901 ad

192 3917 486 3989 quilonem
519 3920 607 3989 5°,
647 3914 1034 3989 aquilonalem
1067 3916 1133 3989 B.
1188 3915 1286 3989 A1799
1317 3917 1527 3985 quadis
1557 3930 1714 3989 corr.
1756 3916 1996 3989 quadris
2031 3924 2082 3970 1.

193 3986 521 4045 mirabilem
554 3987 770 4044 desunt
792 3986 852 4041 6.
937 3986 1002 4019 ί⁰³
1035 3986 1319 4043 mirabilis
1342 3989 1423 4042 3b.
1450 3992 1498 4042 5.
1581 3988 1645 4020 ¹⁰⁴
1676 3988 1835 4043 deest
1854 3991 1932 4042 5°.
1962 4002 2015 4041 n.

2168 3915 2232 3948 ¹⁰¹
2264 3919 2721 3986 construxerunt
2752 3916 2828 3986 C_._
2902 3913 2965 3945 ¹⁰²
2997 3915 3107 3969 sibi
3139 3919 3225 3969 3°.
3270 3915 3391 3986 ipsa
3425 3916 3513 3971 sui
3540 3947 3609 3955 —

2046 4004 2097 4058 p.
2125 3992 2185 4040 et
2210 4002 2261 4056 p.
2292 4001 2362 4058 n1.
2390 3990 2463 4058 5°.
2544 3984 2610 4016 ¹⁰⁶
2641 3983 3081 4058 appellaverunt
3114 3990 3191 4058 5°.
3227 3983 3365 4040 6.'a.
3404 3986 3609 4058 martis

192 4060 294 4164 (ευξιὶ
327 4059 473 4115 deus
506 4058 639 4114 belli
672 4057 1025 4114 credebatur
1055 4062 1110 4113 2.
1188 4057 1254 4090 ¹⁰⁶
1283 4063 1331 4112 6.
1366 4058 1473 4114 hoc
1494 4059 1613 4115 loco
1634 4059 1772 4114 add.
1800 4080 1818 4114 .-
1851 4059 1978 4128 Ipsa
2014 4055 2101 4113 sui
2136 4055 2616 4136 magnitudinem
2655 4055 2857 4110 minaci
2897 4057 3251 4127 proceritate
3285 4057 3597 4113 mirabilis.

192 4132 209 4163 1
294 4130 490 4164 Manlia
525 4162 568 4164 _
604 4128 957 4164 nnnrlnhnhn-
995 4128 1091 4164 bnn
1127 4129 1241 4164 Innn
1275 4129 1487 4164 η’.)ρηπωΙ
1514 4134 1545 4164 0
1604 4131 1746 4164 Mque
1781 4128 1920 4164 rlnna
1956 4129 1987 4164 h
2044 4145 2073 4164 ιι
2131 4132 2160 4164 κ
2219 4134 2418 4164 mar-ha
2453 4142 2545 4164 mn
2584 4128 2726 4164 rlnnc
2755 4132 2841 4164 net
2881 4128 2913 4164 Ιι
2967 4143 3029 4164 ιη’
3084 4131 3116 4164 R
3172 4142 3199 4164 ῃ
3237 4134 3419 4164 Μανία
3451 4128 3573 4164 [ΠΙίῖ

192 4128 262 4164 ¹⁰⁷
294 4130 492 4186 Martis
522 4162 571 4169 -
604 4128 957 4185 credebatur
990 4128 1091 4184 hoc
1124 4129 1241 4185 loco
1273 4129 1487 4185 desunt
1514 4134 1564 4185 2.
1599 4131 1749 4185 Mars
1781 4128 1923 4184 deus
1956 4129 2007 4182 ι).
2044 4145 2092 4184 c.
2130 4132 2179 4182 5.
2218 4128 2420 4182 martis
2453 4128 2547 4197 qui
2584 4128 2728 4182 deus
2755 4132 2846 4181 est
2881 4128 2931 4182 b.
2966 4143 3047 4182 cr.
3084 4131 3135 4182 6.
3171 4142 3202 4183 a
3237 4134 3419 4183 marte
3450 4128 3597 4184 add.

189 4204 261 4260 in
278 4214 471 4272 marg.
500 4203 591 4257 CI.
617 4201 677 4257 et
694 4202 786 4272 ila
809 4203 902 4272 C2.
927 4202 1254 4272 sequentes.
1335 4198 1401 4232 10⁸
1434 4199 1470 4253 li
1495 4204 1545 4256 2.
1572 4201 1733 4258 deest
1750 4204 1822 4272 5._
1881 4199 1948 4231 ¹⁰⁹
1977 4215 2028 4254 e.

1145 4270 1207 4302 1“
1236 4275 1575 4327 constructa
1611 4273 1676 4327 C.
1761 4270 1826 4303 “3
1861 4267 2309 4326 revertebantur
2332 4274 2387 4324 5.
2420 4273 2480 4323 6.
2565 4267 2627 4301 ¹¹⁴
2664 4269 2963 4339 totiusque
2996 4286 3053 4326 e.
3094 4285 3153 4325 ο.
3194 4267 3327 4325 01⁷1.
3367 4284 3470 4325 exc
3539 4276 3600 4325 6.

1470 4343 1820 4399 nominatam
1852 4342 1940 4396 3°.
1982 4341 2271 4397 nominata
2305 4346 2394 4396 est
2426 4345 2483 4394 5.
2523 4344 2580 4395 6.
2622 4347 2711 4397 est
2744 4341 3035 4397 nominata
3068 4342 3168 4396 CB.
3254 4341 3317 4374 ¹¹⁷
3349 4342 3511 4397 deest
3538 4345 3597 4396 2.

1310 4412 1374 4447 ιι*
1414 4428 1474 4467 n.
1516 4420 1610 4469 est
1637 4418 1696 4470 6.
1737 4419 1826 4469 est
1860 4413 1925 4469 d.
1963 4418 2047 4468 5°.
2087 4418 2289 4468 vocata
2322 4418 2408 4468 est
2443 4413 2503 4466 5b
2536 4419 2903 4483 nuncupatur
2939 4415 3039 4468 B6.

1813 4527 1824 4539 .
1927 4483 1993 4517 1⁸³
2020 4485 2285 4555 proximo
2317 4498 2533 4555 ecorr.
2573 4486 2673 4539 C1.
2714 4485 2775 4540 et
2800 4485 2890 4541 ita
2919 4486 2993 4540 C3
3018 4497 3156 4555 sqq.

194 4563 256 4614 3.
296 4555 443 4614 5°.°.
482 4560 566 4611 6°.
607 4556 669 4612 d.
708 4570 775 4613 ac
806 4571 868 4612 n.
906 4561 994 4611 5°.
1032 4556 1183 4609 6°33.
1269 4554 1335 4589 ¹²⁸
1366 4559 1424 4611 et
1460 4555 1501 4610 i.
1541 4554 1693 4612 53.5.
1732 4557 1809 4612 B2
1838 4554 2091 4613 etiam’i.
2131 4560 2215 4613 5°.
2300 4554 2365 4588 ¹²⁶
2391 4555 2550 4613 deest
2574 4556 2675 4610 86.

194 4274 240 4328 Ι.
282 4274 387 4327 Bb.
414 4270 481 4327 ‘6.
524 4274 600 4327 C2
710 4270 772 4303 ¹¹¹
805 4271 966 4328 deest
994 4270 1059 4325 C.

194 4343 263 4377 “'
292 4359 365 4400 ex
394 4348 453 4399 6.
493 4344 564 4397 ab
598 4344 697 4397 Β4.

193 4421 256 4471 3.
296 4415 361 4469 5?
390 4419 448 4470 5.
488 4418 547 4469 6.
648 4412 714 4446 11⁸
749 4415 1071 4469 constituta
1106 4414 1206 4468 86.

192 4486 263 4522 ω
292 4484 619 4541 excellebat
652 4488 709 4539 3.
750 4488 808 4539 5.
847 4489 905 4540 6.
946 4483 1239 4540 excellunt
1274 4485 1375 4540 B2.

792 4341 856 4375 ¹¹⁶
887 4341 1217 4397 nominatur
1254 4348 1306 4398 1.
1350 4343 1431 4396 1b.

1477 4483 1541 4516 ¹²²
1572 4485 1616 4540 i.
1658 4501 1719 4556 p.
1759 4486 1797 4539 C

2065 4204 2288 4270 portam
2326 4199 2419 4254 B6.
2472 4196 2876 4271 "‘°_deestB2.
2915 4203 2964 4253 3.
3002 4200 3094 4255 C1.
3132 4199 3381 4271 Campus
3414 4207 3607 4255 autem

3144 4412 3211 4445 ¹²⁰
3248 4428 3387 4469 vero
3422 4414 3488 4467 Β.
3533 4414 3601 4468 C.

3254 4483 3319 4516 ¹²⁸
3348 4484 3412 4539 (1.
3447 4488 3509 4539 et
3538 4498 3603 4539 n.

1790 4653 2013 4713 ΝΟΤᾸΞ.

300 4725 426 4797 170)
454 4725 790 4782 Etruriam?

297 4793 425 4867 171)
454 4797 763 4854 Illiricum
794 4794 1055 4867 scribere
1094 4793 1316 4850 debuit.

300 4865 424 4937 172)
458 4869 588 4924 Haec
621 4866 926 4937 inscriptio
973 4865 1219 4937 fortasse
1266 4866 1585 4922 narrationi
1638 4879 1854 4937 praece-

196 4934 362 4996 denti
396 4934 592 4995 ansam
624 4934 893 5000 praebuit.
927 4934 1011 5007 Ad
1039 4935 1143 4991 hos
1175 4951 1384 4994 versus
1417 4934 1655 5007 respicit
1691 4935 1853 4993 locus

196 5026 231 5067 a
266 5010 713 5080 Wyttenbachio
754 5023 826 5080 ex
865 5006 1068 5080 codice
1108 5007 1243 5080 vitae
1274 5009 1327 5060 S.
1366 5006 1721 5063 Willibrordi
1752 5020 1854 5080 au-

196 5078 368 5139 ctore
390 5080 712 5137 Thiotfrido
735 5078 949 5136 allatus
973 5097 985 5133 :
1016 5078 1168 5135 Urbs
1198 5079 1527 5149 Trecerica,
1551 5081 1619 5135 ut
1630 5079 1856 5135 moder-

194 5168 275 5212 no
316 5153 573 5224 tempore
610 5154 677 5209 in
716 5149 917 5224 tumba
953 5149 1219 5224 quadam
1258 5151 1522 5224 inventa
1545 5150 1861 5224 declarant

197 5220 677 5297 epggrammata,
692 5221 947 5297 condita
962 5222 1035 5297 _e_t_
1066 5220 1338 5297 Treberis
1358 5222 1675 5297 nominata
1705 5220 1794 5277 est
1810 5233 1857 5297 a

195 5291 512 5368 p—T'ibignio
533 5291 915 5368 Sentiramis,
949 5293 1100 5368 Nini
1114 5293 1420 5368 conjugis,
1452 5292 1745 5368 _1_'rebeta,;
1765 5291 1846 5368 c_1‘_.

203 5361 346 5422 Otto
365 5361 614 5435 Frising.
638 5366 681 5434 Ι,
700 5367 733 5419 8
754 5382 765 5417 :
786 5364 1023 5419 Extant
1043 5361 1332 5420 etiam'ib'i
1356 5362 1623 5434 antiqua
1642 5361 1858 5420 nobili.

203 5437 376 5508 tatis,
397 5438 467 5494 ut
484 5434 607 5509 ipsi
626 5436 821 5509 aiunt,
844 5435 1330 5509 monimentorum
1347 5435 1656 5509 insignia;
1665 5448 1706 5509 _e
1725 5434 1859 5509 qui-

205 5505 575 5582 busnostr’is
610 5507 699 5582 ibi
735 5505 1090 5582 temporibus
1125 5508 1423 5582 repertum
1461 5507 1521 5563 et
1549 5507 1620 5564 in
1657 5505 1861 5582 lapide

200 5579 502 5654 sculptum
529 5576 709 5654 infra
729 5576 1038 5654 posuimus
1050 5576 1443 5654 epitapliimn.

279 5647 430 5724 (173)
454 5647 968 5724 Exst'athodieque
988 5647 1252 5724 mirabile
1264 5647 1641 5724 antiquitatis
1656 5662 1856 5724 monuo

206 5717 488 5799 mentum,
522 5720 713 5779 medio
743 5717 1145 5781 avo‘ecclesia
1174 5720 1227 5779 S.
1258 5717 1563 5794 S;.neonis,
1594 5732 1646 5778 a.
1681 5721 1845 5780 1817.

1883 4728 1931 4789 C

1965 4724 2229 4797 pristina)
2255 4725 2453 4781 formae
2475 4724 2833 4797 restitutum.
2864 4724 2984 4777 1am
3012 4721 3067 4797 in
3091 4722 3292 4797 charta
3316 4723 3613 4797 Popponis

1966 4792 2080 4867 (ap.
2127 4795 2619 4867 Hontheimllist.
2660 4796 2697 4861 l,
2740 4809 2796 4863 p.
2827 4798 2953 4867 379)
2999 4792 3216 4849 dicitur
3250 4792 3617 4867 portaque!

1964 4864 2127 4939 apud
2147 4866 2405 4939 gentiles
2431 4864 2622 4921 Marti
2651 4866 2996 4939 consecrata
3014 4864 3392 4921 memoratur.

2039 4933 2747 5008 (17£)Alttborrusque4ad
2770 4940 2967 4990 nostra
2996 4939 3258 5008 tempora
3278 4935 3614 5008 germanico

1968 5006 2243 5063 idibmate
2275 5006 2595 5077 appellata.
2635 5006 2751 5062 Non
2785 5011 2912 5077 erat
2949 5006 3275 5076 antiquitus
3306 5012 3475 5077 porta
3508 5007 3620 5063 Ro-

1967 5094 2153 5143 mana,
2190 5078 2292 5133 sed
2316 5076 2518 5133 tractu
2550 5076 2830 5148 temporis
2865 5077 2918 5131 in
2953 5076 3317 5134 thermarum
3338 5079 3621 5134 Romana-

1967 5164 2094 5205 rum
2128 5149 2313 5205 ruinis
2346 5154 2645 5205 exstructa
2675 5153 2786 5205 est.
2825 5150 3033 5203 WYTT.
3065 5150 3146 5204 Cl‘.
3178 5149 3438 5219 ejusdem
3464 5150 3619 5207 Neve

1970 5220 2378 5289 Forschungen
2430 5221 2571 5276 iiber
2611 5220 2704 5277 die
2748 5220 3091 5276 Romiscben
3135 5221 3622 5278 architecktonis-

1968 5292 2113 5348 chen
2160 5291 2556 5363 Alterthumer
2594 5291 2668 5346 im
2706 5292 3043 5348 Moselthale
3084 5307 3195 5349 von
3232 5292 3412 5363 Trier.
3459 5294 3618 5363 1835,

2017 5406 2030 5419 .
2078 5366 2170 5418 48.
2224 5362 2311 5418 Cf.
2364 5366 2648 5433 praeterea
2691 5362 2968 5429 Schmidt,
3018 5362 3479 5420 Baudenkm’aler
3518 5362 3626 5420 der

2019 5433 2313 5491 omischen
2353 5432 2597 5489 Periode
2645 5434 2757 5489 und
2804 5435 2907 5490 des
2955 5435 3326 5491 Mittelalters
3368 5436 3424 5491 in
3459 5434 3624 5490 Trier

1969 5506 2084 5564 und
2118 5506 2311 5562 seiner
2343 5504 2710 5576 Umgehung,
2742 5506 3069 5575 praesertim
3102 5508 3166 5576 V,
3197 5510 3247 5562 2.
3281 5508 3439 5562 1815.

2040 5580 2187 5650 (175)
2217 5579 2295 5635 De
2317 5576 2485 5650 cujus
2506 5574 2621 5631 situ
2643 5575 2716 5650 cf.
2742 5574 3158 5649 Wyttenbach,
3177 5577 3329 5635 Neve
3354 5576 3623 5648 Beitrﬁge

1967 5649 2073 5708 zur
2101 5649 2474 5725 Epigraphik,
2509 5663 2565 5723 p.
2606 5649 2691 5707 13.
