3962 6314
363 324 513 386 1095

1599 316 1862 382 GESTA
1911 313 2240 383 TREVER
2251 317 2389 382 ORI
2406 311 2481 379 illi

3625 297 3782 378 1096

359 490 468 531 non
503 475 693 531 minus
726 486 895 545 quam
933 479 1032 529 100
1069 472 1215 544 (176)
1249 475 1468 528 statuta
1502 472 1565 504 ίετ
1592 473 1745 528 idola
1776 488 2016 542 genera-
2047 470 2092 526 A
2133 472 2376 544 lapideis
2411 471 2474 504 ‘5‘
2508 470 2847 539 fornicibus,
2891 466 3104 526 deinde
3146 483 3251 540 per
3289 464 3496 524 divexa
3525 465 3599 509 1"
3629 483 3782 525 mon-

361 564 496 620 liter
527 565 600 620 ab
631 563 784 619 omni
828 563 1045 634 populo
1089 562 1454 628 colebantur,
1491 567 1548 616 et
1583 577 1686 632 per
1719 577 1782 617 ea
1819 563 2012 627 miseri

363 653 660 724 responsis
695 654 1018 708 daemonum
1049 666 1114 706 ac
1144 651 1320 706 variis
1354 650 1650 721 prestigiis
1683 650 1748 682 ¹²⁸
1779 649 2016 706 delude-

366 743 594 797 bantur.
640 743 927 796 Fecerunt
969 740 1118 808 (177)
1161 739 1336 794 etiam
1370 739 1436 771 ¹²⁹
1471 739 1522 793 in
1558 740 1833 796 honorem
1876 741 2016 794 Mer-

363 830 530 898 curii,
588 844 755 900 quem
808 829 976 884 deum
1029 843 1314 883 summum
1365 831 1420 882 et
1461 827 1528 859 ¹³⁰
1560 828 1712 883 inter
1763 828 1906 883 deos
1955 831 2012 882 et

365 919 625 974 homines
650 918 813 988 quasi
840 916 1216 972 mediatorem
1245 915 1308 948 ¹⁸¹
1331 917 1531 972 volare
1551 917 1766 972 arbitra
1780 919 2009 978 bantur.

364 1007 640 1062 fornicem
689 1005 928 1061 infinitae
979 1005 1041 1037 ¹³²
1089 1005 1440 1072 altitudinis,
1497 1005 1549 1059 in
1603 1021 1711 1074 qua
1767 1007 2008 1060 ferream

362 1095 664 1164 imaginem
691 1094 848 1150 mirzc
874 1093 1290 1162 magnitudinis
1319 1093 1578 1162 ejusdem
1613 1093 1878 1148 Mercurii
1913 1109 2011 1147 vo-

361 1183 534 1238 lantis
556 1181 622 1214 ¹³³
645 1182 698 1236 in
727 1197 858 1236 aere
883 1181 946 1213 ¹³⁴
973 1181 1226 1252 pendere
1254 1182 1534 1251 fecerunt,
1561 1197 1688 1236 cum
1717 1181 2006 1252 scriptura

359 1271 760 1342 hujuscemodi
789 1289 801 1326 :

481 1359 728 1417 Fcrreus
759 1361 824 1414 in
855 1361 1062 1414 racuis
1085 1359 1302 1428 pendet
1330 1357 1644 1430 caducifer
1675 1361 1872 1414 auris.

359 1451 496 1504 Erat
543 1454 736 1504 autem
779 1447 842 1479 ³³⁸
882 1447 1030 1518 lapis
1082 1462 1316 1516 magnes
1370 1462 1517 1502 unus
1567 1447 1620 1501 in
1674 1447 2004 1502 summitate

361 1537 626 1607 alterque
661 1551 808 1592 unus
842 1536 895 1590 in
931 1535 1258 1606 pavimento
1291 1536 1530 1590 fornicis
1556 1534 1812 1604 junctus,
1839 1537 2004 1606 cujus

362 1625 646 1681 naturalis
680 1625 768 1679 vis
800 1639 829 1678 e
863 1623 1097 1692 regione
1139 1623 1248 1677 sibi
1291 1624 1502 1678 ferrum
1537 1623 1738 1678 ascivit
1773 1621 1858 1692 “‘5,
1894 1624 2005 1678 sic-

360 1728 470 1783 que
502 1713 713 1767 ferrum
746 1711 944 1779 ingens
972 1711 1136 1780 quasi
1166 1710 1443 1765 dubitans
1469 1710 1520 1764 in
1545 1725 1678 1764 aere
1705 1711 1997 1781 pependit.

357 1804 476 1857 Non
511 1800 574 1833 ¹³⁷
607 1800 773 1869 longe
805 1799 1012 1853 abhinc.
1047 1814 1225 1869 super
1255 1798 1544 1853 MUSL'Hﬂm
1574 1815 1644 1854 ex
1675 1799 1897 1868 magnis
1924 1800 2002 1854 la-
2035 1835 2084 1892 Β

358 1889 592 1960 pidibus
639 1889 792 1943 ferro
838 1887 1190 1958 plumboque
1233 1887 1551 1957 compactis
1596 1894 1824 1956 pontem
1869 1903 2002 1942 con-

357 1984 646 2046 strinxere,
675 1991 842 2047 quem
875 1975 1029 2031 nulla
1062 1981 1326 2030 vetustas
1359 1975 1714 2030 labefactare
1739 1975 1824 2045 ⁸³⁸,
1859 1975 1999 2030 nulli

357 2067 571 2122 fluctus
602 2071 846 2136 possunt
881 2063 1203 2119 dissolvere
1235 2063 1404 2135 (178).
1455 2065 1737 2119 Fecerunt
1773 2079 2002 2134 quoque

357 2167 460 2223 per
479 2153 705 2207 diversa
733 2152 895 2207 urbis
921 2151 1040 2206 loea
1071 2156 1267 2206 turres
1295 2152 1488 2206 firmas
1509 2157 1568 2206 et
1591 2151 1762 2219 altas,
1785 2153 2007 2222 capito-

358 2241 453 2309 lia,
482 2240 717 2312 palatia,
747 2239 978 2310 templa,
1007 2239 1339 2303 statuasm,
1367 2238 1726 2308 thermas”,
1753 2239 2002 2308 lavacra,

359 2331 588 2385 theatra
614 2329 697 2383 “1.
736 2329 852 2383 Sub
880 2333 1039 2383 terra
1066 2329 1240 2382 etiam
1276 2331 1422 2382 intra
1456 2329 1652 2383 urbem
1678 2333 1734 2383 et
1759 2332 1922 2383 extra
1948 2333 2005 2384 et

359 2419 415 2472 in
448 2416 601 2471 omni
637 2430 737 2470 sua
771 2419 1064 2485 potestate
1103 2415 1507 2484 ignorantibus
1538 2415 1768 2486 quidem
1801 2417 2009 2472 verita-

368 2511 480 2560 tem
518 2502 879 2558 Incredibilia
922 2502 1197 2558 miracula
1241 2502 1419 2558 multa
1465 2504 1668 2558 fecere.
1716 2507 2004 2572 Aquarum

365 2607 594 2663 quoque
637 2591 1089 2646 habundantiam
1134 2592 1348 2646 habere.
1395 2591 1721 2661 cupientes,
1761 2591 2006 2646 rivulum

366 2681 515 2752 quia
543 2680 836 2735 modernis
867 2680 1060 2735 Olevia
1091 2679 1157 2712 ¹⁴²
1185 2681 1401 2736 dieitur
1424 2679 1489 2712 ¹⁴³
1513 2681 1659 2752 (179)
1684 2681 1792 2735 sub
1815 2686 2008 2736 monte

360 2772 578 2825 Jurauo
610 2769 674 2801 ¹⁶⁴
708 2771 852 2836 (180)
888 2769 1301 2834 introduxere;
1335 2769 1432 2839 qui
1467 2769 1687 2825 divisus
1721 2769 1773 2824 in
1810 2774 2008 2839 partes

358 2858 451 2914 vix
494 2857 698 2913 medias
737 2857 801 2889 1“
842 2858 1066 2913 civitati
1107 2857 1176 2912 ad
1221 2873 1385 2913 usum
1419 2857 1484 2890 ¹⁴⁶
1515 2859 1776 2913 sufﬁcere
1818 2863 2008 2928 potuit

357 2946 534 3018 (181).
575 2947 729 3002 Tune
763 2945 827 2978 “7
861 2947 1108 3002 rivulum
1153 2947 1382 3001 nomine
1427 2947 1747 3001 Buoverias
1780 2945 1865 3016 ³⁸⁸,
1910 2947 2011 3001 mi-

355 3035 524 3092 liario
575 3037 647 3090 ab
698 3038 841 3091 urbe
890 3036 1144 3091 secundo
1197 3036 1442 3092 alterum
1497 3035 1562 3068 “9
1607 3035 1856 3090 rivulum
1911 3045 2006 3106 qui

351 3124 621 3181 Buovora
653 3123 719 3156 ¹⁶⁰
751 3131 995 3180 vocatur
1039 3139 1324 3179 marmore
1368 3125 1710 3180 habundans
1741 3129 1890 3196 (182)
1927 3126 2010 3180 in-

358 3213 632 3269 fluentem
667 3212 752 3285 1“,
787 3213 972 3284 primo
1005 3228 1183 3284 super
1213 3215 1454 3269 eandem
1488 3212 1553 3246 ¹⁸²
1585 3214 1910 3270 Ruovoram
1943 3213 2009 3247 ¹⁸³

2131 561 2270 616 tium
2304 562 2488 616 latera
2518 560 2585 592 1“
2615 566 2670 615 et
2705 559 2943 616 vallium
2986 556 3270 630 profunda
3312 556 3620 624 ducentes,
3662 558 3781 614 uni-

2126 664 2311 706 versa)
2351 649 2610 705 civitatis
2652 648 2878 720 plateas
2914 647 3248 705 viventibus
3292 646 3464 716 aquis
3507 646 3780 718 impleve-

2127 752 2188 794 re
2221 739 2390 809 (183).
2427 738 2564 804 Quae
2598 738 2890 793 interdum
2930 735 3284 808 pluvialibus
3315 735 3485 805 aquis
3515 734 3779 792 adaucta

2125 832 2370 882 cunctas
2398 826 2720 896 platearum
2756 826 2967 881 sordes
3001 825 3054 878 in
3089 821 3384 878 Mosellam
3419 837 3657 878 vexere.

2195 917 2252 969 4.
2311 915 2472 969 Hunc
2524 914 2589 946 ¹⁶⁷
2637 921 2828 968 autem
2883 912 3130 968 rivulum
3185 911 3482 982 posterius
3527 910 3784 966 nomina-

2122 1007 2243 1057 tum
2271 1003 2336 1035 ¹⁶⁸
2363 1003 2849 1059 introducendum
2885 1001 3055 1058 simul
3079 1006 3138 1056 et
3162 1000 3618 1070 amphiteatrnm
3650 1014 3783 1056 con-

2125 1091 2465 1145 struendum
2501 1089 2818 1147 (Iatholdus
2848 1089 2915 1122 1⁵⁸
2942 1089 3215 1162 princeps
3248 1092 3410 1144 sorte
3444 1091 3778 1158 acceperat.

2122 1179 2226 1243 Qui
2253 1180 2387 1233 dum
2415 1179 2481 1211 ¹⁶⁰
2503 1179 2804 1248 hesitaret,
2841 1177 3131 1248 quomodo
3155 1176 3315 1232 illum
3343 1182 3456 1230 tam
3483 1175 3656 1245 longe
3682 1190 3784 1247 per

2120 1272 2204 1323 tot
2249 1274 2476 1324 montes
2507 1274 2564 1322 et
2596 1268 2777 1323 valles
2815 1265 3304 1334 circumduceret,
3343 1280 3558 1320 servus
3591 1265 3787 1320 dome-

2117 1357 2300 1412 sticus
2338 1362 2568 1428 sumpta
2611 1356 2808 1412 fidutia
2856 1355 3105 1426 spondet
3153 1353 3506 1418 firmissime,
3562 1353 3677 1408 sibi
3721 1347 3786 1385 ¹⁶³

2117 1445 2272 1500 datis
2315 1445 2598 1516 inpensis,
2643 1459 2772 1499 eum
2816 1459 2876 1500 se
2922 1444 2974 1498 in
3019 1443 3220 1499 urbem
3260 1446 3782 1514 przesentaturum:

2117 1549 2486 1604 quocumque
2509 1534 2601 1588 die
2625 1533 2895 1588 dominus
2913 1531 2979 1564 ³⁸³
3003 1531 3452 1602 amphiteatrum
3481 1531 3635 1586 foret
3664 1545 3786 1602 per-

2120 1623 2403 1678 fecturus.
2430 1621 2723 1677 Reluetari
2748 1619 3012 1690 graviter
3035 1617 3100 1652 ¹⁶³
3123 1619 3408 1687 dominus,
3431 1623 3491 1674 et
3514 1619 3626 1674 hoc.
3649 1633 3781 1674 eum

2119 1726 2479 1781 nequaquam
2520 1725 2650 1765 esse
2697 1711 2983 1765 facturum
3027 1722 3371 1764 asseverare
3403 1706 3490 1761 1“.
3525 1707 3779 1763 Tandem

2118 1799 2223 1855 hoc
2254 1804 2423 1870 pacto
2454 1799 2620 1854 finem
2651 1799 2866 1854 dedere
2895 1797 3200 1852 certamini
3233 1795 3321 1866 ⁸⁸⁸,
3356 1799 3416 1851 ut
3443 1795 3492 1851 si
3518 1797 3616 1852 die
3643 1811 3782 1851 con-

2119 1888 2324 1944 stituta
2359 1903 2564 1944 servus
2594 1887 2745 1958 quod
2781 1886 3127 1958 promiserat
3169 1885 3358 1941 minus
3401 1882 3710 1955 inplesset,
3749 1898 3776 1938 a

2118 1975 2350 2030 domino
2380 1976 2572 2047 capite
2605 1975 2980 2047 plecteretur,
3008 1974 3056 2029 si
3081 1989 3220 2030 vero
3243 1973 3512 2030 elfectum
3537 1972 3777 2028 demon-

2117 2070 2386 2134 strasset,
2437 2065 2559 2135 pari
2608 2063 2775 2120 modo
2823 2063 3092 2119 dominus
3131 2077 3161 2118 a
3203 2077 3376 2118 servo
3423 2061 3764 2133 puniretur.

2117 2155 2488 2209 Animaverat
2519 2168 2748 2209 servum
2778 2152 2844 2185 m
2875 2153 2944 2207 ad
2976 2153 3084 2207 hoc
3118 2151 3338 2208 facinus
3377 2166 3522 2206 uxor
3555 2151 3776 2206 domini

2118 2242 2227 2310 sui,
2272 2257 2399 2312 quae
2444 2242 2680 2298 mentita
2725 2241 2834 2296 fide
2877 2240 3127 2296 maritali
3175 2239 3392 2312 saepius
3431 2255 3565 2296 cum
3609 2253 3681 2294 eo
3722 2239 3776 2294 in

2117 2331 2406 2386 adulterio
2446 2331 2832 2386 miscebatur.
2883 2329 3030 2396 Quid
3076 2328 3278 2400 plura?
3317 2330 3584 2399 Coeptum
3629 2342 3778 2400 opus

2119 2420 2380 2475 fervebat
2421 2420 2714 2490 utrimque
2754 2418 2844 2474 "7.
2907 2420 3122 2474 Servus
3177 2417 3404 2473 interim
3455 2417 3776 2473 contrariis

2118 2509 2424 2577 conjugum
2459 2508 2525 2540 ³⁸⁸
2553 2507 2763 2564 studiis
2799 2507 3129 2578 sumptibus
3161 2506 3593 2576 1“juvabatur,
3640 2507 3775 2562 dum

2120 2597 2366 2652 maritus
2399 2612 2593 2652 necem
2629 2597 2781 2652 servi
2816 2597 2990 2651 vitam
3024 2595 3152 2663 sibi,
3191 2594 3398 2650 mulier
3431 2609 3631 2650 neLcm
3666 2608 3778 2650 ma-

2121 2685 2215 2739 riti
2268 2684 2442 2739 vitam
2497 2685 2651 2740 servi
2690 2685 2756 2716 ¹⁷⁰
2795 2684 3112 2739 eonrivalis
3155 2683 3218 2716 171
3261 2684 3645 2754 operiebatur
3677 2681 3768 2736 ‘7’.

2121 2773 2220 2828 Die
2249 2773 2618 2829 denominata
2651 2775 2908 2844 perfecta
2941 2777 3109 2828 erant
3139 2772 3592 2843 amphitcatrnm
3623 2771 3691 2804 ⁸⁷³
3717 2779 3777 2826 et

2119 2863 2531 2932 aqua‘ductus;
2583 2863 2677 2932 qui
2730 2877 2799 2915 ex
2853 2862 3080 2916 inscitia
3123 2860 3188 2893 ¹⁷⁴
3230 2861 3478 2916 artificis
3519 2860 3774 2931 undique

2121 2952 2432 3006 obstrusus
2467 2950 2552 3019 1⁷⁵,
2587 2966 2715 3005 cum
2752 2949 2906 3004 nulla
2943 2951 2994 3004 in
3031 2964 3093 3004 se
3126 2949 3192 2982 17°
3223 2951 3565 3005 admitteret
3608 2963 3772 3004 aura-

2121 3055 2246 3094 rum
2289 3039 2624 3109 spiramina,
2668 3038 2940 3108 inpedita)
2983 3053 3146 3108 aqua;
3189 3053 3296 3092 non
3346 3053 3668 3108 p.rvi-ner3
3699 3037 3767 3092 ad

2120 3127 2410 3184 destinata
2444 3127 2510 3161 "7
2545 3128 2787 3184 Anxium
2823 3128 2891 3183 de
2925 3129 3030 3183 bac
3070 3143 3130 3183 re
3167 3143 3398 3183 servum
3445 3126 3650 3182 mulier
3690 3126 3768 3180 in-

2119 3224 2390 3274 cesluosa
2423 3217 2490 3250 ¹⁷⁸
2523 3223 2694 3274 nocte
2728 3217 2877 3272 diem
2911 3216 3066 3272 illam
3101 3216 3166 3248 ¹⁷⁹
3199 3216 3570 3288 ριιίιιρράυηιρ
3597 3214 3760 3271 occnl

1706 3336 1942 3394 VARIAE
1977 3341 2384 3397 LECTIONES.

423 3461 488 3496 ¹²⁷
518 3461 688 3532 ydola
716 3465 796 3516 st.
828 3467 886 3518 2.
970 3460 1037 3494 ¹²⁸

354 3532 420 3565 ¹³³
452 3533 614 3604 quasi
651 3548 698 3587 v.
739 3534 796 3587 B.
834 3535 891 3588 C.

353 3604 557 3659 facturi
591 3609 640 3658 3.
676 3604 824 3658 50.”.

353 3674 556 3730 balnea
589 3674 776 3730 calida
811 3675 824 3728 i
880 3680 928 3730 5.

1067 3462 1380 3532 prestigyis
1405 3468 1453 3517 1.
1535 3461 1601 3494 ¹²⁹
1629 3468 1818 3518 autem
1843 3464 1925 3518 ϐυ.

973 3532 1035 3566 ¹³⁴
1065 3548 1214 3588 aera)
1249 3539 1296 3588 1.
1378 3533 1442 3565 ¹³⁶
1473 3533 1632 3590 deest
1652 3535 1730 3588 5b.

1011 3675 1074 3707 “1
1105 3681 1210 3730 ett.
1247 3676 1328 3730 δι’.
1408 3675 1472 3707 ¹⁸²
1501 3677 1671 3730 οΙὶνιει
1706 3678 1763 3730 C.

1810 3464 1925 3518 16b.
2005 3463 2072 3496 ¹³⁰
2103 3465 2264 3522 deest
2287 3468 2342 3521 Β.
2423 3466 2487 3499 1³³
2522 3482 2593 3522 in.
2623 3471 2678 3521 et
2707 3481 2755 3521 ai

1810 3533 1875 3565 1³⁸
1902 3536 2148 3591 asscivit
2183 3543 2228 3592 1.
2273 3539 2347 3592 lb.
2384 3537 2497 3593 sibi
2527 3554 2554 3592 a
2593 3539 2626 3592 f.
2661 3539 2755 3592 B2.

911 3603 976 3636 ¹³⁹
1005 3609 1233 3660 statuas
1261 3606 1659 3674 superscripta
1693 3605 1780 3659 vel
1815 3607 1968 3661 tuias
1999 3608 2100 3661 C1.
2138 3623 2437 3678 superscr.
2478 3609 2632 3665 tuias
2665 3611 2763 3663 C3.
2807 3613 3036 3664 statuas
3070 3607 3162 3661 vel
3194 3607 3348 3662 tuias
3382 3608 3484 3661 C6.

917 3717 928 3729 .
1011 3675 1074 3707 ¹⁴¹
1105 3681 1210 3730 ett.
1247 3676 1328 3730 5b.
1408 3675 1472 3707 1"
1501 3677 1671 3730 olivna
1706 3678 1763 3730 C.
1843 3675 1910 3708 ¹⁴³
1942 3677 2104 3734 deest
2129 3685 2180 3732 2.
2263 3679 2326 3712 1“
2362 3696 2540 3734 urano
2574 3681 2648 3734 1b.
2683 3695 2857 3734 erasa.
2893 3681 3096 3734 littera
3127 3678 3162 3732 i.
3243 3677 3309 3710 1“
3339 3677 3476 3732 dimi

3249 3463 3318 3499 ξδ’
3355 3479 3576 3534 magnae
3603 3465 3670 3520 Β.
3701 3466 3768 3522 C.

3249 3535 3438 3591 Leibn.
3521 3535 3588 3568 ¹³⁸
3619 3536 3768 3591 1³50·

3571 3605 3639 3640 “0
3669 3607 3760 3662 th.

3243 3677 3579 3732 1“‘(limidie
3611 3682 3671 3732 5.
3703 3684 3762 3732 ὃ.

2423 3466 2487 3499 1³³
2522 3482 2593 3522 in.
2623 3471 2678 3521 et
2707 3466 2991 3522 arbitrum
3021 3465 3081 3520 Β.
3112 3465 3170 3520 C.

2837 3537 2901 3570 ³³⁷
2929 3551 2974 3593 c.
3006 3538 3064 3592 V.
3093 3536 3208 3592 inc.
3237 3535 3438 3592 Leibn.

2263 3679 2326 3712 ¹“
2362 3696 2540 3735 urano
2574 3681 2648 3736 1b.
2683 3695 2857 3736 erasa
2893 3681 3096 3734 littera
3127 3678 3162 3732 i.

352 3744 420 3777 ¹⁴⁶
451 3761 590 3801 usus
623 3747 662 3799 Β
693 3750 742 3800 2.
825 3745 890 3819 ‘f"
917 3761 964 3802 c.
1001 3747 1062 3801 V.
1099 3749 1156 3802 C.
1238 3745 1303 3819 “f3
1336 3747 1595 3819 roverias
1630 3749 1677 3801 4.
1715 3753 1788 3802 5ο.
1828 3763 2096 3804 ruuerias
2128 3751 2260 3804 5η.δ.
2298 3756 2347 3805 6.
2385 3752 2666 3806 rowcrias
2703 3753 2791 3806 B2.
2873 3751 2940 3782 “9
2969 3757 3028 3804 et
3059 3764 3110 3804 a.
3145 3749 3223 3804 3b.
3259 3754 3309 3804 6.
3345 3748 3446 3804 alt.
3479 3780 3550 3787 —
3583 3749 3770 3819 primo

348 3834 710 3892 desurzt5.1‘°
786 3817 999 3891 ru°uora
1031 3849 1180 3891 corr.
1245 3817 1418 3891 rhura
1456 3837 1516 3889 1b
1547 3817 1720 3892 riiura
1754 3840 1833 3891 3η.
1871 3819 1976 3892 ιιῖῗυ
1990 3851 2048 3892 ra
2079 3839 2367 3894 3b.riuora
2390 3843 2468 3893 68.
2505 3840 2548 3893 ι).
2579 3853 2808 3895 rowora
2836 3841 2927 3893 B2.
2958 3851 3201 3892 ruovera
3230 3839 3324 3892 B6.
3357 3838 3451 3891 C1.
3478 3841 3531 3891 2.
3561 3817 3765 3892 covers

353 3908 447 3962 (16.
529 3905 592 3938 ³⁵⁸
627 3909 898 3962 lluentem
935 3909 1031 3961 C6.
1122 3906 1184 3938 ¹⁵²
1212 3922 1334 3962 eam
1372 3909 1472 3960 B2.
1513 3911 1569 3960 6.

350 3991 499 4034 corr.
538 3992 850 4033 rouuoram
887 3979 982 4032 B2.
1019 3992 1323 4032 ruoveram
1358 3979 1450 4031 C3.

349 4049 518 4105 codd.
553 4063 698 4118 quos
727 4065 774 4102 τ.
794 4049 856 4104 di
886 4062 1100 4104 omnes.

351 4118 418 4152 1⁸⁸
450 4135 510 4174 n.
554 4134 760 4174 rouora
793 4123 849 4173 5.
939 4120 998 4151 “‘9
1029 4119 1378 4174 chatboldus
1408 4121 1493 4174 3b.

352 4189 420 4222 ιε’
450 4191 613 4246 deest
631 4191 710 4244 sb.
791 4189 857 4221 ιω
888 4190 941 4244 d.
977 4206 1030 4260 g.
1069 4191 1161 4244 B2.
1199 4192 1292 4243 Cl.
1329 4195 1378 4244 3.

349 4260 461 4317 hoc
503 4275 654 4317 serv.
691 4265 741 4316 2.

349 4334 401 4388 4.
439 4333 496 4387 C.
535 4331 864 4402 conjugium
896 4334 936 4387 B
965 4336 1014 4387 6.

347 4406 408 4460 2.
445 4418 619 4475 opera
631 4407 799 4460 batur
831 4406 871 4458 Β
893 4408 960 4475 6.

347 4473 696 4533 obstructus
725 4476 804 4532 1b.
885 4474 952 4506 17°
983 4473 1038 4530 in
1071 4488 1134 4530 se
1165 4474 1378 4531 desunt
1403 4478 1484 4529 38.
1519 4479 1570 4529 5.
1604 4477 1654 4529 6.

1098 4331 1164 4363 1"
1191 4332 1224 4385 i.
1259 4333 1590 4388 sumptibus
1623 4337 1671 4388 5.

1600 4120 1664 4151 ¹⁶⁰
1691 4137 1818 4174 eum
1856 4124 1957 4194 B2.
1998 4123 2097 4176 Cl.
2138 4128 2193 4176 3.
2238 4123 2394 4177 deest
2423 4124 2524 4177 B6.
2560 4125 2851 4194 cumpost
2873 4123 3073 4193 suppl.
3117 4123 3217 4176 B3.

1027 4233 1030 4268 ς
1069 4191 1161 4244 B2.
1199 4192 1292 4268 Cl.
1329 4195 1409 4268 3._
1452 4189 1523 4268 f“
1556 4192 1918 4247 asseveravit
1949 4201 2002 4268 5.
2031 4197 2080 4246 6.
2114 4196 2508 4268 perfecturum
2541 4208 2588 4249 a.
2623 4193 2697 4247 εει).

823 4260 886 4294 ³⁸⁷
921 4263 1228 4329 utriusque
1260 4267 1338 4316 5η.
1374 4261 1413 4314 Β
1445 4266 1496 4316 2.
1532 4268 1581 4316 3.
1617 4268 1927 4332 utrumque
1956 4265 2037 4320 5b.
2073 4260 2152 4318 δεῖ.
2187 4280 2334 4321 Carr.
2373 4266 2664 4335 utrimque
2694 4267 2774 4320 6b.
2855 4265 2920 4296 ³⁸⁸
2951 4263 3212 4334 conjugis
3242 4263 3322 4318 6b.
3359 4262 3593 4334 conjugi
3628 4264 3668 4316 Β
3695 4265 3753 4316 3.

823 4348 864 4388 ιη
896 4334 936 4387 Β
965 4336 1014 4387 6.
1098 4331 1164 4363 1"
1191 4332 1224 4385 i.
1259 4333 1590 4390 sumptibus
1623 4337 1671 4388 5.
1752 4333 1819 4366 ίτθ
1847 4335 2005 4390 deest
2032 4336 2070 4390 C
2102 4339 2152 4390 3.
2233 4335 2295 4368 ¹⁷¹
2329 4336 2487 4390 deest
2514 4342 2574 4390 6:
2607 4339 2672 4390 in
2703 4337 2824 4390 loco
2851 4349 3032 4390 vacuo
3061 4336 3254 4390 sanat.
3285 4336 3366 4390 3b.
3445 4333 3512 4366 ¹⁷²
3543 4348 3753 4390 onoer.

1063 4402 1130 4435 m
1169 4377 1671 4473 έίιιῇῑιῖἰῦἑεὶῖιῑῖιιῐί
1695 4409 1750 4458 1.
1791 4377 2070 4463 ίιοῗῖὃὲοῗ
2102 4377 2152 4390 ”’

1071 4488 1134 4530 se
1165 4474 1378 4531 desunt
1403 4478 1484 4529 38.
1519 4479 1570 4529 5.
1604 4477 1654 4529 6.
1736 4474 1802 4508 ¹⁷⁷
1832 4476 1889 4531 d.
1921 4476 2044 4532 loca
2087 4477 2152 4532 ιδ.

1877 4519 1889 4531 .
1921 4493 2044 4533 1003
2087 4493 2154 4533 l”.

1657 3907 1722 3938 ³⁸³
1754 3923 2020 3963 rouoram
2054 3910 2144 3964 1b.
2185 3926 2451 3966 rouoram
2485 3917 2571 3964 5η.
2616 3925 2879 3965 rouoram
2911 3915 2992 3964 5°.
3035 3909 3324 3964 ruueriam
3360 3909 3424 3961 5b
3490 3922 3760 3964 rouuram

1213 3993 1326 4056 rain
1358 3979 1450 4031 C3.
1549 3978 1614 4056 Ψ
1644 3979 1832 4056 itaf)?
1863 3982 1908 4056 (ξ
1948 3980 2066 4056 (C1.
2105 3995 2134 4036 ε
2162 3996 2310 4037 corr.
2328 3989 2395 4056 .9).
2453 3982 2675 4056 lapides
2705 3995 2853 4056 corr.
2891 3980 3136 4056 lapideis
3171 3979 3243 4056 1b.
3282 3979 3506 4056 lapides
3536 3980 3765 4056 reliqui

1181 4049 1244 4080 “55
1275 4049 1504 4102 diversa
1539 4053 1586 4102 1.
1634 4050 1704 4104 1".
1745 4051 1836 4103 B6.
1872 4051 1966 4105 C6.
2003 4051 2214 4107 deuera
2249 4060 2325 4106 ειη.
2359 4049 2584 4107 deuexa
2614 4053 2691 4106 3b.
2728 4053 2858 4107 5W.

3349 4049 3414 4082 "7
3442 4051 3598 4104 Tunc
3629 4054 3760 4104 5m".

3302 4119 3367 4153 ¹⁸¹
3399 4121 3462 4176 (1.
3502 4135 3557 4176 8.
3599 4125 3659 4176 5.
3696 4123 3755 4175 6.

3302 4193 3432 4246 nine
3465 4197 3510 4246 1.
3593 4189 3662 4224 ί⁶⁶
3691 4191 3761 4246 ad

2938 4051 3003 4082 1³⁸
3029 4051 3192 4107 deest
3217 4054 3268 4106 6.

2781 4194 2846 4226 ¹⁶⁶
2877 4201 3034 4248 certa
3064 4195 3088 4260 Η
3113 4193 3432 4248 certamine
3465 4197 3510 4246 1.

2233 4335 2295 4368 ¹⁷¹
2329 4336 2487 4392 deest
2514 4342 2545 4391 6
2563 4333 2585 4401 ;’
2607 4339 2672 4392 in
2703 4337 2824 4394 loco
2851 4349 3032 4392 vacuo
3061 4336 3254 4406 suppl.
3285 4336 3407 4406 3b,:
3445 4333 3512 4406 ¹ἶ²
3543 4348 3753 4405 opper.

2173 4406 2236 4439 1'”
2275 4408 2452 4463 inscia
2488 4418 2541 4462 1.
2586 4407 2668 4462 μ’.
2709 4413 2796 4462 3η.
2839 4405 3143 4462 inscientia
3176 4409 3241 4461 Β.
3345 4405 3411 4438 ⁸⁷⁸
3451 4405 3668 4461 ductus
3699 4411 3752 4458 1.

2236 4477 2302 4510 ’⁷⁸
2329 4478 2364 4533 i.
2400 4477 2602 4534 videns
2638 4479 2710 4534 ιδ.
2791 4477 2858 4511 1⁷⁸
2888 4477 2950 4532 (1.
2992 4477 3406 4549 precedentem
3447 4477 3537 4531 1b.

1938 4602 2160 4660 ΝΟΤΑΞ.

421 4728 584 4814 (.1792.
597 4727 922 4814 σέῗιίπῖηέ
935 4724 1996 4814 ίξῖἒέίίθζθηίνὲξῖέτὲκ,ῩῘΨΑδήΕμθΡθτίῘε
2026 4756 2078 4814 I)

349 4801 474 4856 Act.
512 4798 605 4855 SS.
641 4799 756 4853 Ian.
793 4800 835 4866 Ι,
869 4812 923 4868 p.
959 4802 1062 4853 919
1095 4815 1107 4850 :
1149 4798 1420 4853 Treviros
1443 4799 1866 4866 pervenerunt;
1892 4799 1996 4856 ubi
2026 4798 2062 4814 “

349 4871 555 4928 tantus
567 4870 936 4942 gentilitatis
954 4883 1120 4942 error
1138 4869 1356 4942 inerat.
1370 4875 1441 4942 at
1454 4871 1714 4942 exceptis
1734 4871 1998 4940 singulo-

343 4955 480 5012 rum
494 4940 835 5012 penatibus,
860 4943 928 4996 in
947 4955 1064 5012 uno
1087 4940 1206 4996 loco
1227 4941 1500 4996 civitatis
1521 4942 1998 4998 centumstatuta

343 5011 512 5069 idold
529 5029 567 5069 α
578 5011 792 5083 papula
801 5011 1168 5082 generaliter
1183 5013 1516 5083 colerentur
1529 5013 1588 5066 et
1596 5025 1706 5082 per
1715 5027 1778 5068 ea
1796 5014 1997 5068 miseri

341 5082 660 5154 responsis
673 5083 997 5140 dementem
1013 5097 1085 5139 ac
1094 5083 1426 5154 praestigiis
1442 5082 1884 5154 detuderentur.

419 5153 567 5227 (177)
598 5157 730 5210 Haec
751 5169 824 5210 ex
848 5154 1130 5227 relatione
1161 5153 1355 5227 Galbae
1386 5153 1640 5209 Viatoris
1671 5155 1868 5210 nescio
1899 5170 1997 5210 cu-

340 5225 437 5296 jus
479 5224 710 5296 sumpta
755 5241 906 5295 esse,
956 5225 1122 5282 locus
1163 5224 1408 5282 alterius
1450 5227 1810 5282 recensionis
1848 5227 1994 5282 infra

345 5295 920 5352 edendusoslendit.

420 5365 568 5450 (178)
600 5365 783 5450 lluqu
811 5367 1345 5450 pontisetiamnum
1370 5371 1682 5450 supersunt
1705 5367 1993 5450 vestigia;

347 5437 429 5510 cf.
498 5437 910 5510 Wyttenbach,
957 5437 1774 5510 _llistorisch-antiquarische
1833 5437 1997 5495 Fers-

573 5506 723 5561 uber
763 5507 866 5564 das
895 5506 1070 5565 'Alter
1107 5510 1212 5566 der
1251 5506 1650 5567 Moselbrucke
1689 5525 1760 5567 zu
1800 5511 1986 5568 Trier.

416 5623 569 5716 (—1'7-9)
599 5645 782 5700 Hodie
815 5646 1037 5718 Olewig
1064 5649 1230 5708 vicus
1261 5623 1494 5722 quidam
1534 5652 1884 5710 nominatur.

2181 4729 2328 4799 (180)
2359 4731 2514 4784 Mons
2539 4727 2889 4797 intelligitur
2914 4728 3038 4784 urbi
3063 4727 3133 4783 ad
3159 4725 3384 4798 plagam
3408 4727 3756 4784 orientalem

2109 4799 2436 4871 oppositus.
2469 4801 2680 4854 WYTT.
2724 4802 2932 4854 Postea
2974 4813 3138 4853 mons
3169 4801 3222 4853 S.
3259 4799 3489 4854 Martini
3532 4799 3756 4865 dictus;

2109 4873 2543 5012 γ’(ἳὶζῗῖιῗῶιίιε
2573 4943 2956 5014 θαυῳᾱμοιυε
2980 4941 3226 5014 Βοωθηί
3261 4941 3533 5012 vestigia,
3569 4944 3666 5014 qui
3701 4943 3752 4998 in

2109 5011 2366 5084 thermas
2411 5011 2669 5068 directus
2715 5011 3190 5084 fuisseividetur,
3243 5018 3454 5084 nostro
3490 5011 3754 5084 tempore

2109 5083 2272 5154 plura
2316 5084 2546 5139 detecta
2594 5088 2756 5138 sunt.
2810 5083 3024 5137 WYT’I‘.
3075 5083 3242 5138 Conf.
3291 5083 3557 5154 ejusdem
3602 5083 3754 5142 Neue

2107 5154 2536 5225 Forschungen,
2571 5171 2622 5225 p.
2658 5159 2752 5210 95.

2177 5195 2884 5296 (ιῒὲῖὶιῒιῖἧὶιὸἓῖεῒίὶινιιε
2915 5222 3192 5296 Erubris.
3239 5225 3482 5296 Ausonii
3515 5226 3748 5282 Mosella

2191 5301 2313 5421 353.
2341 5296 2530 5421 ggodie
2561 5297 2776 5352 Ruwer
2804 5296 3028 5359 dictus;
3062 5295 3136 5351 cf.
3175 5295 3429 5365 Bocking
3457 5296 3530 5352 ad
3554 5297 3754 5354 Mosel-

2168 5382 2217 5421 m
2295 5410 2306 5421 .
2416 5409 2428 5421 .

2130 5369 2548 5507 “Magaw
2577 5438 2707 5494 loco
2739 5452 2932 5509 sermo
2961 5442 3050 5493 est
3081 5436 3153 5492 de
3187 5436 3374 5509 altero
3401 5437 3750 5509 aquaeductu

2107 5511 2382 5590 Romano,
2413 5510 2512 5590 qui
2556 5511 2626 5565 ad
2667 5508 3156 5590 amphitheatrum
3207 5508 3478 5590 directus
3509 5515 3648 5590 erat
3693 5515 3752 5590 et

2106 5581 2274 5652 cujus
2301 5579 2543 5652 vestigia
2576 5579 2890 5652 novissimo
2914 5586 3176 5652 tempore
3208 5579 3439 5636 detecta
3463 5579 3600 5638 hinc
3621 5580 3749 5636 inde

2107 5651 2254 5710 satis
2284 5651 2442 5738 clare
2469 5651 2930 5726 conspiciuntur.
2966 5651 3175 5708 WY'IT.
