3990 6310
408 342 562 417 1119

417 5063 484 5118 C.

415 5202 484 5235 '9‘
517 5201 700 5259 llocin
733 5203 861 5258 loco
893 5234 961 5242 —
991 5216 1123 5257 esse
1157 5201 1229 5256 ab
1263 5217 1323 5257 re
1357 5201 1571 5258 desunt
1599 5201 1664 5256 C.

1659 351 1928 424 essm
1971 351 2562 424 raavaaoncu.
3111 312 3114 316 ’
3171 351 3190 367 ‘
3633 353 3760 428 tuo

622 500 793 565 quam
820 489 1024 566 plures
1055 487 1224 566 (222).
1257 485 1512 562 Quorum
1549 490 1802 566 omnium
1829 489 1902 566 ad
1929 493 2056 566 epis
2084 499 2140 559 Α

621 563 907 647 ξορρθῐιιει
948 563 1240 647 promovit
1290 566 1633 647 dignitatem
1684 563 1740 620 in
1790 563 2055 647 pluribus

621 636 820 693 Galliae
857 636 1219 706 civitatibus,
1255 639 1492 692 verbum
1524 636 1619 691 Dei
1653 636 2056 702 euangelizan-

623 707 779 776 dum,
813 706 1044 762 beatum
1083 707 1352 762 videlicet
1397 706 1764 772 Eucharium,
1803 707 2058 764 Clemen-

623 783 764 846 tem,
785 779 1165 847 Mansuetum,
1191 777 1477 845 Synicium
1503 783 1677 846 atque
1704 777 2054 842 Memmium;

625 847 906 916 quosdam
949 852 1140 902 autem
1182 852 1512 903 ceterorum
1555 848 1896 904 diaconatus
1936 848 2056 906 sive

626 918 1086 973 subdiaconatus
1105 918 1319 974 habere
1345 919 1479 975 fecit
1503 919 1768 974 oﬂicium.

697 987 907 1042 Verum
949 987 1018 1021 ’7’
1057 992 1245 1044 tamen
1289 989 1376 1044 his
1414 990 1702 1055 omnibus,
1747 989 1901 1058 quod
1943 1003 2056 1045 non

624 1056 748 1114 sine
799 1065 1265 1116 remurmurante
1313 1059 1527 1114 invidia
1569 1056 1786 1115 dictum
1835 1059 2058 1114 noveri-

624 1143 768 1200 mus,
797 1129 1027 1185 beatum
1058 1129 1323 1200 pr:cl‘ecit
1353 1131 1696 1186 Euchav-inm
1723 1135 1835 1184 tam
1861 1130 2059 1200 copio-

625 1199 780 1270 siore
800 1199 1125 1254 ministerio
1147 1215 1314 1270 quam
1335 1207 1388 1254 et
1413 1201 1712 1269 dignitatis
1734 1199 2053 1270 privilegio,

627 1269 842 1342 quippe
873 1271 969 1340 qui
1001 1269 1194 1327 secum
1229 1271 1444 1342 pariter
1473 1273 1544 1325 ab
1579 1271 1701 1342 ipso
1736 1271 1970 1325 Domino
2002 1269 2054 1325 in

624 1341 800 1398 carne
823 1348 1234 1408 commorante,
1265 1341 1416 1396 sicut
1441 1357 1468 1395 a
1496 1341 1813 1408 majoribus
1837 1342 2056 1397 nostris

627 1410 906 1468 traditum
939 1412 1270 1482 accepimus
1302 1411 1471 1481 (223),
1508 1427 1686 1468 sacrzc
1730 1411 1858 1466 lidci
1905 1411 2059 1467 rudi-

627 1487 817 1538 menta
835 1483 1142 1554 percepit,
1166 1483 1261 1553 qui
1286 1483 1433 1554 et?“
1457 1485 1510 1537 in
1533 1483 1630 1554 illa
1659 1483 2056 1539 sacratissima

627 1567 790 1624 coma
831 1551 916 1618 πί,
961 1551 1069 1623 qua
1114 1551 1412 1624 dimipulis
1454 1553 1574 1608 suis
1618 1554 1892 1609 Dominus
1934 1568 2059 1624 pre-

631 1623 778 1694 tiosa
803 1625 1068 1694 corporis
1090 1630 1147 1681 et
1173 1623 1469 1694 sanguinis
1500 1624 1586 1678 sui
1620 1625 1880 1680 misteria
1909 1623 2059 1679 cele-

631 1693 847 1750 branda
897 1693 1293 1761 contradidit,
1331 1696 1820 1750 convcscentibus
1871 1695 2054 1762 affuit,

627 1771 1146 1835 resurgentemque
1170 1767 1466 1820 emortuis
1489 1781 1552 1819 ac
1579 1766 1630 1820 in
1654 1767 1835 1821 crelos
1863 1780 2060 1820 ascen-

627 1833 858 1890 dentem
899 1851 1026 1908 cum
1056 1833 1351 1906 apostolis
1394 1838 1569 1908 beata
1595 1836 1818 1908 visione
1861 1836 2058 1908 videre
2091 1849 2140 1908 Β

629 1907 971 1975 promeruit,
1003 1913 1266 1962 sanctum
1299 1922 1525 1975 quoque
1555 1907 1830 1976 Spiritum
1863 1921 1928 1964 ac
1957 1907 2060 1960 lin-

627 1989 774 2044 guas
813 1979 1065 2048 omnium
1099 1977 1391 2032 nationum
1429 1977 1479 2032 in
1514 1978 1663 2045 ignis
1696 1977 2058 2048 apparitione

630 2047 912 2118 percepit.
961 2047 1242 2104 Abierunt
1282 2053 1475 2104 autem
1514 2063 1712 2103 omnes
1757 2047 1830 2103 hii
1873 2048 2057 2118 sancti

671 2117 830 2190 atras
870 2118 949 2190 ad
983 2118 1294 2190 Galliarum
1341 2118 1589 2190 populos
1633 2117 2060 2190 verbosalutis

677 2203 745 2244 eo
776 2187 1246 2259 lucrifaciendos,
1289 2187 1602 2259 pergentes
1629 2204 1746 2259 iper
1785 2189 1934 2259 viam
1973 2203 2061 2244 sa-

629 2272 757 2314 nam
782 2258 1105 2314 doctrinam
1138 2258 1366 2315 cunctis
1399 2258 1873 2325 euangelizando.
1906 2259 2059 2314 Tunc

629 2328 824 2399 itaque
847 2329 1084 2385 divertit
1111 2330 1372 2386 Clemens
1394 2345 1521 2386 cum
1547 2328 1734 2384 Felice
1761 2329 2061 2385 Medioma-

631 2399 861 2468 tricum,
909 2401 1240 2456 Mansuetus
1271 2399 1514 2466 Tullum,
1550 2399 1812 2467 Synicius
1845 2401 2054 2466 Remis,

630 2471 927 2527 Memmius
957 2469 1356 2540 Catalauuum,
1389 2470 1688 2540 ceterique
1713 2471 1764 2524 in
1795 2471 1916 2525 loca
1947 2469 2057 2526 sibi

631 2555 660 2597 a
684 2542 800 2597 Deo
833 2541 1251 2611 praeordinata;
1281 2546 1338 2596 et
1372 2545 1776 2612 prosperatum
1811 2547 1904 2596 cst
1934 2555 2061 2596 ver-

631 2611 764 2668 bum
793 2612 891 2668 Dei
923 2612 976 2667 in
1009 2611 1274 2667 manibus
1297 2611 1523 2668 eorum.
1553 2612 1760 2667 Beatus
1788 2626 1926 2666 vero
1955 2612 2060 2666 Eu-

631 2682 866 2738 charius
891 2697 1019 2739 cum
1053 2681 1296 2737 diacono
1340 2697 1464 2746 suo,
1501 2681 1730 2736 Valerio
1763 2681 2056 2750 videlicet,

629 2752 862 2820 Elegiaa,
908 2752 1004 2822 qui
1035 2751 1103 2786 ’⁸³
1133 2758 1220 2808 est
1263 2753 1427 2822 vicus
1469 2752 1706 2820 grandis
1750 2752 2060 2822 provincia:

631 2823 829 2880 Galliae
870 2821 1109 2879 Materni
1141 2821 1553 2879 commilitonis
1585 2823 1670 2878 sui
1711 2821 2058 2892 permaxima

629 2893 952 2951 valitudine
981 2893 1049 2927 °“
1079 2893 1397 2962 desolatus,
1442 2893 1738 2959 substitit;
1777 2893 1894 2962 qui,
1938 2908 2064 2949 cre-

631 2970 828 3021 scente
869 2964 1068 3022 eadem
1111 2964 1465 3020 inﬁrmitatis
1501 2963 1783 3030 molestia,
1816 2963 2059 3019 animam

633 3035 917 3100 reddidit;
950 3034 1110 3106 quod
1133 3035 1446 3106 multorum
1471 3033 1682 3088 salutis
1709 3048 1883 3089 causa
1913 3035 2062 3090 acci-

628 3105 786 3162 disse
816 3104 1068 3175 sequens
1099 3105 1274 3161 lectio
1304 3104 1684 3175 demonstrat.

699 3173 988 3256 Namnam
1012 3190 1142 3232 eum
1167 3179 1339 3258 terra:
1371 3173 1896 3258 commendassem,
1933 3189 2060 3258 san-
2091 3197 2138 3258 ρ

628 3245 710 3302 eti
751 3245 860 3300 viri
903 3247 993 3316 pie
1035 3261 1140 3316 pro
1187 3245 1554 3316 depositione
1595 3244 1721 3314 ejus
1768 3244 2056 3314 lugentes,

628 3316 861 3372 concito
875 3331 1083 3385 gressu
1103 3317 1336 3371 Romam
1359 3319 1752 3384 revertuntur,
1781 3318 2059 3385 magistro

633 3402 738 3442 suo
769 3387 1107 3458 supradicto
1142 3387 1310 3458 beato
1343 3387 1514 3458 Retro
1547 3400 1673 3458 quae
1698 3387 1752 3441 in
1777 3388 1866 3458 via
1894 3390 2058 3456 gesta

629 3461 766 3528 sunt
795 3455 1160 3528 nunciantes,
1185 3457 1290 3512 hoc
1316 3455 1674 3528 adjicientes,
1705 3455 1860 3528 quod
1883 3455 1936 3513 in
1965 3472 2061 3528 po-

632 3525 827 3597 pulum
851 3527 1010 3584 duraa
1034 3525 1281 3584 cervicis
1303 3525 1693 3597 devenissent,
1716 3525 1768 3582 in
1791 3542 1904 3596 quo
1927 3525 2061 3582 con-

628 3598 932 3665 vertcndo,
987 3599 1095 3654 nisi
1148 3599 1336 3655 virtus
1386 3597 1598 3654 domini
1651 3598 1835 3653 nostri
1884 3597 2059 3656 Jhesu

629 3667 845 3724 Christi
891 3669 1129 3728 Materni
1168 3668 1621 3726 resuscitatione
1663 3667 2063 3726 manifestare-

631 3744 746 3811 tur,
794 3753 992 3809 parum
1033 3755 1094 3811 se
1137 3740 1536 3811 profecturos:
1568 3739 1727 3811 Quos
1754 3737 1822 3771 ⁹⁸⁴
1856 3739 2061 3811 beatus

628 3808 837 3865 Petrus
869 3808 1204 3867 consolatus
1233 3809 1302 3844 ³³⁸
1331 3811 1408 3866 ait
1438 3829 1450 3864 :
1477 3809 1676 3866 Nolite
1703 3808 1922 3876 lugere,
1958 3809 2062 3866 ka-

625 3881 860 3952 rissimi
872 3881 1008 3948 mei,
1024 3883 1171 3952 quia
1187 3880 1428 3937 mortem
1435 3880 1663 3952 jratris
1679 3879 1863 3952 uestri
1881 3879 2063 3952 domi-

625 3963 738 4008 nus
778 3951 932 4007 Deus
969 3949 1164 4008 noster
1199 3952 1280 4008 ad
1312 3949 1501 4008 vitam
1534 3949 1743 4020 multis
1778 3949 2054 4020 procidit.

631 4020 924 4089 Con/idite
939 4021 1004 4077 in
1020 4022 1266 4077 Domino
1283 4021 1536 4076 etnolite
1559 4019 1902 4090 desperare;
1926 4021 2062 4077 ade-

622 4091 716 4148 rit
729 4091 887 4147 enim
907 4091 1116 4148 dicina
1136 4091 1468 4158 clementia,
1490 4104 1622 4159 quae
1643 4105 1739 4148 eos
1759 4104 1936 4162 super
1957 4091 2062 4162 tri-

627 4162 811 4232 stieia
847 4163 1046 4220 vestra
1081 4163 1430 4220 consoletur.
1465 4163 1738 4232 Dansque
1777 4161 2062 4219 Euchario

631 4230 920 4302 baculum,
953 4248 1066 4302 quo
1098 4232 1303 4288 senilia
1335 4243 1436 4288 sua
1459 4230 1528 4264 °'°
1551 4230 1804 4288 membra
1839 4237 2064 4289 susten-

630 4302 810 4370 tabat,
847 4303 922 4358 ita
959 4302 1142 4359 dixit:
1182 4304 1289 4360 Via
1311 4316 1433 4372 qua
1459 4302 2064 4360 renistisindubitan-

629 4373 715 4430 ter
733 4374 1120 4438 recm'rentes,
1148 4373 1302 4429 hunc
1323 4373 1592 4429 baculum
1619 4387 1811 4428 meum
1839 4373 2063 4438 deferte

627 4443 941 4511 vobiscum,
963 4443 1335 4512 acoedentesq
1345 4458 1416 4500 ue
1437 4443 1520 4499 ad
1542 4444 1720 4500 locum
1738 4443 2056 4514 sepulchri,

626 4514 832 4642 yosso
851 4515 1080 4584 corpori
1095 4513 1162 4548 "7
1182 4514 1454 4570 baculum
1474 4516 1850 4584 supe-rponi'te
1867 4514 2060 4570 dicen-

671 4601 701 4641 ο
713 4607 733 4642 .·
751 4610 774 4634 α
788 4585 1080 4642 Materne.
1093 4585 1159 4640 in
1175 4586 1408 4641 nomine
1426 4584 1650 4641 domini
1668 4585 1858 4641 nostri
1873 4585 2060 4641 Jliesu

671 4601 733 4644 0.·

751 4610 774 4634 α
788 4583 1080 4652 Materne,
1093 4585 1159 4640 in
1175 4586 1408 4641 nomine
1426 4583 1657 4641 domini
1668 4585 1858 4641 nostri
1873 4585 2062 4641 Jliesu
2090 4583 2141 4642 D

630 4655 1066 4726 Christisurge.
1084 4674 1111 4705 ››
1129 4656 1384 4726 Denique
1399 4659 1639 4726 accepta
1659 4654 2058 4726 benedictione

627 4725 914 4798 magistri,
937 4725 1124 4798 denuo
1149 4726 1219 4780 ad
1246 4725 1654 4798 Elegiamcum
1690 4725 1897 4782 ﬁducia
1933 4741 2061 4798 pro-

631 4796 931 4870 perabant.
965 4796 1090 4863 Quo
1113 4811 1242 4852 cum
1277 4797 1680 4869 pervenissent
1704 4801 1763 4850 et
1785 4796 2062 4852 accessis-

2382 497 2514 574 sent
2536 491 2606 574 ad
2626 487 3022 574 sepulchrum,
3050 486 3230 549 multa
3245 490 3485 574 cumeis
3503 491 3658 574 turba
3676 507 3758 569 per

2378 563 2736 624 voluntatem
2769 565 2866 622 Dei
2906 569 3298 621 concurrente
3348 563 3564 620 videndi
3609 563 3757 625 causa

2381 638 2518 707 quid
2560 637 2746 706 ﬂeret,
2795 635 3113 692 Eucharius
3138 633 3334 708 nichil
3373 634 3442 690 de
3481 649 3541 708 se
3579 651 3760 708 prusu-

2381 705 2558 776 mens,
2595 713 2684 763 set
2716 705 2895 775 magis
2923 705 3335 762 auctoritatem
3365 705 3612 776 magistri
3635 723 3761 766 com-

2381 775 2677 844 mendans,
2723 778 3023 848 praemissa
3068 777 3336 848 oratione
3375 775 3590 832 dicebat
3621 793 3633 829 :
3659 777 3761 837 Ha-

2382 847 2776 921 ιενφιθίνιιίεὸτς
2786 847 3077 921 praecinit
3091 847 3202 921 tibi
3217 848 3499 921 magister
3515 862 3660 921 me!“
3675 850 3761 921 Pe-

2381 920 2510 976 trus
2531 918 2846 990 apostolus,
2872 919 2942 974 ut
2960 918 3026 990 in
3047 919 3279 990 nomine
3309 919 3424 990 filii
3449 919 3552 974 Dei
3577 918 3762 977 domini

2293 1000 2296 1003 '
2376 988 2660 1063 nostri"88
2688 991 2876 1063 leesu
2906 989 3136 1063 quifiin
3159 1003 3194 1063 a
3214 988 3396 1063 morte
3419 1001 3692 1063 resurges,
3711 993 3764 1063 et

2377 1061 2676 1117 nobiscum.
2685 1061 2904 1130 populo
2923 1061 3064 1115 huic
3079 1061 3186 1129 qui
3203 1059 3542 1130 circumstat
3565 1059 3761 1116 Creato-

2375 1145 2501 1188 rem
2528 1129 2703 1187 suum
2735 1129 3092 1187 contesteris.
3131 1131 3200 1184 Et
3231 1129 3328 1184 ille
3361 1129 3518 1199 quasi
3542 1131 3606 1186 de
3627 1131 3760 1187 suavi

2383 1217 2579 1258 somno
2601 1201 2898 1269 evigilans,
2921 1201 3088 1256 vivus
3107 1204 3162 1254 et
3185 1215 3340 1255 sanae
3365 1201 3563 1255 mentis
3579 1201 3761 1257 nomini

2383 1273 2596 1327 Christi
2639 1272 2984 1339 assurrexit,
3019 1272 3237 1341 habens
3261 1270 3377 1338 jam
3412 1269 3463 1324 in
3497 1270 3763 1341 sepulchro

2381 1345 2506 1398 dies
2527 1345 2610 1398 40.
2639 1343 2762 1408 Quo
2788 1343 2916 1398 viso
2941 1340 3239 1410 miraculo,
3267 1356 3378 1395 non
3404 1340 3575 1396 solum
3598 1356 3763 1398 omnes

2380 1414 2457 1469 hii
2481 1413 2548 1446 ⁸⁸³
2572 1415 2668 1483 qui
2693 1413 2954 1480 aderant,
2989 1417 3074 1467 set
3106 1416 3164 1466 et
3199 1410 3362 1483 multi
3394 1412 3554 1483 longe
3584 1413 3764 1483 posito-

2381 1501 2529 1549 rum,
2550 1481 2620 1539 ad
2639 1501 2781 1554 quos
2799 1485 2940 1538 fama
2957 1483 3077 1538 lucc
3095 1481 3316 1537 nerlata
3332 1486 3438 1548 est,
3455 1481 3635 1554 eadem
3649 1482 3758 1538 hora

2384 1555 2554 1611 idolis
2593 1551 3095 1621 alirenuntiantes,
3137 1559 3443 1622 coeperunt
3473 1551 3540 1607 ad
3568 1558 3765 1609 sanctos

2384 1627 2478 1680 Dei
2509 1626 2824 1693 continere,
2850 1630 2906 1678 et
2933 1630 2994 1679 ut
3017 1623 3407 1690 cognitionem
3440 1623 3560 1677 fidei
3589 1623 3764 1680 Christi

2382 1697 2524 1752 met
2552 1698 2833 1766 baptisma
2855 1693 2922 1726 9“
2943 1695 3083 1766 ipsis
3106 1693 3308 1748 darent
3337 1693 3638 1763 postulare,
3659 1709 3766 1750 con-

2386 1768 2618 1822 ﬁtentes
2648 1767 2802 1822 clara
2837 1782 2997 1828 voce,
3033 1766 3184 1820 hunc
3224 1779 3354 1819 esse
3383 1778 3572 1820 verum
3600 1770 3651 1821 et
3676 1772 3768 1820 tre-

2385 1837 2650 1892 mendum
2676 1838 2948 1906 omnique
2982 1835 3196 1890 nationi
3230 1836 3408 1906 Deum
3433 1835 3764 1906 adorandum,

2383 1909 2551 1977 cujus
2597 1904 2869 1962 invocato
2897 1907 3124 1961 nomine
3166 1905 3320 1959 servi
3359 1904 3632 1977 ejustalia
3668 1920 3768 1977 pos-

2382 1975 2508 2034 sent
2543 1978 2816 2033 miracula
2852 1980 3063 2032 facere.
3103 1978 3167 2030 Et.
3199 1976 3460 2045 acceptis
3492 1975 3610 2030 ﬁdei
3642 1975 3768 2032 rudi-

2384 2050 2595 2105 mentis
2616 2053 2668 2104 et
2694 2048 3146 2118 regeneratione
3161 2045 3544 2118 baptismatis,
3566 2061 3678 2102 cum
3697 2058 3768 2118 ce;

2381 2119 2614 2176 leritate
2639 2115 2846 2190 ipso'in
2877 2119 3002 2174 loco
3029 2115 3328 2190 basilicam
3355 2117 3421 2190 in
3452 2117 3698 2190 honorem
3716 2115 3768 2150 ”'

2380 2195 2438 2245 et
2487 2187 2818 2245 memoriam
2865 2189 3100 2244 virtutis
3144 2187 3366 2243 domini
3412 2189 3585 2242 nostri
3625 2187 3767 2242 Jhesu

2382 2262 2598 2316 Christi
2621 2263 3110 2325 construxerunt;
3141 2259 3237 2314 cui
3261 2273 3339 2314 ex
3362 2257 3766 2324 resurrectione,

2381 2347 2508 2401 qua)
2533 2332 2652 2386 illic
2675 2331 2966 2387 celebrata
2997 2336 3110 2397 est,
3147 2343 3357 2385 nomen
3393 2328 3768 2400 imposuerunt,

2383 2407 2496 2457 tam
2555 2402 2917 2474 spiritualem
2973 2401 3294 2474 animarum
3359 2414 3582 2474 suarum
3632 2413 3770 2469 quam

2377 2471 2741 2544 corporalem
2780 2471 3042 2544 Materni
3101 2471 3588 2544 resurrectionem
3643 2483 3773 2544 reco-

2380 2539 2587 2598 lentes.
2626 2543 2904 2598 Omnibus
2935 2542 3116 2608 igitur
3147 2556 3251 2612 per
3279 2541 3467 2610 girum
3506 2541 3558 2594 in
3585 2539 3773 2596 confes-

2381 2614 2542 2668 sione
2595 2614 2724 2668 ﬁdei
2775 2613 3058 2681 solidatis,
3111 2612 3241 2668 aliis
3290 2613 3466 2668 etiam
3519 2612 3771 2679 regionum

2377 2685 2652 2754 gentibus
2675 2684 2825 2738 beati
2843 2683 2949 2738 viri
2967 2683 3207 2739 verbum
3229 2682 3442 2754 salutis
3463 2681 3772 2754 impertitum

2380 2749 2464 2810 ire
2496 2754 2908 2824 disponebant,
2931 2758 2987 2808 et
3013 2753 3438 2824 commendatis
3467 2749 3707 2807 omnibus
3732 2749 3771 2804 ei

2381 2825 2474 2882 cui
2505 2840 2568 2881 se
2595 2823 2712 2896 per
2745 2825 2913 2896 ﬁdem
2956 2823 3668 2896 subdiderunt,_abeuntes
3694 2833 3772 2896 per

2380 2896 2528 2952 viam
2553 2891 2768 2952 semina
2794 2895 2930 2950 vitae
2953 2895 3226 2962 serendo,
3250 2891 3487 2948 tandem
3506 2893 3680 2962 divino
3693 2891 3772 2962 du-

2379 2971 2478 3022 ctu
2492 2965 2808 3032 Treberim,
2827 2981 2954 3034 qua:
2971 2979 3170 3033 magna
3186 2961 3297 3019 civi
3312 2971 3400 3020 tas
3415 2961 3677 3034 quondam
3691 2961 3773 3016 fuit

2379 3036 2448 3070 ’π
2466 3036 2806 3107 metropolis
2829 3036 3070 3107 Belgica)
3093 3035 3317 3107 Galliae,
3341 3037 3718 3107 pervenerunt.

2452 3108 2569 3162 Hoc
2586 3103 2734 3161 “Vin
2762 3106 2904 3171 loco,
2934 3103 3091 3162 Salva
3117 3103 3362 3161 lectoris
3383 3105 3638 3171 caritate,
3660 3103 3770 3158 libet

2382 3176 2641 3248 quietiam
2667 3176 2737 3233 de
2765 3177 2920 3233 illius
2947 3175 3206 3248 civitatis
3234 3176 3581 3248 antiquitate
3602 3188 3659 3248 ac
3679 3173 3772 3248 situ

2380 3239 2884 3304 commemorando
2902 3247 3329 3318 aliquantisper
3346 3239 3771 3318 immorari,quod

2382 3318 2565 3374 series
2583 3333 2772 3373 rerum
2789 3319 2927 3373 inibi
2943 3316 3260 3387 gestarum,
3279 3316 3624 3386 quasdieere
3637 3325 3772 3387 cona-

2382 3389 2727 3458 mur,aliqua
2743 3403 2812 3443 ex
2828 3383 2995 3458 parte
3014 3383 3364 3458 monstrabit
3380 3401 3492 3458 non
3504 3383 3696 3458 esseab
3708 3395 3771 3458 re.

2453 3404 2812 3458 ur,anquaex
2869 3404 3771 3443 artemonswaonnonesseanre.

2453 3459 2612 3515 Sicut
2643 3459 2712 3492 ⁹⁹⁸
2741 3404 2953 3514 Gallica
2995 3461 3191 3512 narrat
3223 3457 3477 3514 historia
3509 3456 3662 3526 (2'24),
3691 3451 3774 3509 sub

2380 3530 2746 3600 temporibus
2769 3529 3047 3585 llabrahze
3065 3528 3132 3600 99⁸
3150 3528 3502 3600 patriarchas
3521 3527 3772 3600 Ninusrex

2384 3593 2846 3674 potentissimus,
2875 3600 2970 3670 qui
2994 3593 3306 3674 mdillcavit
3341 3599 3626 3674 civitatem
3647 3593 3775 3674 Altini-

2382 3669 2512 3745 ven,
2539 3672 2608 3726 de
2633 3669 2936 3745 quo‘JAona’s
2959 3669 3242 3745 propheta
3266 3669 3534 3745 perhibet
3557 3669 3773 3745 testiino-

2384 3742 2538 3812 nium
2561 3738 2713 3812 quod
2735 3742 2889 3811 (Jan.
2913 3738 2993 3810 ui,
3015 3738 3294 3812 3‘)magna
3318 3738 3616 3812 sititinere
3632 3738 3772 3812 trium

2382 3801 2628 3886 dierum,
2662 3801 3246 3886 de‘regina'quada'm
3281 3809 3623 3886 Caldeorum
3730 3801 3774 3857 ll-

2385 3881 2521 3937 lium
2565 3879 2867 3938 Trebetam
2910 3879 3127 3936 dictum
3177 3879 3539 3950 procreavit.
3574 3879 3674 3950 Cui
3710 3887 3774 3927 re-

2380 3953 2550 4022 gina),
2588 3952 2839 4021 inquam,
2874 3952 2918 4007 si
2946 3951 3079 4007 dum
3104 3947 3412 4006 adviveret
3438 3947 3645 4022 nescio,
3666 3956 3772 4022 uxo-

2384 4017 2503 4079 rem
2541 4017 2720 4078 aliain
2771 4017 2985 4078 dictam
3035 4021 3398 4076 Semiramim
3451 4017 3771 4089 superduxit,

2387 4109 2514 4172 quae
2545 4092 2717 4172 longe
2745 4097 2880 4172 post
2909 4098 3179 4172 tempore
3201 4091 3352 4172 Nino
3382 4090 3774 4172 defunctoetln-

2386 4160 2513 4232 dem
2555 4160 2858 4220 Trebetam
2896 4160 3079 4218 voluit
3113 4161 3223 4232 sibi
3254 4160 3314 4216 in
3346 4160 3607 4232 conjugio
3634 4167 3773 4232 copu-

2385 4231 2524 4290 lare.
2561 4234 2658 4290 Cui
2693 4249 2821 4289 cum
2848 4233 3079 4304 juvenis
3109 4231 3397 4304 noluisset
3429 4226 3481 4304 in
3515 4226 3570 4304 re
3597 4226 3773 4304 nefaria

2385 4305 2736 4374 consentire,
2771 4293 2890 4373 illa,
2927 4308 2988 4359 ut
3013 4308 3148 4374 ierat
3189 4302 3347 4358 acris
3386 4299 3572 4374 animi,
3603 4293 3773 4374 inultis

2383 4389 2514 4432 eum
2557 4368 3146 4445 dolis'acﬂveneﬁciis
3185 4372 3546 4445 aggreditur,
3588 4368 3772 4445 demum

2386 4445 2704 4500 innumeris
2747 4444 3032 4500 bellorum
3083 4438 3776 4514 persecutionibusfatiga-

2388 4519 2530 4590 t_um,
2573 4530 2600 4570 a
2641 4513 2710 4548 9”
2746 4515 2943 4590 totius
2969 4506 3127 4590 regni
3177 4513 3390 4590 finibus
3432 4506 3768 4590 propulsant.

2385 4585 2494 4664 Qui
2527 4585 2857 4664 pervagatis
2891 4582 3188 4664 plerisque
3212 4583 3378 4664 orbis
3402 4582 3773 4664 paitibusLaec

2386 4653 2619 4730 invento
2642 4657 2695 4709 in
2714 4653 2843 4730 'un
2862 4653 2968 4730 sibi
3001 4668 3300 4730 remanere
3328 4653 3772 4730 ρῳυ-ιιῇεεθιιιορε,

2383 4726 2617 4782 tandem
2637 4715 2795 4782 sorte
2815 4727 3026 4782 ductus
3047 4715 3340 4792 Belgicam
3367 4721 3596 4792 Galliam
3613 4715 3770 4792 elegit:

2385 4779 2519 4862 Qua
2533 4779 2918 4868 perlustrata
2937 4779 2992 4850 in
3012 4779 3267 4864 eumgqui
3294 4808 3325 4848 n
3339 4807 3446 4852 unc
3468 4779 3711 4847 Treberis
3723 4779 3778 4816 ’”

1777 4892 2013 4948 νΑΒΙᾸζ
2045 4891 2450 4948 [ιΕΟΤῐΟἪιῖὃ.

484 4989 555 5024 ’τ’
577 5004 632 5047 c.
662 4991 802 5045 XXI.
833 4988 1040 5046 Leibn.
1113 4988 1416 5060 ”°7quique
1442 4991 1507 5044 C.
1542 4995 1599 5044 1.
1630 5003 1682 5044 e.
1715 5002 1871 5060 corr.
1897 4991 1957 5044 et
1972 4989 2063 5045 ita
2085 4990 2187 5044 C3.
2257 4987 2782 5060 ’“postsupplLC,
2810 4992 2899 5060 1.!
2931 4985 3007 5060 ξδ’
3030 4985 3278 5060 quintio.
3355 4983 3424 5017 ⁸⁸³
3449 4974 3776 5060 ἰιινθιξῐιιὰἰρε

570 5061 639 5094 ⁹⁸⁴
675 5063 908 5116 Animos
941 5063 1040 5114 (26.
1127 5059 1196 5092 ⁸⁸⁸
1222 5062 1533 5116 consolans
1561 5061 1627 5114 C.
1712 5059 1780 5092 ⁸⁸⁸
1810 5060 1895 5115 sui
1931 5061 1996 5114 C.

416 5146 618 5203 omnes
645 5133 683 5203 C
709 5136 766 5186 3.
849 5131 918 5164 ⁰⁰⁰
941 5133 1006 5186 in
1024 5145 1222 5203 mare.
1254 5132 1400 5187 add.
1434 5135 1470 5186 C
1497 5137 1516 5185 1
1539 5173 1568 5203 ,Α
1615 5127 1699 5203 Α⁹⁹²
1726 5130 1792 5203 ba
1797 5131 2010 5203 litisma
2037 5131 2112 5203 ΒΩ
2131 5127 2380 5203 semper.
2403 5202 2436 5203 _
2464 5128 2532 5162 ’θ’
2557 5129 2851 5203 honoreet
2872 5127 3148 5203 memoria
3175 5127 3238 5180 C.

1746 5200 1816 5234 σοι
1845 5185 1911 5258 e.
1939 5202 2112 5256 xxn.
2135 5185 2356 5258 iam.
2400 5202 2464 5268 ιι,
2497 5205 2554 5256 2.
2596 5200 2660 5254 c.
2744 5198 2813 5231 σου
2843 5199 3072 5254 abrahze
3105 5199 3170 5251 c.
3252 5195 3322 5228 "7
3349 5193 3691 5251 chaldeorum
3715 5185 3744 5237 c

419 5271 487 5306 ’”
520 5289 586 5328 ac
617 5286 776 5328 corr.
819 5287 847 5326 a
883 5275 986 5329 C1.
1069 5272 1138 5305 Μ
1167 5273 1415 5329 treveris
1445 5275 1544 5327 8'2.

2141 5341 2203 5394 ίΕ
2227 5383 2238 5396 ,

2141 5341 2238 5396 ίΕ,

2002 5341 2138 5486 lt‘la0T
2194 5429 2460 5498 telligere
2487 5427 2660 5483 velis.
2702 5427 2836 5498 Nam
2869 5439 2999 5482 eum
3035 5429 3199 5480 textu
3224 5437 3428 5498 eorum
3463 5412 3766 5498 pracedenff

493 5428 644 5500 (229)
677 5427 910 5500 Deﬁhac
957 5429 1294 5486 narratione
1343 5429 1556 5486 fabulis
1601 5428 1770 5500 plena
1801 5430 1881 5486 cf.
1920 5431 2061 5486 Acta

421 5501 521 5568 ss,
567 5497 732 5568 Sept.
772 5499 862 5566 IV,
900 5514 960 5568 p.
999 5503 1124 5554 380.

470 5564 654 5644 ,(224)
683 5564 821 5644 Quae
847 5564 976 5644 haec
999 5569 1075 5624 sit
1100 5569 1364 5638 historia,
1397 5584 1561 5644 nemo
1590 5569 1786 5644 dicere
1818 5570 2056 5644 poterit,

427 5635 536 5689 nisi
575 5635 698 5702 ipsa
730 5635 902 5688 Gesta
929 5637 1310 5694 Treverorum
1332 5635 1421 5694 vel
1448 5639 1698 5710 ipsorum
1732 5635 1949 5696 fontem
1978 5635 2058 5696 in;

2081 5041 2153 5092 "'5
2175 5041 2708 5130 corpdre'ltjafrm
2738 5057 2900 5114 deest
2917 5058 2984 5112 Ο.
3049 5041 3134 5130 ’Ψ
3167 5055 3243 5130 li_ii
3263 5067 3557 5130 superscr.
3589 5051 3623 5105 C
3645 5053 3693 5130 1Δ
3714 5041 3770 5130 liii

3349 5114 3392 5158 ⁵³
3417 5123 3612 5180 civitas
3627 5119 3698 5173 est
3717 5114 3766 5168 C.

2187 5483 2410 5556 hmc‘ab
2441 5483 2629 5554 altero
2660 5497 2908 5568 quodam
2946 5501 3182 5568 auctore
3222 5483 3561 5568 Trevereusi
3594 5483 3764 5568 scrip?

2189 5571 2533 5643 plerumque
2563 5561 3060 5643 conveniunt._De
3093 5565 3340 5643 Caesaris
3367 5561 3762 5643 commentariis,

2189 5635 2337 5712 quos
2365 5635 2540 5713 supra
2570 5655 2632 5711 p.
2676 5641 2765 5696 121
2801 5635 2995 5707 attuli,
3027 5636 3272 5707 cogitari
3308 5635 3532 5704 nequit.
