3990 6360
105 446 287 517 1181

1074 450 1341 518 GESTA
1369 452 1959 520 TRLVERORUM.
1994 490 2071 503 —
2100 452 2653 523 CONTINUATIO

3399 452 3548 528 1189

97 582 362 651 ageret,
391 582 454 638 ut
472 578 638 651 juxta
663 576 760 636 Dei
786 573 1147 638 voluntatem
1171 584 1227 636 et
1255 578 1565 637 secundum
1592 592 1795 653 supra-
1822 576 1877 637 A
1908 577 2094 653 deret,
2133 583 2371 642 mutatis
2401 585 2660 643 vestibus
2682 598 2749 644 ac
2775 599 2880 659 pro
2913 584 3063 646 albis
3090 585 3272 660 nigris
3304 586 3545 664 indutis,

97 668 284 742 scrip
299 675 419 727 tam
436 669 677 727 Romani
697 667 993 741 pontificis
1013 669 1525 726 commonicionem
1549 669 1793 727 animam

97 773 295 815 suam
346 758 778 816 immaculatam
820 760 935 814 Deo
974 759 1208 816 offerret
1244 758 1398 829 (Lee.
1434 774 1515 827 In,
1550 760 1623 829 ~l),
1655 773 1793 815 ecce

98 846 435 919 diabolus,
462 847 583 918 qui,
610 851 672 904 ut
695 848 994 919 Scriptura
1014 847 1104 881 ⁸³⁸⁸
1123 848 1285 918 dicit,
1312 847 1542 904 seducit
1570 848 1797 904 univer-

99 950 247 993 sum
275 937 494 993 orbem
526 937 720 1009 (Apoc.
749 952 846 1008 xu,
873 936 950 1008 9),
984 937 1133 993 sicut
1159 944 1283 993 arte
1312 952 1415 994 sua
1438 936 1794 1007 nequissima

102 1040 224 1097 per
265 1026 582 1083 mulierem
626 1026 804 1081 Adam
844 1025 1310 1098 protboplastum
1344 1041 1564 1097 nosque
1596 1039 1795 1082 omnes

102 1130 225 1186 per
253 1134 269 1168 t
301 1130 398 1172 um
427 1114 889 1171 immortalitatis
913 1121 1077 1171 veste
1100 1115 1361 1184 nudavit,
1389 1116 1466 1170 ita
1491 1129 1717 1186 quoque
1738 1111 1797 1169 et

108 1203 311 1274 hujus
344 1204 597 1261 animum
634 1204 853 1261 fraudis
883 1220 1000 1261 suae
1031 1204 1083 1260 in
1113 1203 1203 1237 ’⁸⁸⁵
1242 1205 1590 1275 tegumentis
1614 1219 1643 1260 a
1666 1208 1797 1275 pro‘

105 1293 329 1363 posito
376 1293 678 1349 castitatis
728 1293 1076 1349 subvertere
1125 1292 1430 1363 laboravit,
1479 1307 1549 1348 ne
1595 1297 1792 1365 posset

102 1397 257 1437 cum
291 1381 578 1453 Apostolo
602 1381 799 1437 dicere
829 1400 840 1435 :
871 1382 1081 1442 Gloria
1110 1382 1317 1439 nostra
1347 1381 1469 1439 Ιιιεσ
1497 1382 1601 1451 εει,
1635 1381 1795 1437 testi-

101 1473 401 1527 monium
430 1469 523 1503 ’⁵⁸⁸
555 1469 713 1527 bona
749 1472 1094 1528 conscentiw
1132 1472 1232 1538 {II
1270 1471 1397 1527 Cor.
1440 1487 1477 1540 ι,
1526 1472 1633 1540 12),
1676 1474 1788 1538 etc,

105 1559 309 1615 Verbi
361 1574 549 1616 causa.
594 1561 696 1615 Est
726 1559 779 1614 in
816 1558 1097 1616 suburbio
1135 1559 1475 1615 Treverensi
1515 1558 1792 1631 oppidum

108 1646 451 1717 quoddam,
471 1646 626 1719 quod
646 1653 892 1704 vocatur
911 1648 1055 1704 Aula
1074 1647 1286 1703 Palacii
1309 1648 1477 1719 (460),
1504 1648 1600 1703 ubi
1622 1663 1693 1703 ex
1714 1647 1794 1701 ἰη-

108 1736 450 1793 stitutione
486 1737 658 1793 unius
694 1736 940 1792 filiarum
979 1736 1287 1806 Dagoberti
1322 1736 1475 1805 regis
1508 1735 1791 1807 preciosre

109 1826 383 1896 virginis
406 1825 630 1881 Athalze
652 1823 743 1857 ’⁵⁸⁷
768 1825 906 1880 inibi
928 1805 1283 1894 quiescentis
1304 1805 1678 1893 congregatio
1700 1805 1792 1855 ’⁵⁸⁸

1907 672 2111 729 artiori
2129 672 2264 729 vita}
2282 672 2495 730 debere
2514 690 2748 746 operam
2768 674 2937 745 dare;
2963 678 3114 749 quod
3136 678 3183 736 si
3205 681 3428 752 perpeti
3451 695 3553 737 no-

1908 761 2175 833 luissent,
2208 762 2415 821 melius
2435 778 2560 821 esse
2584 769 2649 822 ut
2671 764 2837 823 locus
2870 766 2969 823 ille
2996 774 3227 825 careret
3252 769 3304 825 in
3330 770 3552 826 habita-

1906 852 2091 919 cione,
2124 866 2291 922 quam
2321 852 2395 907 ibi
2423 852 2569 909 tales
2592 854 2869 924 degerent
2895 871 3180 928 personae,
3208 873 3336 929 quae
3362 859 3556 931 hujus-

1908 939 2056 994 modi
2092 940 2413 1010 nequiciam
2448 946 2744 1011 gestarent
2770 945 2878 1000 sub
2904 945 3201 1015 religionis
3231 948 3446 1018 specie.
3482 949 3549 1003 Et

1907 1027 1985 1083 ita
2008 1029 2216 1084 factum
2238 1034 2346 1085 est.
2374 1029 2473 1085 1113
2494 1029 2676 1100 ejecta
2699 1037 2820 1099 est;
2846 1032 2942 1089 sed
2968 1039 3025 1088 et
3047 1040 3259 1091 cetera:
3286 1036 3550 1092 nolentes

1906 1130 2010 1171 nec
2036 1116 2293 1173 habitum
2322 1133 2424 1173 nec
2450 1119 2950 1177 conversationem
2973 1120 3063 1154 ²⁵⁷¹¹
3086 1125 3329 1187 mutare,
3352 1124 3551 1180 simili-

1906 1206 1996 1259 ter
2028 1209 2162 1260 sunt
2194 1206 2416 1276 ejectze,
2449 1211 2505 1262 et
2539 1206 2667 1264 alim
2696 1208 2748 1263 in
2781 1210 3194 1266 monasterium
3228 1212 3548 1282 puellarum

1907 1294 2055 1364 quod
2076 1296 2353 1351 llorreum
2370 1295 2606 1364 dicitur,
2622 1297 2751 1354 aliae
2771 1302 2962 1354 autem
2982 1298 3051 1355 ad
3071 1298 3181 1354 alia
3202 1300 3290 1356 sui
3314 1300 3551 1357 habitus

1909 1382 2302 1451 migraverth
2331 1382 2476 1454 loca,
2510 1386 2855 1455 vacavitque
2898 1386 3059 1443 locus
3081 1386 3173 1420 ’³⁷⁸
3193 1387 3548 1459 aliquamdiu

1906 1485 1935 1524 a
1957 1468 2168 1525 divinis
2194 1470 2481 1527 laudibus.
2511 1473 2687 1542 Cujus
2708 1474 2785 1528 rei
2806 1474 2994 1543 gratia
3017 1476 3326 1547 episcopus
3346 1481 3547 1548 postea

1905 1573 2122 1613 summa
2150 1559 2361 1615 ductus
2388 1560 2726 1631 penitentia,
2749 1563 2971 1618 veritus
2990 1578 3057 1617 ne
3077 1563 3247 1634 hujus
3268 1579 3440 1621 causa
3469 1565 3550 1620 in-
3612 1561 3618 1567 ’

1899 1646 2068 1717 juriaz
2102 1652 2359 1703 extrema
2397 1648 2573 1703 divini
2606 1648 2697 1681 9"“
2722 1649 2922 1718 judicii
2961 1650 3177 1707 ultione
3210 1653 3552 1723 dampnare-

1902 1739 2021 1806 tur,
2057 1741 2343 1792 annuente
2379 1736 2586 1792 domno
2616 1737 2871 1794 Iohanne
2902 1742 3041 1794 tunc
3075 1741 3327 1795 Romano
3359 1741 3549 1811 ponti-

1908 1824 2030 1891 fice,
2049 1825 2348 1881 commissa
2370 1827 2476 1880 sub
2496 1825 2677 1896 ipsius
2700 1827 3031 1883 testimonio
3046 1828 3549 1899 comprovinciali-

108 1918 257 1971 erat
288 1913 615 1986 puellarum
639 1913 968 1969 canonicam
988 1913 1164 1969 vitam
1185 1912 1598 1984 profitentium.
1630 1912 1788 1967 Acci-
1820 1952 1869 2009 Β
1906 1914 2011 1968 bus
2029 1913 2337 1984 episcopis,
2359 1914 2479 1968 suis
2501 1914 2769 1969 videlicet
2790 1915 3186 1985 suffraganeis,
3206 1917 3543 1973 Trevercnsi

106 2004 205 2059 dit
232 2003 439 2073 itaque
462 2006 520 2060 ut
541 2002 855 2073 episcopus
873 2002 967 2058 uni
990 2016 1184 2059 earum
1205 2001 1643 2057 commissuram
1667 2000 1788 2071 pal-

114 2092 180 2147 lii
204 2092 500 2161 mitteret,
524 2096 582 2146 ut
605 2090 725 2161 ipse
745 2090 798 2145 ei
817 2090 1025 2145 exinde
1043 2089 1261 2160 caligas
1282 2089 1372 2122 ²³⁶⁹
1398 2089 1629 2160 quibus,
1654 2104 1783 2145 cum

112 2179 192 2235 ad
223 2179 542 2235 missarum
569 2176 906 2248 sollempnia
932 2177 1279 2233 celebranda
1306 2177 1673 2247 procederet,
1706 2176 1787 2231 in-

111 2268 437 2336 dueretur,
470 2270 719 2337 aptaret.
747 2267 901 2331 Quas
924 2266 1018 2321 illa
1044 2266 1396 2337 suscipiens,
1420 2271 1476 2321 et
1504 2264 1786 2336 inpudici-

114 2356 221 2413 tia-3
252 2371 376 2412 suae
402 2355 745 2426 participem
771 2354 892 2409 fieri
917 2354 1357 2425 concupiscens,
1380 2357 1505 2408 arte
1529 2369 1631 2409 sua
1658 2368 1786 2409 nes-

110 2444 213 2500 cio
251 2459 363 2513 qua
399 2442 637 2499 venifica
672 2442 893 2511 infacit,
929 2446 1094 2498 sutas
1125 2441 1369 2497 remisit.
1407 2441 1625 2508 Quibus
1656 2456 1782 2496 mox

112 2533 445 2603 episc0pus
467 2530 559 2564 "7°
582 2530 822 2600 indutis,
851 2530 1054 2587 mirum
1081 2531 1263 2600 dictu,
1289 2545 1395 2586 non
1418 2530 1600 2587 visum
1620 2533 1710 2585 est
1731 2530 1780 2585 ei

118 2622 291 2677 ultra
328 2621 384 2676 id
413 2618 503 2653 “7‘
536 2620 751 2675 debere
782 2619 999 2690 sospite
1040 2620 1155 2674 vita
1195 2620 1535 2690 procedere,
1573 2618 1679 2674 nisi
1713 2618 1783 2674 ad

120 2724 399 2781 praesens
420 2708 660 2765 haberet
682 2724 799 2762 rem
822 2722 950 2763 cum
972 2707 1231 2763 muliere.
1259 2707 1558 2763 Attonitus
1579 2706 1647 2762 de
1667 2712 1781 2763 tam

114 2798 328 2855 subita
356 2798 565 2853 mentis
591 2796 913 2853 mutacione
934 2802 1166 2866 tamque
1188 2796 1480 2866 inopinata
1500 2795 1693 2851 carnis
1715 2797 1784 2850 ti-

111 2887 452 2954 tillacione,
471 2885 684 2956 quippe
706 2884 798 2954 qui
822 2884 1191 2955 disposuerat
1211 2883 1546 2939 carnalibus
1564 2884 1785 2940 deside-

112 2976 226 3031 riis
265 2989 379 3028 non
411 2972 765 3041 consentire,
795 2987 925 3028 cum
962 2972 1338 3027 festinacione
1369 2971 1547 3039 exuit,
1574 2986 1637 3028 ac
1663 2972 1781 3041 uni,

110 3068 176 3119 ut
220 3063 305 3117 ita
342 3062 552 3131 dicam,
584 3061 654 3116 de
684 3059 1048 3131 principibus
1077 3060 1470 3129 sacerdotum,
1505 3061 1599 3131 qui
1636 3061 1786 3116 forte

114 3151 245 3207 illic
290 3151 519 3216 aderat,
563 3149 828 3205 indutum
872 3147 1061 3215 dedit;
1098 3148 1195 3218 qui
1229 3162 1355 3204 mox
1390 3153 1449 3204 ut
1485 3148 1690 3217 induit,
1727 3152 1781 3203 et

111 3240 252 3311 ipse
287 3238 636 3293 festinanter
664 3237 845 3306 exuit,
882 3252 1078 3292 secum
1116 3236 1349 3300 mirans,
1385 3236 1559 3291 nichil
1592 3243 1784 3292 tamen

116 3306 354 3383 dicens.
389 3328 541 3382 Tunc
572 3324 781 3394 reliqui
816 3325 912 3395 qui
947 3325 1241 3393 astabant,
1276 3324 1413 3394 quid
1440 3324 1495 3379 id
1524 3314 1784 3380 miraculi
1820 3306 1867 3365 Ο

115 3421 290 3471 esset
321 3413 616 3476 admirati,
649 3427 799 3468 unus
823 3417 950 3484 post
980 3427 1151 3468 unum
1183 3412 1412 3467 easdem
1444 3411 1663 3480 caligas
1695 3427 1784 3468 se-

118 3510 296 3561 creto
314 3502 614 3574 capientes
632 3500 964 3570 induerunt,
988 3506 1047 3557 et
1067 3499 1275 3556 similia
1304 3500 1452 3571 passi
1476 3504 1642 3566 sunt;
1665 3500 1788 3557 nul-

122 3594 437 3651 lustamcn
459 3591 600 3662 quid
621 3595 924 3662 pateretur
946 3590 1197 3646 audebat
1224 3605 1327 3661 pro
1351 3589 1443 3623 ²⁵¹²
1468 3590 1687 3661 pudore
1714 3591 1789 3646 fa‘

121 3682 260 3738 teri.
291 3680 616 3736 Novissime
640 3683 873 3735 ventum
899 3682 988 3734 est
1011 3676 1082 3732 ad
1106 3678 1269 3733 urbis
1293 3679 1665 3749 praefectum;
1691 3693 1788 3764 qui

120 3775 184 3827 ut
209 3771 286 3825 ab
307 3768 585 3840 episcopo
602 3767 805 3835 jussus
821 3765 1031 3835 induit,
1052 3766 1249 3821 furore
1270 3765 1597 3821 incredibili
1621 3766 1793 3822 infre-

119 3857 297 3927 muit,
318 3862 380 3913 et
402 3870 464 3912 se
490 3855 847 3911 incantatum
878 3868 1011 3911 esse
1041 3853 1427 3925 proclamavit
1454 3853 1565 3924 ³⁸⁷³,
1590 3854 1790 3909 scisci-

121 3946 401 4015 tantique
421 3943 552 4013 quis
572 3943 900 4013 iniquitatis
922 3942 1095 4013 hujus
1110 3947 1318 3998 auctor
1337 3941 1656 4011 exstiterit,
1673 3942 1790 4012 epi_

122 4048 352 4105 scopus
372 4031 623 4102 aperuit.
649 4033 803 4087 Tunc
821 4046 1021 4086 omnes
1040 4031 1093 4086 in
1117 4046 1289 4086 unum
1312 4030 1637 4085 sententias
1654 4043 1790 4085 suas

125 4121 502 4194 proferentes
526 4117 796 4174 dicebant
822 4118 1130 4174 maximum
1156 4119 1263 4172 hoc
1281 4131 1410 4173 esse
1428 4117 1683 4173 dedecus
1699 4129 1791 4172 ec'

124 4208 353 4271 clesize,
381 4206 531 4279 quod
552 4207 645 4277 qui
665 4206 947 4263 canonica
968 4205 1056 4261 vel
1079 4205 1253 4261 etiam
1275 4204 1365 4238 "7‘
1389 4204 1787 4261 ecclesiastica

125 4300 519 4355 censerentur
541 4295 901 4365 professione
928 4294 1029 4350 tali
1058 4292 1305 4364 polleret
1331 4292 1424 4346 3⁵⁷⁵
1448 4292 1784 4363 iniquitate;

126 4400 260 4443 eam
287 4383 519 4454 quidem
539 4398 666 4453 quae
688 4398 807 4439 rem
830 4384 971 4438 hanc
993 4385 1227 4437 fecisset
1252 4382 1324 4436 ab
1349 4381 1552 4436 ordine
1576 4382 1790 4437 sancti‘

130 4472 345 4529 monia:
371 4470 570 4543 projici
597 4472 829 4540 dignum
855 4486 1010 4539 esse,
1036 4473 1269 4525 ceteras
1293 4484 1430 4524 vero
1455 4468 1533 4523 ibi
1561 4461 1789 4524 mancn'

1900 2001 2165 2069 ecclesia,
2201 2001 2521 2058 Jerusalem
2545 2001 2740 2057 "Wire
2775 2002 3095 2073 disposuit;
3131 2003 3281 2060 unde
3316 2005 3545 2061 rediens

1900 2089 1955 2145 in
1988 2090 2116 2145 loco
2147 2091 2483 2161 supradicto
2514 2090 2583 2145 ad
2614 2090 2816 2148 laudes
2843 2092 2939 2147 Dei
2970 2092 3349 2151 celebrandas
3375 2093 3547 2150 cleri-

1898 2195 2001 2236 cos
2035 2180 2341 2251 religiosos
2372 2180 2742 2251 mancipavit.
2770 2181 2974 2236 Euntis
3002 2181 3198 2252 itaque
3223 2182 3544 2239 Jerusalem

1897 2283 2185 2339 quamque
2235 2269 2436 2324 efficax
2488 2283 2775 2339 quamque
2810 2270 2923 2324 Deo
2954 2270 3184 2325 exstitit
3225 2270 3545 2342 penitentia

1894 2362 2084 2426 grata,
2132 2357 2390 2427 prudens
2431 2356 2673 2427 quisque
2717 2356 2939 2427 liquido
2980 2362 3172 2429 potest
3213 2364 3540 2429 advertere,

1894 2459 2023 2500 cum
2058 2444 2328 2501 didicerit
2368 2444 2522 2515 quod
2556 2444 2749 2500 divina
2788 2449 3093 2515 respectus
3124 2445 3429 2502 clementia
3465 2446 3545 2500 vi-

1895 2547 2020 2587 rum
2054 2537 2314 2587 sanctum
2348 2533 2580 2589 beatum
2608 2531 2700 2564 ²⁶⁸¹
2729 2534 3064 2603 Symconem
3095 2533 3202 2590 sibi
3231 2534 3545 2604 cmjunxe-

1896 2619 1971 2674 rit
1996 2633 2309 2689 secumque
2338 2620 2665 2675 adduxerit.
2699 2621 2875 2690 Cujus
2904 2621 3032 2690 quia
3066 2622 3283 2678 mentio
3308 2637 3370 2678 se
3396 2623 3547 2678 intu-

1899 2705 1982 2776 lit,
2014 2706 2150 2762 licet
2182 2706 2251 2761 de
2284 2706 2384 2762 illo
2414 2707 2701 2779 prolixior
2733 2713 3023 2764 tractatus
3052 2709 3337 2765 habeatur
3370 2711 3539 2781 (461),

1895 2799 1953 2849 et
1984 2809 2071 2849 me
2104 2794 2248 2849 libet
2280 2794 2370 2849 vel
2404 2796 2471 2850 ad
2507 2794 2814 2865 modicum,
2853 2800 2914 2852 ut
2944 2796 2988 2851 si
3023 2796 3299 2853 memoria
3328 2797 3453 2868 ejus
3485 2799 3542 2853 in

1899 2882 2302 2939 benedictione
2352 2883 2449 2953 qui
2498 2883 2740 2939 adduxit
2791 2883 3057 2952 eum’m,
3098 2884 3332 2940 Domino
3381 2884 3543 2956 adju-

1895 2976 2087 3037 vante,
2121 2970 2488 3027 sanctitatem
2530 2971 2657 3040 ejus
2698 2971 3112 3042 perstringere.

1968 3062 2017 3113 3.
2050 3057 2141 3091 ³⁵⁸³
2171 3059 2397 3115 Interea
2431 3060 2677 3115 domnus
2710 3062 2922 3131 Poppo,
2957 3060 3027 3116 de
3060 3076 3173 3130 quo
3204 3075 3396 3116 sermo
3427 3064 3534 3130 est,

1895 3147 2211 3205 Trevericie
2236 3148 2406 3217 hujus
2432 3148 2771 3219 metropolis
2793 3152 3108 3205 strennuus
3133 3149 3419 3220 provisor,
3449 3150 3540 3204 Jc-

1898 3235 2228 3293 rosolimam
2260 3237 2504 3292 tendens
2536 3237 2654 3305 (an.
2691 3238 2864 3308 1028),
2900 3237 2977 3293 ibi
3010 3237 3121 3293 loci
3152 3252 3264 3307 quo
3295 3238 3540 3308 Symeon

1899 3326 2236 3380 morabatur
2252 3325 2555 3396 applicuit,
2579 3340 2825 3396 eumque
2846 3330 2906 3382 ut
2928 3341 3121 3382 secum
3143 3325 3342 3382 venire
3365 3325 3542 3381 vellet

1898 3413 2182 3468 exoravit.
2226 3413 2330 3479 Qui
2375 3428 2655 3479 annuens,
2689 3429 2817 3470 cum
2852 3414 3215 3470 Antiochiam
3246 3413 3336 3447 ³⁸⁸⁸
3370 3413 3539 3470 simul

1900 3500 2293 3571 devenissent,
2326 3502 2563 3573 Symeou
2594 3501 2685 3534 ²⁶⁸⁸
2716 3517 2744 3557 3
2780 3502 3153 3573 primoribus,
3190 3502 3399 3573 quibus
3431 3502 3543 3573 pri-

1899 3588 2027 3645 dem
2060 3589 2138 3645 ibi
2172 3604 2232 3646 se
2264 3595 2459 3645 notum
2494 3590 2730 3660 fecerat,
2767 3598 3093 3647 remoratus
3124 3591 3408 3659 substitit,
3446 3591 3545 3646 do-

1900 3694 2003 3733 nec
2032 3680 2229 3748 Poppo
2255 3678 2595 3734 Jerosolima
2620 3678 2851 3735 rediens
2872 3694 3041 3735 secus
3063 3694 3187 3735 eam
3218 3678 3310 3712 ³⁸³⁸
3340 3679 3545 3735 civita-

1898 3770 2015 3821 tem
2045 3764 2135 3798 ²⁵⁸⁷
2167 3765 2280 3820 iter
2320 3766 2566 3820 reflexit.
2612 3768 2764 3821 Tunc
2804 3765 3135 3821 admonitus
3175 3766 3230 3821 in
3261 3767 3540 3838 sompnis,

1899 3854 2142 3926 praafato
2175 3867 2237 3908 se
2270 3852 2503 3923 praesuli
2533 3853 2980 3922 commendavit,
3013 3858 3070 3907 et
3113 3867 3308 3919 secum
3338 3855 3544 3910 Treve-

1901 3942 2006 3997 rim
2040 3941 2193 3995 venit
2230 3940 2398 4011 (462),
2436 3940 2529 3995 ubi
2580 3945 2751 4011 prout
2798 3940 2919 4011 ipse
2964 3940 3132 4010 petiit
3163 3938 3253 3972 ³⁸⁸³
3286 3940 3338 3994 in
3392 3944 3538 3997 turri

1901 4028 2144 4099 quadam
2168 4027 2399 4083 deserta
2422 4042 2451 4082 a
2472 4029 2742 4098 Poppone
2767 4027 3053 4095 reclusus,
3075 4028 3230 4082 sicut
3253 4028 3539 4098 quondam

1900 4117 1956 4172 in
1986 4116 2203 4172 vertice
2226 4116 2439 4172 montis
2462 4118 2651 4188 Synai,
2689 4116 2767 4171 ita
2795 4131 2947 4173 nunc
2970 4116 3059 4172 hic
3084 4130 3311 4187 quoque
3333 4130 3542 4186 graves

1900 4204 2279 4275 malignorum
2318 4203 2629 4276 spirituum
2667 4204 2909 4261 insidias
2944 4204 3217 4277 perpetiit
3250 4204 3359 4274 ’5”,
3395 4219 3542 4275 quos

1898 4292 2136 4348 Domino
2164 4292 2481 4348 auxiliante
2511 4293 2829 4364 superavit.
2861 4295 3164 4349 Postremo
3188 4307 3317 4349 cum
3347 4291 3422 4347 ibi
3455 4308 3543 4349 re-

1898 4380 2097 4438 clusus
2121 4381 2508 4450 transegisset
2538 4387 2761 4452 septem
2792 4396 2994 4450 annos,
3025 4381 3077 4437 ei
3110 4381 3205 4452 qui
3235 4381 3392 4437 dedit
3424 4381 3543 4437 ani-

1900 4484 2041 4524 mam
2070 4468 2322 4524 reddidit
2347 4469 2468 4524 Kal.
2490 4470 2643 4527 Junii
2676 4484 2824 4528 anno
2851 4470 3163 4527 Dominicaa
3194 4470 3542 4527 incarnatio-

130 4561 305 4630 tium,
333 4574 402 4614 ne
426 4559 497 4615 ab
519 4559 604 4614 eis
627 4557 1052 4629 quodammodo
1082 4559 1197 4613 tam
1233 4556 1441 4612 infame
1468 4555 1559 4589 ³⁸⁷⁸
1588 4571 1787 4627 proce-
1814 4595 1867 4655 Β
1900 4557 1988 4613 nis
2022 4560 2155 4612 1035
2184 4556 2292 4611 “9°.
2330 4558 2478 4614 Deus
2509 4561 2700 4614 autem
2733 4573 2863 4614 eum
2893 4556 2982 4591 ²⁶⁹ί
3015 4556 3214 4613 multis
3258 4555 3536 4613 virtutum

1487 4698 1722 4755 VARUE
1768 4698 2175 4758 LECTIONES.

201 4847 297 4921 '9‘
329 4862 491 4921 sacra
522 4864 567 4904 s.
604 4851 642 4904 C
676 4850 862 4921 (sacra
894 4862 923 4904 θ
950 4861 1107 4921 corr.
1134 4848 1212 4921 _C_t
1235 4848 1310 4920 .).
1389 4846 1480 4880 ’⁵⁸⁸
1511 4847 1671 4921 de“!
1700 4848 1801 4921 81o

127 4918 392 4990 gationis
422 4922 523 4975 B2.
564 4921 620 4974 ι.
660 4917 716 4975 5.
755 4932 886 4977 corr
948 4919 1018 4975 ut
1043 4917 1276 4975 videtur
1295 4918 1670 4987 congregatio
1695 4919 1762 4973 Ct
1784 4960 1797 4973 .
1827 4918 1885 4975 et
1903 4919 1993 4975 ita
2016 4917 2054 4971 C
2077 4920 2108 4970 3
2130 4930 2270 4986 sqq.

129 5005 291 5041 corr.
323 5004 428 5041 ens
450 4993 488 5041 C
513 4996 568 5041 1.
601 4992 658 5041 et
673 4989 767 5041 ita.
788 4992 827 5041 C
850 4994 906 5041 3.
936 5004 1073 5041 sua.
1156 4987 1247 5022 ’⁵⁸η
1281 4989 1334 5041 id
1368 4989 1527 5041 deest
1562 4991 1597 5041 Β
1632 4993 1686 5041 1.
1769 4989 1862 5023 ²⁸⁷²
1894 5004 1995 5041 nro
2026 4986 2155 5041 post
2183 5000 2270 5041 cor

1281 4990 1334 5044 id
1368 4990 1527 5045 deest
1562 4991 1597 5041 Β
1632 4993 1686 5043 1.
1769 4990 1862 5023 ³⁸⁷³
1893 5004 1995 5060 pro
2014 4990 2155 5058 post
2183 5000 2338 5043 corr.
2379 5001 2483 5057 pre
2515 4993 2552 5041 t.
2588 4990 2639 5041 1.

1274 5058 1705 5162 ἓὲὶὶῖξῗέοἰονιζί
1748 5058 2103 5162 νοέἔ-ῒένξὶἷῖἓηίέ
2134 5056 2639 5162 ς¹.·,..νξί¹.¹θ¹’θξ¹ιξοῖ²9ιέ

1514 5145 1598 5185 ein
1634 5131 1700 5185 Bt
1722 5129 1761 5184 ,⁷
1818 5129 1908 5162 ³⁸⁷⁸
1936 5129 2100 5183 100118
2132 5129 2246 5183 iste
2278 5129 2377 5183 Bt.
2462 5129 2553 5161 ³⁸⁷⁸
2585 5129 2745 5184 deest
2776 5129 2842 5182 Bl
2863 5169 2876 5181 .
2957 5129 3050 5157 ³⁵³⁰
3081 5129 3433 5181 iherusalcm
3460 5129 3522 5179 C.

1514 5200 1819 5278 ἥκει-ω.
1859 5199 2106 5278 μέζων·
2136 5198 2204 5266 11,
2231 5212 2293 5278 _c.
2331 5200 2548 5278 XX_ll_I_l.
2593 5200 2692 5278 Cl.
2730 5203 2787 5253 6.
2811 5269 2830 5278 _
2870 5194 2962 5229 ²⁸⁸⁴
2993 5195 3386 5278 anthiocbiam
3421 5196 3522 5276 Cl_.

1624 5270 1718 5304 ’⁸⁸⁸
1746 5270 1923 5342 peciit
1958 5271 2058 5324 B2.
2092 5268 2336 5339 sepius,
2368 5271 2425 5326 et
2452 5272 2544 5328 ita
2573 5270 2772 5339 etiam,
2807 5268 3200 5342 frequencius,
3234 5268 3533 5342 sentencia

129 4987 291 5047 corr.
323 4993 568 5061 epsgt.
601 4992 658 5048 et
673 4989 767 5047 ita
788 4992 827 5045 C
850 4994 906 5045 3.
936 5004 1073 5060 sqq.
1156 4987 1247 5022 "7‘
1281 4989 1527 5061 idggieest
1562 4991 1597 5041 Β
1632 4993 1686 5043 1.

136 5066 190 5116 1.
236 5059 375 5116 Ο3.“
420 5059 514 5094 ’⁸⁷⁵
550 5062 641 5118 ita
677 5074 873 5118 omnes
907 5059 1132 5118 codices
1165 5061 1230 5114 Β.

128 5132 228 5188 ita
258 5132 298 5214 ς
332 5134 388 5188 ι·
459 5130 562 5216 31’.“
592 5131 834 5216 erasa:
856 5134 923 5186 BI
1161 5145 1403 5216 coluere

129 5199 1058 5330 fmilmeod‘ﬁtécei‘t'gzces’t‘z.
1069 5203 1430 5327 cumﬁgéegt'
1443 5200 1541 5327 Bis:

1038 5129 1130 5162 ³⁵⁷⁷
1161 5129 1598 5185 conversionem
1634 5131 1733 5185 Bt.

1884 4846 1977 4881 ιιοο
2015 4844 2171 4902 deest
2203 4845 2303 4900 co.
2386 4843 2476 4878 ποτ
2516 4844 2707 4900 athele
2742 4844 2780 4899 Β
2811 4848 2870 4899 2.
2910 4849 2966 4899 ες.
3009 4843 3075 4899 c.

3158 4842 3251 4877 ’⁸⁸⁸
3289 4856 3533 4912 congre-

2355 4914 2446 4948 ’δι’
2478 4930 2528 4971 c.
2554 4913 2764 4971 exinde
2787 4914 2825 4970 c
2848 4918 2905 4969 3.
2988 4913 3082 4946 ιιτο
3108 4910 3167 4983 (ἷβ
3192 4913 3219 4972 δ
3244 4913 3346 4983 32.
3378 4910 3435 4969 ιῖ
3467 4918 3523 4968 5.

2725 4984 2817 5017 ³⁸⁷³
2850 5001 2909 5055 ρ.
2946 4997 3077 5055 esse
3103 4982 3168 5039 (Ι.
3251 4982 3343 5055 ’⁸⁷1
3375 4984 3537 5055 deest

2236 5054 2525 5127 pollerent
2550 5055 2682 5127 post
2709 5054 2866 5112 corr.
2909 5054 3277 5128 pollueretur
3309 5054 3347 5109 C
3379 5058 3437 5109 3.
3478 5054 3535 5110 et

2236 5143 2246 5181 θ
2278 5129 2377 5183 Β1.
2462 5127 2553 5161 ³⁸⁷⁸
2585 5127 2745 5184 deest
2776 5127 2842 5182 Bl
2863 5169 2876 5181 .
2957 5124 3050 5157 ³⁵⁸⁰
3081 5124 3433 5181 iherusalcm
3460 5126 3525 5179 C.

132 5350 193 5415 et,
208 5343 342 5415 alia
363 5342 726 5415 hujusmod-i,
746 5342 851 5400 sed
868 5341 1273 5415 concinniores
1294 5341 1488 5415 locis._
1545 5339 1641 5415 ηεξ
1659 5338 1936 5415 ρρῆρθῑίίι
1958 5349 2104 5409 quos
2124 5350 2281 5393 corr.
2311 5338 2629 5412 perpessus
2652 5346 2743 5398 est
2758 5338 2910 5412 quas
2932 5339 3002 5396 Cl
3020 5381 3033 5395 .
3064 5338 3121 5397 et
3137 5338 3230 5397 ita
3252 5338 3353 5394 (13.
3385 5350 3494 5407 sqq
3510 5376 3524 5390 .

130 5385 1269 5472 2236'32325561vatiam}:"eam:
1294 5385 1432 5468 ξιῖιῑῖ
1449 5385 1559 5466 '32.
1600 5385 1857 5469 mea:

1733 5558 1945 5616 NOTAE

235 5697 359 5766 460)
390 5695 731 5766 Palatiolum
762 5695 885 5751 sive
915 5691 1161 5766 Pfalzel;
1196 5707 1256 5766 v._
1292 5707 1467 5766 supra
1499 5709 1549 5766 c.
1585 5695 1671 5747 24.

235 5700 359 5766 460)
390 5700 731 5751 Palatiolum
762 5700 885 5751 sive
916 5700 1161 5757 Pfalzel;
1196 5707 1246 5747 v.
1292 5707 1467 5763 supra
1499 5709 1549 5749 c.
1585 5700 1671 5747 24.

211 5700 360 5837 2561)
394 5767 473 5821 Ex
502 5766 611 5823 hac
640 5765 768 5820 Vita
804 5766 875 5821 ab
903 5761 1211 5820 Eberwino
1242 5761 1388 5819 infra
1418 5763 1473 5818 in
1508 5762 1774 5835 Append.

1894 5693 2214 5761 fragmenta
2244 5689 2507 5761 quaedam
2532 5688 2791 5761 exhibui.

1965 5759 2112 5830 (£62)
2148 5759 2332 5817 Aliter
2361 5759 2704 5817 Eberwinus
2734 5761 2854 5816 ham
2883 5767 3105 5833 narrat,
3136 5777 3185 5816 v.
3220 5759 3388 5814 infra.
