3990 6332
430 412 583 488 1188

1337 419 1602 490 CESTA
1635 414 2226 488 TREVEROBUM.
2264 457 2338 472 —-
2367 421 2926 496 CONTINUATIO

3685 432 3843 506 1184

429 543 663 606 indiciis
691 546 1104 624 magniﬁcavit,
1136 549 1214 609 ita
1237 555 1299 610 ut
1323 551 1541 611 erectis
1563 551 1830 612 manibus
1853 555 2074 611 nostris

2197 537 2398 598 domno
2408 538 2682 599 Johanne
2692 539 2759 600 in
2776 539 2889 600 hac
2900 538 3114 602 sancta
3125 539 3262 603 sede
3274 539 3610 618 apostolica
3617 545 3846 622 prede-

428 651 660 696 sursum
693 637 764 695 ad
795 641 973 698 Deum
1005 655 1071 698 ac
1097 638 1195 682 ""-
1215 641 1492 700 cordibus
1520 642 1752 712 nostris,
1787 643 2078 714 evangeli-

426 741 556 783 cum
581 726 723 784 illud
747 729 1082 787 exultantes
1103 729 1418 788 decantare
1441 731 1750 804 possimus,
1779 733 1910 804 quia
1933 733 2079 792 visi-

430 813 587 873 tavit
603 817 763 874 Deus
775 818 1004 889 plebem
1023 834 1200 877 suam
1229 822 1388 887 (Luc.
1417 837 1456 891 ι,
1481 823 1591 893 68).
1626 823 1829 892 Itaque
1852 837 1956 892 pro
1979 822 2080 877 mi-

430 905 760 963 raculorum
778 908 1066 980 frequenti
1083 911 1422 967 ostensione
1440 910 1888 982 papulustotius
1907 911 2080 980 hujus

432 993 742 1063 provincia;
781 1010 936 1068 saepe
979 997 1196 1054 dictum
1237 1001 1568 1070 Popponem
1611 999 2082 1079 deprecabantur

430 1079 788 1154 episcopum,
825 1084 909 1140 uti
939 1084 1009 1140 ad
1040 1085 1317 1142 honorem
1345 1087 1446 1142 Dei
1475 1091 1534 1142 et
1562 1085 1745 1143 sancti
1780 1087 1940 1143 illius
1971 1085 2082 1143 virl

427 1167 520 1223 vel
553 1184 656 1241 per
687 1186 746 1227 se
777 1171 866 1228 vel
901 1187 1004 1244 per
1035 1160 1342 1245 epistolam
1371 1189 1532 1231 suam
1556 1177 1872 1232 Romanum
1897 1175 2084 1247 ponti-

433 1255 595 1314 ﬁcem
615 1260 976 1332 consuleret,
1003 1267 1058 1317 ct
1081 1267 1349 1320 eventum
1375 1263 1458 1319 rei
1483 1264 1806 1333 nunciaret,
1827 1268 2085 1336 peteret-

430 1360 542 1416 que
567 1347 844 1418 quatinus
869 1352 1242 1408 auctoritatis
1270 1350 1361 1385 ²⁸⁹³
1395 1358 1711 1424 praecepto,
1738 1367 1907 1424 quem
1932 1354 2084 1410 Deus

432 1435 806 1494 evidentibus
827 1439 1124 1497 miraculis
1143 1441 1597 1514 commendaret,
1621 1443 1775 1499 hunc
1796 1441 1886 1475 ’⁵⁸⁸
1907 1443 2080 1498 etiam

435 1522 691 1580 fidelium
725 1527 973 1598 populus
997 1529 1169 1597 digno
1194 1531 1414 1586 sanctis
1442 1531 1725 1602 obsequio
1758 1532 2086 1602 frequenta-

437 1615 544 1680 rct,
579 1618 639 1668 et
669 1628 914 1670 annuam
963 1616 1347 1688 depositionis
1389 1619 1516 1688 ejus
1557 1619 1707 1675 diem
1754 1619 2084 1692 sollempni-

430 1703 524 1754 ter
543 1699 636 1734 ²⁸⁹⁸
657 1701 1006 1760 celebraret.
1036 1707 1220 1776 Super
1243 1709 1411 1777 cujus
1430 1708 1514 1763 rei
1534 1709 1776 1778 negocio
1799 1709 2084 1780 archiepi-

435 1802 650 1860 scopus
685 1790 886 1847 habito
918 1795 1475 1864 eonprovincialium
1516 1798 1919 1868 episcoporum
1950 1813 2084 1854 con-

2189 643 2412 688 cessore
2430 632 2624 688 vestro
2644 645 2842 688 amore
2869 631 3118 692 visionis
3145 635 3406 707 sep-uteri
3435 637 3550 694 Dei
3578 637 3846 700 hominis

2187 719 2376 776 Jhesu
2393 719 2624 778 Christi
2636 721 2971 779 Jerusalem
2983 737 3228 795 peregre
3238 727 3842 800 profectus/uicem,

2189 809 2257 864 in
2282 808 2522 880 regione
2547 811 2754 868 nostra
2779 825 3104 882 pravorum
3142 813 3448 871 hominum
3472 821 3852 888 supercrevit

2189 897 2512 970 iniquitas,
2527 900 2619 956 ita
2629 899 2811 956 utnec
2829 899 3027 958 adhuc
3041 915 3256 960 manus
3268 902 3342 960 ab
3354 905 3595 977 incepta
3604 907 3850 978 possint

2188 985 2497 1042 retrahere
2523 988 2808 1060 nequicia
2831 987 2944 1058 ποθ,
2979 990 3179 1048 omnia
3199 1005 3314 1063 per
3341 993 3665 1059 circuitum
3691 995 3850 1052 diri-

2182 1074 2414 1145 pientes
2427 1076 2486 1132 et
2494 1077 2887 1134 devastantes.
2902 1078 3101 1149 Super
3111 1093 3226 1151 quo
3235 1081 3560 1151 saepissime
3573 1083 3852 1154 deprecer»

2193 1161 2288 1219 tus
2293 1163 2527 1234 faciem
2541 1165 2765 1222 domini
2775 1167 3080 1239 meiregis,
3096 1169 3388 1240 quatinus
3399 1185 3644 1228 manum
3655 1171 3852 1230 michi

2181 1253 2522 1324 porrigeret
2548 1267 2672 1312 sua
2696 1253 2790 1288 ²⁶¹⁰
2815 1256 3378 1328 animadversionis,
3410 1259 3726 1333 nichilque
3754 1259 3851 1295 ’ω

2185 1343 2436 1413 profeci,
2470 1357 2619 1414 sape
2657 1344 2839 1401 etiam
2875 1359 3064 1416 supra
3093 1347 3396 1404 nominato
3421 1349 3854 1419 predecessors“

2189 1430 2381 1485 vestro
2406 1445 2514 1500 pro
2544 1432 2739 1488 eodem
2777 1434 3133 1504 supplicavi,
3165 1449 3270 1492 nec
3295 1438 3622 1508 quicquam
3653 1452 3856 1510 usque

2192 1517 2390 1574 adhuc
2409 1520 2828 1577 consolationis
2851 1521 3184 1591 impetravi.
3209 1523 3597 1588 Quamobrem
3615 1526 3853 1584 deside-

2189 1618 2258 1660 ro
2270 1606 2339 1662 ut
2347 1607 2442 1663 vel
2447 1621 2602 1665 nunc
2616 1622 2678 1665 so
2687 1609 2938 1666 tacietur
2948 1610 3132 1666 michi
3142 1611 3260 1666 Deo
3273 1611 3560 1670 amabilis
3572 1614 3853 1684 paterni-

2194 1696 2287 1748 tas
2313 1695 2532 1764 vestra,
2566 1696 2889 1767 mittatque
2913 1698 3113 1754 virum
3144 1699 3215 1756 de
3241 1699 3732 1760 honoratioribus
3756 1717 3852 1758 ee-

2191 1781 2340 1840 stris
2359 1797 2432 1840 ac
2440 1798 2566 1855 pru
2577 1785 2955 1856 lentioribus,
2969 1789 3078 1857 qui
3095 1787 3279 1845 michi
3299 1787 3367 1846 in
3386 1790 3853 1849 necessitatibus

431 1875 580 1946 silio,
615 1880 768 1948 quod
802 1881 1073 1940 subditus
1098 1884 1208 1938 sibi
1237 1885 1487 1956 populus
1517 1886 1609 1958 pie
1643 1886 1809 1958 petiit
1840 1887 2081 1958 implere

2197 1871 2338 1926 meis
2357 1872 2604 1930 consilio
2624 1874 2808 1930 simul
2825 1875 2882 1931 et
2899 1875 3139 1931 auxilio
3157 1875 3546 1948 svuj'ragetur,
3577 1879 3854 1936 auxitis-

431 1963 694 2022 dccrevit
739 1969 907 2041 (463).

502 2055 552 2108 4.
587 2053 680 2088 ³⁵⁸³⁸
711 2057 921 2113 Verum
949 2064 1010 2114 ut
1035 2060 1104 2116 ad
1129 2059 1220 2094 ²⁵⁹⁷
1243 2061 1502 2118 ordinem
1537 2062 1892 2120 narrationis
1922 2079 2084 2120 acce-

433 2139 584 2212 dam,
621 2141 765 2200 libet
799 2145 866 2201 ad
909 2149 1210 2218 superiora
1247 2164 1559 2222 parumper
1590 2151 1904 2222 respicere.
1936 2154 2084 2223 Pop-

435 2244 584 2300 pone
607 2231 663 2286 in
686 2233 977 2304 praelibati
1004 2237 1234 2293 itineris
1254 2239 1496 2307 negocio
1525 2244 1813 2309 occupato
1836 2241 2080 2297 necdum

433 2332 688 2389 reverso,
725 2323 1091 2381 Giselbertus
1122 2325 1214 2359 ³⁵⁸⁸
1246 2327 1479 2396 quidam
1509 2342 1706 2384 comes
1733 2328 1803 2384 de
1835 2329 2082 2385 castello

433 2406 832 2468 Lucelenburc
877 2411 972 2445 ³⁵⁸⁸
1021 2413 1316 2470 nominato
1373 2430 1502 2470 cum
1562 2414 1680 2471 tilio
1737 2431 1840 2472 suo
1900 2417 2085 2473 Cuon-

431 2493 574 2550 rado
595 2495 706 2565 ποθ,
735 2512 847 2553 non
871 2500 957 2555 sic
977 2499 1068 2534 ¹⁶⁰¹
1091 2501 1265 2558 aliter
1292 2517 1462 2573 quam
1492 2503 1642 2559 solet
1670 2503 1842 2575 lupus
1865 2504 1918 2559 in
1942 2519 2082 2562 oves

434 2581 689 2639 insanire
707 2585 754 2641 si
775 2587 1002 2656 quando
1025 2589 1338 2660 contigerit
1361 2596 1653 2662 pastorem
1679 2590 1902 2663 deesse,
1931 2593 2081 2650 alius

433 2669 564 2740 hoc,
595 2672 749 2730 alius
781 2673 921 2732 illud
947 2677 1057 2734 sibi
1081 2679 1409 2749 vendicare,
1443 2679 1540 2736 ille
1568 2695 1966 2752 quoscumque
1990 2697 2082 2738 ca-

435 2773 593 2829 pere,
619 2761 732 2818 iste
755 2761 846 2797 ²⁶⁰²
867 2771 1059 2822 autem
1085 2766 1430 2840 depraedari,
1459 2769 1660 2840 sicque
1683 2769 1832 2825 mala
1857 2771 2083 2827 inenar-

433 2847 636 2904 rabilia
669 2864 780 2907 non
813 2855 1124 2911 cessabant
1156 2861 1512 2929 perpetrare.
1559 2857 1723 2924 Quod
1765 2859 2082 2932 episcopus

433 2949 704 2995 reversus
751 2955 1071 3000 conversus
1121 2947 1466 3016 conperiens
1494 2978 1564 2986 —
1595 2962 1700 3003 nec
1751 2949 1901 3004 enim
1954 2949 2083 3020 ipso

432 3033 726 3093 praesente
767 3044 796 3084 a
829 3030 1052 3088 malicia
1103 3047 1202 3090 sua
1238 3048 1302 3090 se
1337 3039 1608 3106 poterant
1657 3037 1980 3108 continere,
2012 3069 2080 3077 —

432 3127 562 3168 cum
596 3130 706 3171 non
742 3119 1034 3188 potuisset
1057 3121 1178 3178 ullo
1203 3122 1372 3178 modo
1395 3123 1512 3178 illis
1535 3123 1833 3195 resistere,
1866 3125 2079 3197 quippe

2193 1959 2293 2014 tur
2323 1959 2451 2017 dico
2473 1961 2542 2016 de
2560 1962 2850 2032 adversis,
2881 1963 3230 2021 consilietur
3259 1965 3458 2022 autem
3487 1966 3557 2023 de
3584 1966 3685 2026 his
3711 1981 3860 2038 qua

2196 2047 2381 2104 latere
2399 2063 2513 2105 non
2535 2051 2702 2106 credo
2726 2065 2902 2109 am'es
2920 2054 3131 2110 vestra
3149 2055 3517 2112 sanctitatis.
3541 2057 3771 2113 Atvero
3789 2059 3856 2114 si

2193 2133 2478 2194 hactenus
2496 2152 2596 2195 vos
2621 2139 2942 2207 latuerunt,
2967 2143 3106 2212 jam
3130 2155 3290 2200 nunc
3319 2141 3548 2200 obsecro
3567 2143 3659 2201 uti
3683 2143 3855 2202 beni-

2185 2237 2370 2294 gnum
2404 2226 2625 2284 litteris
2652 2228 2802 2285 meis
2830 2230 3270 2287 accommodare
3291 2231 3496 2288 velitis
3524 2231 3842 2290 auditum.

2207 2313 2307 2370 Vir
2323 2315 2571 2386 quidam
2589 2316 2724 2372 vitre
2740 2317 3065 2374 sanctitate
3083 2317 3415 2377 laudabilis
3431 2319 3594 2391 apud
3603 2335 3711 2380 nos
3723 2321 3854 2380 die-

2195 2398 2296 2457 bus
2315 2400 2455 2459 istis
2477 2416 2552 2458 ea:
2571 2403 2686 2461 hac
2707 2405 2833 2462 luce
2847 2406 3159 2476 migravit,
3177 2420 3352 2478 quem
3365 2407 3422 2464 si
3435 2408 3633 2478 signis
3649 2409 3712 2466 et
3723 2411 3852 2467 vir-

2193 2488 2420 2546 tutibus
2447 2505 2581 2561 qua
2588 2505 2701 2564 per
2721 2507 2852 2549 eum
2877 2494 3166 2550 Dominus
3187 2494 3468 2564 cperat-ur
3497 2495 3738 2553 credere
3758 2497 3852 2554 de-

2193 2575 2450 2644 beamus,
2458 2579 2676 2650 procul
2691 2579 2868 2638 dubio
2885 2594 3016 2636 eum
3031 2595 3164 2638 cum
3177 2581 3405 2640 sanctis
3421 2583 3651 2641 eterna
3669 2583 3851 2642 beati-

2193 2665 2423 2724 tudinis
2445 2667 2662 2724 habere
2681 2671 3045 2726 consorcium
3063 2682 3182 2726 non
3203 2667 3564 2728 dubitamus.
3583 2673 3714 2730 Sed
3728 2688 3848 2731 non

2195 2755 2314 2812 tam
2351 2757 2530 2827 signa
2567 2771 2698 2829 qua:
2722 2757 3013 2829 fidelibus
3040 2759 3097 2814 et
3123 2756 3472 2829 inﬁdelibus
3505 2764 3846 2820 communia

2191 2845 2349 2914 sunt,
2366 2860 2548 2917 quam
2553 2846 2706 2918 ﬁdei
2723 2846 2938 2912 virtus,
2953 2859 3077 2916 qua
3097 2845 3301 2910 fideles
3312 2845 3387 2902 ab
3399 2845 3842 2918 inﬂdelibusse-

2192 2935 2489 3004 questrati
2508 2935 2668 3004 sunt,
2701 2949 2824 3006 qua
2845 2937 2972 3006 ipse
2993 2935 3132 2991 dum
3151 2933 3348 2990 adhuc
3367 2935 3434 2992 in
3451 2950 3697 3008 corpore
3719 2953 3840 2996 ma-

2191 3023 2696 3094 neretpturimum
2715 3023 2930 3095 riguit,
2952 3023 3022 3078 de
3037 3025 3167 3094 ejus
3185 3035 3291 3080 nos
3311 3023 3636 3083 sanctitate
3655 3027 3842 3084 certos

2189 3112 2392 3169 reddit
2411 3111 2520 3170 ³⁸1³.
2555 3115 2819 3173 Proinde
2837 3116 3156 3174 accersivit
3171 3131 3278 3176 nos
3299 3117 3423 3176 tam
3441 3116 3639 3175 clerus
3659 3131 3844 3188 quam

435 3201 646 3269 quibus
671 3206 858 3262 tocius
879 3207 1051 3278 hujus
1079 3210 1391 3280 provincia:
1413 3211 1787 3282 valentiores,
1813 3213 1910 3283 qui
1934 3213 2080 3270 hanc

2197 3201 2439 3272 populus
2458 3202 2716 3260 ecclesia
2732 3204 2966 3273 nostra,
2985 3203 3370 3276 obsecrantes,
3390 3204 3484 3262 uti
3499 3203 3730 3297 litteris
3741 3220 3845 3297 no-

434 3286 491 3343 in
522 3303 624 3346 eos
657 3291 1000 3352 debuissent
1028 3297 1295 3365 injuriam
1323 3297 1416 3332 ²⁶⁰⁸
1446 3299 1760 3370 vindicare,
1793 3301 2082 3358 confoede-

2197 3291 2337 3348 stris
2352 3291 2436 3348 ad
2449 3291 2604 3350 hanc
2619 3293 3002 3364 apostolicam
3019 3293 3230 3364 sedem,
3248 3295 3347 3352 cui
3357 3308 3458 3352 vos
3469 3294 3715 3352 auctore
3725 3295 3844 3352 Deo

435 3379 545 3434 rati
579 3387 743 3436 erant
778 3383 1015 3439 hominii
1045 3385 1136 3418 ²⁶⁰⁵
1167 3387 1600 3460 conjunctione,
1631 3403 1895 3462 per-sape
1927 3389 2078 3461 apud

434 3464 844 3536 imperatorem
869 3473 1235 3530 Cuonradum
1259 3474 1354 3510 ²⁶⁰⁶
1377 3491 1438 3532 se
1461 3477 1838 3548 proclamavit
1864 3478 1934 3534 de
1957 3477 2083 3534 illo-

435 3566 560 3608 rum
607 3557 935 3629 tyrannide,
987 3561 1276 3634 nichilque
1329 3565 1518 3635 potuit
1569 3565 1875 3637 proficere,
1929 3566 2082 3622 sicut

433 3641 766 3714 subscripta
795 3645 922 3715 ejus
951 3649 1198 3719 epistola
1239 3659 1674 3708 commemorat.
1717 3653 1878 3709 Unde
1909 3669 2076 3724 quam

420 3729 635 3798 'plures
665 3737 726 3788 et
756 3735 876 3804 regi
906 3741 965 3792 et
995 3752 1158 3808 papae
1189 3739 1460 3796 mittebat
1483 3739 1575 3773 ²⁶⁰⁶
1598 3741 1902 3814 epistolas,
1935 3757 2080 3812 quas

435 3817 570 3886 quia
619 3835 724 3890 pro
775 3823 1148 3882 multitudine
1195 3827 1498 3886 taadiosum
1531 3834 1659 3884 erat
1691 3828 1950 3898 singulas
1982 3846 2080 3902 po-

435 3919 574 3964 nere
603 3907 714 3981 ²⁶⁰⁷,
746 3923 948 3968 verum
979 3915 1158 3970 etiam
1192 3915 1323 3986 quia
1355 3931 1466 3971 non
1499 3931 1700 3972 omnes
1730 3917 1974 3988 contigit
2007 3917 2078 3972 ad

435 4007 620 4053 meam
653 3999 930 4056 noticiam
963 4001 1256 4074 devenire,
1291 4017 1459 4060 unam
1492 4003 1641 4061 banc
1674 4008 1897 4062 tantum
1927 4007 2081 4062 sum-

433 4084 548 4141 ciat
579 4101 684 4158 pro
713 4089 983 4146 omnibus
1010 4092 1296 4162 posuisse.

743 4191 1010 4236 arrsrou
1051 4193 1324 4236 rorroms
1363 4194 1618 4238 srrscorr
1652 4179 1764 4236 ²⁸⁰⁸.

432 4277 459 4291 ρ
503 4244 996 4306 Reverentissimo
1000 4249 1177 4322 patri
1183 4257 1428 4321 patrum
1437 4251 1651 4324 gratia
1663 4251 1959 4310 etnomine
1973 4255 2080 4311 Be-

431 4333 1057 4410 nedicto,Poppo,licet
1065 4339 1372 4410 indignus,
1380 4339 1589 4398 divina
1606 4341 1804 4398 tamen
1821 4341 2081 4413 largien-

437 4421 492 4478 te
511 4422 843 4496 clementia,
865 4427 1086 4484 sancta
1112 4426 1485 4486 Treverensis
1505 4429 1762 4488 ecclesia
1778 4429 2076 4501 minister,

432 4523 564 4567 cum
576 4511 760 4570 totius
771 4512 1022 4586 eiectus
1039 4515 1350 4572 dilectione
1365 4515 1625 4576 debitam
1637 4517 2074 4590 subjectionem.

429 4600 748 4672 Superiori
767 4616 922 4660 anno
943 4615 1076 4660 cum
1095 4604 1390 4662 annuente
1413 4606 1760 4664 venerandae
1782 4606 2078 4664 memoria

2188 3379 2542 3450 prasidetis,
2566 3394 2698 3437 cum
2713 3379 2886 3438 illius
2902 3380 3027 3438 viri
3041 3381 3239 3440 sancti
3253 3381 3387 3440 vita
3400 3381 3493 3416 ²⁶ι³
3509 3383 3571 3439 et
3582 3383 3845 3441 πέτασε»

2192 3468 2270 3526 lis
2289 3468 2495 3527 missis
2511 3469 2856 3540 peteremus,
2882 3470 3042 3540 quod
3061 3469 3354 3542 peticione
3379 3470 3632 3543 dignum
3655 3472 3844 3529 credi-

2189 3571 2340 3626 mus,
2366 3557 2676 3629 quatinus,
2709 3558 2766 3614 si
2792 3557 2884 3614 ita
2909 3556 3074 3615 vobis
3102 3559 3344 3616 cautum
3367 3559 3676 3630 videatur,
3707 3560 3842 3616 dato

2191 3645 2358 3703 nobis
2378 3645 2564 3704 vestri
2589 3645 2957 3716 apostolatus
2989 3646 3236 3718 decreto,
3268 3661 3480 3705 nomen
3506 3650 3643 3721 ejus
3667 3649 3842 3706 liceat

2189 3748 2320 3790 cum
2329 3735 2671 3792 sanctorum
2686 3734 3026 3793 nominibus
3041 3735 3335 3794 conscribi
3344 3735 3842 3810 eeteraquehono-

2186 3824 2279 3880 ris
2296 3823 2524 3880 sanctis
2545 3823 2732 3880 debiti
2755 3823 2874 3896 ipsi
2894 3823 3176 3894 impendi.
3201 3825 3423 3898 Itaque
3435 3825 3838 3898 quidsolacii,

2189 3911 2342 3983 quid
2354 3911 2594 3970 consilii
2608 3925 2782 3982 super
2794 3911 3155 3970 alienatione
3169 3913 3600 3985 angustiarum
3613 3916 3842 3973 nostra-

2187 4015 2322 4058 rum
2343 4001 2484 4058 hinc
2498 4000 2706 4058 etinde
2721 4001 3062 4058 obortarum
3079 4002 3409 4072 prudencia
3428 4002 3640 4061 vestra
3657 4004 3840 4061 michi

2188 4089 2516 4146 ineundum
2533 4088 2624 4122 "1‘
2647 4088 2992 4156 decreverit,
3013 4091 3145 4146 sine
3165 4089 3346 4160 longa
3375 4091 3665 4162 temporis
3693 4091 3842 4149 dila-

2191 4181 2348 4237 tione
2365 4179 2697 4248 dignemini
2713 4177 3046 4235 insinuare.
3064 4179 3266 4234 Honor
3280 4178 3472 4236 vester
3484 4178 3548 4235 et
3561 4182 3840 4237 meritum

2189 4252 2347 4322 apud
2365 4251 2554 4322 Deum
2569 4262 2806 4322 semper
2818 4249 2877 4322 et
2893 4249 3153 4306 homines
3173 4249 3490 4322 augeatur.

2261 4323 2371 4378 Sed
2401 4319 2538 4388 quid
2567 4318 2719 4392 papa,
2741 4319 2811 4375 ad
2841 4319 2962 4374 hac
2992 4318 3385 4392 responderit,
3421 4334 3722 4392 quamque
3755 4323 3843 4378 be-

2189 4393 2361 4461 nigne
2404 4388 2798 4457 Iittcr’as’eius
2829 4403 3014 4462 super
3049 4388 3340 4462 decursas
3363 4388 3688 4462 acceperit,
3721 4407 3836 4448 mea

2189 4459 2301 4520 no'n
2325 4468 2416 4518 est
2441 4474 2590 4533 opus
2617 4459 2973 4531 praefatione.
2997 4462 3190 4528 Ipsum
3208 4460 3364 4533 audi,
3388 4459 3531 4530 quid
3551 4459 3734 4520 dicat.

2527 4529 2787 4587 sermons
2817 4546 2996 4588 DOMNI
3025 4546 3182 4588 rare:
3204 4529 3298 4564 ³⁸³⁵
3323 4529 3499 4601 (464).

2258 4602 2618 4662 Benedictus
2637 4604 2958 4674 episcopus,
2982 4615 3188 4660 servus
3203 4613 3510 4661 servorum
3531 4602 3670 4674 Dei,
3696 4602 3840 4676 Pop-

1776 4721 2012 4776 VARIE
2071 4719 2474 4777 LECTIONES.

503 4811 595 4846 ²⁸⁰¹
627 4829 656 4870 a
691 4815 784 4869 35.

430 4887 666 4958 91⁸01).
694 4955 707 4958 _
745 4884 840 4918 ’5”
866 4885 1026 4943 deest
1055 4884 1151 4942 BI'.

883 4813 976 4892 f5”
1013 4817 1360 4892 aLejusuBI.
1393 4818 1525 4892 ejus
1545 4818 1876 4892 ante_auct._
1884 4817 2032 4892 post
2052 4816 2196 4892 add.
2233 4817 2326 4892 GI.
2361 4815 2428 4892 et_
2442 4813 2658 4892 itaAQg.
2684 4825 2825 4892 sqq:
2852 4810 3024 4892 __"’f_
3048 4815 3109 4868 ct
3133 4811 3594 4892 hunceti‘amlc.
3631 4812 3839 4892 (deleto

1134 4833 1230 4887 jus
1265 4833 1360 4872 in.
1393 4833 1519 4886 ejus
1545 4833 1686 4874 ante
1713 4833 1866 4874 anet.
1896 4833 2032 4888 pOSl
2057 4833 2196 4872 aaa.
2233 4833 2326 4872 ω.
2361 4833 2423 4872 et
2442 4833 2536 4872 ita
2564 4833 2658 4870 ho.
2692 4833 2825 4884 sqq.
2922 4833 3011 4844 --"
3048 4833 3109 4868 et
3138 4833 3498 4892 nuncetiam
3531 4833 3594 4868 ι..
3631 4833 3832 4879 (actem

1141 4931 1151 4940 .
1237 4887 1328 4920 ³⁸⁸⁸
1356 4902 1402 4944 c.
1442 4890 1546 4942 LII.
1583 4887 1831 4945 Leibn.:
1857 4889 1922 4956 II,
1958 4901 2012 4944 c.
2052 4887 2217 4942 XXV.
2263 4887 2364 4942 CI.
2400 4889 2459 4956 6.
2541 4883 2633 4918 "'7
2660 4883 2831 4956 deest
2851 4883 2952 4938 Β4.
2993 4888 3051 4938 5.
3133 4880 3605 4956 "°‘_gi_5ﬂ_bertus
3632 4885 3737 4942 BL.
3776 4890 3832 4943 5.

434 4953 526 4986 ’⁵⁸⁸
557 4951 975 5013 lucelenburch
1011 4959 1106 5012 BQ.
1143 4957 1519 5015 luzelenburc
1553 4960 1652 5014 Β4.
1690 4965 1746 5014 5.
1788 4951 2202 5015 luzelenburcb
2237 4960 2301 5013 C.
2384 4955 2476 4990 ²⁶⁰⁰
2501 4954 2763 5012 cunrado
2787 4954 2860 5025 7C.
2895 4967 3146 5025 semper.
3227 4951 3316 4988 ²⁶⁰³
3343 4953 3502 5025 βίουῐ
3538 4955 3646 5010 BQ.
3687 4957 3834 5014 sicut

433 5027 546 5133 ir
580 5028 1160 5133 9);.‘3‘51103-ssi;

437 5098 537 5178 GI.
579 5099 637 5153 et
665 5099 956 5182 ita‘sqqu
1005 5099 1050 5132 ²⁶

435 5169 608 5224 missa
639 5177 774 5226 sunt
817 5169 1026 5242 (infra
1053 5186 1104 5227 c.
1146 5173 1209 5240 8)
1251 5171 1465 5228 desunt
1495 5173 1587 5240 B3,

1240 5029 1484 5108 "°’_ipse
1517 5029 1782 5108 BI.__}_‘°’
1813 5029 1974 5108 deest
2003 5027 2514 5108 Bi.ﬁ_’°°:r‘bomini
2547 5028 2657 5108 BQ.
2677 5030 2748 5108 _3:
2785 5023 3129 5108 hominesﬁ
3151 5025 3219 5108 4.
3244 5029 3302 5080 5.
3341 5023 3588 5080 hominii
3617 5039 3651 5082 e

1127 5094 1446 5157 cunradu'm
1481 5103 1546 5156 C.
1628 5099 1720 5134 ²⁶⁰⁶
1751 5101 2062 5156 mittebant
2097 5100 2196 5154 ΒΞ.
2239 5099 2340 5154 06.
2379 5112 2529 5156 corr.
2565 5097 2833 5152 mittebat
2867 5095 2934 5150 CI
3038 5094 3129 5128 ²⁶⁰⁷
3161 5107 3300 5151 nere
3328 5109 3533 5153 verum
3566 5127 3630 5137 —
3666 5098 3834 5155 inter-

1614 5171 1800 5244 foliis
1841 5171 2032 5244 tribus
2071 5171 2294 5244 excisis
2305 5211 2316 5244 τ

2417 5167 2511 5202 uos
2559 5168 2722 5226 ἀδεεῖ
2743 5165 2932 5238 mem
2956 5167 3064 5238 732.
3104 5169 3162 5220 4.
3201 5170 3258 5222 tl.
3299 5166 3403 5238 C3.
3442 5168 3742 5238 Popponis
3767 5170 3830 5225 ad

437 5251 640 5312 papam
675 5243 712 5298 C
745 5247 794 5298 1.
831 5245 882 5312 6,
904 5235 1022 5298 'ubi
1053 5235 1269 5312 incipit
1295 5256 1343 5300 c.
1375 5235 1584 5298 XXVII
1614 5235 1730 5276 ⁷²⁶⁰⁹
1761 5241 2043 5312 nequucia
2080 5242 2174 5312 ΒΩ.
2253 5239 2535 5312 m{deest
2564 5241 2667 5312 Bt.
2736 5235 3152 5312 "i‘inicbilque
3345 5235 3654 5312 picbil‘C}.
3679 5241 3833 5312 etita

433 5308 534 5382 (A33.
573 5323 710 5382 sqq.
794 5311 886 5344 ²⁶¹²
920 5308 1306 5368 reddidit—Bb.
1348 5313 1603 5369 reddidit
1643 5315 1741 5370 Βδ.

1826 5311 1916 5346 ²⁶¹³
1948 5311 2108 5368 deest
2137 5312 2236 5366 BI.

2319 5309 2411 5344 ’⁸³⁸
2441 5311 2495 5366 in
2518 5309 2766 5366 eundem
2790 5309 2892 5364 B2.
2925 5312 2982 5363 5.
3015 5305 3116 5365 (‘6.
3199 5305 3293 5340 ¹⁶¹⁸
3321 5308 3481 5366 deest
3505 5309 3700 5368 rubra
3728 5311 3820 5365 Βῆ.

435 5380 482 5434 4.
520 5383 568 5434 5.
609 5377 702 5454 C3.
738 5383 1090 5454 Benedictus
1122 5399 1264 5454 papa
1298 5384 1554 5454 Popponi
1587 5386 1678 5439 Ci.
1713 5387 1764 5438 6.
1799 5385 1874 5440 In
1907 5385 2001 5438 (:3.
2033 5385 2101 5440 in
2133 5383 2409 5454 margine
2446 5381 2580 5440 alia
2617 5393 2802 5438 manu
2833 5378 3120 5450 scriptum
3160 5377 3382 5450 legitur
3409 5399 3431 5436 :
3462 5382 3826 5438 cauonizacio

435 5451 626 5506 sancti
673 5453 994 5524 Symeonis.
1028 5451 1146 5511 -ἁ
1185 5451 1317 5510 LIII.
1352 5451 1470 5512 inc.
1505 5453 1700 5511 Leibn.
1733 5468 1780 5512 e.
1816 5454 2026 5510 XXVII.
2065 5455 2158 5508 Cl.
2190 5456 2250 5508 6.

2031 5567 2236 5624 NOTAE

503 5675 650 5810 £463)
685 5681 746 5736 V.
781 5677 1091 5759 epistolam
1123 5697 1172 5738 c.
1206 5684 1255 5738 4.
1567 5749 1578 5760 .
1833 5751 1844 5762 ι
2027 5751 2040 5763 θ

529 5747 652 5810 464)
683 5751 766 5804 Ex
815 5749 1021 5804 codice
1069 5751 1317 5810 quodam
1367 5749 1633 5806 ecclesue
1683 5751 1736 5805 S.
1791 5752 2038 5808 Simeoni

529 5747 652 5816 464)
683 5751 766 5804 Ex
815 5747 1021 5804 eodice
1069 5751 1317 5820 quodam
1367 5749 1633 5806 ecclesia
1683 5751 1736 5805 S.
1791 5751 2076 5808 Simeonis

2184 5680 2479 5752 editaest
2529 5681 2683 5752 Acta
2721 5679 2816 5734 SS.
2853 5679 2980 5736 Jun.
3014 5680 3056 5748 I,
3091 5694 3146 5751 p.
3197 5679 3286 5748 96,
3337 5680 3513 5752 cujus
3565 5681 3832 5740 lectiones

2187 5753 2321 5808 hinc
2353 5751 2486 5808 inde
2515 5749 2706 5808 attuli.
