  <div class='ocr_page' id='page_1' title='image "/cluster/home/n/w/nwhite01/storage/ocr_20150623/154/uva.x000829797/598.png"; bbox 0 0 3990 6322; ppageno 0'>
   <div class='ocr_carea' id='block_1_1' title="bbox 174 299 358 366">
    <p class='ocr_par' dir='ltr' id='par_1_1' title="bbox 174 299 358 366">
     <span class='ocr_line' id='line_1_1' title="bbox 174 299 358 366; baseline 0.005 -1"><span class='ocrx_word' id='word_1_1' title='bbox 174 299 358 366; x_wconf 77' lang='grc'><strong>1189</strong></span> 
     </span>
    </p>
   </div>
   <div class='ocr_carea' id='block_1_2' title="bbox 1128 296 2731 365">
    <p class='ocr_par' dir='ltr' id='par_1_2' title="bbox 1128 296 2731 365">
     <span class='ocr_line' id='line_1_2' title="bbox 1128 296 2731 365; baseline -0.001 0"><span class='ocrx_word' id='word_1_2' title='bbox 1128 296 1413 365; x_wconf 78' lang='lat' dir='ltr'><strong>GESTA&#39;</strong></span> <span class='ocrx_word' id='word_1_3' title='bbox 1445 296 2033 364; x_wconf 82' lang='lat' dir='ltr'><strong>TREVERORUM.</strong></span> <span class='ocrx_word' id='word_1_4' title='bbox 2091 337 2137 346; x_wconf 96' lang='lat'><strong>—</strong></span> <span class='ocrx_word' id='word_1_5' title='bbox 2174 296 2731 363; x_wconf 79' lang='lat' dir='ltr'><strong>CONTINUA’I‘IO</strong></span> 
     </span>
    </p>
   </div>
   <div class='ocr_carea' id='block_1_3' title="bbox 3466 296 3623 361">
    <p class='ocr_par' dir='ltr' id='par_1_3' title="bbox 3466 296 3623 361">
     <span class='ocr_line' id='line_1_3' title="bbox 3466 296 3623 361; baseline -0.013 0"><span class='ocrx_word' id='word_1_6' title='bbox 3466 296 3623 361; x_wconf 86' lang='grc'><strong>1190</strong></span> 
     </span>
    </p>
   </div>
   <div class='ocr_carea' id='block_1_4' title="bbox 170 414 3619 501">
    <p class='ocr_par' dir='ltr' id='par_1_4' title="bbox 170 414 3619 501">
     <span class='ocr_line' id='line_1_4' title="bbox 170 414 3619 501; baseline -0.001 -15"><span class='ocrx_word' id='word_1_7' title='bbox 170 426 618 486; x_wconf 69' lang='lat' dir='ltr'><strong>multitudinis</strong></span> <span class='ocrx_word' id='word_1_8' title='bbox 621 424 782 501; x_wconf 84' lang='lat' dir='ltr'><strong>fusa</strong></span> <span class='ocrx_word' id='word_1_9' title='bbox 797 439 968 499; x_wconf 79' lang='lat' dir='ltr'><strong>prece</strong></span> <span class='ocrx_word' id='word_1_10' title='bbox 982 426 1429 485; x_wconf 73' lang='lat' dir='ltr'><strong>commendetur.</strong></span> <span class='ocrx_word' id='word_1_11' title='bbox 1454 427 1679 484; x_wconf 76' lang='lat' dir='ltr'><strong>Interea</strong></span> <span class='ocrx_word' id='word_1_12' title='bbox 1700 426 1861 482; x_wconf 80' lang='lat' dir='ltr'><strong>cubi-</strong></span> <span class='ocrx_word' id='word_1_13' title='bbox 1892 414 1947 475; x_wconf 82' lang='grc' dir='ltr'><strong>Α</strong></span> <span class='ocrx_word' id='word_1_14' title='bbox 1976 430 2102 481; x_wconf 91' lang='lat' dir='ltr'><strong>arte</strong></span> <span class='ocrx_word' id='word_1_15' title='bbox 2132 424 2454 481; x_wconf 76' lang='lat' dir='ltr'><strong>substratis</strong></span> <span class='ocrx_word' id='word_1_16' title='bbox 2495 424 2660 480; x_wconf 85' lang='lat' dir='ltr'><strong>novis</strong></span> <span class='ocrx_word' id='word_1_17' title='bbox 2706 424 2855 496; x_wconf 89' lang='lat' dir='ltr'><strong>aliis,</strong></span> <span class='ocrx_word' id='word_1_18' title='bbox 2904 416 3263 497; x_wconf 85' lang='lat' dir='ltr'><strong>resolidavit,</strong></span> <span class='ocrx_word' id='word_1_19' title='bbox 3300 422 3376 483; x_wconf 88' lang='lat' dir='ltr'><strong>ita</strong></span> <span class='ocrx_word' id='word_1_20' title='bbox 3412 430 3477 482; x_wconf 92' lang='lat' dir='ltr'><strong>ut</strong></span> <span class='ocrx_word' id='word_1_21' title='bbox 3508 440 3619 482; x_wconf 91' lang='lat' dir='ltr'><strong>non</strong></span> 
     </span>
    </p>
   </div>
   <div class='ocr_carea' id='block_1_5' title="bbox 174 517 1860 589">
    <p class='ocr_par' dir='ltr' id='par_1_5' title="bbox 174 517 1860 589">
     <span class='ocr_line' id='line_1_5' title="bbox 174 517 1860 589; baseline -0.002 -14"><span class='ocrx_word' id='word_1_22' title='bbox 174 519 467 576; x_wconf 87' lang='lat' dir='ltr'><strong>cularius</strong></span> <span class='ocrx_word' id='word_1_23' title='bbox 484 517 840 589; x_wconf 84' lang='lat' dir='ltr'><strong>postulatum</strong></span> <span class='ocrx_word' id='word_1_24' title='bbox 858 517 1072 573; x_wconf 76' lang='lat' dir='ltr'><strong>obtulit</strong></span> <span class='ocrx_word' id='word_1_25' title='bbox 1088 531 1347 587; x_wconf 89' lang='lat' dir='ltr'><strong>censum,</strong></span> <span class='ocrx_word' id='word_1_26' title='bbox 1367 530 1535 587; x_wconf 91' lang='lat' dir='ltr'><strong>quem</strong></span> <span class='ocrx_word' id='word_1_27' title='bbox 1555 520 1860 587; x_wconf 90' lang='lat' dir='ltr'><strong>acceptum</strong></span> 
     </span>
    </p>
   </div>
   <div class='ocr_carea' id='block_1_6' title="bbox 176 606 1865 677">
    <p class='ocr_par' dir='ltr' id='par_1_6' title="bbox 176 606 1865 677">
     <span class='ocr_line' id='line_1_6' title="bbox 176 606 1865 677; baseline -0.002 -14"><span class='ocrx_word' id='word_1_28' title='bbox 176 613 257 663; x_wconf 82' lang='lat' dir='ltr'><strong>ut</strong></span> <span class='ocrx_word' id='word_1_29' title='bbox 282 606 382 639; x_wconf 78' lang='grc'><strong>²⁶⁷¹</strong></span> <span class='ocrx_word' id='word_1_30' title='bbox 405 606 586 677; x_wconf 88' lang='lat' dir='ltr'><strong>coepit</strong></span> <span class='ocrx_word' id='word_1_31' title='bbox 613 606 665 661; x_wconf 90' lang='lat' dir='ltr'><strong>in</strong></span> <span class='ocrx_word' id='word_1_32' title='bbox 692 621 977 677; x_wconf 80' lang='lat' dir='ltr'><strong>pauperes</strong></span> <span class='ocrx_word' id='word_1_33' title='bbox 1007 606 1357 676; x_wconf 78' lang='lat' dir='ltr'><strong>expendere,</strong></span> <span class='ocrx_word' id='word_1_34' title='bbox 1396 619 1503 661; x_wconf 89' lang='lat' dir='ltr'><strong>una</strong></span> <span class='ocrx_word' id='word_1_35' title='bbox 1529 618 1729 660; x_wconf 90' lang='lat' dir='ltr'><strong>omnes</strong></span> <span class='ocrx_word' id='word_1_36' title='bbox 1752 617 1865 660; x_wconf 74' lang='lat' dir='ltr'><strong>em-</strong></span> 
     </span>
    </p>
   </div>
   <div class='ocr_carea' id='block_1_7' title="bbox 174 692 1861 765">
    <p class='ocr_par' dir='ltr' id='par_1_7' title="bbox 174 692 1861 765">
     <span class='ocr_line' id='line_1_7' title="bbox 174 692 1861 765; baseline -0.002 -14"><span class='ocrx_word' id='word_1_37' title='bbox 174 699 419 765; x_wconf 85' lang='lat' dir='ltr'><strong>perunt</strong></span> <span class='ocrx_word' id='word_1_38' title='bbox 448 708 594 749; x_wconf 87' lang='lat' dir='ltr'><strong>voce</strong></span> <span class='ocrx_word' id='word_1_39' title='bbox 626 693 901 762; x_wconf 86' lang='lat' dir='ltr'><strong>clamare,</strong></span> <span class='ocrx_word' id='word_1_40' title='bbox 948 692 1196 748; x_wconf 76' lang='lat' dir='ltr'><strong>numinis</strong></span> <span class='ocrx_word' id='word_1_41' title='bbox 1232 692 1339 748; x_wconf 88' lang='lat' dir='ltr'><strong>sibi</strong></span> <span class='ocrx_word' id='word_1_42' title='bbox 1374 707 1522 763; x_wconf 83' lang='lat' dir='ltr'><strong>Opus</strong></span> <span class='ocrx_word' id='word_1_43' title='bbox 1553 707 1662 747; x_wconf 92' lang='lat' dir='ltr'><strong>non</strong></span> <span class='ocrx_word' id='word_1_44' title='bbox 1696 705 1861 759; x_wconf 88' lang='lat' dir='ltr'><strong>esse;</strong></span> 
     </span>
    </p>
   </div>
   <div class='ocr_carea' id='block_1_8' title="bbox 176 778 1862 850">
    <p class='ocr_par' dir='ltr' id='par_1_8' title="bbox 176 778 1862 850">
     <span class='ocr_line' id='line_1_8' title="bbox 176 778 1862 850; baseline -0.001 -13"><span class='ocrx_word' id='word_1_45' title='bbox 176 782 265 837; x_wconf 89' lang='lat' dir='ltr'><strong>de</strong></span> <span class='ocrx_word' id='word_1_46' title='bbox 309 795 551 836; x_wconf 89' lang='lat' dir='ltr'><strong>nummo</strong></span> <span class='ocrx_word' id='word_1_47' title='bbox 584 780 735 836; x_wconf 92' lang='lat' dir='ltr'><strong>enim</strong></span> <span class='ocrx_word' id='word_1_48' title='bbox 770 785 869 835; x_wconf 90' lang='lat' dir='ltr'><strong>aut</strong></span> <span class='ocrx_word' id='word_1_49' title='bbox 903 780 1080 835; x_wconf 88' lang='lat' dir='ltr'><strong>nichil</strong></span> <span class='ocrx_word' id='word_1_50' title='bbox 1115 786 1215 836; x_wconf 91' lang='lat' dir='ltr'><strong>aut</strong></span> <span class='ocrx_word' id='word_1_51' title='bbox 1246 794 1445 850; x_wconf 91' lang='lat' dir='ltr'><strong>parum</strong></span> <span class='ocrx_word' id='word_1_52' title='bbox 1476 779 1723 850; x_wconf 89' lang='lat' dir='ltr'><strong>quisque</strong></span> <span class='ocrx_word' id='word_1_53' title='bbox 1754 778 1862 835; x_wconf 87' lang='lat' dir='ltr'><strong>sibi</strong></span> 
     </span>
    </p>
   </div>
   <div class='ocr_carea' id='block_1_9' title="bbox 179 867 1861 939">
    <p class='ocr_par' dir='ltr' id='par_1_9' title="bbox 179 867 1861 939">
     <span class='ocr_line' id='line_1_9' title="bbox 179 867 1861 939; baseline -0.002 -14"><span class='ocrx_word' id='word_1_54' title='bbox 179 869 458 926; x_wconf 84' lang='lat' dir='ltr'><strong>valentis</strong></span> <span class='ocrx_word' id='word_1_55' title='bbox 502 882 842 939; x_wconf 87' lang='lat' dir='ltr'><strong>comparare</strong></span> <span class='ocrx_word' id='word_1_56' title='bbox 877 882 1076 939; x_wconf 85' lang='lat' dir='ltr'><strong>posse,</strong></span> <span class='ocrx_word' id='word_1_57' title='bbox 1113 868 1267 937; x_wconf 88' lang='lat' dir='ltr'><strong>quia,</strong></span> <span class='ocrx_word' id='word_1_58' title='bbox 1304 868 1451 923; x_wconf 89' lang='lat' dir='ltr'><strong>sicut</strong></span> <span class='ocrx_word' id='word_1_59' title='bbox 1485 867 1608 937; x_wconf 91' lang='lat' dir='ltr'><strong>ipse</strong></span> <span class='ocrx_word' id='word_1_60' title='bbox 1639 870 1861 938; x_wconf 80' lang='lat' dir='ltr'><strong>nosset,</strong></span> 
     </span>
    </p>
   </div>
   <div class='ocr_carea' id='block_1_10' title="bbox 183 953 1868 1026">
    <p class='ocr_par' dir='ltr' id='par_1_10' title="bbox 183 953 1868 1026">
     <span class='ocr_line' id='line_1_10' title="bbox 183 953 1868 1026; baseline -0.002 -14"><span class='ocrx_word' id='word_1_61' title='bbox 183 958 438 1013; x_wconf 87' lang='lat' dir='ltr'><strong>modius</strong></span> <span class='ocrx_word' id='word_1_62' title='bbox 462 971 611 1013; x_wconf 91' lang='lat' dir='ltr'><strong>unus</strong></span> <span class='ocrx_word' id='word_1_63' title='bbox 637 955 910 1011; x_wconf 76' lang='lat' dir='ltr'><strong>frumenti</strong></span> <span class='ocrx_word' id='word_1_64' title='bbox 936 954 1374 1026; x_wconf 90' lang='lat' dir='ltr'><strong>appenderetur</strong></span> <span class='ocrx_word' id='word_1_65' title='bbox 1396 954 1601 1011; x_wconf 85' lang='lat' dir='ltr'><strong>solidis</strong></span> <span class='ocrx_word' id='word_1_66' title='bbox 1619 958 1705 1010; x_wconf 76' lang='lat'><strong>25.</strong></span> <span class='ocrx_word' id='word_1_67' title='bbox 1733 953 1868 1019; x_wconf 86' lang='lat' dir='ltr'><strong>Qui-</strong></span> 
     </span>
    </p>
   </div>
   <div class='ocr_carea' id='block_1_11' title="bbox 185 1042 1867 1116">
    <p class='ocr_par' dir='ltr' id='par_1_11' title="bbox 185 1042 1867 1116">
     <span class='ocr_line' id='line_1_11' title="bbox 185 1042 1867 1116; baseline -0.001 -15"><span class='ocrx_word' id='word_1_68' title='bbox 185 1047 314 1102; x_wconf 88' lang='lat' dir='ltr'><strong>bus</strong></span> <span class='ocrx_word' id='word_1_69' title='bbox 349 1045 450 1100; x_wconf 92' lang='lat' dir='ltr'><strong>ille</strong></span> <span class='ocrx_word' id='word_1_70' title='bbox 483 1044 805 1116; x_wconf 75' lang='lat' dir='ltr'><strong>respondit,</strong></span> <span class='ocrx_word' id='word_1_71' title='bbox 842 1043 999 1100; x_wconf 86' lang='lat' dir='ltr'><strong>aliud</strong></span> <span class='ocrx_word' id='word_1_72' title='bbox 1037 1043 1172 1113; x_wconf 90' lang='lat' dir='ltr'><strong>quid</strong></span> <span class='ocrx_word' id='word_1_73' title='bbox 1206 1043 1315 1098; x_wconf 89' lang='lat' dir='ltr'><strong>sibi</strong></span> <span class='ocrx_word' id='word_1_74' title='bbox 1352 1058 1467 1114; x_wconf 73' lang='lat' dir='ltr'><strong>prze</strong></span> <span class='ocrx_word' id='word_1_75' title='bbox 1488 1042 1581 1075; x_wconf 76' lang='grc'><strong>’⁸⁷³</strong></span> <span class='ocrx_word' id='word_1_76' title='bbox 1603 1042 1867 1099; x_wconf 89' lang='lat' dir='ltr'><strong>manibus</strong></span> 
     </span>
    </p>
   </div>
   <div class='ocr_carea' id='block_1_12' title="bbox 186 1129 1868 1203">
    <p class='ocr_par' dir='ltr' id='par_1_12' title="bbox 186 1129 1868 1203">
     <span class='ocr_line' id='line_1_12' title="bbox 186 1129 1868 1203; baseline -0.001 -16"><span class='ocrx_word' id='word_1_77' title='bbox 186 1146 318 1189; x_wconf 87' lang='lat' dir='ltr'><strong>non</strong></span> <span class='ocrx_word' id='word_1_78' title='bbox 357 1146 515 1201; x_wconf 89' lang='lat' dir='ltr'><strong>esse,</strong></span> <span class='ocrx_word' id='word_1_79' title='bbox 551 1146 666 1202; x_wconf 91' lang='lat' dir='ltr'><strong>quo</strong></span> <span class='ocrx_word' id='word_1_80' title='bbox 694 1131 988 1203; x_wconf 90' lang='lat' dir='ltr'><strong>potuisset</strong></span> <span class='ocrx_word' id='word_1_81' title='bbox 1031 1131 1263 1186; x_wconf 89' lang='lat' dir='ltr'><strong>illorum</strong></span> <span class='ocrx_word' id='word_1_82' title='bbox 1294 1129 1386 1163; x_wconf 76' lang='grc'><strong>’⁸⁷³</strong></span> <span class='ocrx_word' id='word_1_83' title='bbox 1417 1130 1868 1186; x_wconf 83' lang='lat' dir='ltr'><strong>necessitatibus</strong></span> 
     </span>
    </p>
   </div>
   <div class='ocr_carea' id='block_1_13' title="bbox 187 1218 1871 1289">
    <p class='ocr_par' dir='ltr' id='par_1_13' title="bbox 187 1218 1871 1289">
     <span class='ocr_line' id='line_1_13' title="bbox 187 1218 1871 1289; baseline -0.002 -11"><span class='ocrx_word' id='word_1_84' title='bbox 187 1220 666 1278; x_wconf 84' lang='lat' dir='ltr'><strong>communicare.</strong></span> <span class='ocrx_word' id='word_1_85' title='bbox 726 1220 849 1286; x_wconf 87' lang='lat' dir='ltr'><strong>Quo</strong></span> <span class='ocrx_word' id='word_1_86' title='bbox 895 1226 1095 1275; x_wconf 91' lang='lat' dir='ltr'><strong>contra</strong></span> <span class='ocrx_word' id='word_1_87' title='bbox 1147 1219 1229 1273; x_wconf 91' lang='lat' dir='ltr'><strong>illi</strong></span> <span class='ocrx_word' id='word_1_88' title='bbox 1267 1239 1277 1272; x_wconf 95' lang='lat'>:</span> <span class='ocrx_word' id='word_1_89' title='bbox 1309 1221 1404 1287; x_wconf 84' lang='lat' dir='ltr'><strong>Si,</strong></span> <span class='ocrx_word' id='word_1_90' title='bbox 1454 1219 1739 1289; x_wconf 88' lang='lat' dir='ltr'><strong>inquiunt,</strong></span> <span class='ocrx_word' id='word_1_91' title='bbox 1789 1218 1871 1275; x_wconf 85' lang='lat' dir='ltr'><strong>ad</strong></span> 
     </span>
    </p>
   </div>
   <div class='ocr_carea' id='block_1_14' title="bbox 182 1305 1870 1380">
    <p class='ocr_par' dir='ltr' id='par_1_14' title="bbox 182 1305 1870 1380">
     <span class='ocr_line' id='line_1_14' title="bbox 182 1305 1870 1380; baseline -0.002 -14"><span class='ocrx_word' id='word_1_92' title='bbox 182 1323 469 1380; x_wconf 67' lang='lat' dir='ltr'><strong>praesens</strong></span> <span class='ocrx_word' id='word_1_93' title='bbox 508 1308 683 1365; x_wconf 78' lang='lat' dir='ltr'><strong>aliud</strong></span> <span class='ocrx_word' id='word_1_94' title='bbox 720 1308 875 1379; x_wconf 76' lang='lat' dir='ltr'><strong>quid</strong></span> <span class='ocrx_word' id='word_1_95' title='bbox 912 1307 1058 1363; x_wconf 82' lang='lat' dir='ltr'><strong>dare</strong></span> <span class='ocrx_word' id='word_1_96' title='bbox 1092 1307 1259 1363; x_wconf 77' lang='lat' dir='ltr'><strong>nobis</strong></span> <span class='ocrx_word' id='word_1_97' title='bbox 1297 1322 1412 1362; x_wconf 73' lang='lat' dir='ltr'><strong>non</strong></span> <span class='ocrx_word' id='word_1_98' title='bbox 1442 1306 1621 1364; x_wconf 74' lang='lat' dir='ltr'><strong>habes</strong></span> <span class='ocrx_word' id='word_1_99' title='bbox 1646 1306 1756 1375; x_wconf 75' lang='grc'><strong>³⁸⁷⁸,</strong></span> <span class='ocrx_word' id='word_1_100' title='bbox 1792 1305 1870 1362; x_wconf 88' lang='lat' dir='ltr'><strong>da</strong></span> 
     </span>
    </p>
   </div>
   <div class='ocr_carea' id='block_1_15' title="bbox 192 1394 1871 1468">
    <p class='ocr_par' dir='ltr' id='par_1_15' title="bbox 192 1394 1871 1468">
     <span class='ocr_line' id='line_1_15' title="bbox 192 1394 1871 1468; baseline -0.003 -14"><span class='ocrx_word' id='word_1_101' title='bbox 192 1398 431 1454; x_wconf 83' lang='lat' dir='ltr'><strong>saltem</strong></span> <span class='ocrx_word' id='word_1_102' title='bbox 461 1397 530 1454; x_wconf 88' lang='lat' dir='ltr'><strong>de</strong></span> <span class='ocrx_word' id='word_1_103' title='bbox 550 1395 880 1468; x_wconf 73' lang='lat' dir='ltr'><strong>pinguibus</strong></span> <span class='ocrx_word' id='word_1_104' title='bbox 907 1395 1077 1467; x_wconf 75' lang='lat' dir='ltr'><strong>equis</strong></span> <span class='ocrx_word' id='word_1_105' title='bbox 1110 1396 1253 1466; x_wconf 88' lang='lat' dir='ltr'><strong>tuis,</strong></span> <span class='ocrx_word' id='word_1_106' title='bbox 1282 1396 1351 1451; x_wconf 86' lang='lat' dir='ltr'><strong>ut</strong></span> <span class='ocrx_word' id='word_1_107' title='bbox 1370 1395 1461 1451; x_wconf 72' lang='lat' dir='ltr'><strong>cel</strong></span> <span class='ocrx_word' id='word_1_108' title='bbox 1479 1399 1560 1451; x_wconf 83' lang='lat' dir='ltr'><strong>ad</strong></span> <span class='ocrx_word' id='word_1_109' title='bbox 1578 1394 1871 1451; x_wconf 79' lang='lat' dir='ltr'><strong>modicum</strong></span> 
     </span>
    </p>
   </div>
   <div class='ocr_carea' id='block_1_16' title="bbox 191 1482 1866 1565">
    <p class='ocr_par' dir='ltr' id='par_1_16' title="bbox 191 1482 1866 1565">
     <span class='ocr_line' id='line_1_16' title="bbox 191 1482 1866 1565; baseline -0.003 -23"><span class='ocrx_word' id='word_1_110' title='bbox 191 1486 615 1557; x_wconf 76' lang='lat' dir='ltr'><strong>compescatur</strong></span> <span class='ocrx_word' id='word_1_111' title='bbox 651 1484 879 1541; x_wconf 78' lang='lat' dir='ltr'><strong>esuries</strong></span> <span class='ocrx_word' id='word_1_112' title='bbox 920 1485 1128 1541; x_wconf 74' lang='lat' dir='ltr'><strong>nostra</strong></span> <span class='ocrx_word' id='word_1_113' title='bbox 1159 1483 1357 1540; x_wconf 86' lang='lat' dir='ltr'><strong>edulio</strong></span> <span class='ocrx_word' id='word_1_114' title='bbox 1388 1484 1609 1541; x_wconf 78' lang='lat' dir='ltr'><strong>carnis.</strong></span> <span class='ocrx_word' id='word_1_115' title='bbox 1648 1486 1717 1539; x_wconf 85' lang='lat' dir='ltr'><strong>At</strong></span> <span class='ocrx_word' id='word_1_116' title='bbox 1750 1482 1866 1565; x_wconf 58' lang='lat' dir='ltr'><strong>ille,</strong></span> 
     </span>
    </p>
   </div>
   <div class='ocr_carea' id='block_1_17' title="bbox 194 1572 1869 1644">
    <p class='ocr_par' dir='ltr' id='par_1_17' title="bbox 194 1572 1869 1644">
     <span class='ocr_line' id='line_1_17' title="bbox 194 1572 1869 1644; baseline -0.001 -16"><span class='ocrx_word' id='word_1_117' title='bbox 194 1575 355 1630; x_wconf 82' lang='lat' dir='ltr'><strong>licet</strong></span> <span class='ocrx_word' id='word_1_118' title='bbox 396 1574 635 1644; x_wconf 90' lang='lat' dir='ltr'><strong>invitus,</strong></span> <span class='ocrx_word' id='word_1_119' title='bbox 690 1574 1035 1629; x_wconf 81' lang='lat' dir='ltr'><strong>recordatus</strong></span> <span class='ocrx_word' id='word_1_120' title='bbox 1078 1577 1268 1629; x_wconf 91' lang='lat' dir='ltr'><strong>tamen</strong></span> <span class='ocrx_word' id='word_1_121' title='bbox 1313 1572 1475 1629; x_wconf 85' lang='lat' dir='ltr'><strong>verbi</strong></span> <span class='ocrx_word' id='word_1_122' title='bbox 1518 1572 1677 1628; x_wconf 89' lang='lat' dir='ltr'><strong>illius</strong></span> <span class='ocrx_word' id='word_1_123' title='bbox 1716 1572 1869 1642; x_wconf 90' lang='lat' dir='ltr'><strong>quod</strong></span> 
     </span>
    </p>
   </div>
   <div class='ocr_carea' id='block_1_18' title="bbox 200 1661 1212 1732">
    <p class='ocr_par' dir='ltr' id='par_1_18' title="bbox 200 1661 1212 1732">
     <span class='ocr_line' id='line_1_18' title="bbox 200 1661 1212 1732; baseline -0.001 -14"><span class='ocrx_word' id='word_1_124' title='bbox 200 1662 392 1731; x_wconf 82' lang='lat' dir='ltr'><strong>vulgo</strong></span> <span class='ocrx_word' id='word_1_125' title='bbox 421 1662 478 1717; x_wconf 91' lang='lat' dir='ltr'><strong>in</strong></span> <span class='ocrx_word' id='word_1_126' title='bbox 512 1661 883 1732; x_wconf 85' lang='lat' dir='ltr'><strong>proverbium</strong></span> <span class='ocrx_word' id='word_1_127' title='bbox 917 1661 1171 1717; x_wconf 87' lang='lat' dir='ltr'><strong>vertitur</strong></span> <span class='ocrx_word' id='word_1_128' title='bbox 1200 1680 1212 1717; x_wconf 90' lang='lat'><strong>:</strong></span> 
     </span>
    </p>
   </div>
   <div class='ocr_carea' id='block_1_19' title="bbox 1976 512 3623 585">
    <p class='ocr_par' dir='ltr' id='par_1_19' title="bbox 1976 512 3623 585">
     <span class='ocr_line' id='line_1_19' title="bbox 1976 512 3623 585; baseline 0.001 -18"><span class='ocrx_word' id='word_1_129' title='bbox 1976 513 2450 570; x_wconf 89' lang='lat' dir='ltr'><strong>inconvenienter</strong></span> <span class='ocrx_word' id='word_1_130' title='bbox 2482 513 2535 568; x_wconf 90' lang='lat' dir='ltr'><strong>in</strong></span> <span class='ocrx_word' id='word_1_131' title='bbox 2566 512 2691 583; x_wconf 87' lang='lat' dir='ltr'><strong>ejus</strong></span> <span class='ocrx_word' id='word_1_132' title='bbox 2722 512 2892 569; x_wconf 86' lang='lat' dir='ltr'><strong>laude</strong></span> <span class='ocrx_word' id='word_1_133' title='bbox 2924 514 3057 570; x_wconf 89' lang='lat' dir='ltr'><strong>libri</strong></span> <span class='ocrx_word' id='word_1_134' title='bbox 3091 513 3181 547; x_wconf 71' lang='lat' dir='ltr'><strong>m‘</strong></span> <span class='ocrx_word' id='word_1_135' title='bbox 3213 515 3526 585; x_wconf 69' lang='lat' dir='ltr'><strong>Sapientiae</strong></span> <span class='ocrx_word' id='word_1_136' title='bbox 3558 514 3623 569; x_wconf 93' lang='lat' dir='ltr'><strong>il-</strong></span> 
     </span>
    </p>
   </div>
   <div class='ocr_carea' id='block_1_20' title="bbox 1974 599 3623 673">
    <p class='ocr_par' dir='ltr' id='par_1_20' title="bbox 1974 599 3623 673">
     <span class='ocr_line' id='line_1_20' title="bbox 1974 599 3623 673; baseline 0.002 -18"><span class='ocrx_word' id='word_1_137' title='bbox 1974 599 2070 658; x_wconf 89' lang='lat' dir='ltr'><strong>lud</strong></span> <span class='ocrx_word' id='word_1_138' title='bbox 2108 600 2312 657; x_wconf 88' lang='lat' dir='ltr'><strong>debeat</strong></span> <span class='ocrx_word' id='word_1_139' title='bbox 2347 616 2664 672; x_wconf 87' lang='lat' dir='ltr'><strong>personare</strong></span> <span class='ocrx_word' id='word_1_140' title='bbox 2694 621 2705 655; x_wconf 94' lang='lat'>:</span> <span class='ocrx_word' id='word_1_141' title='bbox 2731 603 2882 659; x_wconf 81' lang='lat' dir='ltr'><strong>Ecce</strong></span> <span class='ocrx_word' id='word_1_142' title='bbox 2908 602 3183 660; x_wconf 80' lang='lat' dir='ltr'><strong>sacerdos</strong></span> <span class='ocrx_word' id='word_1_143' title='bbox 3207 616 3479 673; x_wconf 75' lang='lat' dir='ltr'><strong>magnus.</strong></span> <span class='ocrx_word' id='word_1_144' title='bbox 3515 605 3623 673; x_wconf 76' lang='lat' dir='ltr'><strong>qui</strong></span> 
     </span>
    </p>
   </div>
   <div class='ocr_carea' id='block_1_21' title="bbox 1974 689 3625 761">
    <p class='ocr_par' dir='ltr' id='par_1_21' title="bbox 1974 689 3625 761">
     <span class='ocr_line' id='line_1_21' title="bbox 1974 689 3625 761; baseline 0.001 -16"><span class='ocrx_word' id='word_1_145' title='bbox 1974 690 2039 746; x_wconf 77' lang='lat' dir='ltr'><strong>iu</strong></span> <span class='ocrx_word' id='word_1_146' title='bbox 2065 690 2197 746; x_wconf 75' lang='lat' dir='ltr'><strong>vita</strong></span> <span class='ocrx_word' id='word_1_147' title='bbox 2224 703 2337 746; x_wconf 86' lang='lat' dir='ltr'><strong>sua</strong></span> <span class='ocrx_word' id='word_1_148' title='bbox 2364 689 2638 761; x_wconf 65' lang='lat' dir='ltr'><strong>adfulsit</strong></span> <span class='ocrx_word' id='word_1_149' title='bbox 2663 689 2759 723; x_wconf 72' lang='grc'><strong>’⁸⁸⁸</strong></span> <span class='ocrx_word' id='word_1_150' title='bbox 2790 690 3041 759; x_wconf 85' lang='lat' dir='ltr'><strong>domum,</strong></span> <span class='ocrx_word' id='word_1_151' title='bbox 3078 691 3138 746; x_wconf 85' lang='lat' dir='ltr'><strong>et</strong></span> <span class='ocrx_word' id='word_1_152' title='bbox 3164 690 3229 746; x_wconf 77' lang='lat' dir='ltr'><strong>in</strong></span> <span class='ocrx_word' id='word_1_153' title='bbox 3260 690 3467 747; x_wconf 78' lang='lat' dir='ltr'><strong>diebus</strong></span> <span class='ocrx_word' id='word_1_154' title='bbox 3494 692 3625 747; x_wconf 88' lang='lat' dir='ltr'><strong>suis</strong></span> 
     </span>
    </p>
   </div>
   <div class='ocr_carea' id='block_1_22' title="bbox 1974 776 3625 849">
    <p class='ocr_par' dir='ltr' id='par_1_22' title="bbox 1974 776 3625 849">
     <span class='ocr_line' id='line_1_22' title="bbox 1974 776 3625 849; baseline -0.002 -14"><span class='ocrx_word' id='word_1_155' title='bbox 1974 776 2378 835; x_wconf 66' lang='lat' dir='ltr'><strong>corroborauit</strong></span> <span class='ocrx_word' id='word_1_156' title='bbox 2402 778 2683 848; x_wconf 82' lang='lat' dir='ltr'><strong>templum</strong></span> <span class='ocrx_word' id='word_1_157' title='bbox 2710 778 2919 847; x_wconf 82' lang='lat' dir='ltr'><strong>(Eccli.</strong></span> <span class='ocrx_word' id='word_1_158' title='bbox 2950 794 2999 849; x_wconf 82' lang='grc' dir='ltr'><strong>ι,</strong></span> <span class='ocrx_word' id='word_1_159' title='bbox 3029 778 3099 849; x_wconf 86' lang='grc'><strong>1),</strong></span> <span class='ocrx_word' id='word_1_160' title='bbox 3134 783 3247 833; x_wconf 85' lang='lat' dir='ltr'><strong>etc.</strong></span> <span class='ocrx_word' id='word_1_161' title='bbox 3282 777 3376 811; x_wconf 74' lang='grc'><strong>’⁸⁸⁸</strong></span> <span class='ocrx_word' id='word_1_162' title='bbox 3407 777 3625 835; x_wconf 66' lang='grc' dir='ltr'><strong>Βθςοιή-</strong></span> 
     </span>
    </p>
   </div>
   <div class='ocr_carea' id='block_1_23' title="bbox 1976 864 3626 937">
    <p class='ocr_par' dir='ltr' id='par_1_23' title="bbox 1976 864 3626 937">
     <span class='ocr_line' id='line_1_23' title="bbox 1976 864 3626 937; baseline 0.001 -16"><span class='ocrx_word' id='word_1_163' title='bbox 1976 864 2170 921; x_wconf 85' lang='lat' dir='ltr'><strong>datam</strong></span> <span class='ocrx_word' id='word_1_164' title='bbox 2218 866 2413 935; x_wconf 81' lang='lat' dir='ltr'><strong>itaque</strong></span> <span class='ocrx_word' id='word_1_165' title='bbox 2440 870 2499 921; x_wconf 89' lang='lat' dir='ltr'><strong>et</strong></span> <span class='ocrx_word' id='word_1_166' title='bbox 2527 865 2618 899; x_wconf 72' lang='grc'>⁸⁸⁸⁷</span> <span class='ocrx_word' id='word_1_167' title='bbox 2651 867 2704 921; x_wconf 91' lang='lat' dir='ltr'><strong>in</strong></span> <span class='ocrx_word' id='word_1_168' title='bbox 2741 866 3048 937; x_wconf 88' lang='lat' dir='ltr'><strong>pristinum</strong></span> <span class='ocrx_word' id='word_1_169' title='bbox 3088 867 3463 922; x_wconf 91' lang='lat' dir='ltr'><strong>reformatam</strong></span> <span class='ocrx_word' id='word_1_170' title='bbox 3509 869 3626 922; x_wconf 90' lang='lat' dir='ltr'><strong>sta-</strong></span> 
     </span>
    </p>
   </div>
   <div class='ocr_carea' id='block_1_24' title="bbox 1978 953 3626 1026">
    <p class='ocr_par' dir='ltr' id='par_1_24' title="bbox 1978 953 3626 1026">
     <span class='ocr_line' id='line_1_24' title="bbox 1978 953 3626 1026; baseline 0 -16"><span class='ocrx_word' id='word_1_171' title='bbox 1978 960 2119 1023; x_wconf 90' lang='lat' dir='ltr'><strong>tum,</strong></span> <span class='ocrx_word' id='word_1_172' title='bbox 2155 955 2437 1026; x_wconf 89' lang='lat' dir='ltr'><strong>preciosis</strong></span> <span class='ocrx_word' id='word_1_173' title='bbox 2463 954 2619 1010; x_wconf 88' lang='lat' dir='ltr'><strong>beati</strong></span> <span class='ocrx_word' id='word_1_174' title='bbox 2651 955 2889 1010; x_wconf 68' lang='lat' dir='ltr'><strong>Materni</strong></span> <span class='ocrx_word' id='word_1_175' title='bbox 2919 953 3014 988; x_wconf 76' lang='grc'><strong>’⁸³⁸</strong></span> <span class='ocrx_word' id='word_1_176' title='bbox 3043 954 3309 1025; x_wconf 89' lang='lat' dir='ltr'><strong>reliquiis</strong></span> <span class='ocrx_word' id='word_1_177' title='bbox 3329 968 3359 1011; x_wconf 89' lang='lat' dir='ltr'><strong>a</strong></span> <span class='ocrx_word' id='word_1_178' title='bbox 3382 954 3513 1013; x_wconf 89' lang='lat' dir='ltr'><strong>loco</strong></span> <span class='ocrx_word' id='word_1_179' title='bbox 3537 968 3626 1010; x_wconf 90' lang='lat' dir='ltr'><strong>se-</strong></span> 
     </span>
    </p>
   </div>
   <div class='ocr_carea' id='block_1_25' title="bbox 1978 1042 3625 1115">
    <p class='ocr_par' dir='ltr' id='par_1_25' title="bbox 1978 1042 3625 1115">
     <span class='ocr_line' id='line_1_25' title="bbox 1978 1042 3625 1115; baseline -0.001 -15"><span class='ocrx_word' id='word_1_180' title='bbox 1978 1042 2225 1115; x_wconf 88' lang='lat' dir='ltr'><strong>pulchri,</strong></span> <span class='ocrx_word' id='word_1_181' title='bbox 2260 1058 2388 1100; x_wconf 92' lang='lat' dir='ltr'><strong>cum</strong></span> <span class='ocrx_word' id='word_1_182' title='bbox 2412 1042 2972 1114; x_wconf 88' lang='lat' dir='ltr'><strong>conprovineialium</strong></span> <span class='ocrx_word' id='word_1_183' title='bbox 2995 1044 3402 1114; x_wconf 88' lang='lat' dir='ltr'><strong>episcoporum</strong></span> <span class='ocrx_word' id='word_1_184' title='bbox 3426 1058 3625 1100; x_wconf 84' lang='lat' dir='ltr'><strong>coram</strong></span> 
     </span>
    </p>
   </div>
   <div class='ocr_carea' id='block_1_26' title="bbox 1979 1129 3622 1203">
    <p class='ocr_par' dir='ltr' id='par_1_26' title="bbox 1979 1129 3622 1203">
     <span class='ocr_line' id='line_1_26' title="bbox 1979 1129 3622 1203; baseline -0.001 -16"><span class='ocrx_word' id='word_1_185' title='bbox 1979 1131 2298 1203; x_wconf 90' lang='lat' dir='ltr'><strong>positorum</strong></span> <span class='ocrx_word' id='word_1_186' title='bbox 2341 1145 2406 1186; x_wconf 89' lang='lat' dir='ltr'><strong>ac</strong></span> <span class='ocrx_word' id='word_1_187' title='bbox 2444 1131 2629 1187; x_wconf 88' lang='lat' dir='ltr'><strong>totius</strong></span> <span class='ocrx_word' id='word_1_188' title='bbox 2669 1130 2923 1187; x_wconf 92' lang='lat' dir='ltr'><strong>diocesis</strong></span> <span class='ocrx_word' id='word_1_189' title='bbox 2968 1145 3086 1187; x_wconf 65' lang='lat' dir='ltr'><strong>suis</strong></span> <span class='ocrx_word' id='word_1_190' title='bbox 3127 1129 3269 1186; x_wconf 90' lang='lat' dir='ltr'><strong>cleri</strong></span> <span class='ocrx_word' id='word_1_191' title='bbox 3305 1136 3365 1186; x_wconf 93' lang='lat' dir='ltr'><strong>et</strong></span> <span class='ocrx_word' id='word_1_192' title='bbox 3400 1131 3622 1202; x_wconf 88' lang='lat' dir='ltr'><strong>pepuli.</strong></span> 
     </span>
    </p>
   </div>
   <div class='ocr_carea' id='block_1_27' title="bbox 1978 1217 3629 1291">
    <p class='ocr_par' dir='ltr' id='par_1_27' title="bbox 1978 1217 3629 1291">
     <span class='ocr_line' id='line_1_27' title="bbox 1978 1217 3629 1291; baseline 0 -16"><span class='ocrx_word' id='word_1_193' title='bbox 1978 1223 2185 1291; x_wconf 86' lang='lat' dir='ltr'><strong>utpote</strong></span> <span class='ocrx_word' id='word_1_194' title='bbox 2214 1219 2565 1275; x_wconf 69' lang='lat' dir='ltr'><strong>sinodus’m</strong></span> <span class='ocrx_word' id='word_1_195' title='bbox 2585 1219 2793 1289; x_wconf 89' lang='lat' dir='ltr'><strong>gratia,</strong></span> <span class='ocrx_word' id='word_1_196' title='bbox 2814 1220 2928 1290; x_wconf 90' lang='lat' dir='ltr'><strong>jam</strong></span> <span class='ocrx_word' id='word_1_197' title='bbox 2952 1217 3062 1288; x_wconf 78' lang='grc'>²⁶⁹⁰,</span> <span class='ocrx_word' id='word_1_198' title='bbox 3089 1221 3151 1273; x_wconf 92' lang='lat' dir='ltr'><strong>ut</strong></span> <span class='ocrx_word' id='word_1_199' title='bbox 3185 1218 3260 1273; x_wconf 89' lang='lat' dir='ltr'><strong>ita</strong></span> <span class='ocrx_word' id='word_1_200' title='bbox 3294 1219 3501 1288; x_wconf 84' lang='lat' dir='ltr'><strong>dicam,</strong></span> <span class='ocrx_word' id='word_1_201' title='bbox 3536 1234 3629 1290; x_wconf 86' lang='lat' dir='ltr'><strong>pe-</strong></span> 
     </span>
    </p>
   </div>
   <div class='ocr_carea' id='block_1_28' title="bbox 1980 1304 3625 1377">
    <p class='ocr_par' dir='ltr' id='par_1_28' title="bbox 1980 1304 3625 1377">
     <span class='ocr_line' id='line_1_28' title="bbox 1980 1304 3625 1377; baseline -0.001 -14"><span class='ocrx_word' id='word_1_202' title='bbox 1980 1306 2180 1363; x_wconf 91' lang='lat' dir='ltr'><strong>rendie</strong></span> <span class='ocrx_word' id='word_1_203' title='bbox 2210 1307 2331 1362; x_wconf 91' lang='lat' dir='ltr'><strong>heri</strong></span> <span class='ocrx_word' id='word_1_204' title='bbox 2359 1312 2419 1362; x_wconf 93' lang='lat' dir='ltr'><strong>et</strong></span> <span class='ocrx_word' id='word_1_205' title='bbox 2447 1307 2616 1363; x_wconf 90' lang='lat' dir='ltr'><strong>hodie</strong></span> <span class='ocrx_word' id='word_1_206' title='bbox 2644 1306 2960 1363; x_wconf 63' lang='lat' dir='ltr'><strong>celebratae</strong></span> <span class='ocrx_word' id='word_1_207' title='bbox 2990 1305 3158 1377; x_wconf 87' lang='grc'>(473),</span> <span class='ocrx_word' id='word_1_208' title='bbox 3195 1306 3295 1375; x_wconf 91' lang='lat' dir='ltr'><strong>ibi,</strong></span> <span class='ocrx_word' id='word_1_209' title='bbox 3332 1306 3388 1361; x_wconf 92' lang='lat' dir='ltr'><strong>id</strong></span> <span class='ocrx_word' id='word_1_210' title='bbox 3416 1304 3507 1339; x_wconf 80' lang='grc'>²⁶⁹¹</span> <span class='ocrx_word' id='word_1_211' title='bbox 3536 1312 3625 1362; x_wconf 92' lang='lat' dir='ltr'><strong>est</strong></span> 
     </span>
    </p>
   </div>
   <div class='ocr_carea' id='block_1_29' title="bbox 1978 1393 3631 1464">
    <p class='ocr_par' dir='ltr' id='par_1_29' title="bbox 1978 1393 3631 1464">
     <span class='ocr_line' id='line_1_29' title="bbox 1978 1393 3631 1464; baseline 0.001 -15"><span class='ocrx_word' id='word_1_212' title='bbox 1978 1394 2211 1450; x_wconf 81' lang='lat' dir='ltr'><strong>Treveri</strong></span> <span class='ocrx_word' id='word_1_213' title='bbox 2232 1393 2342 1464; x_wconf 80' lang='lat'><strong>&quot;”,</strong></span> <span class='ocrx_word' id='word_1_214' title='bbox 2366 1399 2875 1463; x_wconf 86' lang='lat' dir='ltr'><strong>congregatorum,</strong></span> <span class='ocrx_word' id='word_1_215' title='bbox 2901 1395 3128 1463; x_wconf 90' lang='lat' dir='ltr'><strong>annisu,</strong></span> <span class='ocrx_word' id='word_1_216' title='bbox 3157 1398 3223 1449; x_wconf 75' lang='lat'><strong>12</strong></span> <span class='ocrx_word' id='word_1_217' title='bbox 3245 1394 3364 1450; x_wconf 84' lang='lat' dir='ltr'><strong>Kal.</strong></span> <span class='ocrx_word' id='word_1_218' title='bbox 3392 1394 3631 1451; x_wconf 88' lang='lat' dir='ltr'><strong>Novem-</strong></span> 
     </span>
    </p>
   </div>
   <div class='ocr_carea' id='block_1_30' title="bbox 1983 1481 3632 1553">
    <p class='ocr_par' dir='ltr' id='par_1_30' title="bbox 1983 1481 3632 1553">
     <span class='ocr_line' id='line_1_30' title="bbox 1983 1481 3632 1553; baseline -0.001 -15"><span class='ocrx_word' id='word_1_219' title='bbox 1983 1482 2106 1539; x_wconf 88' lang='lat' dir='ltr'><strong>bris</strong></span> <span class='ocrx_word' id='word_1_220' title='bbox 2129 1482 2431 1539; x_wconf 88' lang='lat' dir='ltr'><strong>translatis</strong></span> <span class='ocrx_word' id='word_1_221' title='bbox 2450 1482 2562 1553; x_wconf 59' lang='grc' dir='ltr'><strong>ἠδ,</strong></span> <span class='ocrx_word' id='word_1_222' title='bbox 2589 1482 2908 1538; x_wconf 84' lang='lat' dir='ltr'><strong>illustravit</strong></span> <span class='ocrx_word' id='word_1_223' title='bbox 2931 1486 3106 1552; x_wconf 91' lang='lat' dir='ltr'><strong>atque</strong></span> <span class='ocrx_word' id='word_1_224' title='bbox 3128 1482 3442 1550; x_wconf 90' lang='lat' dir='ltr'><strong>dedicavit,</strong></span> <span class='ocrx_word' id='word_1_225' title='bbox 3473 1481 3632 1538; x_wconf 92' lang='lat' dir='ltr'><strong>dedi-</strong></span> 
     </span>
    </p>
   </div>
   <div class='ocr_carea' id='block_1_31' title="bbox 1981 1569 3627 1641">
    <p class='ocr_par' dir='ltr' id='par_1_31' title="bbox 1981 1569 3627 1641">
     <span class='ocr_line' id='line_1_31' title="bbox 1981 1569 3627 1641; baseline -0.001 -14"><span class='ocrx_word' id='word_1_226' title='bbox 1981 1574 2168 1627; x_wconf 90' lang='lat' dir='ltr'><strong>catam</strong></span> <span class='ocrx_word' id='word_1_227' title='bbox 2193 1570 2483 1627; x_wconf 88' lang='lat' dir='ltr'><strong>donativis</strong></span> <span class='ocrx_word' id='word_1_228' title='bbox 2510 1570 2794 1641; x_wconf 89' lang='lat' dir='ltr'><strong>pluribus,</strong></span> <span class='ocrx_word' id='word_1_229' title='bbox 2819 1569 3031 1639; x_wconf 88' lang='lat' dir='ltr'><strong>quibus</strong></span> <span class='ocrx_word' id='word_1_230' title='bbox 3055 1570 3126 1627; x_wconf 88' lang='lat' dir='ltr'><strong>ab</strong></span> <span class='ocrx_word' id='word_1_231' title='bbox 3149 1570 3627 1641; x_wconf 88' lang='lat' dir='ltr'><strong>imperatoribus,</strong></span> 
     </span>
    </p>
   </div>
   <div class='ocr_carea' id='block_1_32' title="bbox 1986 1656 3634 1716">
    <p class='ocr_par' dir='ltr' id='par_1_32' title="bbox 1986 1656 3634 1716">
     <span class='ocr_line' id='line_1_32' title="bbox 1986 1656 3634 1716; baseline -0.001 -2"><span class='ocrx_word' id='word_1_232' title='bbox 1986 1657 2258 1716; x_wconf 90' lang='lat' dir='ltr'><strong>videlicet</strong></span> <span class='ocrx_word' id='word_1_233' title='bbox 2288 1657 2558 1713; x_wconf 84' lang='lat' dir='ltr'><strong>Heinrico</strong></span> <span class='ocrx_word' id='word_1_234' title='bbox 2590 1656 2846 1713; x_wconf 90' lang='lat' dir='ltr'><strong>secundo</strong></span> <span class='ocrx_word' id='word_1_235' title='bbox 2869 1661 2924 1712; x_wconf 92' lang='lat' dir='ltr'><strong>et</strong></span> <span class='ocrx_word' id='word_1_236' title='bbox 2953 1656 3215 1713; x_wconf 87' lang='lat' dir='ltr'><strong>Conrado</strong></span> <span class='ocrx_word' id='word_1_237' title='bbox 3240 1656 3333 1690; x_wconf 72' lang='grc'>’⁸⁸⁸</span> <span class='ocrx_word' id='word_1_238' title='bbox 3361 1657 3634 1714; x_wconf 92' lang='lat' dir='ltr'><strong>similiter</strong></span> 
     </span>
    </p>
   </div>
   <div class='ocr_carea' id='block_1_33' title="bbox 203 1746 3634 1831">
    <p class='ocr_par' dir='ltr' id='par_1_33' title="bbox 203 1746 3634 1831">
     <span class='ocr_line' id='line_1_33' title="bbox 203 1746 3634 1831; baseline -0.001 -26"><span class='ocrx_word' id='word_1_239' title='bbox 203 1760 445 1817; x_wconf 70' lang='lat' dir='ltr'><strong>Carum</strong></span> <span class='ocrx_word' id='word_1_240' title='bbox 464 1759 719 1831; x_wconf 62' lang='lat' dir='ltr'><strong>quisque</strong></span> <span class='ocrx_word' id='word_1_241' title='bbox 742 1757 929 1828; x_wconf 61' lang='lat' dir='ltr'><strong>dabit,</strong></span> <span class='ocrx_word' id='word_1_242' title='bbox 949 1759 1055 1829; x_wconf 71' lang='lat' dir='ltr'><strong>qui</strong></span> <span class='ocrx_word' id='word_1_243' title='bbox 1072 1772 1219 1816; x_wconf 76' lang='lat' dir='ltr'><strong>cara</strong></span> <span class='ocrx_word' id='word_1_244' title='bbox 1237 1760 1498 1830; x_wconf 63' lang='lat' dir='ltr'><strong>recipere</strong></span> <span class='ocrx_word' id='word_1_245' title='bbox 1518 1757 1736 1828; x_wconf 63' lang='lat' dir='ltr'><strong>gum-it</strong></span> <span class='ocrx_word' id='word_1_246' title='bbox 1754 1755 1867 1822; x_wconf 73' lang='grc'><strong>³⁸⁷⁵,</strong></span> <span class='ocrx_word' id='word_1_247' title='bbox 1905 1764 1957 1822; x_wconf 79' lang='grc' dir='ltr'>Β</span> <span class='ocrx_word' id='word_1_248' title='bbox 1985 1747 2242 1803; x_wconf 85' lang='lat' dir='ltr'><strong>secundo</strong></span> <span class='ocrx_word' id='word_1_249' title='bbox 2265 1746 2518 1817; x_wconf 76' lang='lat' dir='ltr'><strong>itemque</strong></span> <span class='ocrx_word' id='word_1_250' title='bbox 2542 1746 2811 1803; x_wconf 82' lang='lat' dir='ltr'><strong>Heinrico</strong></span> <span class='ocrx_word' id='word_1_251' title='bbox 2836 1760 2971 1815; x_wconf 81' lang='lat' dir='ltr'><strong>rege</strong></span> <span class='ocrx_word' id='word_1_252' title='bbox 2995 1746 3225 1815; x_wconf 80' lang='lat' dir='ltr'><strong>quidem</strong></span> <span class='ocrx_word' id='word_1_253' title='bbox 3255 1746 3436 1802; x_wconf 91' lang='lat' dir='ltr'><strong>tercio</strong></span> <span class='ocrx_word' id='word_1_254' title='bbox 3459 1746 3634 1818; x_wconf 89' lang='lat' dir='ltr'><strong>impe-</strong></span> 
     </span>
    </p>
   </div>
   <div class='ocr_carea' id='block_1_34' title="bbox 205 1843 1871 1919">
    <p class='ocr_par' dir='ltr' id='par_1_34' title="bbox 205 1843 1871 1919">
     <span class='ocr_line' id='line_1_34' title="bbox 205 1843 1871 1919; baseline -0.002 -17"><span class='ocrx_word' id='word_1_255' title='bbox 205 1848 470 1919; x_wconf 84' lang='lat' dir='ltr'><strong>primuin</strong></span> <span class='ocrx_word' id='word_1_256' title='bbox 516 1846 676 1903; x_wconf 87' lang='lat' dir='ltr'><strong>dedit</strong></span> <span class='ocrx_word' id='word_1_257' title='bbox 721 1862 907 1915; x_wconf 93' lang='lat' dir='ltr'><strong>suum,</strong></span> <span class='ocrx_word' id='word_1_258' title='bbox 942 1847 1151 1903; x_wconf 90' lang='lat' dir='ltr'><strong>deinde</strong></span> <span class='ocrx_word' id='word_1_259' title='bbox 1184 1847 1428 1902; x_wconf 85' lang='lat' dir='ltr'><strong>aliorum</strong></span> <span class='ocrx_word' id='word_1_260' title='bbox 1462 1860 1573 1901; x_wconf 92' lang='lat' dir='ltr'><strong>non</strong></span> <span class='ocrx_word' id='word_1_261' title='bbox 1603 1843 1871 1914; x_wconf 90' lang='lat' dir='ltr'><strong>equidem</strong></span> 
     </span>
    </p>
   </div>
   <div class='ocr_carea' id='block_1_35' title="bbox 206 1933 1873 2004">
    <p class='ocr_par' dir='ltr' id='par_1_35' title="bbox 206 1933 1873 2004">
     <span class='ocr_line' id='line_1_35' title="bbox 206 1933 1873 2004; baseline -0.002 -12"><span class='ocrx_word' id='word_1_262' title='bbox 206 1937 501 2004; x_wconf 91' lang='lat' dir='ltr'><strong>omnium,</strong></span> <span class='ocrx_word' id='word_1_263' title='bbox 549 1936 651 1990; x_wconf 90' lang='lat' dir='ltr'><strong>sed</strong></span> <span class='ocrx_word' id='word_1_264' title='bbox 695 1951 896 1991; x_wconf 91' lang='lat' dir='ltr'><strong>eorum</strong></span> <span class='ocrx_word' id='word_1_265' title='bbox 940 1940 1163 1991; x_wconf 88' lang='lat' dir='ltr'><strong>tantum</strong></span> <span class='ocrx_word' id='word_1_266' title='bbox 1207 1950 1351 2004; x_wconf 91' lang='lat' dir='ltr'><strong>quos</strong></span> <span class='ocrx_word' id='word_1_267' title='bbox 1383 1934 1450 1990; x_wconf 92' lang='lat' dir='ltr'><strong>ad</strong></span> <span class='ocrx_word' id='word_1_268' title='bbox 1485 1933 1593 1989; x_wconf 89' lang='lat' dir='ltr'><strong>hoc</strong></span> <span class='ocrx_word' id='word_1_269' title='bbox 1635 1933 1873 2004; x_wconf 89' lang='lat' dir='ltr'><strong>pietatis</strong></span> 
     </span>
    </p>
   </div>
   <div class='ocr_carea' id='block_1_36' title="bbox 207 2020 1871 2096">
    <p class='ocr_par' dir='ltr' id='par_1_36' title="bbox 207 2020 1871 2096">
     <span class='ocr_line' id='line_1_36' title="bbox 207 2020 1871 2096; baseline -0.003 -16"><span class='ocrx_word' id='word_1_270' title='bbox 207 2039 370 2096; x_wconf 89' lang='lat' dir='ltr'><strong>opus</strong></span> <span class='ocrx_word' id='word_1_271' title='bbox 414 2038 517 2079; x_wconf 91' lang='lat' dir='ltr'><strong>sua</strong></span> <span class='ocrx_word' id='word_1_272' title='bbox 565 2024 752 2095; x_wconf 91' lang='lat' dir='ltr'><strong>potuit</strong></span> <span class='ocrx_word' id='word_1_273' title='bbox 790 2023 1200 2078; x_wconf 81' lang='lat' dir='ltr'><strong>exhortatione</strong></span> <span class='ocrx_word' id='word_1_274' title='bbox 1242 2022 1551 2091; x_wconf 83' lang='lat' dir='ltr'><strong>instigare;</strong></span> <span class='ocrx_word' id='word_1_275' title='bbox 1584 2026 1644 2077; x_wconf 91' lang='lat' dir='ltr'><strong>et</strong></span> <span class='ocrx_word' id='word_1_276' title='bbox 1674 2020 1871 2077; x_wconf 89' lang='lat' dir='ltr'><strong>laniati</strong></span> 
     </span>
    </p>
   </div>
   <div class='ocr_carea' id='block_1_37' title="bbox 209 2110 1873 2183">
    <p class='ocr_par' dir='ltr' id='par_1_37' title="bbox 209 2110 1873 2183">
     <span class='ocr_line' id='line_1_37' title="bbox 209 2110 1873 2183; baseline -0.003 -14"><span class='ocrx_word' id='word_1_277' title='bbox 209 2118 398 2183; x_wconf 87' lang='lat' dir='ltr'><strong>atque</strong></span> <span class='ocrx_word' id='word_1_278' title='bbox 431 2111 695 2168; x_wconf 91' lang='lat' dir='ltr'><strong>devorati</strong></span> <span class='ocrx_word' id='word_1_279' title='bbox 720 2115 853 2167; x_wconf 90' lang='lat' dir='ltr'><strong>sunt</strong></span> <span class='ocrx_word' id='word_1_280' title='bbox 879 2112 933 2166; x_wconf 86' lang='lat' dir='ltr'><strong>in</strong></span> <span class='ocrx_word' id='word_1_281' title='bbox 956 2110 1049 2143; x_wconf 76' lang='lat'><strong>&quot;7‘</strong></span> <span class='ocrx_word' id='word_1_282' title='bbox 1071 2117 1361 2168; x_wconf 89' lang='lat' dir='ltr'><strong>momento</strong></span> <span class='ocrx_word' id='word_1_283' title='bbox 1389 2125 1581 2167; x_wconf 89' lang='lat' dir='ltr'><strong>coram</strong></span> <span class='ocrx_word' id='word_1_284' title='bbox 1613 2124 1701 2166; x_wconf 93' lang='lat' dir='ltr'><strong>eo.</strong></span> <span class='ocrx_word' id='word_1_285' title='bbox 1738 2112 1873 2165; x_wconf 87' lang='lat' dir='ltr'><strong>Post</strong></span> 
     </span>
    </p>
   </div>
   <div class='ocr_carea' id='block_1_38' title="bbox 208 2199 1403 2270">
    <p class='ocr_par' dir='ltr' id='par_1_38' title="bbox 208 2199 1403 2270">
     <span class='ocr_line' id='line_1_38' title="bbox 208 2199 1403 2270; baseline -0.004 -13"><span class='ocrx_word' id='word_1_286' title='bbox 208 2201 340 2257; x_wconf 60' lang='lat' dir='ltr'><strong>haec</strong></span> <span class='ocrx_word' id='word_1_287' title='bbox 374 2199 446 2255; x_wconf 91' lang='lat' dir='ltr'><strong>ad</strong></span> <span class='ocrx_word' id='word_1_288' title='bbox 480 2200 669 2255; x_wconf 92' lang='lat' dir='ltr'><strong>locum</strong></span> <span class='ocrx_word' id='word_1_289' title='bbox 704 2199 1057 2255; x_wconf 91' lang='lat' dir='ltr'><strong>destinatum</strong></span> <span class='ocrx_word' id='word_1_290' title='bbox 1096 2199 1403 2270; x_wconf 89' lang='lat' dir='ltr'><strong>processit.</strong></span> 
     </span>
    </p>
   </div>
   <div class='ocr_carea' id='block_1_39' title="bbox 288 2302 1875 2376">
    <p class='ocr_par' dir='ltr' id='par_1_39' title="bbox 288 2302 1875 2376">
     <span class='ocr_line' id='line_1_39' title="bbox 288 2302 1875 2376; baseline -0.002 -15"><span class='ocrx_word' id='word_1_291' title='bbox 288 2311 342 2361; x_wconf 90' lang='lat'><strong>7.</strong></span> <span class='ocrx_word' id='word_1_292' title='bbox 379 2304 473 2338; x_wconf 80' lang='grc'><strong>²⁶⁷⁷</strong></span> <span class='ocrx_word' id='word_1_293' title='bbox 504 2304 760 2375; x_wconf 90' lang='lat' dir='ltr'><strong>Denique</strong></span> <span class='ocrx_word' id='word_1_294' title='bbox 813 2305 997 2361; x_wconf 85' lang='lat' dir='ltr'><strong>inerat</strong></span> <span class='ocrx_word' id='word_1_295' title='bbox 1039 2304 1091 2361; x_wconf 91' lang='lat' dir='ltr'><strong>ei</strong></span> <span class='ocrx_word' id='word_1_296' title='bbox 1133 2304 1483 2376; x_wconf 84' lang='lat' dir='ltr'><strong>permaxima</strong></span> <span class='ocrx_word' id='word_1_297' title='bbox 1535 2302 1875 2361; x_wconf 88' lang='lat' dir='ltr'><strong>sollicitudo</strong></span> 
     </span>
    </p>
   </div>
   <div class='ocr_carea' id='block_1_40' title="bbox 214 2390 1876 2463">
    <p class='ocr_par' dir='ltr' id='par_1_40' title="bbox 214 2390 1876 2463">
     <span class='ocr_line' id='line_1_40' title="bbox 214 2390 1876 2463; baseline -0.001 -14"><span class='ocrx_word' id='word_1_298' title='bbox 214 2398 323 2449; x_wconf 89' lang='lat' dir='ltr'><strong>aut</strong></span> <span class='ocrx_word' id='word_1_299' title='bbox 347 2392 421 2449; x_wconf 91' lang='lat' dir='ltr'><strong>de</strong></span> <span class='ocrx_word' id='word_1_300' title='bbox 442 2392 537 2425; x_wconf 75' lang='grc'><strong>³⁸⁷⁸</strong></span> <span class='ocrx_word' id='word_1_301' title='bbox 558 2394 971 2449; x_wconf 89' lang='lat' dir='ltr'><strong>construendis</strong></span> <span class='ocrx_word' id='word_1_302' title='bbox 1000 2393 1267 2449; x_wconf 84' lang='lat' dir='ltr'><strong>ecclesiis</strong></span> <span class='ocrx_word' id='word_1_303' title='bbox 1300 2397 1398 2449; x_wconf 94' lang='lat' dir='ltr'><strong>aut</strong></span> <span class='ocrx_word' id='word_1_304' title='bbox 1431 2393 1501 2449; x_wconf 92' lang='lat' dir='ltr'><strong>de</strong></span> <span class='ocrx_word' id='word_1_305' title='bbox 1535 2390 1876 2463; x_wconf 84' lang='lat' dir='ltr'><strong>reparandis</strong></span> 
     </span>
    </p>
   </div>
   <div class='ocr_carea' id='block_1_41' title="bbox 213 2479 1877 2551">
    <p class='ocr_par' dir='ltr' id='par_1_41' title="bbox 213 2479 1877 2551">
     <span class='ocr_line' id='line_1_41' title="bbox 213 2479 1877 2551; baseline -0.002 -14"><span class='ocrx_word' id='word_1_306' title='bbox 213 2480 315 2514; x_wconf 80' lang='grc'>²⁶⁷⁹</span> <span class='ocrx_word' id='word_1_307' title='bbox 348 2480 676 2537; x_wconf 89' lang='lat' dir='ltr'><strong>dirutarum</strong></span> <span class='ocrx_word' id='word_1_308' title='bbox 707 2485 1002 2537; x_wconf 89' lang='lat' dir='ltr'><strong>vetustate</strong></span> <span class='ocrx_word' id='word_1_309' title='bbox 1037 2481 1241 2550; x_wconf 90' lang='lat' dir='ltr'><strong>ruinis,</strong></span> <span class='ocrx_word' id='word_1_310' title='bbox 1288 2496 1416 2551; x_wconf 82' lang='lat' dir='ltr'><strong>quo;</strong></span> <span class='ocrx_word' id='word_1_311' title='bbox 1442 2496 1530 2537; x_wconf 86' lang='lat' dir='ltr'><strong>um</strong></span> <span class='ocrx_word' id='word_1_312' title='bbox 1562 2480 1730 2536; x_wconf 88' lang='lat' dir='ltr'><strong>alteri</strong></span> <span class='ocrx_word' id='word_1_313' title='bbox 1765 2479 1877 2534; x_wconf 88' lang='lat' dir='ltr'><strong>evi-</strong></span> 
     </span>
    </p>
   </div>
   <div class='ocr_carea' id='block_1_42' title="bbox 218 2568 1879 2640">
    <p class='ocr_par' dir='ltr' id='par_1_42' title="bbox 218 2568 1879 2640">
     <span class='ocr_line' id='line_1_42' title="bbox 218 2568 1879 2640; baseline -0.001 -14"><span class='ocrx_word' id='word_1_314' title='bbox 218 2570 373 2626; x_wconf 87' lang='lat' dir='ltr'><strong>dens</strong></span> <span class='ocrx_word' id='word_1_315' title='bbox 395 2569 668 2640; x_wconf 88' lang='lat' dir='ltr'><strong>perhibet</strong></span> <span class='ocrx_word' id='word_1_316' title='bbox 693 2570 1088 2626; x_wconf 86' lang='lat' dir='ltr'><strong>testimonium</strong></span> <span class='ocrx_word' id='word_1_317' title='bbox 1114 2568 1358 2626; x_wconf 89' lang='lat' dir='ltr'><strong>ecclesia</strong></span> <span class='ocrx_word' id='word_1_318' title='bbox 1386 2570 1537 2625; x_wconf 88' lang='lat' dir='ltr'><strong>beati</strong></span> <span class='ocrx_word' id='word_1_319' title='bbox 1562 2568 1718 2625; x_wconf 87' lang='lat' dir='ltr'><strong>Petri</strong></span> <span class='ocrx_word' id='word_1_320' title='bbox 1744 2582 1879 2639; x_wconf 87' lang='lat' dir='ltr'><strong>apo-</strong></span> 
     </span>
    </p>
   </div>
   <div class='ocr_carea' id='block_1_43' title="bbox 218 2656 1876 2729">
    <p class='ocr_par' dir='ltr' id='par_1_43' title="bbox 218 2656 1876 2729">
     <span class='ocr_line' id='line_1_43' title="bbox 218 2656 1876 2729; baseline -0.001 -16"><span class='ocrx_word' id='word_1_321' title='bbox 218 2656 369 2713; x_wconf 90' lang='lat' dir='ltr'><strong>stoli</strong></span> <span class='ocrx_word' id='word_1_322' title='bbox 390 2671 519 2727; x_wconf 79' lang='lat' dir='ltr'><strong>quae</strong></span> <span class='ocrx_word' id='word_1_323' title='bbox 543 2656 744 2713; x_wconf 88' lang='lat' dir='ltr'><strong>domus</strong></span> <span class='ocrx_word' id='word_1_324' title='bbox 756 2662 812 2713; x_wconf 89' lang='lat' dir='ltr'><strong>et</strong></span> <span class='ocrx_word' id='word_1_325' title='bbox 829 2658 1178 2729; x_wconf 90' lang='lat' dir='ltr'><strong>episcopalis</strong></span> <span class='ocrx_word' id='word_1_326' title='bbox 1197 2659 1365 2714; x_wconf 89' lang='lat' dir='ltr'><strong>sedes</strong></span> <span class='ocrx_word' id='word_1_327' title='bbox 1387 2657 1619 2713; x_wconf 90' lang='lat' dir='ltr'><strong>dicitur.</strong></span> <span class='ocrx_word' id='word_1_328' title='bbox 1645 2659 1797 2727; x_wconf 77' lang='lat' dir='ltr'><strong>Haec,</strong></span> <span class='ocrx_word' id='word_1_329' title='bbox 1814 2662 1876 2713; x_wconf 90' lang='lat' dir='ltr'><strong>ut</strong></span> 
     </span>
    </p>
   </div>
   <div class='ocr_carea' id='block_1_44' title="bbox 217 2743 1879 2817">
    <p class='ocr_par' dir='ltr' id='par_1_44' title="bbox 217 2743 1879 2817">
     <span class='ocr_line' id='line_1_44' title="bbox 217 2743 1879 2817; baseline 0.001 -18"><span class='ocrx_word' id='word_1_330' title='bbox 217 2746 423 2801; x_wconf 86' lang='lat' dir='ltr'><strong>ferunt</strong></span> <span class='ocrx_word' id='word_1_331' title='bbox 444 2743 539 2777; x_wconf 78' lang='grc'><strong>²⁶⁸⁰</strong></span> <span class='ocrx_word' id='word_1_332' title='bbox 560 2746 728 2817; x_wconf 86' lang='grc'>(470),</span> <span class='ocrx_word' id='word_1_333' title='bbox 760 2745 1087 2816; x_wconf 88' lang='lat' dir='ltr'><strong>antiquitus</strong></span> <span class='ocrx_word' id='word_1_334' title='bbox 1112 2746 1217 2800; x_wconf 93' lang='lat' dir='ltr'><strong>fuit</strong></span> <span class='ocrx_word' id='word_1_335' title='bbox 1244 2744 1447 2801; x_wconf 90' lang='lat' dir='ltr'><strong>domus</strong></span> <span class='ocrx_word' id='word_1_336' title='bbox 1470 2745 1692 2800; x_wconf 65' lang='lat' dir='ltr'><strong>domum</strong></span> <span class='ocrx_word' id='word_1_337' title='bbox 1717 2745 1879 2800; x_wconf 81' lang='lat' dir='ltr'><strong>Hele-</strong></span> 
     </span>
    </p>
   </div>
   <div class='ocr_carea' id='block_1_45' title="bbox 214 2833 1877 2905">
    <p class='ocr_par' dir='ltr' id='par_1_45' title="bbox 214 2833 1877 2905">
     <span class='ocr_line' id='line_1_45' title="bbox 214 2833 1877 2905; baseline 0.001 -17"><span class='ocrx_word' id='word_1_338' title='bbox 214 2847 330 2903; x_wconf 60' lang='lat' dir='ltr'><strong>nae,</strong></span> <span class='ocrx_word' id='word_1_339' title='bbox 360 2833 531 2903; x_wconf 87' lang='lat' dir='ltr'><strong>cujus</strong></span> <span class='ocrx_word' id='word_1_340' title='bbox 554 2837 763 2902; x_wconf 82' lang='lat' dir='ltr'><strong>rogatu</strong></span> <span class='ocrx_word' id='word_1_341' title='bbox 788 2848 819 2889; x_wconf 89' lang='lat' dir='ltr'><strong>a</strong></span> <span class='ocrx_word' id='word_1_342' title='bbox 845 2834 1016 2889; x_wconf 88' lang='lat' dir='ltr'><strong>beato</strong></span> <span class='ocrx_word' id='word_1_343' title='bbox 1048 2834 1280 2903; x_wconf 83' lang='lat' dir='ltr'><strong>Agricio</strong></span> <span class='ocrx_word' id='word_1_344' title='bbox 1312 2834 1583 2905; x_wconf 91' lang='lat' dir='ltr'><strong>primitus</strong></span> <span class='ocrx_word' id='word_1_345' title='bbox 1612 2833 1877 2890; x_wconf 89' lang='lat' dir='ltr'><strong>dedicata</strong></span> 
     </span>
    </p>
   </div>
   <div class='ocr_carea' id='block_1_46' title="bbox 213 2912 1880 2993">
    <p class='ocr_par' dir='ltr' id='par_1_46' title="bbox 213 2912 1880 2993">
     <span class='ocr_line' id='line_1_46' title="bbox 213 2912 1880 2993; baseline -0.002 -14"><span class='ocrx_word' id='word_1_346' title='bbox 213 2926 311 2979; x_wconf 87' lang='lat' dir='ltr'><strong>est</strong></span> <span class='ocrx_word' id='word_1_347' title='bbox 327 2920 384 2976; x_wconf 92' lang='lat' dir='ltr'><strong>in</strong></span> <span class='ocrx_word' id='word_1_348' title='bbox 400 2921 680 2977; x_wconf 89' lang='lat' dir='ltr'><strong>honorem</strong></span> <span class='ocrx_word' id='word_1_349' title='bbox 704 2921 983 2993; x_wconf 88' lang='lat' dir='ltr'><strong>principis</strong></span> <span class='ocrx_word' id='word_1_350' title='bbox 1000 2912 1418 2992; x_wconf 84' lang='lat' dir='ltr'><strong>apostolorum,</strong></span> <span class='ocrx_word' id='word_1_351' title='bbox 1438 2926 1714 2993; x_wconf 87' lang='lat' dir='ltr'><strong>quattuor</strong></span> <span class='ocrx_word' id='word_1_352' title='bbox 1736 2935 1880 2976; x_wconf 89' lang='lat' dir='ltr'><strong>mar-</strong></span> 
     </span>
    </p>
   </div>
   <div class='ocr_carea' id='block_1_47' title="bbox 215 3009 1881 3083">
    <p class='ocr_par' dir='ltr' id='par_1_47' title="bbox 215 3009 1881 3083">
     <span class='ocr_line' id='line_1_47' title="bbox 215 3009 1881 3083; baseline 0 -18"><span class='ocrx_word' id='word_1_353' title='bbox 215 3010 442 3066; x_wconf 83' lang='lat' dir='ltr'><strong>moreis</strong></span> <span class='ocrx_word' id='word_1_354' title='bbox 482 3024 703 3079; x_wconf 71' lang='lat' dir='ltr'><strong>magna:</strong></span> <span class='ocrx_word' id='word_1_355' title='bbox 748 3009 1081 3066; x_wconf 88' lang='lat' dir='ltr'><strong>altitudinis</strong></span> <span class='ocrx_word' id='word_1_356' title='bbox 1113 3009 1253 3067; x_wconf 88' lang='lat' dir='ltr'><strong>fulta</strong></span> <span class='ocrx_word' id='word_1_357' title='bbox 1288 3012 1635 3083; x_wconf 89' lang='lat' dir='ltr'><strong>columpnis,</strong></span> <span class='ocrx_word' id='word_1_358' title='bbox 1670 3010 1724 3065; x_wconf 92' lang='lat' dir='ltr'><strong>in</strong></span> <span class='ocrx_word' id='word_1_359' title='bbox 1760 3009 1881 3081; x_wconf 89' lang='lat' dir='ltr'><strong>qui-</strong></span> 
     </span>
    </p>
   </div>
   <div class='ocr_carea' id='block_1_48' title="bbox 216 3095 1881 3155">
    <p class='ocr_par' dir='ltr' id='par_1_48' title="bbox 216 3095 1881 3155">
     <span class='ocr_line' id='line_1_48' title="bbox 216 3095 1881 3155; baseline 0 -1"><span class='ocrx_word' id='word_1_360' title='bbox 216 3100 330 3154; x_wconf 90' lang='lat' dir='ltr'><strong>bus</strong></span> <span class='ocrx_word' id='word_1_361' title='bbox 361 3101 485 3154; x_wconf 90' lang='lat' dir='ltr'><strong>tota</strong></span> <span class='ocrx_word' id='word_1_362' title='bbox 520 3095 618 3153; x_wconf 90' lang='lat' dir='ltr'><strong>illa</strong></span> <span class='ocrx_word' id='word_1_363' title='bbox 651 3101 948 3155; x_wconf 89' lang='lat' dir='ltr'><strong>structura</strong></span> <span class='ocrx_word' id='word_1_364' title='bbox 993 3113 1194 3154; x_wconf 88' lang='lat' dir='ltr'><strong>novem</strong></span> <span class='ocrx_word' id='word_1_365' title='bbox 1242 3100 1497 3155; x_wconf 76' lang='lat' dir='ltr'><strong>arcubus</strong></span> <span class='ocrx_word' id='word_1_366' title='bbox 1528 3099 1632 3155; x_wconf 90' lang='lat' dir='ltr'><strong>hac</strong></span> <span class='ocrx_word' id='word_1_367' title='bbox 1658 3104 1714 3155; x_wconf 93' lang='lat' dir='ltr'><strong>et</strong></span> <span class='ocrx_word' id='word_1_368' title='bbox 1748 3097 1881 3154; x_wconf 88' lang='lat' dir='ltr'><strong>illac</strong></span> 
     </span>
    </p>
   </div>
   <div class='ocr_carea' id='block_1_49' title="bbox 216 3187 1881 3259">
    <p class='ocr_par' dir='ltr' id='par_1_49' title="bbox 216 3187 1881 3259">
     <span class='ocr_line' id='line_1_49' title="bbox 216 3187 1881 3259; baseline -0.001 -16"><span class='ocrx_word' id='word_1_369' title='bbox 216 3187 500 3244; x_wconf 89' lang='lat' dir='ltr'><strong>distortis</strong></span> <span class='ocrx_word' id='word_1_370' title='bbox 531 3187 915 3243; x_wconf 87' lang='lat' dir='ltr'><strong>consistebat.</strong></span> <span class='ocrx_word' id='word_1_371' title='bbox 955 3187 1063 3242; x_wconf 91' lang='lat' dir='ltr'><strong>Sed</strong></span> <span class='ocrx_word' id='word_1_372' title='bbox 1098 3187 1245 3259; x_wconf 86' lang='grc'>(471)</span> <span class='ocrx_word' id='word_1_373' title='bbox 1282 3187 1687 3258; x_wconf 88' lang='lat' dir='ltr'><strong>superioribus</strong></span> <span class='ocrx_word' id='word_1_374' title='bbox 1714 3187 1881 3243; x_wconf 90' lang='lat' dir='ltr'><strong>annis</strong></span> 
     </span>
    </p>
   </div>
   <div class='ocr_carea' id='block_1_50' title="bbox 220 3274 1881 3346">
    <p class='ocr_par' dir='ltr' id='par_1_50' title="bbox 220 3274 1881 3346">
     <span class='ocr_line' id='line_1_50' title="bbox 220 3274 1881 3346; baseline -0.001 -15"><span class='ocrx_word' id='word_1_375' title='bbox 220 3290 338 3331; x_wconf 91' lang='lat' dir='ltr'><strong>non</strong></span> <span class='ocrx_word' id='word_1_376' title='bbox 384 3275 589 3346; x_wconf 90' lang='lat' dir='ltr'><strong>paucis</strong></span> <span class='ocrx_word' id='word_1_377' title='bbox 630 3288 743 3331; x_wconf 87' lang='lat' dir='ltr'><strong>una</strong></span> <span class='ocrx_word' id='word_1_378' title='bbox 784 3274 1223 3346; x_wconf 87' lang='lat' dir='ltr'><strong>columpnarum</strong></span> <span class='ocrx_word' id='word_1_379' title='bbox 1257 3275 1486 3331; x_wconf 91' lang='lat' dir='ltr'><strong>illarum</strong></span> <span class='ocrx_word' id='word_1_380' title='bbox 1517 3274 1881 3346; x_wconf 80' lang='lat' dir='ltr'><strong>longitudine</strong></span> 
     </span>
    </p>
   </div>
   <div class='ocr_carea' id='block_1_51' title="bbox 220 3363 1879 3435">
    <p class='ocr_par' dir='ltr' id='par_1_51' title="bbox 220 3363 1879 3435">
     <span class='ocr_line' id='line_1_51' title="bbox 220 3363 1879 3435; baseline -0.002 -14"><span class='ocrx_word' id='word_1_381' title='bbox 220 3363 315 3421; x_wconf 91' lang='lat' dir='ltr'><strong>sui</strong></span> <span class='ocrx_word' id='word_1_382' title='bbox 348 3363 591 3433; x_wconf 86' lang='lat' dir='ltr'><strong>fatigata</strong></span> <span class='ocrx_word' id='word_1_383' title='bbox 637 3368 693 3419; x_wconf 91' lang='lat' dir='ltr'><strong>et</strong></span> <span class='ocrx_word' id='word_1_384' title='bbox 732 3363 927 3420; x_wconf 90' lang='lat' dir='ltr'><strong>oneris</strong></span> <span class='ocrx_word' id='word_1_385' title='bbox 968 3364 1365 3434; x_wconf 84' lang='lat' dir='ltr'><strong>magnitudine</strong></span> <span class='ocrx_word' id='word_1_386' title='bbox 1408 3368 1789 3435; x_wconf 67' lang='lat' dir='ltr'><strong>praegravata,</strong></span> <span class='ocrx_word' id='word_1_387' title='bbox 1826 3363 1879 3418; x_wconf 91' lang='lat' dir='ltr'><strong>in</strong></span> 
     </span>
    </p>
   </div>
   <div class='ocr_carea' id='block_1_52' title="bbox 226 3451 1885 3525">
    <p class='ocr_par' dir='ltr' id='par_1_52' title="bbox 226 3451 1885 3525">
     <span class='ocr_line' id='line_1_52' title="bbox 226 3451 1885 3525; baseline -0.001 -17"><span class='ocrx_word' id='word_1_388' title='bbox 226 3465 497 3525; x_wconf 62' lang='lat' dir='ltr'><strong>preceps</strong></span> <span class='ocrx_word' id='word_1_389' title='bbox 527 3451 841 3522; x_wconf 90' lang='lat' dir='ltr'><strong>ceciderat,</strong></span> <span class='ocrx_word' id='word_1_390' title='bbox 873 3452 953 3507; x_wconf 87' lang='lat' dir='ltr'><strong>ita</strong></span> <span class='ocrx_word' id='word_1_391' title='bbox 981 3456 1040 3508; x_wconf 91' lang='lat' dir='ltr'><strong>ut</strong></span> <span class='ocrx_word' id='word_1_392' title='bbox 1065 3452 1257 3508; x_wconf 89' lang='lat' dir='ltr'><strong>nullus</strong></span> <span class='ocrx_word' id='word_1_393' title='bbox 1284 3452 1493 3509; x_wconf 84' lang='lat' dir='ltr'><strong>timore</strong></span> <span class='ocrx_word' id='word_1_394' title='bbox 1524 3452 1706 3508; x_wconf 67' lang='lat' dir='ltr'><strong>ruinae</strong></span> <span class='ocrx_word' id='word_1_395' title='bbox 1739 3451 1885 3508; x_wconf 88' lang='lat' dir='ltr'><strong>divi-</strong></span> 
     </span>
    </p>
   </div>
   <div class='ocr_carea' id='block_1_53' title="bbox 228 3539 1879 3612">
    <p class='ocr_par' dir='ltr' id='par_1_53' title="bbox 228 3539 1879 3612">
     <span class='ocr_line' id='line_1_53' title="bbox 228 3539 1879 3612; baseline -0.002 -14"><span class='ocrx_word' id='word_1_396' title='bbox 228 3556 368 3598; x_wconf 90' lang='lat' dir='ltr'><strong>num</strong></span> <span class='ocrx_word' id='word_1_397' title='bbox 419 3540 498 3595; x_wconf 88' lang='lat' dir='ltr'><strong>ibi</strong></span> <span class='ocrx_word' id='word_1_398' title='bbox 548 3541 878 3597; x_wconf 89' lang='lat' dir='ltr'><strong>celebraret</strong></span> <span class='ocrx_word' id='word_1_399' title='bbox 928 3539 1194 3598; x_wconf 79' lang='lat' dir='ltr'><strong>officium.</strong></span> <span class='ocrx_word' id='word_1_400' title='bbox 1250 3540 1455 3596; x_wconf 88' lang='lat' dir='ltr'><strong>Nullus</strong></span> <span class='ocrx_word' id='word_1_401' title='bbox 1504 3555 1736 3612; x_wconf 91' lang='lat' dir='ltr'><strong>quoque</strong></span> <span class='ocrx_word' id='word_1_402' title='bbox 1784 3542 1879 3612; x_wconf 90' lang='lat' dir='ltr'><strong>qui</strong></span> 
     </span>
    </p>
   </div>
   <div class='ocr_carea' id='block_1_54' title="bbox 230 3628 1885 3701">
    <p class='ocr_par' dir='ltr' id='par_1_54' title="bbox 230 3628 1885 3701">
     <span class='ocr_line' id='line_1_54' title="bbox 230 3628 1885 3701; baseline 0.001 -17"><span class='ocrx_word' id='word_1_403' title='bbox 230 3635 391 3686; x_wconf 88' lang='lat' dir='ltr'><strong>tecta</strong></span> <span class='ocrx_word' id='word_1_404' title='bbox 446 3629 718 3685; x_wconf 78' lang='lat' dir='ltr'><strong>reﬁceret</strong></span> <span class='ocrx_word' id='word_1_405' title='bbox 767 3629 1020 3686; x_wconf 86' lang='lat' dir='ltr'><strong>audebat</strong></span> <span class='ocrx_word' id='word_1_406' title='bbox 1069 3628 1406 3698; x_wconf 91' lang='lat' dir='ltr'><strong>ascendere,</strong></span> <span class='ocrx_word' id='word_1_407' title='bbox 1462 3633 1700 3701; x_wconf 92' lang='lat' dir='ltr'><strong>propter</strong></span> <span class='ocrx_word' id='word_1_408' title='bbox 1730 3628 1885 3700; x_wconf 89' lang='lat' dir='ltr'><strong>quod</strong></span> 
     </span>
    </p>
   </div>
   <div class='ocr_carea' id='block_1_55' title="bbox 230 3715 1888 3787">
    <p class='ocr_par' dir='ltr' id='par_1_55' title="bbox 230 3715 1888 3787">
     <span class='ocr_line' id='line_1_55' title="bbox 230 3715 1888 3787; baseline -0.001 -12"><span class='ocrx_word' id='word_1_409' title='bbox 230 3718 465 3775; x_wconf 88' lang='lat' dir='ltr'><strong>diutino</strong></span> <span class='ocrx_word' id='word_1_410' title='bbox 515 3716 785 3787; x_wconf 89' lang='lat' dir='ltr'><strong>neglectu</strong></span> <span class='ocrx_word' id='word_1_411' title='bbox 833 3715 923 3749; x_wconf 77' lang='grc'>¹⁶⁸¹</span> <span class='ocrx_word' id='word_1_412' title='bbox 970 3716 1040 3772; x_wconf 90' lang='lat' dir='ltr'><strong>ad</strong></span> <span class='ocrx_word' id='word_1_413' title='bbox 1088 3718 1145 3772; x_wconf 86' lang='lat' dir='ltr'><strong>id</strong></span> <span class='ocrx_word' id='word_1_414' title='bbox 1192 3731 1384 3773; x_wconf 90' lang='lat' dir='ltr'><strong>rerum</strong></span> <span class='ocrx_word' id='word_1_415' title='bbox 1433 3719 1771 3787; x_wconf 84' lang='lat' dir='ltr'><strong>devenerat,</strong></span> <span class='ocrx_word' id='word_1_416' title='bbox 1823 3721 1888 3773; x_wconf 91' lang='lat' dir='ltr'><strong>ut</strong></span> 
     </span>
    </p>
   </div>
   <div class='ocr_carea' id='block_1_56' title="bbox 222 3805 1886 3879">
    <p class='ocr_par' dir='ltr' id='par_1_56' title="bbox 222 3805 1886 3879">
     <span class='ocr_line' id='line_1_56' title="bbox 222 3805 1886 3879; baseline 0.002 -17"><span class='ocrx_word' id='word_1_417' title='bbox 222 3808 342 3877; x_wconf 91' lang='lat' dir='ltr'><strong>jam</strong></span> <span class='ocrx_word' id='word_1_418' title='bbox 365 3807 575 3862; x_wconf 91' lang='lat' dir='ltr'><strong>domus</strong></span> <span class='ocrx_word' id='word_1_419' title='bbox 595 3806 888 3862; x_wconf 89' lang='lat' dir='ltr'><strong>oracionis</strong></span> <span class='ocrx_word' id='word_1_420' title='bbox 907 3821 1016 3863; x_wconf 91' lang='lat' dir='ltr'><strong>non</strong></span> <span class='ocrx_word' id='word_1_421' title='bbox 1038 3805 1354 3877; x_wconf 89' lang='lat' dir='ltr'><strong>diceretur,</strong></span> <span class='ocrx_word' id='word_1_422' title='bbox 1372 3806 1473 3863; x_wconf 90' lang='lat' dir='ltr'><strong>sed</strong></span> <span class='ocrx_word' id='word_1_423' title='bbox 1494 3822 1523 3862; x_wconf 92' lang='lat' dir='ltr'><strong>a</strong></span> <span class='ocrx_word' id='word_1_424' title='bbox 1548 3807 1886 3879; x_wconf 89' lang='lat' dir='ltr'><strong>pastoribus</strong></span> 
     </span>
    </p>
   </div>
   <div class='ocr_carea' id='block_1_57' title="bbox 228 3894 1889 3967">
    <p class='ocr_par' dir='ltr' id='par_1_57' title="bbox 228 3894 1889 3967">
     <span class='ocr_line' id='line_1_57' title="bbox 228 3894 1889 3967; baseline 0 -16"><span class='ocrx_word' id='word_1_425' title='bbox 228 3909 415 3967; x_wconf 90' lang='lat' dir='ltr'><strong>pecus</strong></span> <span class='ocrx_word' id='word_1_426' title='bbox 447 3894 524 3950; x_wconf 91' lang='lat' dir='ltr'><strong>ibi</strong></span> <span class='ocrx_word' id='word_1_427' title='bbox 559 3898 791 3965; x_wconf 90' lang='lat' dir='ltr'><strong>pastum</strong></span> <span class='ocrx_word' id='word_1_428' title='bbox 826 3894 1163 3951; x_wconf 88' lang='lat' dir='ltr'><strong>minaretur.</strong></span> <span class='ocrx_word' id='word_1_429' title='bbox 1200 3895 1355 3949; x_wconf 88' lang='lat' dir='ltr'><strong>Hanc</strong></span> <span class='ocrx_word' id='word_1_430' title='bbox 1390 3894 1514 3966; x_wconf 89' lang='lat' dir='ltr'><strong>ipse</strong></span> <span class='ocrx_word' id='word_1_431' title='bbox 1548 3894 1744 3951; x_wconf 92' lang='lat' dir='ltr'><strong>labore</strong></span> <span class='ocrx_word' id='word_1_432' title='bbox 1774 3910 1889 3951; x_wconf 90' lang='lat' dir='ltr'><strong>ma-</strong></span> 
     </span>
    </p>
   </div>
   <div class='ocr_carea' id='block_1_58' title="bbox 226 3981 1889 4054">
    <p class='ocr_par' dir='ltr' id='par_1_58' title="bbox 226 3981 1889 4054">
     <span class='ocr_line' id='line_1_58' title="bbox 226 3981 1889 4054; baseline 0.001 -16"><span class='ocrx_word' id='word_1_433' title='bbox 226 3998 346 4053; x_wconf 84' lang='lat' dir='ltr'><strong>gno</strong></span> <span class='ocrx_word' id='word_1_434' title='bbox 375 3988 437 4038; x_wconf 90' lang='lat' dir='ltr'><strong>et</strong></span> <span class='ocrx_word' id='word_1_435' title='bbox 470 3982 731 4054; x_wconf 87' lang='lat' dir='ltr'><strong>inpensa,</strong></span> <span class='ocrx_word' id='word_1_436' title='bbox 784 3982 1001 4039; x_wconf 90' lang='lat' dir='ltr'><strong>eisdem</strong></span> <span class='ocrx_word' id='word_1_437' title='bbox 1054 3981 1381 4053; x_wconf 91' lang='lat' dir='ltr'><strong>columpnis</strong></span> <span class='ocrx_word' id='word_1_438' title='bbox 1432 3982 1597 4053; x_wconf 91' lang='lat' dir='ltr'><strong>quasi</strong></span> <span class='ocrx_word' id='word_1_439' title='bbox 1647 3983 1889 4039; x_wconf 91' lang='lat' dir='ltr'><strong>circum-</strong></span> 
     </span>
    </p>
   </div>
   <div class='ocr_carea' id='block_1_59' title="bbox 229 4069 1886 4143">
    <p class='ocr_par' dir='ltr' id='par_1_59' title="bbox 229 4069 1886 4143">
     <span class='ocr_line' id='line_1_59' title="bbox 229 4069 1886 4143; baseline 0 -16"><span class='ocrx_word' id='word_1_440' title='bbox 229 4071 466 4127; x_wconf 84' lang='lat' dir='ltr'><strong>amietis</strong></span> <span class='ocrx_word' id='word_1_441' title='bbox 481 4069 573 4102; x_wconf 79' lang='grc'>²⁶⁸¹</span> <span class='ocrx_word' id='word_1_442' title='bbox 596 4070 852 4140; x_wconf 89' lang='lat' dir='ltr'><strong>basibus,</strong></span> <span class='ocrx_word' id='word_1_443' title='bbox 870 4085 1013 4141; x_wconf 90' lang='lat' dir='ltr'><strong>quas</strong></span> <span class='ocrx_word' id='word_1_444' title='bbox 1032 4069 1255 4127; x_wconf 89' lang='lat' dir='ltr'><strong>usualis</strong></span> <span class='ocrx_word' id='word_1_445' title='bbox 1274 4069 1493 4127; x_wconf 89' lang='lat' dir='ltr'><strong>locutio</strong></span> <span class='ocrx_word' id='word_1_446' title='bbox 1512 4070 1886 4143; x_wconf 67' lang='lat' dir='ltr'><strong>pilares(i72)</strong></span> 
     </span>
    </p>
   </div>
   <div class='ocr_carea' id='block_1_60' title="bbox 231 4157 1885 4231">
    <p class='ocr_par' dir='ltr' id='par_1_60' title="bbox 231 4157 1885 4231">
     <span class='ocr_line' id='line_1_60' title="bbox 231 4157 1885 4231; baseline -0.001 -16"><span class='ocrx_word' id='word_1_447' title='bbox 231 4163 533 4230; x_wconf 89' lang='lat' dir='ltr'><strong>nuncupat</strong></span> <span class='ocrx_word' id='word_1_448' title='bbox 566 4157 679 4229; x_wconf 63' lang='lat'><strong>&quot;3’,</strong></span> <span class='ocrx_word' id='word_1_449' title='bbox 713 4158 967 4230; x_wconf 89' lang='lat' dir='ltr'><strong>itemque</strong></span> <span class='ocrx_word' id='word_1_450' title='bbox 999 4159 1253 4216; x_wconf 88' lang='lat' dir='ltr'><strong>arcubus</strong></span> <span class='ocrx_word' id='word_1_451' title='bbox 1282 4158 1581 4231; x_wconf 89' lang='lat' dir='ltr'><strong>prioribus</strong></span> <span class='ocrx_word' id='word_1_452' title='bbox 1609 4158 1885 4215; x_wconf 87' lang='lat' dir='ltr'><strong>laudabili</strong></span> 
     </span>
    </p>
   </div>
   <div class='ocr_carea' id='block_1_61' title="bbox 1987 1833 3633 1905">
    <p class='ocr_par' dir='ltr' id='par_1_61' title="bbox 1987 1833 3633 1905">
     <span class='ocr_line' id='line_1_61' title="bbox 1987 1833 3633 1905; baseline 0 -15"><span class='ocrx_word' id='word_1_453' title='bbox 1987 1840 2180 1892; x_wconf 87' lang='lat' dir='ltr'><strong>ratore</strong></span> <span class='ocrx_word' id='word_1_454' title='bbox 2204 1839 2395 1892; x_wconf 87' lang='lat' dir='ltr'><strong>autem</strong></span> <span class='ocrx_word' id='word_1_455' title='bbox 2421 1835 2696 1902; x_wconf 89' lang='lat' dir='ltr'><strong>secundo,</strong></span> <span class='ocrx_word' id='word_1_456' title='bbox 2718 1834 2870 1890; x_wconf 91' lang='lat' dir='ltr'><strong>sicut</strong></span> <span class='ocrx_word' id='word_1_457' title='bbox 2892 1834 2945 1888; x_wconf 89' lang='lat' dir='ltr'><strong>in</strong></span> <span class='ocrx_word' id='word_1_458' title='bbox 2969 1834 3281 1905; x_wconf 72' lang='lat' dir='ltr'><strong>praeceptis</strong></span> <span class='ocrx_word' id='word_1_459' title='bbox 3304 1833 3536 1891; x_wconf 90' lang='lat' dir='ltr'><strong>illorum</strong></span> <span class='ocrx_word' id='word_1_460' title='bbox 3562 1833 3633 1890; x_wconf 89' lang='lat' dir='ltr'><strong>de</strong></span> 
     </span>
    </p>
   </div>
   <div class='ocr_carea' id='block_1_62' title="bbox 1983 1921 3631 1992">
    <p class='ocr_par' dir='ltr' id='par_1_62' title="bbox 1983 1921 3631 1992">
     <span class='ocr_line' id='line_1_62' title="bbox 1983 1921 3631 1992; baseline -0.001 -12"><span class='ocrx_word' id='word_1_461' title='bbox 1983 1922 2375 1980; x_wconf 74' lang='lat' dir='ltr'><strong>Treverim’m</strong></span> <span class='ocrx_word' id='word_1_462' title='bbox 2389 1923 2743 1991; x_wconf 88' lang='lat' dir='ltr'><strong>continetur,</strong></span> <span class='ocrx_word' id='word_1_463' title='bbox 2764 1923 3084 1978; x_wconf 89' lang='lat' dir='ltr'><strong>honoratus</strong></span> <span class='ocrx_word' id='word_1_464' title='bbox 3105 1923 3314 1989; x_wconf 83' lang='lat' dir='ltr'><strong>fuerat,</strong></span> <span class='ocrx_word' id='word_1_465' title='bbox 3332 1921 3631 1992; x_wconf 82' lang='lat' dir='ltr'><strong>magnifice</strong></span> 
     </span>
    </p>
   </div>
   <div class='ocr_carea' id='block_1_63' title="bbox 1985 2009 3632 2081">
    <p class='ocr_par' dir='ltr' id='par_1_63' title="bbox 1985 2009 3632 2081">
     <span class='ocr_line' id='line_1_63' title="bbox 1985 2009 3632 2081; baseline -0.002 -13"><span class='ocrx_word' id='word_1_466' title='bbox 1985 2012 2215 2068; x_wconf 90' lang='lat' dir='ltr'><strong>ditavit.</strong></span> <span class='ocrx_word' id='word_1_467' title='bbox 2252 2010 2624 2069; x_wconf 86' lang='lat' dir='ltr'><strong>Postmodum</strong></span> <span class='ocrx_word' id='word_1_468' title='bbox 2650 2015 2839 2067; x_wconf 90' lang='lat' dir='ltr'><strong>autem</strong></span> <span class='ocrx_word' id='word_1_469' title='bbox 2865 2010 3082 2081; x_wconf 90' lang='lat' dir='ltr'><strong>placuit</strong></span> <span class='ocrx_word' id='word_1_470' title='bbox 3107 2010 3158 2064; x_wconf 91' lang='lat' dir='ltr'><strong>ei</strong></span> <span class='ocrx_word' id='word_1_471' title='bbox 3182 2011 3421 2066; x_wconf 87' lang='lat' dir='ltr'><strong>eandem</strong></span> <span class='ocrx_word' id='word_1_472' title='bbox 3445 2009 3632 2067; x_wconf 89' lang='lat' dir='ltr'><strong>eccle-</strong></span> 
     </span>
    </p>
   </div>
   <div class='ocr_carea' id='block_1_64' title="bbox 1984 2096 3632 2173">
    <p class='ocr_par' dir='ltr' id='par_1_64' title="bbox 1984 2096 3632 2173">
     <span class='ocr_line' id='line_1_64' title="bbox 1984 2096 3632 2173; baseline -0.002 -16"><span class='ocrx_word' id='word_1_473' title='bbox 1984 2100 2126 2157; x_wconf 86' lang='lat' dir='ltr'><strong>siam</strong></span> <span class='ocrx_word' id='word_1_474' title='bbox 2146 2099 2483 2173; x_wconf 91' lang='lat' dir='ltr'><strong>ampliorem</strong></span> <span class='ocrx_word' id='word_1_475' title='bbox 2506 2100 2768 2168; x_wconf 89' lang='lat' dir='ltr'><strong>reddere,</strong></span> <span class='ocrx_word' id='word_1_476' title='bbox 2787 2098 3040 2169; x_wconf 85' lang='lat' dir='ltr'><strong>fecitque</strong></span> <span class='ocrx_word' id='word_1_477' title='bbox 3058 2102 3118 2155; x_wconf 89' lang='lat' dir='ltr'><strong>ut</strong></span> <span class='ocrx_word' id='word_1_478' title='bbox 3134 2113 3285 2155; x_wconf 90' lang='lat' dir='ltr'><strong>nunc</strong></span> <span class='ocrx_word' id='word_1_479' title='bbox 3307 2096 3483 2155; x_wconf 88' lang='lat' dir='ltr'><strong>tercia</strong></span> <span class='ocrx_word' id='word_1_480' title='bbox 3508 2103 3632 2154; x_wconf 86' lang='lat' dir='ltr'><strong>tan-</strong></span> 
     </span>
    </p>
   </div>
   <div class='ocr_carea' id='block_1_65' title="bbox 1984 2186 3632 2260">
    <p class='ocr_par' dir='ltr' id='par_1_65' title="bbox 1984 2186 3632 2260">
     <span class='ocr_line' id='line_1_65' title="bbox 1984 2186 3632 2260; baseline 0 -17"><span class='ocrx_word' id='word_1_481' title='bbox 1984 2193 2107 2246; x_wconf 90' lang='lat' dir='ltr'><strong>tum</strong></span> <span class='ocrx_word' id='word_1_482' title='bbox 2127 2192 2405 2259; x_wconf 90' lang='lat' dir='ltr'><strong>quantum</strong></span> <span class='ocrx_word' id='word_1_483' title='bbox 2426 2188 2586 2260; x_wconf 90' lang='lat' dir='ltr'><strong>prius</strong></span> <span class='ocrx_word' id='word_1_484' title='bbox 2604 2187 2857 2244; x_wconf 89' lang='lat' dir='ltr'><strong>ambitus</strong></span> <span class='ocrx_word' id='word_1_485' title='bbox 2874 2188 3000 2257; x_wconf 89' lang='lat' dir='ltr'><strong>ejus</strong></span> <span class='ocrx_word' id='word_1_486' title='bbox 3016 2191 3182 2257; x_wconf 90' lang='lat' dir='ltr'><strong>parte</strong></span> <span class='ocrx_word' id='word_1_487' title='bbox 3203 2187 3277 2242; x_wconf 92' lang='lat' dir='ltr'><strong>sit</strong></span> <span class='ocrx_word' id='word_1_488' title='bbox 3299 2186 3496 2255; x_wconf 88' lang='lat' dir='ltr'><strong>major.</strong></span> <span class='ocrx_word' id='word_1_489' title='bbox 3526 2189 3632 2243; x_wconf 90' lang='lat' dir='ltr'><strong>Cu-</strong></span> 
     </span>
    </p>
   </div>
   <div class='ocr_carea' id='block_1_66' title="bbox 1979 2275 3632 2347">
    <p class='ocr_par' dir='ltr' id='par_1_66' title="bbox 1979 2275 3632 2347">
     <span class='ocr_line' id='line_1_66' title="bbox 1979 2275 3632 2347; baseline -0.004 -13"><span class='ocrx_word' id='word_1_490' title='bbox 1979 2277 2077 2347; x_wconf 88' lang='lat' dir='ltr'><strong>jus</strong></span> <span class='ocrx_word' id='word_1_491' title='bbox 2106 2281 2441 2347; x_wconf 65' lang='lat' dir='ltr'><strong>structuraa,</strong></span> <span class='ocrx_word' id='word_1_492' title='bbox 2476 2282 2537 2333; x_wconf 89' lang='lat' dir='ltr'><strong>ut</strong></span> <span class='ocrx_word' id='word_1_493' title='bbox 2570 2275 2785 2347; x_wconf 87' lang='lat' dir='ltr'><strong>audivi,</strong></span> <span class='ocrx_word' id='word_1_494' title='bbox 2822 2280 3038 2331; x_wconf 88' lang='lat' dir='ltr'><strong>tantam</strong></span> <span class='ocrx_word' id='word_1_495' title='bbox 3074 2275 3428 2331; x_wconf 84' lang='lat' dir='ltr'><strong>fundamenti</strong></span> <span class='ocrx_word' id='word_1_496' title='bbox 3456 2275 3632 2345; x_wconf 90' lang='lat' dir='ltr'><strong>jussit</strong></span> 
     </span>
    </p>
   </div>
   <div class='ocr_carea' id='block_1_67' title="bbox 1988 2362 3634 2437">
    <p class='ocr_par' dir='ltr' id='par_1_67' title="bbox 1988 2362 3634 2437">
     <span class='ocr_line' id='line_1_67' title="bbox 1988 2362 3634 2437; baseline -0.001 -16"><span class='ocrx_word' id='word_1_497' title='bbox 1988 2364 2112 2421; x_wconf 88' lang='lat' dir='ltr'><strong>fieri</strong></span> <span class='ocrx_word' id='word_1_498' title='bbox 2143 2365 2236 2399; x_wconf 70' lang='grc'><strong>’⁸⁸⁸</strong></span> <span class='ocrx_word' id='word_1_499' title='bbox 2268 2366 2745 2437; x_wconf 86' lang='lat' dir='ltr'><strong>profunditatem,</strong></span> <span class='ocrx_word' id='word_1_500' title='bbox 2782 2369 3053 2435; x_wconf 89' lang='lat' dir='ltr'><strong>quantam</strong></span> <span class='ocrx_word' id='word_1_501' title='bbox 3085 2378 3235 2420; x_wconf 91' lang='lat' dir='ltr'><strong>nunc</strong></span> <span class='ocrx_word' id='word_1_502' title='bbox 3266 2362 3428 2420; x_wconf 91' lang='lat' dir='ltr'><strong>vides</strong></span> <span class='ocrx_word' id='word_1_503' title='bbox 3462 2368 3634 2419; x_wconf 59' lang='lat' dir='ltr'><strong>terrai</strong></span> 
     </span>
    </p>
   </div>
   <div class='ocr_carea' id='block_1_68' title="bbox 1987 2451 3638 2525">
    <p class='ocr_par' dir='ltr' id='par_1_68' title="bbox 1987 2451 3638 2525">
     <span class='ocr_line' id='line_1_68' title="bbox 1987 2451 3638 2525; baseline -0.002 -14"><span class='ocrx_word' id='word_1_504' title='bbox 1987 2454 2532 2525; x_wconf 88' lang='lat' dir='ltr'><strong>supereminentem.</strong></span> <span class='ocrx_word' id='word_1_505' title='bbox 2570 2453 2713 2510; x_wconf 84' lang='lat' dir='ltr'><strong>Huic</strong></span> <span class='ocrx_word' id='word_1_506' title='bbox 2737 2453 2950 2508; x_wconf 82' lang='lat' dir='ltr'><strong>etenim</strong></span> <span class='ocrx_word' id='word_1_507' title='bbox 2976 2453 3138 2524; x_wconf 91' lang='lat' dir='ltr'><strong>operi</strong></span> <span class='ocrx_word' id='word_1_508' title='bbox 3161 2467 3290 2509; x_wconf 92' lang='lat' dir='ltr'><strong>cum</strong></span> <span class='ocrx_word' id='word_1_509' title='bbox 3314 2451 3638 2509; x_wconf 90' lang='lat' dir='ltr'><strong>studiosius</strong></span> 
     </span>
    </p>
   </div>
   <div class='ocr_carea' id='block_1_69' title="bbox 1988 2540 3642 2613">
    <p class='ocr_par' dir='ltr' id='par_1_69' title="bbox 1988 2540 3642 2613">
     <span class='ocr_line' id='line_1_69' title="bbox 1988 2540 3642 2613; baseline -0.001 -16"><span class='ocrx_word' id='word_1_510' title='bbox 1988 2542 2311 2612; x_wconf 89' lang='lat' dir='ltr'><strong>insisteret,</strong></span> <span class='ocrx_word' id='word_1_511' title='bbox 2346 2556 2608 2613; x_wconf 91' lang='lat' dir='ltr'><strong>opusque</strong></span> <span class='ocrx_word' id='word_1_512' title='bbox 2633 2541 2748 2611; x_wconf 90' lang='lat' dir='ltr'><strong>jam</strong></span> <span class='ocrx_word' id='word_1_513' title='bbox 2780 2540 2851 2598; x_wconf 92' lang='lat' dir='ltr'><strong>ad</strong></span> <span class='ocrx_word' id='word_1_514' title='bbox 2880 2540 3065 2597; x_wconf 58' lang='lat' dir='ltr'><strong>hastae</strong></span> <span class='ocrx_word' id='word_1_515' title='bbox 3095 2540 3515 2610; x_wconf 83' lang='lat' dir='ltr'><strong>longitudinem</strong></span> <span class='ocrx_word' id='word_1_516' title='bbox 3547 2555 3642 2596; x_wconf 86' lang='lat' dir='ltr'><strong>su-</strong></span> 
     </span>
    </p>
   </div>
   <div class='ocr_carea' id='block_1_70' title="bbox 1988 2628 3639 2701">
    <p class='ocr_par' dir='ltr' id='par_1_70' title="bbox 1988 2628 3639 2701">
     <span class='ocr_line' id='line_1_70' title="bbox 1988 2628 3639 2701; baseline -0.002 -15"><span class='ocrx_word' id='word_1_517' title='bbox 1988 2645 2092 2701; x_wconf 91' lang='lat' dir='ltr'><strong>per</strong></span> <span class='ocrx_word' id='word_1_518' title='bbox 2120 2634 2338 2686; x_wconf 90' lang='lat' dir='ltr'><strong>terram</strong></span> <span class='ocrx_word' id='word_1_519' title='bbox 2374 2629 2646 2686; x_wconf 90' lang='lat' dir='ltr'><strong>eductum</strong></span> <span class='ocrx_word' id='word_1_520' title='bbox 2680 2629 2907 2697; x_wconf 90' lang='lat' dir='ltr'><strong>fuisset,</strong></span> <span class='ocrx_word' id='word_1_521' title='bbox 2935 2628 3027 2683; x_wconf 91' lang='lat' dir='ltr'><strong>die</strong></span> <span class='ocrx_word' id='word_1_522' title='bbox 3052 2630 3296 2697; x_wconf 90' lang='lat' dir='ltr'><strong>quadam</strong></span> <span class='ocrx_word' id='word_1_523' title='bbox 3320 2644 3449 2684; x_wconf 89' lang='lat' dir='ltr'><strong>eum</strong></span> <span class='ocrx_word' id='word_1_524' title='bbox 3475 2628 3639 2684; x_wconf 91' lang='lat' dir='ltr'><strong>sede-</strong></span> 
     </span>
    </p>
   </div>
   <div class='ocr_carea' id='block_1_71' title="bbox 1990 2715 3640 2786">
    <p class='ocr_par' dir='ltr' id='par_1_71' title="bbox 1990 2715 3640 2786">
     <span class='ocr_line' id='line_1_71' title="bbox 1990 2715 3640 2786; baseline -0.002 -12"><span class='ocrx_word' id='word_1_525' title='bbox 1990 2723 2080 2774; x_wconf 91' lang='lat' dir='ltr'><strong>ret</strong></span> <span class='ocrx_word' id='word_1_526' title='bbox 2103 2718 2198 2775; x_wconf 92' lang='lat' dir='ltr'><strong>ubi</strong></span> <span class='ocrx_word' id='word_1_527' title='bbox 2220 2717 2412 2786; x_wconf 87' lang='lat' dir='ltr'><strong>fiebat,</strong></span> <span class='ocrx_word' id='word_1_528' title='bbox 2446 2716 2554 2785; x_wconf 90' lang='lat' dir='ltr'><strong>sol,</strong></span> <span class='ocrx_word' id='word_1_529' title='bbox 2586 2721 2649 2772; x_wconf 92' lang='lat' dir='ltr'><strong>ut</strong></span> <span class='ocrx_word' id='word_1_530' title='bbox 2672 2721 2799 2771; x_wconf 89' lang='lat' dir='ltr'><strong>erat</strong></span> <span class='ocrx_word' id='word_1_531' title='bbox 2832 2715 3007 2771; x_wconf 91' lang='lat' dir='ltr'><strong>solito</strong></span> <span class='ocrx_word' id='word_1_532' title='bbox 3040 2716 3377 2784; x_wconf 90' lang='lat' dir='ltr'><strong>ferventior,</strong></span> <span class='ocrx_word' id='word_1_533' title='bbox 3408 2715 3640 2771; x_wconf 90' lang='lat' dir='ltr'><strong>refulsit</strong></span> 
     </span>
    </p>
   </div>
   <div class='ocr_carea' id='block_1_72' title="bbox 1990 2802 3641 2877">
    <p class='ocr_par' dir='ltr' id='par_1_72' title="bbox 1990 2802 3641 2877">
     <span class='ocr_line' id='line_1_72' title="bbox 1990 2802 3641 2877; baseline -0.002 -16"><span class='ocrx_word' id='word_1_534' title='bbox 1990 2806 2045 2862; x_wconf 93' lang='lat' dir='ltr'><strong>in</strong></span> <span class='ocrx_word' id='word_1_535' title='bbox 2069 2804 2257 2877; x_wconf 89' lang='lat' dir='ltr'><strong>capud</strong></span> <span class='ocrx_word' id='word_1_536' title='bbox 2280 2806 2405 2876; x_wconf 89' lang='lat' dir='ltr'><strong>ejus</strong></span> <span class='ocrx_word' id='word_1_537' title='bbox 2425 2835 2486 2844; x_wconf 90' lang='lat'>—</span> <span class='ocrx_word' id='word_1_538' title='bbox 2508 2809 2635 2859; x_wconf 88' lang='lat' dir='ltr'><strong>erat</strong></span> <span class='ocrx_word' id='word_1_539' title='bbox 2658 2804 2807 2858; x_wconf 91' lang='lat' dir='ltr'><strong>enim</strong></span> <span class='ocrx_word' id='word_1_540' title='bbox 2831 2802 3031 2859; x_wconf 89' lang='lat' dir='ltr'><strong>calvus</strong></span> <span class='ocrx_word' id='word_1_541' title='bbox 3054 2834 3122 2841; x_wconf 87' lang='lat'><strong>—</strong></span> <span class='ocrx_word' id='word_1_542' title='bbox 3143 2809 3200 2858; x_wconf 91' lang='lat' dir='ltr'><strong>et</strong></span> <span class='ocrx_word' id='word_1_543' title='bbox 3227 2803 3521 2860; x_wconf 89' lang='lat' dir='ltr'><strong>incanduit</strong></span> <span class='ocrx_word' id='word_1_544' title='bbox 3548 2818 3641 2859; x_wconf 77' lang='lat' dir='ltr'><strong>ce-</strong></span> 
     </span>
    </p>
   </div>
   <div class='ocr_carea' id='block_1_73' title="bbox 1992 2890 3638 2965">
    <p class='ocr_par' dir='ltr' id='par_1_73' title="bbox 1992 2890 3638 2965">
     <span class='ocr_line' id='line_1_73' title="bbox 1992 2890 3638 2965; baseline -0.002 -15"><span class='ocrx_word' id='word_1_545' title='bbox 1992 2895 2222 2952; x_wconf 89' lang='lat' dir='ltr'><strong>rebrum</strong></span> <span class='ocrx_word' id='word_1_546' title='bbox 2254 2894 2399 2965; x_wconf 88' lang='lat' dir='ltr'><strong>ejus,</strong></span> <span class='ocrx_word' id='word_1_547' title='bbox 2431 2898 2486 2948; x_wconf 89' lang='lat' dir='ltr'><strong>et</strong></span> <span class='ocrx_word' id='word_1_548' title='bbox 2520 2892 2675 2948; x_wconf 91' lang='lat' dir='ltr'><strong>sicut</strong></span> <span class='ocrx_word' id='word_1_549' title='bbox 2706 2891 2854 2947; x_wconf 91' lang='lat' dir='ltr'><strong>solet</strong></span> <span class='ocrx_word' id='word_1_550' title='bbox 2885 2891 3043 2946; x_wconf 90' lang='lat' dir='ltr'><strong>febre</strong></span> <span class='ocrx_word' id='word_1_551' title='bbox 3073 2896 3407 2961; x_wconf 91' lang='lat' dir='ltr'><strong>correptus,</strong></span> <span class='ocrx_word' id='word_1_552' title='bbox 3441 2890 3511 2946; x_wconf 89' lang='lat' dir='ltr'><strong>de</strong></span> <span class='ocrx_word' id='word_1_553' title='bbox 3545 2890 3638 2947; x_wconf 91' lang='lat' dir='ltr'><strong>die</strong></span> 
     </span>
    </p>
   </div>
   <div class='ocr_carea' id='block_1_74' title="bbox 1993 2978 3639 3051">
    <p class='ocr_par' dir='ltr' id='par_1_74' title="bbox 1993 2978 3639 3051">
     <span class='ocr_line' id='line_1_74' title="bbox 1993 2978 3639 3051; baseline -0.002 -12"><span class='ocrx_word' id='word_1_554' title='bbox 1993 2984 2048 3039; x_wconf 92' lang='lat' dir='ltr'><strong>in</strong></span> <span class='ocrx_word' id='word_1_555' title='bbox 2091 2982 2241 3039; x_wconf 89' lang='lat' dir='ltr'><strong>diem</strong></span> <span class='ocrx_word' id='word_1_556' title='bbox 2288 2982 2728 3051; x_wconf 87' lang='lat' dir='ltr'><strong>ingravescente</strong></span> <span class='ocrx_word' id='word_1_557' title='bbox 2773 2980 2971 3035; x_wconf 88' lang='lat' dir='ltr'><strong>eadem</strong></span> <span class='ocrx_word' id='word_1_558' title='bbox 3021 2978 3359 3048; x_wconf 89' lang='lat' dir='ltr'><strong>valitudine,</strong></span> <span class='ocrx_word' id='word_1_559' title='bbox 3405 2979 3639 3035; x_wconf 89' lang='lat' dir='ltr'><strong>fortiter</strong></span> 
     </span>
    </p>
   </div>
   <div class='ocr_carea' id='block_1_75' title="bbox 1990 3066 3644 3142">
    <p class='ocr_par' dir='ltr' id='par_1_75' title="bbox 1990 3066 3644 3142">
     <span class='ocr_line' id='line_1_75' title="bbox 1990 3066 3644 3142; baseline -0.004 -13"><span class='ocrx_word' id='word_1_560' title='bbox 1990 3075 2283 3142; x_wconf 61' lang='lat' dir='ltr'><strong>mgrotare</strong></span> <span class='ocrx_word' id='word_1_561' title='bbox 2312 3069 2522 3141; x_wconf 72' lang='lat' dir='ltr'><strong>cmpit;</strong></span> <span class='ocrx_word' id='word_1_562' title='bbox 2556 3082 2661 3125; x_wconf 92' lang='lat' dir='ltr'><strong>nec</strong></span> <span class='ocrx_word' id='word_1_563' title='bbox 2692 3067 2874 3124; x_wconf 91' lang='lat' dir='ltr'><strong>multo</strong></span> <span class='ocrx_word' id='word_1_564' title='bbox 2905 3072 3033 3139; x_wconf 89' lang='lat' dir='ltr'><strong>post</strong></span> <span class='ocrx_word' id='word_1_565' title='bbox 3076 3068 3145 3123; x_wconf 92' lang='lat' dir='ltr'><strong>ad</strong></span> <span class='ocrx_word' id='word_1_566' title='bbox 3189 3067 3390 3124; x_wconf 90' lang='lat' dir='ltr'><strong>ultima</strong></span> <span class='ocrx_word' id='word_1_567' title='bbox 3433 3066 3644 3123; x_wconf 90' lang='lat' dir='ltr'><strong>ductus</strong></span> 
     </span>
    </p>
   </div>
   <div class='ocr_carea' id='block_1_76' title="bbox 1993 3154 3648 3232">
    <p class='ocr_par' dir='ltr' id='par_1_76' title="bbox 1993 3154 3648 3232">
     <span class='ocr_line' id='line_1_76' title="bbox 1993 3154 3648 3232; baseline -0.004 -16"><span class='ocrx_word' id='word_1_568' title='bbox 1993 3158 2261 3232; x_wconf 89' lang='lat' dir='ltr'><strong>spiritum</strong></span> <span class='ocrx_word' id='word_1_569' title='bbox 2289 3156 2543 3214; x_wconf 88' lang='lat' dir='ltr'><strong>reddidit</strong></span> <span class='ocrx_word' id='word_1_570' title='bbox 2560 3157 2667 3214; x_wconf 91' lang='lat' dir='ltr'><strong>sub</strong></span> <span class='ocrx_word' id='word_1_571' title='bbox 2687 3155 2780 3212; x_wconf 91' lang='lat' dir='ltr'><strong>die</strong></span> <span class='ocrx_word' id='word_1_572' title='bbox 2799 3154 2980 3211; x_wconf 75' lang='lat'><strong>&quot;&quot;16</strong></span> <span class='ocrx_word' id='word_1_573' title='bbox 3001 3155 3121 3210; x_wconf 85' lang='lat' dir='ltr'><strong>Kal.</strong></span> <span class='ocrx_word' id='word_1_574' title='bbox 3144 3156 3209 3211; x_wconf 84' lang='lat' dir='ltr'><strong>Iu</strong></span> <span class='ocrx_word' id='word_1_575' title='bbox 3225 3154 3282 3209; x_wconf 89' lang='lat' dir='ltr'><strong>lii</strong></span> <span class='ocrx_word' id='word_1_576' title='bbox 3306 3169 3333 3208; x_wconf 90' lang='lat' dir='ltr'><strong>a</strong></span> <span class='ocrx_word' id='word_1_577' title='bbox 3352 3169 3464 3209; x_wconf 89' lang='lat' dir='ltr'><strong>uno</strong></span> <span class='ocrx_word' id='word_1_578' title='bbox 3486 3155 3648 3210; x_wconf 90' lang='lat' dir='ltr'><strong>Domi</strong></span> 
     </span>
    </p>
   </div>
   <div class='ocr_carea' id='block_1_77' title="bbox 1995 3242 3642 3315">
    <p class='ocr_par' dir='ltr' id='par_1_77' title="bbox 1995 3242 3642 3315">
     <span class='ocr_line' id='line_1_77' title="bbox 1995 3242 3642 3315; baseline -0.003 -12"><span class='ocrx_word' id='word_1_579' title='bbox 1995 3247 2139 3305; x_wconf 65' lang='lat' dir='ltr'><strong>nicas</strong></span> <span class='ocrx_word' id='word_1_580' title='bbox 2182 3245 2600 3303; x_wconf 90' lang='lat' dir='ltr'><strong>incarnationis</strong></span> <span class='ocrx_word' id='word_1_581' title='bbox 2640 3248 2774 3302; x_wconf 87' lang='lat'><strong>1067</strong></span> <span class='ocrx_word' id='word_1_582' title='bbox 2804 3242 2896 3277; x_wconf 76' lang='grc'><strong>³⁸³⁸</strong></span> <span class='ocrx_word' id='word_1_583' title='bbox 2927 3244 3094 3315; x_wconf 90' lang='grc'>(474).</span> <span class='ocrx_word' id='word_1_584' title='bbox 3142 3243 3318 3313; x_wconf 90' lang='lat' dir='ltr'><strong>Cujus</strong></span> <span class='ocrx_word' id='word_1_585' title='bbox 3363 3242 3642 3312; x_wconf 84' lang='lat' dir='ltr'><strong>exequias</strong></span> 
     </span>
    </p>
   </div>
   <div class='ocr_carea' id='block_1_78' title="bbox 1992 3330 3640 3405">
    <p class='ocr_par' dir='ltr' id='par_1_78' title="bbox 1992 3330 3640 3405">
     <span class='ocr_line' id='line_1_78' title="bbox 1992 3330 3640 3405; baseline -0.004 -13"><span class='ocrx_word' id='word_1_586' title='bbox 1992 3334 2285 3393; x_wconf 88' lang='lat' dir='ltr'><strong>Treverici</strong></span> <span class='ocrx_word' id='word_1_587' title='bbox 2328 3332 2498 3404; x_wconf 88' lang='lat' dir='ltr'><strong>digne</strong></span> <span class='ocrx_word' id='word_1_588' title='bbox 2541 3337 2946 3405; x_wconf 85' lang='lat' dir='ltr'><strong>procurantes,</strong></span> <span class='ocrx_word' id='word_1_589' title='bbox 2994 3332 3389 3403; x_wconf 88' lang='lat' dir='ltr'><strong>deposuerunt</strong></span> <span class='ocrx_word' id='word_1_590' title='bbox 3422 3344 3551 3386; x_wconf 85' lang='lat' dir='ltr'><strong>eum</strong></span> <span class='ocrx_word' id='word_1_591' title='bbox 3585 3330 3640 3385; x_wconf 89' lang='lat' dir='ltr'><strong>in</strong></span> 
     </span>
    </p>
   </div>
   <div class='ocr_carea' id='block_1_79' title="bbox 1996 3425 3640 3505">
    <p class='ocr_par' dir='ltr' id='par_1_79' title="bbox 1996 3425 3640 3505">
     <span class='ocr_line' id='line_1_79' title="bbox 1996 3425 3640 3505; baseline -0.006 -15"><span class='ocrx_word' id='word_1_592' title='bbox 1996 3438 2163 3505; x_wconf 91' lang='lat' dir='ltr'><strong>porta</strong></span> <span class='ocrx_word' id='word_1_593' title='bbox 2186 3430 2447 3488; x_wconf 86' lang='lat' dir='ltr'><strong>civitatis</strong></span> <span class='ocrx_word' id='word_1_594' title='bbox 2470 3444 2599 3500; x_wconf 76' lang='lat' dir='ltr'><strong>quae</strong></span> <span class='ocrx_word' id='word_1_595' title='bbox 2623 3432 3005 3499; x_wconf 86' lang='lat' dir='ltr'><strong>cognomento</strong></span> <span class='ocrx_word' id='word_1_596' title='bbox 3027 3427 3196 3496; x_wconf 85' lang='lat' dir='ltr'><strong>Nigra</strong></span> <span class='ocrx_word' id='word_1_597' title='bbox 3223 3428 3561 3495; x_wconf 91' lang='lat' dir='ltr'><strong>vocabatur,</strong></span> <span class='ocrx_word' id='word_1_598' title='bbox 3585 3425 3640 3481; x_wconf 89' lang='lat' dir='ltr'><strong>in</strong></span> 
     </span>
    </p>
   </div>
   <div class='ocr_carea' id='block_1_80' title="bbox 1998 3514 3641 3591">
    <p class='ocr_par' dir='ltr' id='par_1_80' title="bbox 1998 3514 3641 3591">
     <span class='ocr_line' id='line_1_80' title="bbox 1998 3514 3641 3591; baseline -0.005 -15"><span class='ocrx_word' id='word_1_599' title='bbox 1998 3534 2108 3591; x_wconf 90' lang='lat' dir='ltr'><strong>qua</strong></span> <span class='ocrx_word' id='word_1_600' title='bbox 2136 3525 2195 3575; x_wconf 90' lang='lat' dir='ltr'><strong>et</strong></span> <span class='ocrx_word' id='word_1_601' title='bbox 2225 3518 2348 3590; x_wconf 89' lang='lat' dir='ltr'><strong>ipse</strong></span> <span class='ocrx_word' id='word_1_602' title='bbox 2373 3519 2603 3575; x_wconf 90' lang='lat' dir='ltr'><strong>beatum</strong></span> <span class='ocrx_word' id='word_1_603' title='bbox 2628 3518 2987 3589; x_wconf 81' lang='lat' dir='ltr'><strong>Symeonem,</strong></span> <span class='ocrx_word' id='word_1_604' title='bbox 3018 3516 3187 3586; x_wconf 88' lang='lat' dir='ltr'><strong>cujus</strong></span> <span class='ocrx_word' id='word_1_605' title='bbox 3216 3528 3389 3586; x_wconf 90' lang='lat' dir='ltr'><strong>supra</strong></span> <span class='ocrx_word' id='word_1_606' title='bbox 3426 3514 3641 3569; x_wconf 91' lang='lat' dir='ltr'><strong>mentio</strong></span> 
     </span>
    </p>
   </div>
   <div class='ocr_carea' id='block_1_81' title="bbox 1995 3602 3643 3678">
    <p class='ocr_par' dir='ltr' id='par_1_81' title="bbox 1995 3602 3643 3678">
     <span class='ocr_line' id='line_1_81' title="bbox 1995 3602 3643 3678; baseline -0.004 -13"><span class='ocrx_word' id='word_1_607' title='bbox 1995 3608 2088 3642; x_wconf 68' lang='lat'><strong>&quot;9’</strong></span> <span class='ocrx_word' id='word_1_608' title='bbox 2116 3611 2228 3678; x_wconf 88' lang='lat' dir='ltr'><strong>est,</strong></span> <span class='ocrx_word' id='word_1_609' title='bbox 2263 3612 2439 3663; x_wconf 60' lang='lat' dir='ltr'><strong>terra;</strong></span> <span class='ocrx_word' id='word_1_610' title='bbox 2468 3605 2976 3663; x_wconf 88' lang='lat' dir='ltr'><strong>commendaverat</strong></span> <span class='ocrx_word' id='word_1_611' title='bbox 3005 3603 3127 3669; x_wconf 78' lang='grc'><strong>²⁷⁰·’;</strong></span> <span class='ocrx_word' id='word_1_612' title='bbox 3160 3603 3255 3660; x_wconf 93' lang='lat' dir='ltr'><strong>ubi</strong></span> <span class='ocrx_word' id='word_1_613' title='bbox 3288 3618 3317 3659; x_wconf 91' lang='lat' dir='ltr'><strong>a</strong></span> <span class='ocrx_word' id='word_1_614' title='bbox 3351 3602 3643 3671; x_wconf 84' lang='lat' dir='ltr'><strong>religiosis</strong></span> 
     </span>
    </p>
   </div>
   <div class='ocr_carea' id='block_1_82' title="bbox 1999 3690 3646 3765">
    <p class='ocr_par' dir='ltr' id='par_1_82' title="bbox 1999 3690 3646 3765">
     <span class='ocr_line' id='line_1_82' title="bbox 1999 3690 3646 3765; baseline -0.007 -10"><span class='ocrx_word' id='word_1_615' title='bbox 1999 3696 2255 3765; x_wconf 90' lang='lat' dir='ltr'><strong>clericis,</strong></span> <span class='ocrx_word' id='word_1_616' title='bbox 2290 3695 2348 3751; x_wconf 92' lang='lat' dir='ltr'><strong>in</strong></span> <span class='ocrx_word' id='word_1_617' title='bbox 2376 3694 2582 3751; x_wconf 89' lang='lat' dir='ltr'><strong>eodem</strong></span> <span class='ocrx_word' id='word_1_618' title='bbox 2623 3692 2752 3749; x_wconf 90' lang='lat' dir='ltr'><strong>loco</strong></span> <span class='ocrx_word' id='word_1_619' title='bbox 2785 3694 2857 3747; x_wconf 90' lang='lat' dir='ltr'><strong>ab</strong></span> <span class='ocrx_word' id='word_1_620' title='bbox 2888 3693 3015 3763; x_wconf 91' lang='lat' dir='ltr'><strong>ipso</strong></span> <span class='ocrx_word' id='word_1_621' title='bbox 3046 3693 3119 3747; x_wconf 90' lang='lat' dir='ltr'><strong>ob</strong></span> <span class='ocrx_word' id='word_1_622' title='bbox 3148 3693 3427 3748; x_wconf 90' lang='lat' dir='ltr'><strong>honorem</strong></span> <span class='ocrx_word' id='word_1_623' title='bbox 3458 3690 3555 3746; x_wconf 91' lang='lat' dir='ltr'><strong>Dei</strong></span> <span class='ocrx_word' id='word_1_624' title='bbox 3586 3693 3646 3745; x_wconf 91' lang='lat' dir='ltr'><strong>et</strong></span> 
     </span>
    </p>
   </div>
   <div class='ocr_carea' id='block_1_83' title="bbox 2001 3778 3646 3851">
    <p class='ocr_par' dir='ltr' id='par_1_83' title="bbox 2001 3778 3646 3851">
     <span class='ocr_line' id='line_1_83' title="bbox 2001 3778 3646 3851; baseline -0.006 -8"><span class='ocrx_word' id='word_1_625' title='bbox 2001 3785 2157 3843; x_wconf 87' lang='lat' dir='ltr'><strong>beati</strong></span> <span class='ocrx_word' id='word_1_626' title='bbox 2181 3783 2341 3841; x_wconf 91' lang='lat' dir='ltr'><strong>illius</strong></span> <span class='ocrx_word' id='word_1_627' title='bbox 2359 3782 2470 3838; x_wconf 90' lang='lat' dir='ltr'><strong>viri</strong></span> <span class='ocrx_word' id='word_1_628' title='bbox 2490 3779 2833 3851; x_wconf 90' lang='lat' dir='ltr'><strong>mancipatis</strong></span> <span class='ocrx_word' id='word_1_629' title='bbox 2857 3783 3027 3851; x_wconf 77' lang='grc'>(475),</span> <span class='ocrx_word' id='word_1_630' title='bbox 3055 3795 3158 3849; x_wconf 93' lang='lat' dir='ltr'><strong>pro</strong></span> <span class='ocrx_word' id='word_1_631' title='bbox 3179 3780 3304 3848; x_wconf 90' lang='lat' dir='ltr'><strong>ejus</strong></span> <span class='ocrx_word' id='word_1_632' title='bbox 3329 3778 3529 3848; x_wconf 88' lang='lat' dir='ltr'><strong>requie</strong></span> <span class='ocrx_word' id='word_1_633' title='bbox 3552 3778 3646 3834; x_wconf 89' lang='lat' dir='ltr'><strong>die</strong></span> 
     </span>
    </p>
   </div>
   <div class='ocr_carea' id='block_1_84' title="bbox 1999 3868 3647 3944">
    <p class='ocr_par' dir='ltr' id='par_1_84' title="bbox 1999 3868 3647 3944">
     <span class='ocr_line' id='line_1_84' title="bbox 1999 3868 3647 3944; baseline -0.004 -14"><span class='ocrx_word' id='word_1_634' title='bbox 1999 3887 2066 3931; x_wconf 91' lang='lat' dir='ltr'><strong>ac</strong></span> <span class='ocrx_word' id='word_1_635' title='bbox 2096 3876 2266 3929; x_wconf 90' lang='lat' dir='ltr'><strong>nocte</strong></span> <span class='ocrx_word' id='word_1_636' title='bbox 2300 3884 2506 3944; x_wconf 92' lang='lat' dir='ltr'><strong>preces</strong></span> <span class='ocrx_word' id='word_1_637' title='bbox 2538 3868 2860 3924; x_wconf 90' lang='lat' dir='ltr'><strong>funduntur</strong></span> <span class='ocrx_word' id='word_1_638' title='bbox 2888 3868 2958 3923; x_wconf 88' lang='lat' dir='ltr'><strong>ad</strong></span> <span class='ocrx_word' id='word_1_639' title='bbox 2992 3871 3190 3937; x_wconf 88' lang='lat' dir='ltr'><strong>Deum,</strong></span> <span class='ocrx_word' id='word_1_640' title='bbox 3221 3868 3313 3924; x_wconf 90' lang='lat' dir='ltr'><strong>cui</strong></span> <span class='ocrx_word' id='word_1_641' title='bbox 3342 3874 3430 3923; x_wconf 90' lang='lat' dir='ltr'><strong>est</strong></span> <span class='ocrx_word' id='word_1_642' title='bbox 3459 3868 3647 3923; x_wconf 89' lang='lat' dir='ltr'><strong>honor</strong></span> 
     </span>
    </p>
   </div>
   <div class='ocr_carea' id='block_1_85' title="bbox 1999 3953 3644 4031">
    <p class='ocr_par' dir='ltr' id='par_1_85' title="bbox 1999 3953 3644 4031">
     <span class='ocr_line' id='line_1_85' title="bbox 1999 3953 3644 4031; baseline -0.007 -12"><span class='ocrx_word' id='word_1_643' title='bbox 1999 3964 2056 4019; x_wconf 89' lang='lat' dir='ltr'><strong>et</strong></span> <span class='ocrx_word' id='word_1_644' title='bbox 2087 3959 2271 4031; x_wconf 88' lang='lat' dir='ltr'><strong>gloria</strong></span> <span class='ocrx_word' id='word_1_645' title='bbox 2299 3959 2353 4013; x_wconf 93' lang='lat' dir='ltr'><strong>in</strong></span> <span class='ocrx_word' id='word_1_646' title='bbox 2387 3957 2584 4015; x_wconf 90' lang='lat' dir='ltr'><strong>secula</strong></span> <span class='ocrx_word' id='word_1_647' title='bbox 2637 3955 2968 4012; x_wconf 87' lang='lat' dir='ltr'><strong>seculorum</strong></span> <span class='ocrx_word' id='word_1_648' title='bbox 2996 3953 3105 4009; x_wconf 64' lang='grc' dir='ltr'><strong>ποί.</strong></span> <span class='ocrx_word' id='word_1_649' title='bbox 3142 3954 3299 4010; x_wconf 91' lang='lat' dir='ltr'><strong>Sedit</strong></span> <span class='ocrx_word' id='word_1_650' title='bbox 3350 3959 3542 4010; x_wconf 88' lang='lat' dir='ltr'><strong>autem</strong></span> <span class='ocrx_word' id='word_1_651' title='bbox 3588 3954 3644 4008; x_wconf 92' lang='lat' dir='ltr'><strong>in</strong></span> 
     </span>
    </p>
   </div>
   <div class='ocr_carea' id='block_1_86' title="bbox 1998 4044 3295 4123">
    <p class='ocr_par' dir='ltr' id='par_1_86' title="bbox 1998 4044 3295 4123">
     <span class='ocr_line' id='line_1_86' title="bbox 1998 4044 3295 4123; baseline -0.007 -16"><span class='ocrx_word' id='word_1_652' title='bbox 1998 4050 2342 4123; x_wconf 89' lang='lat' dir='ltr'><strong>episcopatu</strong></span> <span class='ocrx_word' id='word_1_653' title='bbox 2378 4061 2558 4104; x_wconf 88' lang='lat' dir='ltr'><strong>aunos</strong></span> <span class='ocrx_word' id='word_1_654' title='bbox 2588 4049 2675 4117; x_wconf 91' lang='lat'><strong>30,</strong></span> <span class='ocrx_word' id='word_1_655' title='bbox 2710 4059 2938 4102; x_wconf 91' lang='lat' dir='ltr'><strong>menses</strong></span> <span class='ocrx_word' id='word_1_656' title='bbox 2970 4050 3022 4115; x_wconf 77' lang='grc' dir='ltr'><strong>δ,</strong></span> <span class='ocrx_word' id='word_1_657' title='bbox 3057 4044 3183 4101; x_wconf 90' lang='lat' dir='ltr'><strong>dies</strong></span> <span class='ocrx_word' id='word_1_658' title='bbox 3214 4048 3295 4099; x_wconf 90' lang='lat'><strong>10.</strong></span> 
     </span>
    </p>
   </div>
   <div class='ocr_carea' id='block_1_87' title="bbox 2069 4147 3647 4213">
    <p class='ocr_par' dir='ltr' id='par_1_87' title="bbox 2069 4147 3647 4213">
     <span class='ocr_line' id='line_1_87' title="bbox 2069 4147 3647 4213; baseline -0.007 0"><span class='ocrx_word' id='word_1_659' title='bbox 2069 4160 2103 4213; x_wconf 92' lang='lat'>8</span> <span class='ocrx_word' id='word_1_660' title='bbox 2129 4155 2242 4210; x_wconf 69' lang='lat'><strong>’7”.</strong></span> <span class='ocrx_word' id='word_1_661' title='bbox 2276 4154 2376 4213; x_wconf 91' lang='lat' dir='ltr'><strong>Cui</strong></span> <span class='ocrx_word' id='word_1_662' title='bbox 2404 4153 2679 4210; x_wconf 81' lang='lat' dir='ltr'><strong>defuncto</strong></span> <span class='ocrx_word' id='word_1_663' title='bbox 2710 4152 3001 4209; x_wconf 86' lang='lat' dir='ltr'><strong>successit</strong></span> <span class='ocrx_word' id='word_1_664' title='bbox 3026 4151 3081 4207; x_wconf 89' lang='lat' dir='ltr'><strong>in</strong></span> <span class='ocrx_word' id='word_1_665' title='bbox 3106 4147 3454 4207; x_wconf 86' lang='lat' dir='ltr'><strong>sacerdotali</strong></span> <span class='ocrx_word' id='word_1_666' title='bbox 3484 4148 3647 4209; x_wconf 87' lang='lat' dir='ltr'><strong>mini-</strong></span> 
     </span>
    </p>
   </div>
   <div class='ocr_carea' id='block_1_88' title="bbox 1592 4278 2289 4340">
    <p class='ocr_par' dir='ltr' id='par_1_88' title="bbox 1592 4278 2289 4340">
     <span class='ocr_line' id='line_1_88' title="bbox 1592 4278 2289 4340; baseline -0.004 -3"><span class='ocrx_word' id='word_1_667' title='bbox 1592 4282 1830 4339; x_wconf 67' lang='grc' dir='ltr'><strong>νΑιωΕ</strong></span> <span class='ocrx_word' id='word_1_668' title='bbox 1883 4278 2265 4340; x_wconf 84' lang='lat' dir='ltr'><strong>LECTIONES</strong></span> <span class='ocrx_word' id='word_1_669' title='bbox 2277 4322 2289 4335; x_wconf 95' lang='lat'><strong>.</strong></span> 
     </span>
    </p>
   </div>
   <div class='ocr_carea' id='block_1_89' title="bbox 307 4378 1479 4451">
    <p class='ocr_par' dir='ltr' id='par_1_89' title="bbox 307 4378 1479 4451">
     <span class='ocr_line' id='line_1_89' title="bbox 307 4378 1479 4451; baseline 0.034 -40"><span class='ocrx_word' id='word_1_670' title='bbox 307 4379 403 4414; x_wconf 73' lang='lat' dir='ltr'><strong>seu</strong></span> <span class='ocrx_word' id='word_1_671' title='bbox 434 4380 596 4438; x_wconf 56' lang='lat' dir='ltr'><strong>de“;</strong></span> <span class='ocrx_word' id='word_1_672' title='bbox 625 4382 664 4435; x_wconf 69' lang='grc' dir='ltr'><strong>(ζ</strong></span> <span class='ocrx_word' id='word_1_673' title='bbox 691 4386 749 4436; x_wconf 81' lang='grc' dir='ltr'><strong>θ,</strong></span> <span class='ocrx_word' id='word_1_674' title='bbox 832 4378 926 4414; x_wconf 67' lang='grc'><strong>’⁸⁷⁸</strong></span> <span class='ocrx_word' id='word_1_675' title='bbox 950 4380 1084 4451; x_wconf 79' lang='lat' dir='ltr'><strong>post</strong></span> <span class='ocrx_word' id='word_1_676' title='bbox 1109 4381 1309 4451; x_wconf 45' lang='lat' dir='ltr'><strong>supple</strong></span> <span class='ocrx_word' id='word_1_677' title='bbox 1350 4381 1389 4435; x_wconf 79' lang='lat' dir='ltr'><strong>C</strong></span> <span class='ocrx_word' id='word_1_678' title='bbox 1428 4386 1479 4451; x_wconf 58' lang='grc' dir='ltr'><strong>Ῐλ</strong></span> 
     </span>
    </p>
   </div>
   <div class='ocr_carea' id='block_1_90' title="bbox 1562 4373 2833 4437">
    <p class='ocr_par' dir='ltr' id='par_1_90' title="bbox 1562 4373 2833 4437">
     <span class='ocr_line' id='line_1_90' title="bbox 1562 4373 2833 4437; baseline 0.004 -14"><span class='ocrx_word' id='word_1_679' title='bbox 1562 4377 1654 4423; x_wconf 66' lang='lat'><strong>297’</strong></span> <span class='ocrx_word' id='word_1_680' title='bbox 1692 4378 1793 4436; x_wconf 86' lang='lat' dir='ltr'><strong>illo</strong></span> <span class='ocrx_word' id='word_1_681' title='bbox 1826 4383 1865 4437; x_wconf 91' lang='lat' dir='ltr'><strong>C</strong></span> <span class='ocrx_word' id='word_1_682' title='bbox 1893 4385 1951 4436; x_wconf 89' lang='lat'><strong>3.</strong></span> <span class='ocrx_word' id='word_1_683' title='bbox 1990 4383 2048 4436; x_wconf 80' lang='grc'><strong>4.</strong></span> <span class='ocrx_word' id='word_1_684' title='bbox 2132 4377 2223 4411; x_wconf 69' lang='grc'><strong><em>³⁸⁷⁸</em></strong></span> <span class='ocrx_word' id='word_1_685' title='bbox 2261 4392 2323 4432; x_wconf 90' lang='lat' dir='ltr'><strong>n.</strong></span> <span class='ocrx_word' id='word_1_686' title='bbox 2364 4375 2423 4429; x_wconf 84' lang='lat' dir='ltr'><strong>h.</strong></span> <span class='ocrx_word' id='word_1_687' title='bbox 2464 4373 2683 4432; x_wconf 74' lang='lat' dir='ltr'><strong>desunt</strong></span> <span class='ocrx_word' id='word_1_688' title='bbox 2711 4375 2750 4429; x_wconf 88' lang='grc' dir='ltr'>Β</span> <span class='ocrx_word' id='word_1_689' title='bbox 2782 4379 2833 4431; x_wconf 72' lang='grc'><strong>2.</strong></span> 
     </span>
    </p>
   </div>
   <div class='ocr_carea' id='block_1_91' title="bbox 2871 4368 3645 4445">
    <p class='ocr_par' dir='ltr' id='par_1_91' title="bbox 2871 4368 3645 4445">
     <span class='ocr_line' id='line_1_91' title="bbox 2871 4368 3645 4445; baseline -0.006 -15"><span class='ocrx_word' id='word_1_690' title='bbox 2871 4377 3035 4445; x_wconf 88' lang='lat' dir='ltr'><strong>potes</strong></span> <span class='ocrx_word' id='word_1_691' title='bbox 3068 4374 3107 4428; x_wconf 87' lang='grc' dir='ltr'>Β</span> <span class='ocrx_word' id='word_1_692' title='bbox 3135 4373 3200 4445; x_wconf 62' lang='grc'>41</span> <span class='ocrx_word' id='word_1_693' title='bbox 3228 4377 3286 4428; x_wconf 78' lang='lat'><strong>5.</strong></span> <span class='ocrx_word' id='word_1_694' title='bbox 3346 4368 3645 4445; x_wconf 16' lang='lat' dir='ltr'><strong>7”&quot;ive_lit</strong></span> 
     </span>
    </p>
   </div>
   <div class='ocr_carea' id='block_1_92' title="bbox 237 4438 3637 4521">
    <p class='ocr_par' dir='ltr' id='par_1_92' title="bbox 237 4438 3637 4521">
     <span class='ocr_line' id='line_1_92' title="bbox 237 4438 3637 4521; baseline -0.003 -15"><span class='ocrx_word' id='word_1_695' title='bbox 237 4452 369 4506; x_wconf 76' lang='lat' dir='ltr'><strong>Bt.</strong></span> <span class='ocrx_word' id='word_1_696' title='bbox 452 4438 1340 4509; x_wconf 41' lang='lat' dir='ltr'><strong>m‘in—eodesuutBLJZC.</strong></span> <span class='ocrx_word' id='word_1_697' title='bbox 1424 4448 1589 4507; x_wconf 68' lang='grc' dir='ltr'><strong><em>ισττο.</em></strong></span> <span class='ocrx_word' id='word_1_698' title='bbox 1621 4450 2222 4521; x_wconf 77' lang='lat' dir='ltr'><strong>LVI.Leibn.;Il,c.</strong></span> <span class='ocrx_word' id='word_1_699' title='bbox 2254 4447 2569 4521; x_wconf 76' lang='lat' dir='ltr'><strong>XXX.C1.</strong></span> <span class='ocrx_word' id='word_1_700' title='bbox 2608 4447 2790 4500; x_wconf 83' lang='lat' dir='ltr'><strong>e.—-c</strong></span> <span class='ocrx_word' id='word_1_701' title='bbox 2824 4438 3054 4521; x_wconf 65' lang='lat' dir='ltr'><strong>1_.&#39;add.</strong></span> <span class='ocrx_word' id='word_1_702' title='bbox 3090 4444 3413 4521; x_wconf 41' lang='lat' dir='ltr'><strong>rainice</strong></span> <span class='ocrx_word' id='word_1_703' title='bbox 3462 4438 3637 4521; x_wconf 55' lang='lat' dir='ltr'><strong>P9313.</strong></span> 
     </span>
    </p>
   </div>
   <div class='ocr_carea' id='block_1_93' title="bbox 241 4521 1785 4603">
    <p class='ocr_par' dir='ltr' id='par_1_93' title="bbox 241 4521 1785 4603">
     <span class='ocr_line' id='line_1_93' title="bbox 241 4521 1785 4603; baseline -0.001 -26"><span class='ocrx_word' id='word_1_704' title='bbox 241 4521 590 4603; x_wconf 58' lang='grc' dir='ltr'><strong>εἶρξειοορρ.⁸</strong></span> <span class='ocrx_word' id='word_1_705' title='bbox 636 4521 990 4603; x_wconf 40' lang='lat' dir='ltr'><strong>fidesic-ty</strong></span> <span class='ocrx_word' id='word_1_706' title='bbox 1020 4526 1077 4603; x_wconf 54' lang='grc' dir='ltr'><strong>ᾖ.</strong></span> <span class='ocrx_word' id='word_1_707' title='bbox 1120 4525 1175 4577; x_wconf 91' lang='grc'>4.</span> <span class='ocrx_word' id='word_1_708' title='bbox 1216 4521 1695 4603; x_wconf 39' lang='grc' dir='ltr'><strong>δηροξι-αάιζλρ</strong></span> <span class='ocrx_word' id='word_1_709' title='bbox 1732 4526 1785 4576; x_wconf 94' lang='lat'><strong>1.</strong></span> 
     </span>
    </p>
   </div>
   <div class='ocr_carea' id='block_1_94' title="bbox 239 4590 1982 4662">
    <p class='ocr_par' dir='ltr' id='par_1_94' title="bbox 239 4590 1982 4662">
     <span class='ocr_line' id='line_1_94' title="bbox 239 4590 1982 4662; baseline 0.001 -17"><span class='ocrx_word' id='word_1_710' title='bbox 239 4590 335 4625; x_wconf 64' lang='grc' dir='ltr'><strong>πυ</strong></span> <span class='ocrx_word' id='word_1_711' title='bbox 367 4590 636 4662; x_wconf 83' lang='lat' dir='ltr'><strong>neglecto</strong></span> <span class='ocrx_word' id='word_1_712' title='bbox 662 4594 701 4647; x_wconf 87' lang='grc' dir='ltr'><strong>Β</strong></span> <span class='ocrx_word' id='word_1_713' title='bbox 724 4597 780 4648; x_wconf 78' lang='grc'><strong>5.</strong></span> <span class='ocrx_word' id='word_1_714' title='bbox 864 4591 955 4625; x_wconf 69' lang='grc'>³⁸⁸³</span> <span class='ocrx_word' id='word_1_715' title='bbox 986 4590 1360 4650; x_wconf 89' lang='lat' dir='ltr'><strong>circumactis</strong></span> <span class='ocrx_word' id='word_1_716' title='bbox 1381 4593 1484 4648; x_wconf 75' lang='lat' dir='ltr'><strong>Bt.</strong></span> <span class='ocrx_word' id='word_1_717' title='bbox 1564 4590 1658 4626; x_wconf 73' lang='grc'>’⁸⁸³</span> <span class='ocrx_word' id='word_1_718' title='bbox 1689 4596 1855 4648; x_wconf 92' lang='lat' dir='ltr'><strong>vocat</strong></span> <span class='ocrx_word' id='word_1_719' title='bbox 1882 4593 1982 4662; x_wconf 81' lang='lat' dir='ltr'><strong>BI.</strong></span> 
     </span>
    </p>
   </div>
   <div class='ocr_carea' id='block_1_95' title="bbox 242 4662 1775 4735">
    <p class='ocr_par' dir='ltr' id='par_1_95' title="bbox 242 4662 1775 4735">
     <span class='ocr_line' id='line_1_95' title="bbox 242 4662 1775 4735; baseline -0.001 -17"><span class='ocrx_word' id='word_1_720' title='bbox 242 4665 348 4720; x_wconf 89' lang='lat' dir='ltr'><strong>C6.</strong></span> <span class='ocrx_word' id='word_1_721' title='bbox 431 4662 524 4735; x_wconf 48' lang='lat' dir='ltr'><strong>f9?</strong></span> <span class='ocrx_word' id='word_1_722' title='bbox 550 4665 841 4735; x_wconf 8' lang='lat' dir='ltr'><strong>inﬁmam.</strong></span> <span class='ocrx_word' id='word_1_723' title='bbox 881 4665 1081 4735; x_wconf 79' lang='lat' dir='ltr'><strong>suppl.</strong></span> <span class='ocrx_word' id='word_1_724' title='bbox 1122 4664 1224 4719; x_wconf 90' lang='lat' dir='ltr'><strong>C1.</strong></span> <span class='ocrx_word' id='word_1_725' title='bbox 1304 4662 1397 4735; x_wconf 55' lang='grc' dir='ltr'><strong>’Ψ</strong></span> <span class='ocrx_word' id='word_1_726' title='bbox 1423 4676 1452 4716; x_wconf 81' lang='lat' dir='ltr'><strong>e</strong></span> <span class='ocrx_word' id='word_1_727' title='bbox 1480 4676 1636 4721; x_wconf 78' lang='lat' dir='ltr'><strong>corr.</strong></span> <span class='ocrx_word' id='word_1_728' title='bbox 1675 4665 1775 4717; x_wconf 90' lang='lat' dir='ltr'><strong>C1.</strong></span> 
     </span>
    </p>
   </div>
   <div class='ocr_carea' id='block_1_96' title="bbox 243 4732 898 4790">
    <p class='ocr_par' dir='ltr' id='par_1_96' title="bbox 243 4732 898 4790">
     <span class='ocr_line' id='line_1_96' title="bbox 243 4732 898 4790; baseline 0.003 -2"><span class='ocrx_word' id='word_1_729' title='bbox 243 4735 316 4788; x_wconf 82' lang='lat'><strong>81</strong></span> <span class='ocrx_word' id='word_1_730' title='bbox 336 4776 349 4789; x_wconf 93' lang='lat'><strong>.</strong></span> <span class='ocrx_word' id='word_1_731' title='bbox 433 4732 526 4767; x_wconf 81' lang='grc'><strong>²⁶⁹¹</strong></span> <span class='ocrx_word' id='word_1_732' title='bbox 558 4732 898 4790; x_wconf 62' lang='grc' dir='ltr'><strong>ἱῠὶᾱθηϊΤιυ.</strong></span> 
     </span>
    </p>
   </div>
   <div class='ocr_carea' id='block_1_97' title="bbox 242 4806 1105 4877">
    <p class='ocr_par' dir='ltr' id='par_1_97' title="bbox 242 4806 1105 4877">
     <span class='ocr_line' id='line_1_97' title="bbox 242 4806 1105 4877; baseline 0 -18"><span class='ocrx_word' id='word_1_733' title='bbox 242 4819 394 4877; x_wconf 63' lang='lat' dir='ltr'><strong>s_._s.</strong></span> <span class='ocrx_word' id='word_1_734' title='bbox 432 4806 499 4877; x_wconf 75' lang='lat' dir='ltr'><strong>iu</strong></span> <span class='ocrx_word' id='word_1_735' title='bbox 527 4818 725 4877; x_wconf 70' lang='lat' dir='ltr'><strong>marg.</strong></span> <span class='ocrx_word' id='word_1_736' title='bbox 763 4809 963 4877; x_wconf 74' lang='lat' dir='ltr'><strong>suppt.</strong></span> <span class='ocrx_word' id='word_1_737' title='bbox 992 4806 1105 4877; x_wconf 76' lang='lat' dir='ltr'><strong>C1.</strong></span> 
     </span>
    </p>
   </div>
   <div class='ocr_carea' id='block_1_98' title="bbox 239 4873 780 4933">
    <p class='ocr_par' dir='ltr' id='par_1_98' title="bbox 239 4873 780 4933">
     <span class='ocr_line' id='line_1_98' title="bbox 239 4873 780 4933; baseline 0 -1"><span class='ocrx_word' id='word_1_738' title='bbox 239 4873 335 4908; x_wconf 82' lang='grc'><strong>²⁶⁹⁷</strong></span> <span class='ocrx_word' id='word_1_739' title='bbox 364 4890 419 4932; x_wconf 92' lang='lat' dir='ltr'><strong>s.</strong></span> <span class='ocrx_word' id='word_1_740' title='bbox 459 4876 523 4931; x_wconf 93' lang='lat' dir='ltr'><strong>d.</strong></span> <span class='ocrx_word' id='word_1_741' title='bbox 564 4873 780 4933; x_wconf 78' lang='lat' dir='ltr'><strong>desunt</strong></span> 
     </span>
    </p>
   </div>
   <div class='ocr_carea' id='block_1_99' title="bbox 243 4945 1312 5004">
    <p class='ocr_par' dir='ltr' id='par_1_99' title="bbox 243 4945 1312 5004">
     <span class='ocr_line' id='line_1_99' title="bbox 243 4945 1312 5004; baseline 0.002 -5"><span class='ocrx_word' id='word_1_742' title='bbox 243 4946 357 5000; x_wconf 86' lang='lat' dir='ltr'><strong>B1?</strong></span> <span class='ocrx_word' id='word_1_743' title='bbox 384 4947 453 5001; x_wconf 81' lang='lat'><strong>3?</strong></span> <span class='ocrx_word' id='word_1_744' title='bbox 524 4945 619 4979; x_wconf 73' lang='grc' dir='ltr'><strong><em>’τοο</em></strong></span> <span class='ocrx_word' id='word_1_745' title='bbox 642 4946 1071 5004; x_wconf 89' lang='lat' dir='ltr'><strong>commendavit</strong></span> <span class='ocrx_word' id='word_1_746' title='bbox 1093 4947 1158 5001; x_wconf 93' lang='lat' dir='ltr'><strong>C.</strong></span> <span class='ocrx_word' id='word_1_747' title='bbox 1244 4945 1312 4979; x_wconf 82' lang='grc'><strong>²⁷⁰</strong></span> 
     </span>
    </p>
   </div>
   <div class='ocr_carea' id='block_1_100' title="bbox 243 5017 1523 5088">
    <p class='ocr_par' dir='ltr' id='par_1_100' title="bbox 243 5017 1523 5088">
     <span class='ocr_line' id='line_1_100' title="bbox 243 5017 1523 5088; baseline 0 -16"><span class='ocrx_word' id='word_1_748' title='bbox 243 5017 716 5088; x_wconf 89' lang='lat' dir='ltr'><strong>archiepiscopo;</strong></span> <span class='ocrx_word' id='word_1_749' title='bbox 747 5019 815 5075; x_wconf 81' lang='lat' dir='ltr'><strong>in</strong></span> <span class='ocrx_word' id='word_1_750' title='bbox 845 5019 948 5075; x_wconf 88' lang='lat' dir='ltr'><strong>C1.</strong></span> <span class='ocrx_word' id='word_1_751' title='bbox 985 5017 1523 5076; x_wconf 67' lang='lat' dir='ltr'><strong>nulla‘distiuc.‘io.</strong></span> 
     </span>
    </p>
   </div>
   <div class='ocr_carea' id='block_1_101' title="bbox 1869 4515 3073 4618">
    <p class='ocr_par' dir='ltr' id='par_1_101' title="bbox 1869 4515 3073 4618">
     <span class='ocr_line' id='line_1_101' title="bbox 1869 4515 3073 4618; baseline -0.008 -41"><span class='ocrx_word' id='word_1_752' title='bbox 1869 4521 1961 4555; x_wconf 79' lang='grc'><strong>²⁶⁷⁹</strong></span> <span class='ocrx_word' id='word_1_753' title='bbox 2001 4515 2345 4618; x_wconf 70' lang='lat' dir='ltr'><strong>reparandis</strong></span> <span class='ocrx_word' id='word_1_754' title='bbox 2372 4531 2529 4577; x_wconf 77' lang='lat' dir='ltr'><strong>corr.</strong></span> <span class='ocrx_word' id='word_1_755' title='bbox 2570 4515 2911 4618; x_wconf 73' lang='lat' dir='ltr'><strong>reparandis</strong></span> <span class='ocrx_word' id='word_1_756' title='bbox 3020 4519 3073 4568; x_wconf 90' lang='lat'><strong>1.</strong></span> 
     </span>
     <span class='ocr_line' id='line_1_102' title="bbox 1882 4585 3073 4618; baseline 0 0"><span class='ocrx_word' id='word_1_757' title='bbox 1882 4593 1946 4618; x_wconf 74' lang='lat' dir='ltr'><strong>nn</strong></span> <span class='ocrx_word' id='word_1_758' title='bbox 2089 4591 2157 4618; x_wconf 80' lang='lat' dir='ltr'><strong>su</strong></span> <span class='ocrx_word' id='word_1_759' title='bbox 2192 4591 2353 4618; x_wconf 72' lang='grc' dir='ltr'><strong>ιηηιςι.</strong></span> <span class='ocrx_word' id='word_1_760' title='bbox 2385 4592 2456 4618; x_wconf 67' lang='lat' dir='ltr'><strong>nu</strong></span> <span class='ocrx_word' id='word_1_761' title='bbox 2566 4586 2635 4618; x_wconf 73' lang='grc'><strong>268</strong></span> <span class='ocrx_word' id='word_1_762' title='bbox 2687 4585 2994 4618; x_wconf 69' lang='lat' dir='ltr'><strong>anﬂ‘nlmml</strong></span> <span class='ocrx_word' id='word_1_763' title='bbox 3030 4585 3073 4618; x_wconf 16' lang='lat' dir='ltr'><strong>ni</strong></span> 
     </span>
    </p>
   </div>
   <div class='ocr_carea' id='block_1_102' title="bbox 1858 4654 3277 4733">
    <p class='ocr_par' dir='ltr' id='par_1_102' title="bbox 1858 4654 3277 4733">
     <span class='ocr_line' id='line_1_103' title="bbox 1858 4654 3277 4733; baseline 0.023 -39"><span class='ocrx_word' id='word_1_764' title='bbox 1858 4661 1950 4695; x_wconf 70' lang='lat' dir='ltr'><strong>seu</strong></span> <span class='ocrx_word' id='word_1_765' title='bbox 1978 4663 2237 4733; x_wconf 63' lang='lat' dir='ltr'><strong>synodus</strong></span> <span class='ocrx_word' id='word_1_766' title='bbox 2268 4675 2424 4717; x_wconf 75' lang='lat' dir='ltr'><strong>corr.</strong></span> <span class='ocrx_word' id='word_1_767' title='bbox 2454 4658 2670 4733; x_wconf 69' lang='lat' dir='ltr'><strong>synodi</strong></span> <span class='ocrx_word' id='word_1_768' title='bbox 2701 4656 3005 4733; x_wconf 48' lang='grc' dir='ltr'><strong>ϐμει-ᾄζα</strong></span> <span class='ocrx_word' id='word_1_769' title='bbox 3034 4654 3277 4733; x_wconf 60' lang='grc' dir='ltr'><strong>βᾘφφε</strong></span> 
     </span>
    </p>
   </div>
   <div class='ocr_carea' id='block_1_103' title="bbox 1027 4731 2779 4809">
    <p class='ocr_par' dir='ltr' id='par_1_103' title="bbox 1027 4731 2779 4809">
     <span class='ocr_line' id='line_1_104' title="bbox 1027 4731 2779 4809; baseline -0.005 -19"><span class='ocrx_word' id='word_1_770' title='bbox 1027 4777 1041 4809; x_wconf 77' lang='lat'><strong>.</strong></span> <span class='ocrx_word' id='word_1_771' title='bbox 1082 4740 1138 4790; x_wconf 77' lang='grc'><strong>5.</strong></span> <span class='ocrx_word' id='word_1_772' title='bbox 1179 4737 1277 4809; x_wconf 43' lang='grc' dir='ltr'><strong>ρε-</strong></span> <span class='ocrx_word' id='word_1_773' title='bbox 1326 4733 1417 4767; x_wconf 80' lang='grc'><strong>²⁶⁹²</strong></span> <span class='ocrx_word' id='word_1_774' title='bbox 1446 4734 1776 4809; x_wconf 30' lang='lat' dir='ltr'><strong>truereABg.</strong></span> <span class='ocrx_word' id='word_1_775' title='bbox 1800 4746 1971 4809; x_wconf 75' lang='lat' dir='ltr'><strong>corr.</strong></span> <span class='ocrx_word' id='word_1_776' title='bbox 2003 4731 2233 4809; x_wconf 72' lang='lat' dir='ltr'><strong>treueri</strong></span> <span class='ocrx_word' id='word_1_777' title='bbox 2268 4733 2369 4809; x_wconf 80' lang='lat' dir='ltr'><strong>C1.</strong></span> <span class='ocrx_word' id='word_1_778' title='bbox 2452 4731 2779 4809; x_wconf 50' lang='lat' dir='ltr'><strong>&quot;f’trzinslg</strong></span> 
     </span>
    </p>
   </div>
   <div class='ocr_carea' id='block_1_104' title="bbox 1187 4798 3101 4867">
    <p class='ocr_par' dir='ltr' id='par_1_104' title="bbox 1187 4798 3101 4867">
     <span class='ocr_line' id='line_1_105' title="bbox 1187 4798 3101 4867; baseline -0.006 -6"><span class='ocrx_word' id='word_1_779' title='bbox 1187 4804 1280 4839; x_wconf 69' lang='grc'><strong>’⁸⁸⁸</strong></span> <span class='ocrx_word' id='word_1_780' title='bbox 1310 4805 1531 4862; x_wconf 89' lang='lat' dir='ltr'><strong>treueri</strong></span> <span class='ocrx_word' id='word_1_781' title='bbox 1564 4804 1673 4859; x_wconf 87' lang='lat' dir='ltr'><strong>B1?</strong></span> <span class='ocrx_word' id='word_1_782' title='bbox 1701 4807 1765 4858; x_wconf 64' lang='lat'><strong>4?</strong></span> <span class='ocrx_word' id='word_1_783' title='bbox 1792 4802 2075 4859; x_wconf 89' lang='lat' dir='ltr'><strong>treuerim</strong></span> <span class='ocrx_word' id='word_1_784' title='bbox 2107 4815 2264 4859; x_wconf 78' lang='lat' dir='ltr'><strong>corr.</strong></span> <span class='ocrx_word' id='word_1_785' title='bbox 2303 4800 2525 4856; x_wconf 89' lang='lat' dir='ltr'><strong>treueri</strong></span> <span class='ocrx_word' id='word_1_786' title='bbox 2550 4801 2649 4855; x_wconf 88' lang='lat' dir='ltr'><strong>Cl.</strong></span> <span class='ocrx_word' id='word_1_787' title='bbox 2682 4798 2741 4854; x_wconf 77' lang='lat' dir='ltr'><strong>et</strong></span> <span class='ocrx_word' id='word_1_788' title='bbox 2758 4799 2850 4855; x_wconf 86' lang='lat' dir='ltr'><strong>ita</strong></span> <span class='ocrx_word' id='word_1_789' title='bbox 2871 4798 2945 4853; x_wconf 91' lang='lat' dir='ltr'><strong>C3</strong></span> <span class='ocrx_word' id='word_1_790' title='bbox 2965 4809 3101 4867; x_wconf 74' lang='lat' dir='ltr'><strong>sqq.</strong></span> 
     </span>
    </p>
   </div>
   <div class='ocr_carea' id='block_1_105' title="bbox 853 4862 3646 4979">
    <p class='ocr_par' dir='ltr' id='par_1_105' title="bbox 853 4862 3646 4979">
     <span class='ocr_line' id='line_1_106' title="bbox 853 4862 3646 4979; baseline -0.005 -48"><span class='ocrx_word' id='word_1_791' title='bbox 853 4862 905 4931; x_wconf 71' lang='grc'><strong>1⁵.</strong></span> <span class='ocrx_word' id='word_1_792' title='bbox 988 4875 1081 4956; x_wconf 55' lang='grc' dir='ltr'><strong>’ξοδ</strong></span> <span class='ocrx_word' id='word_1_793' title='bbox 1111 4876 1284 4941; x_wconf 73' lang='grc' dir='ltr'><strong>Μνη.</strong></span> <span class='ocrx_word' id='word_1_794' title='bbox 1314 4878 1525 4979; x_wconf 57' lang='lat' dir='ltr'><strong>1postea</strong></span> <span class='ocrx_word' id='word_1_795' title='bbox 1550 4889 1706 4932; x_wconf 79' lang='lat' dir='ltr'><strong>corr.</strong></span> <span class='ocrx_word' id='word_1_796' title='bbox 1746 4874 2012 4929; x_wconf 83' lang='lat' dir='ltr'><strong>MXLVII.</strong></span> <span class='ocrx_word' id='word_1_797' title='bbox 2050 4873 2152 4927; x_wconf 90' lang='lat' dir='ltr'><strong>Bl.</strong></span> <span class='ocrx_word' id='word_1_798' title='bbox 2195 4871 2406 4953; x_wconf 69' lang='lat' dir='ltr'><strong>LXVII.</strong></span> <span class='ocrx_word' id='word_1_799' title='bbox 2443 4883 2599 4927; x_wconf 77' lang='lat' dir='ltr'><strong>corr.</strong></span> <span class='ocrx_word' id='word_1_800' title='bbox 2638 4870 2852 4925; x_wconf 85' lang='lat' dir='ltr'><strong>XLVII.</strong></span> <span class='ocrx_word' id='word_1_801' title='bbox 2893 4862 3080 4950; x_wconf 43' lang='lat' dir='ltr'><strong>C1331</strong></span> <span class='ocrx_word' id='word_1_802' title='bbox 3112 4868 3170 4921; x_wconf 89' lang='grc'><strong>4.</strong></span> <span class='ocrx_word' id='word_1_803' title='bbox 3254 4863 3346 4897; x_wconf 80' lang='grc'><strong>²⁶⁹⁰</strong></span> <span class='ocrx_word' id='word_1_804' title='bbox 3379 4878 3458 4918; x_wconf 92' lang='lat' dir='ltr'><strong>m.</strong></span> <span class='ocrx_word' id='word_1_805' title='bbox 3492 4862 3646 4919; x_wconf 87' lang='lat' dir='ltr'><strong>facta</strong></span> 
     </span>
     <span class='ocr_line' id='line_1_107' title="bbox 853 4932 3646 4979; baseline 0 0"><span class='ocrx_word' id='word_1_806' title='bbox 853 4946 1130 4979; x_wconf 67' lang='grc' dir='ltr'><strong>...Αοιηίρ</strong></span> <span class='ocrx_word' id='word_1_807' title='bbox 1244 4945 1312 4979; x_wconf 74' lang='lat'><strong>:10</strong></span> <span class='ocrx_word' id='word_1_808' title='bbox 1363 4961 1387 4979; x_wconf 85' lang='lat'><em>.</em></span> <span class='ocrx_word' id='word_1_809' title='bbox 1466 4948 1633 4979; x_wconf 69' lang='grc' dir='ltr'><strong>Αηωη</strong></span> <span class='ocrx_word' id='word_1_810' title='bbox 1671 4947 1747 4979; x_wconf 70' lang='lat' dir='ltr'><strong>ne)</strong></span> <span class='ocrx_word' id='word_1_811' title='bbox 1854 4943 2007 4979; x_wconf 46' lang='lat' dir='ltr'><strong>nos,</strong></span> <span class='ocrx_word' id='word_1_812' title='bbox 2066 4942 2201 4979; x_wconf 74' lang='lat' dir='ltr'><strong>LVII</strong></span> <span class='ocrx_word' id='word_1_813' title='bbox 2270 4940 2433 4979; x_wconf 66' lang='lat' dir='ltr'><strong>Imb”</strong></span> <span class='ocrx_word' id='word_1_814' title='bbox 2501 4939 2660 4979; x_wconf 68' lang='lat' dir='ltr'><strong>mna</strong></span> <span class='ocrx_word' id='word_1_815' title='bbox 2714 4939 2904 4979; x_wconf 63' lang='lat' dir='ltr'><strong>retin-tl</strong></span> <span class='ocrx_word' id='word_1_816' title='bbox 2927 4935 3280 4979; x_wconf 60' lang='grc' dir='ltr'><strong>Μηίων-Δρ</strong></span> <span class='ocrx_word' id='word_1_817' title='bbox 3309 4932 3646 4979; x_wconf 72' lang='lat' dir='ltr'><strong>Evnrhardn</strong></span> 
     </span>
    </p>
   </div>
   <div class='ocr_carea' id='block_1_106' title="bbox 1361 4932 3647 5010">
    <p class='ocr_par' dir='ltr' id='par_1_106' title="bbox 1361 4932 3647 5010">
     <span class='ocr_line' id='line_1_108' title="bbox 1361 4932 3647 5010; baseline -0.006 -9"><span class='ocrx_word' id='word_1_818' title='bbox 1361 4932 1636 5003; x_wconf 48' lang='lat' dir='ltr'><strong>sQAmen</strong></span> <span class='ocrx_word' id='word_1_819' title='bbox 1670 4947 1771 5001; x_wconf 66' lang='lat' dir='ltr'><strong>BQ.</strong></span> <span class='ocrx_word' id='word_1_820' title='bbox 1854 4943 1948 4977; x_wconf 82' lang='grc'><strong>²⁷⁰²</strong></span> <span class='ocrx_word' id='word_1_821' title='bbox 1976 4956 2031 5000; x_wconf 88' lang='lat' dir='ltr'><strong>c.</strong></span> <span class='ocrx_word' id='word_1_822' title='bbox 2063 4942 2228 4997; x_wconf 83' lang='lat' dir='ltr'><strong>LVII.</strong></span> <span class='ocrx_word' id='word_1_823' title='bbox 2258 4940 2461 4997; x_wconf 80' lang='lat' dir='ltr'><strong>Leibn.</strong></span> <span class='ocrx_word' id='word_1_824' title='bbox 2492 4939 2570 4995; x_wconf 81' lang='lat' dir='ltr'><em>In</em></span> <span class='ocrx_word' id='word_1_825' title='bbox 2585 4942 2687 4994; x_wconf 83' lang='lat'><strong>(:3.</strong></span> <span class='ocrx_word' id='word_1_826' title='bbox 2714 4939 2905 4997; x_wconf 76' lang='lat' dir='ltr'><strong>rubra</strong></span> <span class='ocrx_word' id='word_1_827' title='bbox 2926 4938 3147 5010; x_wconf 73' lang='lat' dir='ltr'><strong>legitur</strong></span> <span class='ocrx_word' id='word_1_828' title='bbox 3167 4958 3186 4995; x_wconf 82' lang='lat'><strong>.-</strong></span> <span class='ocrx_word' id='word_1_829' title='bbox 3206 4935 3280 4992; x_wconf 87' lang='lat' dir='ltr'><strong>de</strong></span> <span class='ocrx_word' id='word_1_830' title='bbox 3309 4932 3647 4991; x_wconf 84' lang='lat' dir='ltr'><strong>Everhardo</strong></span> 
     </span>
    </p>
   </div>
   <div class='ocr_carea' id='block_1_107' title="bbox 3155 4512 3631 4616">
    <p class='ocr_par' dir='ltr' id='par_1_107' title="bbox 3155 4512 3631 4616">
     <span class='ocr_line' id='line_1_109' title="bbox 3155 4512 3631 4569; baseline -0.004 -2"><span class='ocrx_word' id='word_1_831' title='bbox 3155 4512 3248 4546; x_wconf 63' lang='lat'><strong>&quot;5°</strong></span> <span class='ocrx_word' id='word_1_832' title='bbox 3286 4515 3473 4569; x_wconf 88' lang='lat' dir='ltr'><strong>fertur</strong></span> <span class='ocrx_word' id='word_1_833' title='bbox 3505 4514 3541 4565; x_wconf 69' lang='grc'><strong>11</strong></span> <span class='ocrx_word' id='word_1_834' title='bbox 3574 4517 3631 4566; x_wconf 77' lang='lat'><strong>5.</strong></span> 
     </span>
     <span class='ocr_line' id='line_1_110' title="bbox 3209 4581 3631 4616; baseline 0.002 -1"><span class='ocrx_word' id='word_1_835' title='bbox 3209 4581 3299 4616; x_wconf 70' lang='lat'><strong>2686</strong></span> <span class='ocrx_word' id='word_1_836' title='bbox 3328 4588 3421 4616; x_wconf 61' lang='lat' dir='ltr'><strong>non</strong></span> <span class='ocrx_word' id='word_1_837' title='bbox 3485 4582 3631 4616; x_wconf 67' lang='grc' dir='ltr'><strong>λικε</strong></span> 
     </span>
    </p>
   </div>
   <div class='ocr_carea' id='block_1_108' title="bbox 3327 4582 3645 4708">
    <p class='ocr_par' dir='ltr' id='par_1_108' title="bbox 3327 4582 3645 4708">
     <span class='ocr_line' id='line_1_111' title="bbox 3327 4582 3643 4638; baseline -0.003 0"><span class='ocrx_word' id='word_1_838' title='bbox 3327 4588 3449 4638; x_wconf 91' lang='lat' dir='ltr'><strong>etc.</strong></span> <span class='ocrx_word' id='word_1_839' title='bbox 3484 4582 3643 4637; x_wconf 81' lang='lat' dir='ltr'><strong>deest</strong></span> 
     </span>
     <span class='ocr_line' id='line_1_112' title="bbox 3358 4650 3645 4708; baseline 0.003 -1"><span class='ocrx_word' id='word_1_840' title='bbox 3358 4652 3451 4685; x_wconf 69' lang='lat'><strong>“9°</strong></span> <span class='ocrx_word' id='word_1_841' title='bbox 3482 4650 3645 4708; x_wconf 81' lang='lat' dir='ltr'><strong>deest</strong></span> 
     </span>
    </p>
   </div>
   <div class='ocr_carea' id='block_1_109' title="bbox 2452 4721 3645 4849">
    <p class='ocr_par' dir='ltr' id='par_1_109' title="bbox 2452 4721 3645 4849">
     <span class='ocr_line' id='line_1_113' title="bbox 2452 4721 3639 4784; baseline 0.003 -3"><span class='ocrx_word' id='word_1_842' title='bbox 2452 4721 2543 4762; x_wconf 61' lang='lat'><strong>&quot;‘7‘</strong></span> <span class='ocrx_word' id='word_1_843' title='bbox 2573 4728 2862 4784; x_wconf 86' lang='lat' dir='ltr'><strong>translato</strong></span> <span class='ocrx_word' id='word_1_844' title='bbox 2897 4728 2996 4781; x_wconf 81' lang='lat' dir='ltr'><strong>B2.</strong></span> <span class='ocrx_word' id='word_1_845' title='bbox 3029 4726 3061 4778; x_wconf 90' lang='grc'><strong>4</strong></span> <span class='ocrx_word' id='word_1_846' title='bbox 3213 4721 3236 4724; x_wconf 76' lang='grc'><strong><em>“</em></strong></span> <span class='ocrx_word' id='word_1_847' title='bbox 3258 4721 3349 4756; x_wconf 79' lang='grc'><strong>²⁸⁹⁴</strong></span> <span class='ocrx_word' id='word_1_848' title='bbox 3378 4723 3639 4778; x_wconf 77' lang='lat' dir='ltr'><strong>cunrado</strong></span> 
     </span>
     <span class='ocr_line' id='line_1_114' title="bbox 2452 4793 3645 4849; baseline -0.002 0"><span class='ocrx_word' id='word_1_849' title='bbox 2452 4800 2524 4849; x_wconf 67' lang='lat' dir='ltr'><strong>ari</strong></span> <span class='ocrx_word' id='word_1_850' title='bbox 2550 4801 2649 4849; x_wconf 86' lang='lat' dir='ltr'><strong>Cl.</strong></span> <span class='ocrx_word' id='word_1_851' title='bbox 2682 4798 2741 4849; x_wconf 68' lang='lat' dir='ltr'><strong>et</strong></span> <span class='ocrx_word' id='word_1_852' title='bbox 2758 4799 2850 4849; x_wconf 84' lang='lat' dir='ltr'><strong>ita</strong></span> <span class='ocrx_word' id='word_1_853' title='bbox 2871 4798 2945 4849; x_wconf 90' lang='lat' dir='ltr'><strong>C3</strong></span> <span class='ocrx_word' id='word_1_854' title='bbox 2965 4809 3101 4849; x_wconf 74' lang='lat' dir='ltr'><strong>sua.</strong></span> <span class='ocrx_word' id='word_1_855' title='bbox 3186 4794 3276 4827; x_wconf 82' lang='grc'><strong>²⁶⁰⁶</strong></span> <span class='ocrx_word' id='word_1_856' title='bbox 3309 4794 3498 4849; x_wconf 89' lang='lat' dir='ltr'><strong>facere</strong></span> <span class='ocrx_word' id='word_1_857' title='bbox 3534 4793 3645 4847; x_wconf 85' lang='lat' dir='ltr'><strong>B1?</strong></span> 
     </span>
    </p>
   </div>
   <div class='ocr_carea' id='block_1_110' title="bbox 2089 4583 3128 4646">
    <p class='ocr_par' dir='ltr' id='par_1_110' title="bbox 2089 4583 3128 4646">
     <span class='ocr_line' id='line_1_115' title="bbox 2089 4583 3128 4646; baseline 0.014 -23"><span class='ocrx_word' id='word_1_858' title='bbox 2089 4591 2157 4625; x_wconf 78' lang='lat' dir='ltr'><strong>su</strong></span> <span class='ocrx_word' id='word_1_859' title='bbox 2191 4591 2356 4646; x_wconf 59' lang='lat' dir='ltr'><strong>“bris</strong></span> <span class='ocrx_word' id='word_1_860' title='bbox 2385 4592 2483 4645; x_wconf 75' lang='lat'><strong>35,</strong></span> <span class='ocrx_word' id='word_1_861' title='bbox 2566 4583 2659 4620; x_wconf 78' lang='grc'>²⁶⁸³</span> <span class='ocrx_word' id='word_1_862' title='bbox 2686 4583 3001 4642; x_wconf 82' lang='lat' dir='ltr'><strong>suffulcivit</strong></span> <span class='ocrx_word' id='word_1_863' title='bbox 3030 4585 3128 4639; x_wconf 83' lang='lat' dir='ltr'><strong>B1.</strong></span> 
     </span>
    </p>
   </div>
   <div class='ocr_carea' id='block_1_111' title="bbox 1845 5107 2050 5166">
    <p class='ocr_par' dir='ltr' id='par_1_111' title="bbox 1845 5107 2050 5166">
     <span class='ocr_line' id='line_1_116' title="bbox 1845 5107 2050 5166; baseline -0.02 0"><span class='ocrx_word' id='word_1_864' title='bbox 1845 5107 2050 5166; x_wconf 72' lang='grc' dir='ltr'><strong>ΝΟΤᾸΞ</strong></span> 
     </span>
    </p>
   </div>
   <div class='ocr_carea' id='block_1_112' title="bbox 342 5239 985 5309">
    <p class='ocr_par' dir='ltr' id='par_1_112' title="bbox 342 5239 985 5309">
     <span class='ocr_line' id='line_1_117' title="bbox 342 5239 985 5309; baseline -0.005 -13"><span class='ocrx_word' id='word_1_865' title='bbox 342 5242 466 5309; x_wconf 88' lang='grc'>470)</span> <span class='ocrx_word' id='word_1_866' title='bbox 501 5239 563 5293; x_wconf 82' lang='grc' dir='ltr'><strong>ν.</strong></span> <span class='ocrx_word' id='word_1_867' title='bbox 600 5251 781 5309; x_wconf 89' lang='lat' dir='ltr'><strong>supra</strong></span> <span class='ocrx_word' id='word_1_868' title='bbox 809 5252 860 5294; x_wconf 93' lang='lat' dir='ltr'><strong>c.</strong></span> <span class='ocrx_word' id='word_1_869' title='bbox 890 5242 985 5309; x_wconf 80' lang='grc'><strong>19.</strong></span> 
     </span>
    </p>
   </div>
   <div class='ocr_carea' id='block_1_113' title="bbox 340 5244 1891 5388">
    <p class='ocr_par' dir='ltr' id='par_1_113' title="bbox 340 5244 1891 5388">
     <span class='ocr_line' id='line_1_118' title="bbox 342 5244 985 5309; baseline -0.005 -13"><span class='ocrx_word' id='word_1_870' title='bbox 342 5244 445 5296; x_wconf 88' lang='grc'>470</span> <span class='ocrx_word' id='word_1_871' title='bbox 501 5244 563 5293; x_wconf 90' lang='lat' dir='ltr'><strong>V.</strong></span> <span class='ocrx_word' id='word_1_872' title='bbox 600 5251 781 5309; x_wconf 91' lang='lat' dir='ltr'><strong>supra</strong></span> <span class='ocrx_word' id='word_1_873' title='bbox 809 5252 860 5294; x_wconf 93' lang='lat' dir='ltr'><strong>c.</strong></span> <span class='ocrx_word' id='word_1_874' title='bbox 897 5244 985 5294; x_wconf 83' lang='lat'><strong>19.</strong></span> 
     </span>
     <span class='ocr_line' id='line_1_119' title="bbox 340 5244 1891 5388; baseline -0.005 -21"><span class='ocrx_word' id='word_1_875' title='bbox 340 5244 466 5388; x_wconf 53' lang='lat'><strong>£71;</strong></span> <span class='ocrx_word' id='word_1_876' title='bbox 500 5310 583 5388; x_wconf 62' lang='lat' dir='ltr'><strong>Cf.</strong></span> <span class='ocrx_word' id='word_1_877' title='bbox 624 5307 703 5388; x_wconf 78' lang='lat' dir='ltr'><strong>de</strong></span> <span class='ocrx_word' id='word_1_878' title='bbox 739 5308 850 5388; x_wconf 77' lang='lat' dir='ltr'><strong>hoc</strong></span> <span class='ocrx_word' id='word_1_879' title='bbox 878 5306 1017 5388; x_wconf 63' lang='lat' dir='ltr'><strong>loco</strong></span> <span class='ocrx_word' id='word_1_880' title='bbox 1056 5306 1413 5388; x_wconf 65' lang='lat' dir='ltr'><strong>Steininger,</strong></span> <span class='ocrx_word' id='word_1_881' title='bbox 1438 5308 1891 5388; x_wconf 19' lang='lat' dir='ltr'><strong>NBemerkungen</strong></span> 
     </span>
    </p>
   </div>
   <div class='ocr_carea' id='block_1_114' title="bbox 249 5379 1784 5462">
    <p class='ocr_par' dir='ltr' id='par_1_114' title="bbox 249 5379 1784 5462">
     <span class='ocr_line' id='line_1_120' title="bbox 249 5379 1784 5462; baseline -0.003 -27"><span class='ocrx_word' id='word_1_882' title='bbox 249 5379 724 5462; x_wconf 63' lang='lat' dir='ltr'><strong>zur_§esehichte</strong></span> <span class='ocrx_word' id='word_1_883' title='bbox 751 5379 854 5437; x_wconf 90' lang='lat' dir='ltr'><strong>des</strong></span> <span class='ocrx_word' id='word_1_884' title='bbox 878 5380 1083 5436; x_wconf 92' lang='lat' dir='ltr'><strong>Domes</strong></span> <span class='ocrx_word' id='word_1_885' title='bbox 1107 5395 1179 5436; x_wconf 92' lang='lat' dir='ltr'><strong>zu</strong></span> <span class='ocrx_word' id='word_1_886' title='bbox 1209 5379 1370 5435; x_wconf 89' lang='lat' dir='ltr'><strong>Trier</strong></span> <span class='ocrx_word' id='word_1_887' title='bbox 1393 5380 1548 5434; x_wconf 85' lang='lat'><strong>1839.</strong></span> <span class='ocrx_word' id='word_1_888' title='bbox 1573 5381 1625 5435; x_wconf 87' lang='grc'><strong>4.</strong></span> <span class='ocrx_word' id='word_1_889' title='bbox 1650 5392 1705 5448; x_wconf 93' lang='lat' dir='ltr'><strong>p.</strong></span> <span class='ocrx_word' id='word_1_890' title='bbox 1733 5381 1784 5431; x_wconf 85' lang='lat'><strong>1.</strong></span> 
     </span>
    </p>
   </div>
   <div class='ocr_carea' id='block_1_115' title="bbox 320 5451 1896 5597">
    <p class='ocr_par' dir='ltr' id='par_1_115' title="bbox 320 5451 1896 5597">
     <span class='ocr_line' id='line_1_121' title="bbox 343 5451 1852 5526; baseline -0.011 -17"><span class='ocrx_word' id='word_1_891' title='bbox 343 5456 467 5526; x_wconf 79' lang='grc'>472)</span> <span class='ocrx_word' id='word_1_892' title='bbox 497 5451 731 5509; x_wconf 86' lang='lat' dir='ltr'><strong>Pfeiler.</strong></span> <span class='ocrx_word' id='word_1_893' title='bbox 1843 5514 1852 5524; x_wconf 35' lang='lat'><strong>.</strong></span> 
     </span>
     <span class='ocr_line' id='line_1_122' title="bbox 320 5451 1896 5597; baseline -0.008 -16"><span class='ocrx_word' id='word_1_894' title='bbox 320 5451 469 5597; x_wconf 41' lang='lat'><strong>$473)</strong></span> <span class='ocrx_word' id='word_1_895' title='bbox 502 5525 583 5597; x_wconf 82' lang='lat' dir='ltr'><strong>De</strong></span> <span class='ocrx_word' id='word_1_896' title='bbox 614 5521 839 5592; x_wconf 85' lang='lat' dir='ltr'><strong>synodo</strong></span> <span class='ocrx_word' id='word_1_897' title='bbox 869 5520 1125 5597; x_wconf 77' lang='lat' dir='ltr'><strong>quadam</strong></span> <span class='ocrx_word' id='word_1_898' title='bbox 1145 5535 1175 5578; x_wconf 88' lang='lat' dir='ltr'><strong>a</strong></span> <span class='ocrx_word' id='word_1_899' title='bbox 1203 5516 1896 5597; x_wconf 59' lang='lat' dir='ltr'><strong>Pppppnemensejunro</strong></span> 
     </span>
    </p>
   </div>
   <div class='ocr_carea' id='block_1_116' title="bbox 252 5584 1887 5661">
    <p class='ocr_par' dir='ltr' id='par_1_116' title="bbox 252 5584 1887 5661">
     <span class='ocr_line' id='line_1_123' title="bbox 252 5584 1887 5661; baseline -0.01 -6"><span class='ocrx_word' id='word_1_900' title='bbox 252 5584 386 5657; x_wconf 73' lang='lat'><strong>1036</strong></span> <span class='ocrx_word' id='word_1_901' title='bbox 431 5584 735 5653; x_wconf 73' lang='lat' dir='ltr'><strong>celebrata</strong></span> <span class='ocrx_word' id='word_1_902' title='bbox 782 5609 836 5651; x_wconf 77' lang='grc' dir='ltr'><strong>ν.</strong></span> <span class='ocrx_word' id='word_1_903' title='bbox 883 5584 1186 5649; x_wconf 76' lang='lat' dir='ltr'><strong>Hontheim</strong></span> <span class='ocrx_word' id='word_1_904' title='bbox 1235 5584 1437 5647; x_wconf 78' lang='lat' dir='ltr'><strong>Prodr.</strong></span> <span class='ocrx_word' id='word_1_905' title='bbox 1473 5589 1516 5660; x_wconf 89' lang='lat' dir='ltr'><strong>I,</strong></span> <span class='ocrx_word' id='word_1_906' title='bbox 1549 5604 1601 5661; x_wconf 92' lang='lat' dir='ltr'><strong>p.</strong></span> <span class='ocrx_word' id='word_1_907' title='bbox 1639 5588 1760 5643; x_wconf 88' lang='lat'><strong>318.</strong></span> <span class='ocrx_word' id='word_1_908' title='bbox 1797 5584 1887 5643; x_wconf 87' lang='lat' dir='ltr'><strong>Cf.</strong></span> 
     </span>
    </p>
   </div>
   <div class='ocr_carea' id='block_1_117' title="bbox 2004 5230 3507 5442">
    <p class='ocr_par' dir='ltr' id='par_1_117' title="bbox 2004 5230 3507 5442">
     <span class='ocr_line' id='line_1_124' title="bbox 2004 5230 2590 5301; baseline -0.01 -13"><span class='ocrx_word' id='word_1_909' title='bbox 2004 5233 2263 5288; x_wconf 90' lang='lat' dir='ltr'><strong>Brower.</strong></span> <span class='ocrx_word' id='word_1_910' title='bbox 2296 5230 2336 5292; x_wconf 82' lang='grc' dir='ltr'><strong>Ι.</strong></span> <span class='ocrx_word' id='word_1_911' title='bbox 2372 5244 2425 5301; x_wconf 94' lang='lat' dir='ltr'><strong>p.</strong></span> <span class='ocrx_word' id='word_1_912' title='bbox 2462 5230 2590 5284; x_wconf 75' lang='lat'><strong>518.</strong></span> 
     </span>
     <span class='ocr_line' id='line_1_125' title="bbox 2100 5295 3507 5371; baseline -0.005 -14"><span class='ocrx_word' id='word_1_913' title='bbox 2100 5302 2225 5371; x_wconf 86' lang='grc'>474)</span> <span class='ocrx_word' id='word_1_914' title='bbox 2257 5301 2341 5357; x_wconf 91' lang='lat' dir='ltr'><strong>Ita</strong></span> <span class='ocrx_word' id='word_1_915' title='bbox 2375 5302 2673 5355; x_wconf 89' lang='lat' dir='ltr'><strong>auctorem</strong></span> <span class='ocrx_word' id='word_1_916' title='bbox 2705 5295 3014 5367; x_wconf 89' lang='lat' dir='ltr'><strong>scripsisse</strong></span> <span class='ocrx_word' id='word_1_917' title='bbox 3038 5301 3180 5368; x_wconf 90' lang='lat' dir='ltr'><strong>puto</strong></span> <span class='ocrx_word' id='word_1_918' title='bbox 3211 5312 3318 5369; x_wconf 90' lang='lat' dir='ltr'><strong>pro</strong></span> <span class='ocrx_word' id='word_1_919' title='bbox 3351 5297 3507 5353; x_wconf 88' lang='grc'><strong>1047.</strong></span> 
     </span>
     <span class='ocr_line' id='line_1_126' title="bbox 2075 5300 3507 5442; baseline -0.006 -14"><span class='ocrx_word' id='word_1_920' title='bbox 2075 5300 2226 5442; x_wconf 49' lang='grc' dir='ltr'>Ξ475)</span> <span class='ocrx_word' id='word_1_921' title='bbox 2260 5369 2384 5442; x_wconf 86' lang='lat' dir='ltr'><strong>Qua</strong></span> <span class='ocrx_word' id='word_1_922' title='bbox 2413 5369 2484 5442; x_wconf 83' lang='lat' dir='ltr'><strong>de</strong></span> <span class='ocrx_word' id='word_1_923' title='bbox 2514 5382 2578 5442; x_wconf 80' lang='lat' dir='ltr'><strong>re</strong></span> <span class='ocrx_word' id='word_1_924' title='bbox 2608 5367 3287 5442; x_wconf 73' lang='lat' dir='ltr'><strong>v_.__Popponisehartam</strong></span> <span class='ocrx_word' id='word_1_925' title='bbox 3310 5382 3361 5423; x_wconf 88' lang='lat' dir='ltr'><strong>a.</strong></span> <span class='ocrx_word' id='word_1_926' title='bbox 3388 5368 3507 5442; x_wconf 69' lang='grc'><strong>1941</strong></span> 
     </span>
    </p>
   </div>
   <div class='ocr_carea' id='block_1_118' title="bbox 2102 5364 3655 5442">
    <p class='ocr_par' dir='ltr' id='par_1_118' title="bbox 2102 5364 3655 5442">
     <span class='ocr_line' id='line_1_127' title="bbox 2102 5364 3655 5442; baseline -0.005 -14"><span class='ocrx_word' id='word_1_927' title='bbox 2102 5364 2226 5442; x_wconf 77' lang='grc'>475)</span> <span class='ocrx_word' id='word_1_928' title='bbox 2260 5369 2384 5442; x_wconf 86' lang='lat' dir='ltr'><strong>Qua</strong></span> <span class='ocrx_word' id='word_1_929' title='bbox 2413 5369 2484 5442; x_wconf 83' lang='lat' dir='ltr'><strong>de</strong></span> <span class='ocrx_word' id='word_1_930' title='bbox 2514 5382 2578 5442; x_wconf 80' lang='lat' dir='ltr'><strong>re</strong></span> <span class='ocrx_word' id='word_1_931' title='bbox 2608 5364 3287 5442; x_wconf 67' lang='lat' dir='ltr'><strong>v_.__Popponisehart§m</strong></span> <span class='ocrx_word' id='word_1_932' title='bbox 3310 5382 3361 5423; x_wconf 88' lang='lat' dir='ltr'><strong>a.</strong></span> <span class='ocrx_word' id='word_1_933' title='bbox 3388 5368 3528 5442; x_wconf 70' lang='grc'><strong>1942</strong></span> <span class='ocrx_word' id='word_1_934' title='bbox 3558 5364 3655 5421; x_wconf 87' lang='lat' dir='ltr'><strong>da-</strong></span> 
     </span>
    </p>
   </div>
   <div class='ocr_carea' id='block_1_119' title="bbox 2006 5436 3659 5514">
    <p class='ocr_par' dir='ltr' id='par_1_119' title="bbox 2006 5436 3659 5514">
     <span class='ocr_line' id='line_1_128' title="bbox 2006 5436 3659 5514; baseline -0.004 -16"><span class='ocrx_word' id='word_1_935' title='bbox 2006 5436 2121 5498; x_wconf 85' lang='lat' dir='ltr'><strong>tam</strong></span> <span class='ocrx_word' id='word_1_936' title='bbox 2156 5436 2246 5514; x_wconf 86' lang='lat' dir='ltr'><strong>ap.</strong></span> <span class='ocrx_word' id='word_1_937' title='bbox 2281 5438 2586 5514; x_wconf 73' lang='lat' dir='ltr'><strong>Honthejm</strong></span> <span class='ocrx_word' id='word_1_938' title='bbox 2630 5436 2859 5514; x_wconf 60' lang='lat' dir='ltr'><strong>IiistJ,</strong></span> <span class='ocrx_word' id='word_1_939' title='bbox 2905 5451 2959 5506; x_wconf 93' lang='lat' dir='ltr'><strong>p.</strong></span> <span class='ocrx_word' id='word_1_940' title='bbox 2988 5440 3098 5514; x_wconf 68' lang='lat'><strong>379</strong></span> <span class='ocrx_word' id='word_1_941' title='bbox 3132 5456 3143 5489; x_wconf 93' lang='lat'><strong>:</strong></span> <span class='ocrx_word' id='word_1_942' title='bbox 3176 5436 3253 5493; x_wconf 77' lang='lat' dir='ltr'><strong>In</strong></span> <span class='ocrx_word' id='word_1_943' title='bbox 3289 5436 3473 5514; x_wconf 71' lang='lat' dir='ltr'><strong>porta</strong></span> <span class='ocrx_word' id='word_1_944' title='bbox 3523 5447 3659 5514; x_wconf 56' lang='lat' dir='ltr'><strong>qua</strong></span> 
     </span>
    </p>
   </div>
   <div class='ocr_carea' id='block_1_120' title="bbox 2004 5505 3663 5659">
    <p class='ocr_par' dir='ltr' id='par_1_120' title="bbox 2004 5505 3663 5659">
     <span class='ocr_line' id='line_1_129' title="bbox 2004 5505 3663 5659; baseline -0.011 -19"><span class='ocrx_word' id='word_1_945' title='bbox 2004 5505 3464 5659; x_wconf 53' lang='lat' dir='ltr'><strong>suauitatemissamissa</strong></span> <span class='ocrx_word' id='word_1_946' title='bbox 3482 5505 3663 5639; x_wconf 63' lang='lat' dir='ltr'><strong>eis:</strong></span> 
     </span>
    </p>
   </div>
  </div>
