3990 6312
205 310 238 380 1
257 317 372 378 2‘29

809 311 1077 375 GESTA
1123 307 1716 377 TREVERORUM.
1748 341 1826 356 --
1855 307 2123 375 GESTA
2151 310 2596 377 GODEFRIDI
2623 314 3010 382 ARCHIEP.

3465 319 3625 381 1230

200 467 366 525 diuis
384 473 568 540 esset,
595 467 720 539 ipse
743 467 934 522 facere
954 469 1338 536 presumeret.
1367 464 1490 530 Quo
1521 467 1726 520 contra
1758 461 1854 517 ille
1883 442 1940 506 Α
1973 478 2349 534 personarum
2381 467 2780 538 distinctione,
2814 484 2964 526 unus
2995 469 3050 526 in
3083 471 3301 528 deitate
3351 475 3622 532 substan-

199 556 557 628 apostolicze
581 554 956 612 auctoritatis
979 553 1210 609 litteras
1233 553 1288 608 in
1312 553 1421 610 hoc
1442 567 1588 624 opus
1618 551 1728 609 sibi
1761 551 1856 607 da-

199 651 302 702 tas
336 644 580 720 protulit
611 643 724 713 3"",
751 644 904 700 hunc
932 643 1161 699 modum
1193 643 1598 698 continentes:

280 735 568 792 Kalistus
583 733 910 805 episcopus,
925 745 1132 788 servus
1150 745 1446 788 servorum
1465 731 1598 800 Dei,
1618 727 1861 787 carissi-

195 827 327 882 mis
339 822 580 880 nobisin
594 823 774 878 Ultris
781 821 835 876 to
837 819 1153 892 fratribus
1164 820 1624 891 archiepiscopis
1635 816 1863 875 ceteris-

196 927 327 985 que
360 911 784 970 ecclesiasticis
812 907 1123 966 ordinibus
1152 923 1262 980 per
1302 909 1585 977 Galliam,
1623 908 1863 966 Germa-

199 1004 378 1059 niam
393 1001 790 1058 etFranciam
818 998 1178 1067 constitutis,
1214 998 1470 1055 salutem
1498 998 1553 1053 et
1586 995 1863 1067 apostoli-

197 1105 342 1148 cam
359 1089 835 1146 benedictionem.
868 1086 1170 1144 Mittimus
1206 1086 1286 1142 ad
1317 1101 1414 1143 cos
1433 1086 1705 1158 fratrem
1733 1097 1862 1140 uos-

198 1181 369 1235 trum
390 1176 830 1234 Willclzelmum
848 1175 1266 1231 Preneslinum
1286 1175 1636 1245 episcopum,
1654 1173 1864 1231 dantes

195 1269 258 1324 ei
270 1266 618 1324 emnoestra
629 1264 884 1322 caritate
897 1263 1363 1332 licenriam,utsi
1377 1262 1693 1332 guisintiu
1703 1261 1866 1320 vobis

197 1357 466 1428 φείδεορὶ
493 1368 611 1410 non
639 1354 987 1422 consecrati,
1021 1352 1330 1421 consecret,
1365 1351 1436 1420 et,
1463 1352 1519 1407 si
1561 1364 1684 1422 qua
1722 1351 1866 1407 sunt

196 1443 338 1501 alia
354 1443 700 1515 hujusmodi
729 1442 1262 1499 ecclesiasticorum
1274 1440 1647 1512 negocioru/m
1661 1440 1864 1496 minus

179 1533 473 1604 perfecta
488 1529 598 1601 '8“,
616 1533 686 1586 in
704 1529 974 1586 omnibus
996 1531 1096 1585 ino
1091 1529 1296 1600 fensa
1301 1527 1713 1601 fraternitate
1732 1540 1864 1583 con-

192 1622 472 1678 summet.
507 1621 647 1677 Pas:
670 1618 851 1676 vobis.

277 1711 394 1766 Has
428 1710 625 1779 itaque
657 1725 788 1766 cum
819 1710 874 1765 in
909 1709 1148 1766 auribus
1181 1707 1433 1764 omnium
1468 1706 1564 1777 qui
1615 1705 1856 1761 aderant

1967 567 2092 610 σιω.

2039 646 2089 697 4.
2126 644 2308 699 Porro
2330 646 2530 716 paucis
2553 646 2741 704 adhuc
2761 647 3114 718 inuotuerat,
3144 650 3295 720 quod
3320 651 3617 723 episcopa-

1969 733 2091 786 tum
2129 732 2324 802 precio
2355 741 2813 806 comparaverat,
2847 752 2976 792 eum
3009 753 3143 794 cccc
3169 738 3617 796 insurrexerunt

1971 818 2028 872 in
2059 833 2190 874 eum
2221 835 2292 876 ex
2321 827 2580 891 equestri
2626 824 2828 880 ordine
2877 823 2986 880 viri
3034 825 3240 898 iniqui,
3290 827 3613 900 exigentes,

1973 905 2098 961 dari
2121 907 2232 964 sibi
2259 911 2546 979 promissa
2572 912 2870 982 beneﬁcia,
2897 913 3220 970 mercedem
3246 915 3516 972 videlicet
3543 917 3621 971 fa-

1973 995 2155 1064 voris,
2193 998 2460 1066 quoniam
2490 999 2599 1070 ipsi
2639 1015 2768 1056 eum
2818 1001 2996 1069 magis
3046 1003 3242 1058 favore
3291 1019 3396 1059 suo
3447 1018 3615 1074 quam

1972 1083 2374 1141 ecclesiastica
2405 1085 2695 1143 electione
2729 1088 3195 1144 constituissent.
3233 1090 3454 1155 Quibus
3485 1107 3615 1147 cum

1975 1168 2072 1224 ille
2094 1169 2337 1240 plurima
2357 1173 2777 1244 cpiscopalium
2803 1175 3092 1230 redituum
3117 1177 3487 1246 concederet,
3510 1193 3616 1233 nec

1974 1261 2164 1314 tamen
2188 1259 2334 1314 satis
2357 1261 2442 1315 eis
2461 1262 2530 1316 ad
2551 1261 2829 1332 placitum
2851 1262 3200 1333 impertiret,
3223 1264 3616 1335 calumpniato

1973 1360 2042 1401 eo
2074 1346 2467 1404 abscedebant
2499 1348 2610 1420 39“,
2636 1355 2694 1405 et
2717 1350 2895 1420 aliqui
2919 1366 2991 1406 ex
3013 1351 3098 1406 eis
3121 1352 3177 1406 in
3200 1353 3326 1422 ejus
3349 1353 3618 1422 injuriam

1971 1439 2162 1490 castra
2184 1435 2595 1508 instituebant,
2623 1437 2719 1493 alii
2739 1438 3146 1510 predacioues,
3172 1440 3267 1496 alii
3291 1457 3622 1499 concrema-

1972 1523 2173 1581 ciones
2200 1527 2576 1598 exercebant,
2609 1527 2752 1583 adeo
2782 1532 2845 1583 ut
2872 1528 3092 1584 nostris
3125 1543 3355 1601 quoque
3403 1537 3622 1602 tempo-

1972 1611 2156 1682 ribus,
2174 1613 2328 1670 sicut
2347 1615 2674 1686 antiquitus
2692 1617 2875 1672 factas
2892 1616 3160 1687 legimus,
3177 1617 3620 1676 devastaciones

1973 1699 2145 1770 hujus
2176 1701 2498 1757 Trebericae
2522 1703 2782 1760 civitatis
2813 1703 3206 1776 deploremus,
3261 1707 3518 1776 Denique
3567 1707 3617 1762 si

194 1798 605 1870 exposuisset,
633 1798 846 1868 adjecit
870 1799 980 1856 :Si
981 1797 1194 1870 frater
1212 1799 1405 1854 noster
1423 1793 1709 1852 Metensis
1728 1807 1858 1850 con-
1888 1800 1941 1862 Β
1972 1789 2070 1860 qui
2104 1790 2174 1845 de
2207 1789 2300 1822 ³⁸⁸⁰
2323 1791 2504 1861 clero,
2538 1796 2636 1848 aut
2671 1793 2842 1848 etiam
2877 1793 2944 1848 de
2985 1793 3213 1864 reliquo
3261 1795 3498 1866 populo,
3545 1795 3618 1850 ad

189 1889 533 1946 secracioni
545 1887 801 1958 meti-apo
808 1887 1011 1944 litanee
1023 1887 1283 1944 coluerit
1295 1887 1596 1954 interesse,
1614 1898 1714 1954 ego
1729 1882 1857 1940 vita

189 1977 414 2034 comite
433 1990 530 2032 ero
552 1977 607 2033 ei
623 1976 946 2046 adiutorio,
961 1977 1016 2033 si
1035 1991 1166 2034 vero
1177 1977 1380 2033 venire
1393 1989 1509 2030 non
1521 1975 1858 2030 maturave-

185 2065 303 2135 rit,
321 2067 503 2136 prout
517 2067 790 2122 dominus
793 2063 1160 2136 permiserit,
1187 2079 1289 2136 ego
1305 2064 1491 2121 vicem
1508 2062 1637 2132 ejus
1665 2061 1857 2118 adim-

187 2152 396 2224 plebo.
424 2153 683 2223 Denique
707 2153 788 2206 illi
810 2158 1053 2224 propter
1075 2167 1252 2223 supra
1279 2157 1630 2209 memoratas
1651 2163 1859 2206 causas

188 2240 490 2297 Treverim
512 2241 712 2296 venire
736 2241 976 2313 nolenti,
1000 2242 1262 2312 prefatus
1291 2239 1624 2308 cardinalis,
1650 2251 1858 2308 coope-

191 2329 476 2384 rantibus
493 2328 788 2399 epiSCOpis
807 2329 1078 2385 Heiurico
1105 2327 1452 2384 Virduuensi
1475 2334 1534 2383 et
1557 2325 1859 2383 Cuonrado

188 2416 484 2487 Tullensi,
523 2418 859 2489 promissum
893 2417 1306 2474 Guodel‘ridum
1335 2416 1702 2474 consecravit
1741 2414 1862 2486 epi-

189 2520 470 2577 scopum,
502 2505 594 2561 die
626 2505 912 2562 dominica
944 2509 976 2560 7
1007 2507 1142 2562 ldus
1173 2505 1552 2578 Septembris.

283 2597 336 2650 3.
371 2595 457 2648 ita
488 2594 716 2650 demum
749 2595 1142 2650 ordinacionis
1172 2609 1290 2651 suae
1319 2608 1558 2664 compos
1596 2592 1860 2665 eﬁ‘ectus,

204 2681 462 2755 quadam
493 2682 641 2753 vice,
673 2699 802 2739 cum
833 2683 1154 2752 debuisset,
1191 2691 1252 2740 ut
1286 2681 1466 2738 moris
1495 2687 1606 2751 est,
1642 2681 1697 2736 in
1749 2696 1864 2736 am-

203 2773 362 2827 bone
387 2770 658 2827 ﬁdelibus
671 2771 846 2828 verba
870 2771 1078 2828 salutis
1103 2772 1474 2829 adnunciare.
1491 2777 1550 2826 et
1573 2769 1862 2841 quomodo

197 2861 278 2916 de
311 2865 517 2916 sancta
547 2861 810 2916 trinitate
846 2861 1219 2917 senciendum
1248 2865 1408 2917 esset
1435 2859 1754 2929 elucidare,
1781 2859 1863 2914 ita

201 2949 706 3005 irracionabiliter
727 2954 782 3006 et
804 2949 1132 3005 inordinate
1151 2949 1504 3019 disserebat,
1532 2952 1592 3005 ut
1617 2949 1695 3002 bii
1715 2963 1862 3018 quos

199 3039 428 3094 docere
450 3037 734 3094 debuerat
758 3039 960 3109 pocius
983 3053 1111 3094 eum
1127 3039 1448 3094 hereticum
1473 3052 1643 3109 quam
1665 3037 1862 3094 catho-

196 3128 385 3183 licum
419 3127 697 3183 estimare
730 3127 1079 3198 potuissent,
1117 3127 1164 3183 si
1196 3143 1308 3184 non
1351 3129 1550 3198 magis,
1600 3132 1661 3182 ut
1709 3130 1855 3196 erat,

201 3216 339 3286 ejus
353 3215 734 3287 eloquenciai,
754 3216 1216 3288 inscientiaqua
1228 3235 1275 3272 m
1295 3217 1568 3289 pravitati
1583 3217 1858 3272 hereticae

201 3305 596 3362 addixissent.
622 3306 833 3362 Verum
859 3320 1103 3376 namque
1125 3311 1236 3376 est,
1255 3306 1409 3377 quod
1435 3308 1640 3362 beatus
1661 3306 1862 3361 Hiero-

198 3395 399 3450 nimus
428 3393 506 3448 ait
533 3413 546 3447 ς
579 3394 774 3450 Stulti
799 3395 957 3464 sunt,
981 3397 1108 3466 qui,
1130 3408 1259 3451 cum
1279 3395 1442 3465 loqui
1456 3395 1747 3465 nesciant,
1773 3394 1862 3451 ta-

199 3497 337 3540 cere
363 3496 480 3538 non
501 3484 764 3554 possunt.
797 3485 868 3538 Ut
898 3484 1050 3538 enim
1087 3499 1257 3540 unum
1290 3485 1360 3540 de
1385 3483 1584 3540 multis
1612 3484 1861 3540 locucio-

201 3573 302 3627 nis
335 3585 456 3628 suae
487 3572 783 3628 erratibus
811 3586 1189 3643 exponamus,
1223 3587 1374 3643 cum,
1407 3578 1468 3630 ut
1503 3573 1775 3639 diximus,
1801 3573 1858 3628 in

202 3661 456 3716 amboue
479 3661 842 3716 constitutus
861 3661 988 3716 fidei
1011 3663 1186 3718 verba
1205 3662 1518 3733 eXplanare
1544 3662 1854 3720 voluisset:

204 3749 468 3810 Credite,
492 3748 712 3819 inquid,
736 3751 884 3820 quia
902 3751 1021 3806 tres
1043 3750 1267 3808 domini
1286 3765 1442 3808 unus
1459 3753 1732 3808 dominus
1749 3752 1853 3819 est,

202 3851 490 3909 personas
521 3839 787 3894 dominos
819 3838 1232 3910 interpretans,
1259 3855 1388 3896 cum
1413 3841 1486 3896 ab
1507 3841 1856 3898 orthodoxis

205 3933 338 3982 tres
368 3927 514 3982 Deos
543 3932 642 3983 aut
676 3927 942 3984 dominos
962 3929 1158 3984 dicere
1184 3929 1613 4000 prohibeamur,
1639 3935 1700 3986 ut
1726 3931 1858 3985 bea-

199 4020 306 4073 tus
337 4015 691 4072 Athanasius
722 4015 1150 4073 Alexandrinus
1182 4023 1238 4072 in
1275 4019 1538 4074 edicione
1584 4018 1715 4074 fidei
1764 4035 1859 4075 ca-

202 4103 448 4161 tholicae
467 4105 778 4176 praposuit
803 4106 1005 4162 dicens
1030 4125 1042 4159 :
1064 4107 1245 4164 Sicut
1260 4107 1630 4178 singillatim
1651 4123 1858 4166 unam-

193 4206 717 4266 quamqueperson
723 4207 820 4249 am
830 4195 1021 4250 Deum.
1032 4209 1104 4251 ac
1115 4195 1415 4253 dominum
1427 4197 1696 4268 conﬁteri
1708 4198 1859 4256 clari.

193 4279 409 4342 etiana
419 4281 672 4339 veritate
681 4283 1105 4356 compellimur,
1121 4285 1211 4342 ita
1225 4285 1344 4344 tres
1363 4287 1516 4344 Deos
1541 4291 1654 4346 aut
1673 4291 1858 4350 domi-

193 4384 308 4430 nos
319 4370 512 4428 dicere
524 4372 816 4429 catholica
825 4373 1760 4446 religioneproltibemurPi-oinde
1786 4399 1854 4440 ne

197 4465 1076 4531 corrumperentur—testante
1105 4465 1256 4521 enim
1290 4465 1558 4537 apostolo
1599 4483 1856 4528 corrum-

197 4549 356 4622 punt
378 4563 566 4606 mores
595 4549 770 4608 bones
791 4552 1090 4624 colloquia
1118 4554 1284 4610 mala
1317 4553 1380 4624 (Ι
1397 4555 1526 4612 σον.
1564 4573 1658 4630 xv,
1683 4563 1854 4632 33)—

203 4652 361 4695 unus
389 4639 442 4694 in
472 4639 624 4696 viam
655 4655 815 4697 suam
845 4640 1154 4714 disputans
1185 4643 1339 4700 inter
1365 4659 1446 4718 se,
1477 4646 1655 4704 istum
1687 4651 1853 4720 quasi

201 4742 373 4785 novae
389 4728 519 4784 fidei
538 4730 716 4786 verba
734 4730 989 4787 inaudita
1005 4738 1097 4788 set
1112 4732 1364 4791 heretica
1384 4736 1668 4808 proferre,
1695 4753 1855 4795 num-

197 4830 374 4888 quam
391 4816 696 4874 doctorum
715 4833 950 4876 suorum
967 4823 1292 4892 quempiam
1307 4823 1638 4894 hujusmodi
1655 4831 1854 4898 protu-

197 4903 363 4962 lisse.
380 4907 449 4962 Et
466 4906 699 4978 quidem
715 4908 786 4963 de
799 4908 1260 4980 simplicioribus
1275 4913 1452 4984 aliqui
1467 4914 1676 4971 exinde
1691 4929 1854 4972 scan-

196 4993 436 5052 dalizati
461 5001 518 5052 et
543 4996 1054 5070 seductifuissent,
1071 4999 1180 5055 nisi
1205 5000 1490 5060 industris
1503 5003 1854 5076 cleripredi-

1971 1895 2120 1951 opus
2149 1894 2317 1936 suum
2349 1881 2418 1937 de
2449 1880 2688 1939 civitate
2719 1887 3022 1950 exeuntes,
3054 1883 3159 1938 hac
3190 1883 3312 1939 sive
3345 1883 3485 1939 illuc
3521 1884 3618 1940 ha-

1971 1969 3618 2044 buissentdivertere,capie:)antur,calumpniabantur,et

1969 2059 2160 2115 omnia
2195 2074 2298 2115 sua
2329 2059 2415 2115 eis
2447 2059 2824 2115 tollebantur.
2847 2060 3262 2117 Tociusautem
3283 2061 3454 2132 hujus
3475 2061 3617 2118 inte-

1969 2147 2124 2204 ritus
2157 2151 2364 2205 auctor
2387 2154 2446 2204 et
2469 2151 2694 2220 predux
2715 2148 3132 2218 Willehclmus,
3159 2149 3326 2220 cujus
3351 2151 3616 2220 proximo

1969 2251 2237 2294 sermone
2257 2237 2474 2294 mentio
2496 2241 2588 2294 est
2611 2237 2780 2309 (524),
2803 2253 3018 2307 comes,
3041 2243 3100 2294 et
3124 2237 3276 2294 filius
3292 2239 3418 2308 ejus
3437 2241 3614 2295 Cuon-

1969 2324 2167 2397 radus,
2206 2325 2301 2397 qui
2350 2327 2499 2382 sicut
2552 2327 2756 2398 patriae
2806 2327 3208 2398 possessionis,
3256 2327 3334 2384 ita
3383 2343 3612 2399 quoque

1969 2414 2140 2471 heres
2165 2419 2222 2470 et
2243 2414 2500 2472 imitator
2518 2415 2706 2471 tocius
2721 2415 2949 2470 exstitit
2969 2415 3324 2486 iniquitatis;
3345 2421 3404 2470 et
3425 2417 3472 2472 si
3497 2431 3612 2486 quo

1970 2502 2140 2559 modo
2169 2519 2282 2560 non
2314 2519 2420 2574 per
2451 2505 2640 2559 omnia
2668 2505 2894 2575 equalis
2927 2505 3078 2576 patri
3111 2505 3164 2560 in
3190 2505 3414 2562 malicia
3459 2510 3608 2577 erat,

1971 2592 2154 2661 magis
2175 2590 2337 2647 illum
2359 2592 2644 2648 scelerum
2666 2593 3052 2648 immensitate
3071 2608 3238 2663 quam
3258 2593 3372 2648 ulla
3399 2593 3608 2664 preivit

1970 2678 2379 2736 diminucione.
2407 2682 2619 2736 Horum
2644 2689 3060 2752 coeperatores
3081 2683 3436 2738 exstiterunt
3465 2683 3617 2753 ipso-

1969 2783 2095 2824 rum
2132 2773 2246 2824 tam
2280 2769 2529 2825 ministri
2565 2785 2734 2840 quam
2763 2769 2931 2826 liberi
2963 2803 3033 2812 —
3060 2772 3105 2826 si
3141 2776 3332 2826 tamen
3376 2771 3506 2842 quis
3553 2771 3620 2828 li-

1972 2855 2186 2912 beram
2218 2857 2434 2914 dicitur
2465 2859 2561 2928 qui
2609 2875 2814 2916 servus
2863 2865 2952 2915 est
3002 2860 3330 2930 iniquitatis
3377 2867 3436 2916 et
3485 2875 3618 2918 esse

1972 2945 2340 3002 convincitur
2356 2979 2420 2988 -—-
2437 2947 2734 3004 azcclesias
2753 2948 3076 3020 diruentes,
3097 2954 3154 3004 et
3174 2949 3464 3019 lapidibus
3481 2949 3616 3006 inde

1973 3035 2244 3106 sumptis,
2277 3051 2406 3092 cum
2439 3037 2534 3092 alii
2566 3052 2670 3108 pro
2706 3038 2970 3094 manibus
3018 3053 3130 3093 non
3179 3043 3366 3107 erant,
3419 3043 3614 3094 castra

1969 3138 2094 3193 sua,
2131 3125 2283 3194 quod
2317 3126 2477 3182 dictu
2503 3142 2732 3197 quoque
2756 3127 2918 3182 nefas
2940 3131 3051 3195 est,
3075 3131 3504 3184 construentes.
3532 3129 3614 3184 Ex

1972 3212 2186 3282 quibus
2235 3213 2467 3284 quidam
2520 3215 2808 3272 Brunicho
2858 3217 2911 3270 in
2962 3217 3260 3272 cacumine
3309 3215 3610 3287 cujusdam

1971 3303 2206 3370 montis,
2233 3302 2484 3358 miliario
2515 3305 2586 3359 ab
2621 3305 2765 3361 urbe
2795 3305 2926 3376 plus
2959 3307 3147 3361 minus
3175 3306 3450 3376 Secundo,
3494 3309 3616 3361 tur-

1972 3389 2076 3447 rim
2107 3391 2426 3462 exstruxit,
2448 3408 2576 3463 qua:
2599 3394 2688 3450 bis
2710 3395 2840 3464 igne
2859 3399 2928 3450 de
2950 3395 3075 3451 celo
3109 3395 3375 3451 veniente
3407 3393 3620 3450 conﬂa-

1968 3480 2195 3552 gravit;
2230 3495 2336 3537 nec
2371 3487 2558 3536 tamen
2594 3481 2692 3538 ille
2717 3485 2786 3538 ab
2836 3484 3124 3554 injusticia
3169 3484 3364 3540 vertit.
3416 3485 3616 3540 Mirum

1971 3575 2064 3627 est
2095 3570 2248 3640 quod
2269 3571 2539 3640 referam,
2560 3576 2616 3626 et
2643 3572 2890 3627 fortasse
2913 3588 3225 3642 paucorum
3249 3573 3472 3630 auditui
3491 3589 3619 3630 cre-

1972 3657 2189 3725 dibile;
2221 3663 2663 3728 verumptamen
2695 3661 2985 3730 noverint,
3018 3663 3194 3732 quod,
3228 3669 3286 3718 et
3321 3677 3408 3718 me
3442 3679 3617 3734 super

1968 3747 2077 3802 hoc
2109 3750 2562 3816 opstupescente
2593 3752 2650 3801 et
2684 3763 2788 3817 pro
2817 3749 2900 3803 rei
2933 3749 3192 3806 novitate
3239 3751 3404 3806 fidem
3457 3752 3618 3808 adhi-

1968 3835 2108 3890 bere
2125 3834 2382 3904 nolente,
2404 3833 2622 3890 relator
2637 3850 2834 3891 eorum
2855 3851 2981 3906 qua
3001 3838 3265 3893 dicturus
3284 3855 3430 3908 sum,
3453 3843 3618 3897 testi-

1969 3923 2148 3978 ﬁcans
2173 3923 2228 3977 in
2256 3923 2371 3977 Deo
2392 3936 2526 3978 vera
2551 3937 2679 3980 esse
2704 3929 2763 3979 et
2787 3925 3006 3980 vidisse
3023 3939 3085 3980 se
3109 3925 3277 3980 simul
3303 3931 3359 3982 et
3380 3928 3616 3986 audisse

1969 4027 2096 4085 quae
2131 4011 2376 4082 diceret,
2413 4013 2629 4083 aiebat,
2667 4013 2822 4085 quod
2858 4029 3030 4086 supra
3062 4015 3392 4072 nominatus
3418 4019 3620 4076 Bruni-

1967 4105 2076 4161 cho
2110 4101 2260 4158 idem
2291 4102 2399 4158 hoc
2431 4109 2689 4160 castrum
2724 4118 2912 4174 suum,
2967 4104 3119 4175 quod
3147 4105 3346 4177 utique
3369 4107 3618 4167 circum-

1963 4193 2216 4264 jacentis
2247 4192 2558 4264 provinciae
2592 4194 2758 4266 plaga
2792 4199 2850 4249 et
2881 4193 3208 4252 destructio
3241 4204 3390 4269 erat,
3426 4204 3490 4256 ut
3535 4201 3614 4259 ita

1970 4282 2178 4352 dicam,
2204 4281 2336 4338 fidei
2361 4287 2419 4338 et
2444 4283 2725 4340 custodiae
2745 4289 2961 4341 satana
2986 4289 3452 4345 commendasset
3479 4307 3492 4354 ;
3518 4293 3618 4362 qui

1968 4371 2244 4428 videlicet
2263 4371 2467 4428 sathan
2487 4373 2626 4426 mira
2645 4377 2699 4428 et
2719 4373 3050 4429 incredibili
3080 4375 3474 4433 familiaritate
3501 4381 3614 4436 cir-

1969 4477 2035 4518 ca
2071 4461 2258 4534 ipsum
2295 4466 2552 4518 castrum
2587 4462 2977 4534 discurrebat,
3015 4480 3079 4520 ac
3113 4480 3182 4520 ne
3212 4465 3438 4536 longius
3466 4467 3614 4526 idem

1969 4553 2244 4608 sathanas
2261 4553 2428 4622 quasi
2445 4567 2472 4608 a
2491 4556 2688 4608 castro
2703 4552 3043 4623 declinaret,
3057 4555 3389 4624 porcionem
3405 4555 3618 4627 stipen-

1969 4641 2050 4700 dii
2087 4641 2261 4697 trium
2295 4641 2590 4696 hominum
2622 4640 2694 4695 ad
2725 4657 2870 4712 opus
2901 4643 3026 4711 ejus
3064 4643 3118 4696 in
3166 4650 3393 4700 secreta
3446 4652 3613 4715 parte
3643 4703 3648 4708 ,

1969 4731 2178 4788 domus
2213 4729 2458 4786 cottidie
2489 4730 2630 4784 hora
2660 4729 2887 4799 prandii
2921 4730 3149 4786 deferre
3191 4732 3406 4800 jussit;
3460 4737 3612 4802 quod

1969 4833 2138 4892 quam
2171 4818 2290 4874 cito
2319 4817 2670 4888 depositum,
2705 4818 3074 4888 absumptum
3108 4824 3199 4874 est
3230 4821 3285 4874 in
3321 4826 3612 4878 momento

1965 4921 2159 4965 coram
2185 4921 2253 4963 eo
2275 4905 2373 4976 qui
2393 4906 2603 4961 detulit
2627 4924 2640 4973 ;
2663 4919 2770 4961 nec
2791 4910 2984 4962 tamen
3005 4905 3102 4962 ille
3130 4907 3506 4964 devorantem
3529 4911 3613 4968 vi-

1965 4997 2071 5066 dit,
2107 4995 2207 5052 sed
2241 5009 2465 5064 sonum,
2503 4995 2666 5065 quasi
2697 5009 2871 5051 voces
2901 5009 3106 5052 canum
3137 4999 3489 5054 certantium
3521 5013 3615 5056 au-

195 5083 437 5142 cacione
460 5087 572 5143 viae
592 5087 854 5144 restituti
878 5092 1054 5158 atque
1075 5091 1392 5147 secundum
1408 5093 1744 5150 christiana
1761 5108 1854 5150 ve-
1961 5085 2125 5142 diVit-

201 5173 398 5232 ritatis
430 5176 852 5249 professionem
877 5177 1154 5235 instructi
1178 5180 1502 5253 audissent,
1529 5182 1683 5254 quod
1705 5197 1854 5241 unus

195 5267 255 5319 et
295 5263 444 5322 idem
477 5267 633 5325 Deus
671 5265 960 5325 indivisus
1005 5271 1064 5324 et
1107 5269 1394 5328 inscissus
1435 5272 1628 5330 trinus
1671 5273 1750 5329 sit
1795 5273 1850 5328 in

2033 5197 2084 5250 ὕ.
2119 5191 2220 5248 His
2250 5191 2430 5263 igitur
2459 5189 2934 5261 ethujuscemodi
2961 5191 3451 5250 tribulacionibus
3472 5193 3616 5250 mul-

1967 5282 2043 5341 tis
2073 5285 2134 5337 et
2165 5279 2332 5337 malis
2363 5279 2562 5336 amicti
2587 5280 2899 5352 Treberici,
2934 5281 3007 5339 ad
3030 5295 3183 5353 eum,
3225 5281 3392 5354 cujus
3436 5295 3616 5339 causa

1575 5423 1809 5480 VARUE
1853 5426 2251 5483 LECTIONES.

275 5513 368 5551 ³⁸⁸⁷
399 5513 651 5590 protulit
682 5528 730 5574 c.
807 5512 901 5547 ³⁸⁴⁸
930 5516 1192 5586 perfecta
1222 5531 1392 5590 quam
1423 5517 1476 5574 in
1505 5532 1552 5577 c.
1630 5519 1724 5556 ³⁸⁴⁹
1750 5521 2116 5652 εξδξῦθὲεηι
2142 5537 2188 5583 c.
2269 5521 2364 5558 ³⁸⁵⁰
2397 5520 2561 5583 deest
2580 5535 2628 5580 c.
2707 5519 2796 5554 ³⁸⁵³
2825 5523 2954 5594 quis
2987 5522 3126 5579 libet
3157 5537 3204 5582 c.

261 5660 416 5739 (526)
450 5660 616 5719 Gest.
649 5657 833 5718 addit.
867 5671 919 5714 c.
952 5657 1038 5722 94.
