3990 6372
485 373 629 444 1231

1101 368 1368 444 GESTA
1393 367 1984 445 TREVEHORUM.
2023 412 2092 425 -—
2128 371 2395 440 GESTA
2427 362 2879 439 GODEFRIDI
2907 361 3292 439 ARCHIEP.

3661 381 3768 453 1232

483 534 606 591 haec
661 533 852 590 omnia
894 531 1011 590 illis
1049 533 1432 602 inferebatur,
1477 532 1846 590 Guotfridum
1892 532 2123 604 inquam
2154 517 2207 575 Α
2241 528 2368 587 dies
2393 529 2453 586 et
2476 528 2658 601 locus,
2679 525 2784 586 ubi
2806 529 2918 588 loci
2938 528 3329 601 inprooincia
3355 533 3770 612 vesb'aconpetm

481 621 699 679 dictum
739 623 1098 694 episcopum,
1141 622 1670 692 congregabantur,
1715 628 1774 677 et
1817 623 1894 678 ita
1940 623 2122 693 ipsum

481 709 906 782 compellarunt.
935 730 948 764 :
987 709 1284 776 Quamdiu
1311 709 1432 766 ista
1451 710 1707 782 passuri
1741 719 1986 768 sumus?
2017 711 2124 778 Qui

482 799 560 854 ait
587 818 600 854 :
647 800 752 857 Vos
781 799 951 856 scitis
959 799 1288 870 perﬁdiam
1307 799 1367 854 et
1383 799 1688 856 maliciam
1713 800 1897 856 tocius
1917 813 2127 872 cogna-

481 888 660 944 tionis
681 887 854 944 illius
860 888 1151 958 pessima,
1176 898 1308 957 qua
1329 886 1399 943 de
1419 887 1660 944 castello
1694 887 2126 944 Lucelenburch

479 975 634 1032 dicto
663 973 754 1008 ³⁸⁸³
785 975 1039 1032 oriunda
1070 975 1432 1046 est,quantis
1463 975 1934 1033 adcersitatibus
1968 977 2128 1032 ante-

490 1076 744 1121 cessores
787 1077 960 1134 meos,
1029 1065 1147 1119 mei
1197 1063 1406 1134 utique
1459 1065 1726 1134 respectu
1780 1065 2128 1135 apostolicos

479 1150 662 1222 viros,
688 1151 1075 1224 affecerunt;
1103 1151 1174 1206 ut
1179 1151 1482 1222 propheta
1502 1152 1696 1208 verbis
1743 1153 1924 1210 utar:
1949 1154 2128 1209 «Non

487 1239 644 1294 enim
661 1239 876 1297 melior
895 1253 1027 1296 sum
1046 1253 1229 1310 quam
1236 1239 1450 1310 panes
1467 1240 1583 1296 mei
1607 1239 1740 1309 (III
1747 1243 1888 1314 Reg.
1910 1257 2019 1312 xix,
2039 1243 2090 1314 6)
2109 1259 2123 1306 ;

477 1339 682 1398 nempe
704 1325 814 1398 qui
851 1340 958 1384 nos
995 1327 1366 1398 impugnant,
1407 1328 1530 1398 ipsi
1572 1330 1764 1386 nostri
1790 1330 2128 1402 protecturi

483 1414 870 1472 erant.Atilli
895 1415 1532 1486 responderuntzNum
1565 1418 1623 1474 si
1654 1418 1964 1475 materiali
1992 1419 2126 1490 gla-

469 1501 567 1560 dio
591 1502 909 1576 dq/endere
922 1516 1029 1561 nos
1048 1517 1166 1560 non
1182 1501 1564 1574 potes,quare
1581 1505 1790 1562 saltim
1809 1506 2126 1577 spirituali

474 1603 582 1650 nos
601 1605 721 1648 non
750 1591 1026 1664 defendis
1044 1599 1072 1649 γ
1099 1592 1169 1647 Et
1195 1591 1294 1646 ille
1319 1609 1330 1647 :
1355 1591 1686 1663 Numquid,
1715 1593 1813 1648 ait.
1840 1595 2122 1666 audistis,

475 1679 758 1751 quomodo
787 1679 890 1737 illi
919 1680 1340 1738 auctoritatem
1381 1681 1768 1752 episcopalem
1803 1683 2124 1754 parcipen-

479 1767 650 1834 dunt,
685 1767 964 1838 dicentes,
993 1782 1112 1826 non
1136 1782 1305 1840 posse
1350 1783 1442 1825 me
1485 1783 1844 1842 quemquam
1888 1771 2124 1828 utriculo

2239 620 2436 676 risum
2451 619 2676 692 fuerit,
2708 619 2916 690 ibique
2941 619 3178 676 sedente
3222 618 3326 676 hoc
3359 619 3465 679 loco
3499 626 3702 698 judicis,
3733 633 3770 688 et

2239 707 2542 764 aduocatis
2591 707 3072 777 circamjacentis
3123 709 3430 778 provincia
3469 715 3699 788 episcopis
3733 725 3774 778 et

2238 795 2386 851 aliis
2397 795 2728 866 quibusque
2743 796 3494 877 religiosispersonis,homb
3506 802 3594 859 ille
3627 819 3772 865 conce-

2237 884 2342 939 nia
2351 882 2448 939 tur
2459 884 2548 953 ,-si
2560 883 2839 940 innocens
2854 883 3132 940 inventus
3139 883 3358 956 fuerit,
3385 887 3684 963 dimittatur,
3703 899 3771 954 sia

2240 973 2456 1040 autem,
2483 973 2848 1029 amoveatur.
2876 974 2996 1029 Nos
3014 987 3150 1028 vero
3171 973 3430 1032 cecclesice
3442 979 3632 1050 uestra,
3657 985 3772 1042 ante

2237 1074 2369 1130 quae
2383 1061 2482 1118 illi
2494 1061 2553 1116 et
2567 1060 2757 1118 nobili
2780 1061 3104 1118 Trebericee
3118 1063 3653 1137 metropolipropicio
3675 1072 3773 1140 Deo,

2238 1149 2370 1207 debi
2375 1150 2497 1206 tum
2510 1164 2626 1206 non
2638 1149 2999 1220 abnegamus
3011 1150 3288 1209 honorem
3297 1157 3774 1225 cuumptamencun

2237 1237 2440 1295 eadem
2462 1239 2727 1296 ecclesia
2743 1239 2826 1295 ad
2858 1241 3122 1309 priorem
3149 1240 3355 1312 fuerit
3391 1243 3634 1302 restituta
3666 1247 3780 1304 deco-

2235 1341 2379 1382 rem.
2418 1329 2483 1382 Et
2504 1341 2790 1399 responso
2811 1333 3076 1400 accepto,
3101 1328 3178 1384 hii
3219 1327 3310 1362 ³⁸⁵⁷
3332 1331 3570 1400 quimissi
3607 1335 3777 1390 fuerant

2236 1417 2515 1486 absoluti,
2547 1417 2603 1472 in
2637 1433 2741 1474 sua
2773 1423 2911 1474 sunt
2934 1419 3217 1476 restituti.

2305 1511 2355 1560 7.
2391 1505 2652 1576 Denique
2681 1521 2810 1562 cum
2841 1509 2957 1577 jam
2991 1509 3111 1563 fere
3143 1509 3213 1563 ad
3245 1510 3479 1566 omnium
3515 1525 3603 1581 per
3623 1511 3778 1568 circui-

2233 1597 2355 1648 tum
2381 1593 2654 1648 noticiam
2679 1595 3037 1665 devenisset,
3055 1596 3782 1667 omnes-iueejusdetestareu

2237 1686 2332 1736 tur
2365 1681 2708 1752 ingressum,
2743 1698 2867 1753 eos,
2903 1699 3051 1754 quos
3089 1699 3267 1756 supra
3310 1687 3586 1742 memoravi
3621 1703 3704 1758 pro
3733 1703 3778 1743 se

2234 1769 2470 1824 Romam
2502 1769 2782 1840 directos,
2819 1772 3020 1842 sepius
3051 1772 3370 1844 lacessivit,
3400 1773 3539 1844 quod
3561 1779 3657 1830 tam
3678 1775 3780 1830 inia-

468 1856 792 1928 spirituali
809 1856 906 1914 vel
927 1857 1123 1927 ligare
1141 1855 1236 1914 vel
1257 1855 1574 1928 absolvere,
1606 1861 1891 1930 quoniam
1915 1861 2123 1930 prede-
2151 1871 2206 1932 Β
2237 1857 2342 1912 mis
2373 1856 2444 1913 de
2475 1872 2546 1912 eo
2575 1873 2772 1914 rumor
2804 1860 3178 1930 processerit,
3216 1861 3460 1932 ipsorum
3503 1863 3658 1934 culpat
3680 1877 3775 1918 esse

467 1958 761 2003 cessorum
788 1958 1045 2003 meorum
1090 1946 1157 2002 in
1204 1944 1318 2004 hac
1361 1946 1498 2006 sede
1551 1947 2125 2019 archiepiscoporum

462 2033 646 2105 pallii
663 2035 945 2093 videlicet
969 2049 1086 2092 non
1111 2034 1336 2107 fungar
1366 2035 1602 2105 honore,
1623 2051 1738 2108 pro
1771 2053 1884 2110 quo
1921 2040 2127 2110 acqui-

463 2122 666 2194 rendo,
697 2137 800 2181 eos
827 2122 1046 2182 videtis
1081 2123 1241 2194 quod
1283 2125 1548 2196 corporis
1595 2127 1954 2197 inﬁrmitate
1988 2142 2126 2200 pre-

461 2211 712 2284 peditus
757 2211 1034 2268 domuum
1063 2225 1294 2283 papam
1339 2211 1514 2270 adire
1556 2227 1674 2270 non
1704 2229 1968 2286 possum.
2016 2218 2130 2274 Set

471 2299 633 2358 sicut
656 2299 896 2372 sapius,
955 2299 1048 2356 ita
1102 2301 1321 2356 iterum
1377 2301 1438 2356 et
1487 2314 1644 2358 nunc
1699 2302 1965 2360 obsecro:
2025 2319 2126 2363 eos

471 2387 784 2460 segregate
809 2384 998 2444 michi
1029 2387 1099 2443 de
1125 2386 1292 2445 vobis
1306 2389 1635 2459 prudentes
1679 2391 1995 2464 utriusque
2037 2407 2126 2450 or-

465 2475 631 2534 dinis
648 2477 834 2546 viros,
853 2476 961 2547 qui
985 2476 1156 2533 tanta
1178 2475 1482 2546 legacione
1504 2479 1674 2550 digni
1692 2479 2045 2553 habeantur,
2071 2485 2132 2541 et

465 2579 572 2638 ego
595 2565 682 2624 eis
702 2565 814 2622 eice
833 2563 1112 2624 subsidia
1131 2566 1507 2624 ministrabo.
1531 2568 1643 2624 Res
1650 2584 2012 2641 ponsumque
2031 2577 2120 2628 est

458 2653 510 2710 ei
528 2673 542 2710 :
557 2654 660 2710 Ea:
665 2655 851 2726 parte
865 2667 1000 2725 quae
1021 2653 1286 2727 loqueris
1301 2669 1444 2712 cera
1462 2657 1622 2728 sunt,
1638 2658 1746 2715 sed
1763 2658 1939 2716 aliud
1955 2660 2122 2720 nobis

455 2742 814 2800 insinuatur
835 2741 909 2799 ab
933 2741 1032 2800 his
1048 2741 1158 2814 qui
1173 2756 1278 2800 nos
1289 2746 1760 2816 persequuntur,
1773 2749 2123 2806 comminan-

455 2831 631 2899 tibus,
661 2845 780 2889 non
805 2831 944 2888 ante
961 2845 1067 2888 nos
1084 2845 1287 2902 pacem
1312 2831 1642 2904 habituros,
1671 2848 1852 2906 quam
1867 2852 2118 2896 munera

453 2933 589 2991 quae
619 2921 771 2992 ipsis
795 2934 905 2991 pro
923 2919 1202 2978 electione
1221 2921 1312 2978 tui
1339 2923 1709 2994 spopondisti
1722 2925 2108 3001 persolveris,

467 3009 920 3080 Veru/mptamen
949 3009 1023 3066 ut
1045 3009 1316 3067 omnibus
1337 3010 1550 3081 pateat
1566 3009 1658 3043 ³⁸⁸³
1673 3013 1834 3083 quod
1849 3013 1914 3070 in
1942 3014 2112 3073 nobis

452 3109 570 3152 non
589 3094 864 3167 obsistat,
879 3109 985 3154 nos
1005 3095 1284 3153 domuum
1299 3109 1523 3168 papam
1543 3099 1610 3155 in
1628 3101 1865 3156 nomine
1886 3101 1984 3157 tuo
2005 3103 2108 3160 ad-

451 3183 732 3250 hibimus,
759 3185 819 3242 et
835 3184 1290 3242 tribulacionem
1339 3185 1450 3242 loci
1492 3187 1685 3244 nostri
1729 3203 2099 3261 exponemus,

2235 1942 2459 1999 dicens.
2493 1944 2589 2000 Set
2622 1959 2694 2000 ex
2723 1945 2810 2002 eis
2841 1947 3128 2016 quendam
3168 1948 3559 2004 Theodericum
3585 1949 3776 2017 nomine,

2233 2029 2541 2088 diaconum
2575 2033 2798 2103 domus,
2819 2033 3008 2089 virum
3042 2049 3237 2090 acrem
3260 2035 3478 2105 ingenio
3498 2041 3548 2092 et
3567 2036 3782 2092 ambicio-

2230 2132 2355 2174 sum
2377 2119 2565 2178 valde.
2576 2133 2680 2191 per
2700 2136 2877 2192 supra
2900 2130 3280 2180 memoratum
3295 2124 3642 2196 presbiterum
3657 2137 3780 2180 suum

2230 2206 2536 2264 Martinum
2569 2213 2629 2264 et
2659 2209 2967 2265 Bolsonem
3003 2212 3312 2282 quendam,
3346 2227 3500 2282 quem
3543 2211 3621 2268 hic
3645 2211 3786 2267 archi-

2230 2295 2574 2352 diaconatus
2598 2297 2790 2353 oﬂlcio
2813 2299 3254 2371 sublimaverat,
3273 2301 3398 2371 quia
3421 2315 3537 2357 cum
3553 2301 3648 2370 jam
3665 2299 3781 2356 dicto

2228 2384 2472 2440 Martino
2491 2385 2598 2456 ipsi
2616 2386 3022 2458 episcopatum
3036 2395 3297 2460 emptum
3315 2389 3474 2459 ierat,
3489 2387 3782 2455 aliisinsciis,

2229 2470 2362 2528 data
2395 2479 2453 2528 et
2479 2475 2767 2544 promissa
2802 2475 3046 2547 pecunia
3077 2479 3364 2548 corrupit,
3395 2481 3452 2534 ut
3479 2482 3651 2534 contra
3676 2475 3784 2531 alios

2227 2559 2347 2630 ipse
2380 2561 2652 2618 defensor
2684 2563 2813 2632 ejus
2833 2563 3018 2621 fleret.
3053 2565 3194 2621 Nam
3227 2581 3346 2638 prae
3385 2565 3582 2622 ceteris
3609 2563 3788 2632 majoris

2223 2653 2350 2704 erat
2372 2649 2732 2720 eloquencize
2763 2657 2822 2707 et
2855 2653 3253 2726 auctoritatis,
3285 2658 3372 2710 set
3401 2659 3457 2711 et
3476 2653 3629 2710 animi
3646 2651 3786 2722 dupli-

2223 2737 2328 2804 cis,
2362 2737 2459 2807 qui
2483 2739 2778 2810 utrimque
2813 2755 2980 2797 manu
3005 2741 3372 2813 ﬁrmaverat,
3413 2741 3523 2809 hic,
3557 2739 3687 2812 quod
3710 2753 3787 2794 iec-

2221 2823 2417 2880 clesize
2441 2839 2504 2880 ca
2516 2841 2675 2882 usam
2701 2828 3074 2898 ageret,illic,
3100 2830 3260 2900 quod
3284 2830 3508 2902 adjutor
3526 2826 3788 2900 ejusﬁdelis

2219 2911 2526 2969 existeret.
2557 2915 2664 2981 Qui
2707 2915 2937 2972 demum
2979 2931 3109 2973 cum
3151 2920 3368 2975 crebro
3410 2917 3662 2974 adversus
3691 2927 3788 2970 eum

2219 3000 2406 3056 factos
2423 3009 2671 3060 conatus
2691 3011 3054 3075 evacuasset,
3083 3021 3338 3078 persepc
3359 3006 3526 3062 etiam
3547 3003 3783 3066 incitaret,

2209 3087 2368 3157 justo
2386 3089 2485 3146 Dei
2503 3089 2744 3163 judicio,
2767 3093 2868 3149 illo
2887 3108 3102 3164 genere
3126 3095 3318 3152 morbi
3337 3108 3500 3166 quem
3513 3091 3672 3149 Graeci
3687 3089 3788 3144 lien-

2215 3175 2418 3232 teriam
2441 3177 2534 3211 ³⁸⁸⁸
2555 3180 2850 3236 nominant
2868 3181 3222 3254 inﬁrmatus,
3250 3183 3559 3254 insperato,
3574 3194 3683 3237 cum
3700 3191 3792 3233 sur-

449 3273 906 3343 dicemusque,si
929 3272 1040 3330 tibi
1057 3273 1253 3330 visum
1255 3273 1481 3345 fuerit,
1497 3275 1658 3345 quod
1677 3279 1826 3347 quia
1835 3279 2103 3348 pallium

2216 3265 2466 3322 rexisset
2489 3271 2552 3323 ut
2570 3275 2830 3325 ventrem
2859 3275 3158 3342 purgaret,
3181 3271 3358 3330 simul
3387 3286 3510 3330 cum
3537 3267 3783 3340 egestione

447 3361 792 3432 metropolis
817 3361 1025 3418 nostra
1052 3375 1170 3417 non
1197 3360 1432 3432 habeat,
1465 3362 1622 3420 hanc
1663 3378 1788 3422 esse
1835 3380 2096 3438 causam,

2216 3354 2552 3425 exspiravit.

447 3463 638 3518 quare
651 3463 768 3505 non
781 3451 979 3520 possis
1000 3449 1450 3520 impugnatores
1471 3451 1655 3523 hujus
1675 3452 1952 3513 (cocleam
1970 3470 2102 3513 ποε-
2276 3444 2328 3496 8.
2360 3443 2610 3500 Proinde
2638 3460 2768 3500 cum
2816 3445 3093 3503 deﬁnitus
3136 3448 3376 3506 concilii
3415 3461 3582 3520 super
3615 3445 3704 3500 liae
3740 3456 3786 3496 re

453 3536 561 3594 me
588 3538 970 3608 conprimere,
1002 3537 1423 3608 addemusqug,
1460 3540 1528 3596 αι
1547 3555 1663 3612 pro
1708 3543 1821 3600 Dei
1865 3545 2100 3601 nomine
2209 3530 2388 3586 futuri
2408 3533 2692 3590 terminus
2707 3536 3232 3608 apprOpinquaret,
3255 3537 3530 3594 indicitur
3547 3534 3672 3592 Tulli
3691 3547 3792 3588 eon-

445 3625 790 3682 meminerit
814 3623 1230 3682 tribulationis
1258 3628 1476 3684 ποδωω
1513 3627 1775 3686 debitum
1822 3631 2098 3688 honorem
2209 3618 2404 3675 cilium
2437 3626 2468 3676 3
2500 3621 2636 3678 ldus
2667 3623 2878 3694 Martii,
2914 3624 3209 3684 mediante
3253 3625 3668 3698 quadragesima
3694 3621 3785 3692 (an.

445 3711 721 3770 (ecclesiae
747 3714 963 3770 nostra
991 3713 1368 3770 concedendo.
1411 3717 1611 3787 itaque
1661 3717 1716 3772 in
1767 3719 1874 3774 hec
1914 3722 2092 3778 verba
2209 3711 2362 3777 1127,
2384 3708 2702 3782 Mart-13%
2729 3713 2830 3768 Ubi
2858 3714 3201 3784 Ρνθείάθιηθ
3229 3716 3518 3788 prelibato
3540 3716 3792 3769 Fama”

443 3800 832 3872 accinguntur
877 3802 987 3859 viae
1035 3801 1450 3860 bonoraciores
1495 3805 1605 3861 viri
1649 3804 1740 3840 ⁸⁸⁵⁸
1787 3808 2093 3881 utriusque
2205 3795 2406 3866 dim“,
2439 3812 2569 3853 cum
2601 3799 2894 3871 episcopis
2939 3803 3242 3874 Stephano
3291 3802 3528 3860 Μθιθηθί
3571 3797 3789 3856 Heinr“

441 3888 686 3946 ordinis.
2203 3885 2456 3942 Tullensi
2489 3890 2546 3942 et
2577 3887 2878 3946 Gerbardo
2896 3892 3234 3962 Trecasino,
3255 3896 3318 3949 et
3340 3891 3636 3950 abbatibus
3661 3898 3790 3958 quam

510 4007 560 4059 6.
597 4005 853 4074 Cumque
894 4007 1130 4060 Romam
1172 4006 1605 4080 pervenissent,
1647 4009 1770 4066 illic
1810 4011 1957 4068 fama
2000 4027 2084 4068 rei
2201 3973 3320 4080 Ξίξξέξδῖλδ,θι,⁰,¹ῗίί¹ῖ¹³ίί¹’¹¹ῗ.,Ἴθεῗοίῖίεν
3367 3980 3547 4080 pimo
3589 3974 3788 4080 om???

445 4091 656 4148 seriem
689 4062 1012 4148 deduxerat
1045 4062 1292 4151 omn-em.
1338 4062 1957 4168 euasi-'ng'auQQE
2201 4062 2432 4168 Peti'l‘f’
2465 4064 2714 4168 mla.“
2746 4080 2940 4168 cof‘am
2973 4067 3199 4168 “agris
3219 4067 3416 4168 ἀθωΡὶ
3447 4082 3618 4168 Papi,

438 4177 726 4236 adventus
755 4181 812 4235 in
847 4181 1089 4238 auribus
1122 4182 1316 4239 domni
1359 4151 2085 4257 Honoriijvtun—cﬂllo'mani
2197 4151 2738 4257 e“‘.”’“s."e"?.‘a£”
2755 4154 2825 4254 aq
2849 4157 3240 4257 θροῗιοξίθθφ
3265 4157 3466 4257 Ῠθίὲθω
3489 4157 3558 4213 de

437 4267 754 4339 pontiﬁcis,
823 4271 1254 4341 exposuissent,
1331 4271 1424 4305 ³⁸⁵⁵
1492 4241 1637 4346 ipse,
1672 4241 2085 4337 narrato—Meo
2197 4241 2937 4346 "°“‘E‘:‘°i°“°3‘“‘amiimt
2969 4243 3413 4346 legitideinde
3455 4241 3796 4346 °°“Sed.°“?“

435 4327 586 4426 lluod
620 4327 884 4414 audierat
900 4327 1099 4430 .super
1132 4327 1402 4430 ingressu
1431 4327 1681 4422 hominis
2001 4327 2081 4426 ita
2193 4339 2264 4382 ex
2285 4327 2489 4385 Ordine
2509 4332 3232 4430 °°".‘m°.“““.°b_edi°"°‘a
3247 4337 3522 4430 Romam?
3539 4327 3793 4430 θοοιθείίφῖ

431 4444 584 4502 enim
625 4445 815 4518 ipsum
855 4448 1172 4506 nominavit
1208 4480 1276 4490 ——
1306 4451 1711 4520 Guothfridum
1754 4455 1906 4528 dico,
1950 4471 2081 4528 per-

432 4533 693 4606 quisivit,
717 4534 768 4590 si
791 4549 984 4593 rerum
1003 4535 1206 4593 harum
1230 4537 1528 4596 innoxium
1561 4541 1882 4600 voluissent
1915 4545 2074 4620 illum

423 4623 757 4694 juramento
789 4623 1188 4695 comprobare,
1222 4630 1284 4682 et
1321 4628 1695 4700 negantibus,
1727 4633 1806 4688 ait
1837 4652 1848 4686 :
1890 4635 2076 4691 Honw

422 4711 534 4770 ille
546 4713 818 4770 sanctam
831 4713 946 4771 Dei
955 4712 1284 4772 (ecclesiam
1293 4757 1308 4785 ,
1321 4730 1437 4774 non
1455 4715 1764 4777 habentem
1776 4722 2078 4780 maculam

2193 4429 2363 4487 quam
2395 4419 2750 4488 prevaricari
2785 4421 3066 4480 nefarium
3099 4429 3219 4496 est,
3245 4430 3314 4482 ut
3346 4421 3498 4495 quod
3529 4430 3689 4491 super
3711 4414 3796 4470 hoc

2190 4505 2414 4563 scirent
2443 4507 2676 4565 edicere
2703 4524 2815 4566 non
2847 4511 3218 4570 omitterent.
3255 4513 3488 4580 Quanta
3515 4517 3644 4568 tunc
3667 4502 3796 4561 audi-

2108 4583 2160 4643 D
2189 4598 2300 4663 ret,
2332 4595 2631 4668 explicare
2662 4613 2772 4655 non
2805 4599 3048 4670 suillcio,
3098 4601 3360 4659 maxime
3409 4615 3536 4658 cum
3577 4593 3794 4670 ple-rique

2187 4681 2406 4741 vidisse
2428 4699 2510 4756 se,
2547 4685 2644 4742 alii
2677 4687 2910 4745 audisse
2935 4703 2999 4746 se
3018 4690 3490 4760 conclamarent,
3515 4690 3618 4744 hoc
3636 4685 3794 4751 itaque

2185 4777 2412 4830 certum
2429 4788 2491 4831 se
2513 4774 2750 4842 habere,
2771 4778 2924 4848 quod
2949 4777 2995 4836 si
3018 4779 3154 4850 quis
3179 4778 3499 4848 difﬁderet,
3520 4769 3798 4835 voluissent

2179 4860 2759 4934 jurejurandoﬁdem
2793 4866 3004 4924 facere.
3041 4870 3114 4923 At
3140 4867 3247 4926 ille
3271 4872 3338 4926 ut
3363 4868 3508 4926 vidit
3525 4875 3689 4938 prope
3705 4871 3799 4916 mo-

2185 4949 2319 5007 dum
2347 4951 2674 5025 confusum,
2707 4954 2867 5012 aliud
2896 4956 3052 5026 quod
3083 4956 3326 5029 diﬁ‘ugii
3358 4971 3474 5015 non
3499 4953 3714 5020 habens,
3733 4943 3798 5003 di-

421 4802 536 4862 aut
547 4815 784 4874 rugam,
799 4804 1158 4876 symoniacee
1166 4804 1504 4874 pravitatis
1526 4807 1895 4870 decoloracit
1910 4809 2076 4885 infa-

419 4893 549 4949 mia
571 4889 664 4924 ³⁸⁵⁸
682 4907 708 4960 ,ο
732 4891 890 4948 cmde
913 4892 1039 4951 nisi
1083 4895 1455 4968 eapurgatus
1486 4896 1714 4970 fuerit,
1760 4913 1891 4956 cum
1921 4915 2076 4972 pace

422 4979 679 5038 ecclesia
691 4981 1026 5052 episcopare
1039 4995 1158 5040 non
1163 4984 1407 5056 poterit.
1430 4987 1581 5042 Ecce
1597 5000 1699 5058 ego
1713 4986 1881 5046 ultra
1897 4989 2076 5060 Alpes

417 5068 716 5125 missurus
729 5081 863 5126 sum
859 5069 1132 5142 fratrem
1145 5071 1414 5130 nostrum
1430 5072 2074 5145 Petmm,cardinalem

419 5155 735 5213 diaconum
753 5157 922 5224 tituli
945 5159 1170 5220 sanctae
1188 5159 1409 5220 Marica
1431 5161 1498 5219 in
1520 5161 1624 5220 eia
1652 5161 1798 5234 lata,
1815 5167 2066 5236 sapien-

2183 5039 2357 5096 cebat
2383 5059 2394 5096 :
2423 5041 2558 5112 quia
2590 5045 2931 5116 conparium
2961 5060 3232 5118 suorum,
3255 5048 3656 5120 episcoporum
3671 5036 3797 5095 vide-

2180 5125 2340 5198 licet,
2371 5129 2570 5188 nullus
2603 5131 2725 5190 illic
2754 5139 3128 5206 conpareret,
3163 5137 3267 5208 qui
3311 5135 3490 5206 hujus
3533 5145 3651 5190 eum
3689 5121 3793 5183 facti

2177 5218 2747 5290 accusaret,justum
2770 5222 2882 5280 sibi
2904 5223 3113 5296 videri,
3154 5225 3321 5297 quod
3352 5225 3428 5284 de
3453 5222 3573 5282 sola
3602 5213 3794 5276 infamia

2178 5304 2364 5364 solius
2387 5306 2475 5364 sui
2501 5323 2668 5366 manu
2702 5311 2752 5367 ei
2782 5310 2875 5346 ⁸⁸⁸⁸
2902 5325 2966 5368 se
2987 5326 3339 5384 expurgare
3359 5313 3640 5370 licuisset.
3663 5299 3790 5372 Ουοά

2175 5394 2528 5464 negantibus
2555 5401 2613 5454 et
2659 5399 2994 5457 dicentibus
3045 5409 3409 5461 accusatum
3457 5407 3737 5466 utcumque
3766 5402 3788 5442 θ

415 5241 532 5298 tem
551 5241 764 5314 utique
785 5242 846 5302 et
870 5242 1193 5304 discretum
1221 5248 1440 5320 cirum,
1453 5263 1569 5322 pro
1591 5249 1978 5322 disponendis
2003 5256 2068 5311 in

399 5327 687 5401 partibus
702 5329 836 5391 illis
852 5335 1274 5395 ecclesiasticis
1287 5337 1680 5397 utilitatibus.
1705 5340 1819 5406 Qui
1833 5356 1966 5398 cum
1985 5345 2068 5402 ad

407 5429 511 5476 vos
527 5419 778 5491 uenerit,
793 5421 1023 5478 obedite
1041 5423 1142 5482 illi
1159 5426 1322 5484 sicut
1336 5427 1396 5484 et
1410 5428 1616 5496 michi,
1631 5429 2066 5503 statuaturque

1794 5528 2028 5586 νΑΙὶΙιιΕ
2077 5531 2370 5589 LECTION
2375 5534 2474 5591 ES.

475 5596 572 5706 3ἷέ
600 5597 768 5724 ἓὲἓίὲ.
788 5604 1233 5724 “mimis
1268 5609 1988 5724 :i'ipiria‘iajf‘ﬂaéi
2018 5618 2732 5724 σιηέθῖξηὶθεεξεξνιερεθ
2762 5643 2810 5689 σ-
3015 5630 3246 5693 inﬁmis
3295 5647 3451 5698 συνν-
3502 5625 3709 5691 um"
3744 5634 3781 5682 θ’

645 5671 692 5724 is
721 5683 768 5730 e.
799 5671 894 5712 ⁸⁸⁵⁸
922 5671 1236 5741 liemeriam
1268 5693 1315 5741 ο.
1343 5671 1489 5744 γ.’-έ
1512 5671 1645 5748 ἰῖόξ
1663 5671 1988 5773 λειεντερέἆῖ
2020 5671 2157 5729 ’⁷³⁸⁸⁸
2177 5671 2539 5772 palladii:
2561 5671 2623 5761 ’σί
