3990 6342
222 347 257 411 1
286 352 422 412 233

949 342 1216 410 GESTA
1257 338 1614 407 TREVER.
1650 372 1727 386 -
1758 332 2114 405 APPEND.
2148 331 2599 404 TRANSLAT.
2636 332 2702 402 Β.
2734 332 2986 403 CELSI.

3516 328 3669 403 i234

201 497 562 559 catholicis
583 503 643 557 et
666 496 975 558 veracibus
999 497 1285 571 personis,
1309 495 1447 569 quin
1470 500 1551 567 et,
1575 509 1706 554 cum
1725 492 1901 553 liceat
1932 489 1983 550 Α
2023 490 2198 563 tibus,
2233 490 2538 550 Heinricus
2569 489 2973 564 Virdunensis,
3006 489 3103 564 qui
3136 495 3194 549 et
3211 488 3395 565 Tullo,
3420 487 3492 552 de
3515 491 3668 568 judi-

204 592 600 662 cuicumque
632 604 921 661 personas,
958 593 1017 646 ut
1067 589 1228 645 aiunt
1280 593 1495 657 scorto,
1545 587 1601 642 in
1648 586 1900 643 veritate

202 684 611 751 compertam
645 678 963 749 symoniam
995 678 1297 734 dumtaxat
1330 678 1455 732 zelo
1475 677 1572 732 Dei
1598 690 1897 745 accusare,

202 768 462 826 debere
495 783 626 825 eum
658 767 1065 838 religiosorum
1088 783 1150 824 se
1178 769 1420 823 fratrum
1444 766 1782 823 testimonio
1806 779 1903 821 ex-

206 872 502 929 purgare
526 875 540 922 ;
564 857 851 927 lectisque
875 872 1051 928 super
1077 856 1183 912 hoc
1204 856 1259 910 in
1282 869 1586 912 commune
1601 854 1899 927 plerisque

202 951 584 1002 sanctorum
618 945 899 1014 decretis,
935 946 1087 1000 inter
1119 944 1425 1013 legendum
1458 944 1617 1000 venit
1667 942 1896 1014 quidam

204 1035 479 1107 bajulus
506 1034 838 1091 litterarum
858 1034 1319 1105 snbseriptarum
1344 1030 1899 1103 Mogonciensnsepi-

205 1124 408 1196 scopi
426 1124 481 1179 in
500 1124 716 1194 quibus
736 1138 797 1179 se
812 1123 1066 1191 legatum
1086 1121 1600 1193 apostolicaa‘sedis
1616 1120 1895 1185 nominat;

210 1214 401 1285 quod
420 1227 591 1283 quam
613 1212 849 1280 indigne
868 1227 1066 1267 omnes
1102 1212 1457 1283 acceperint,
1484 1214 1772 1267 noverunt
1798 1208 1895 1279 qui

210 1301 909 1374 presentes‘audierunt.
933 1301 1072 1366 Quae
1106 1300 1239 1356 dum
1273 1300 1440 1356 lectm
1472 1313 1667 1356 coram
1717 1297 1897 1353 omni-

214 1392 349 1448 bus
366 1389 729 1457 fuissent,ita
746 1389 1370 1445 I'etl‘usGuothfridum
1390 1388 1737 1457 alloquitur:
1760 1388 1897 1452 Que-

206 1480 479 1537 rebaris
496 1481 695 1552 prius,
711 1478 943 1550 frater,
970 1480 1237 1550 irrogari
1261 1478 1373 1535 tibi
1406 1478 1768 1545 violentiam,
1833 1491 1895 1532 eo

215 1569 408 1640 quod
453 1583 571 1625 non
619 1567 771 1626 esset
804 1568 908 1640 qui
943 1568 1405 1638 coepiscoporum
1447 1567 1499 1622 te
1550 1565 1895 1635 accusaret,-

198 1671 361 1715 εσσε
396 1658 598 1719 audis,
649 1657 866 1727 qualia
895 1657 1010 1713 iste
1043 1656 1359 1713 adversam
1398 1656 1451 1711 te
1496 1654 1891 1725 testiﬁcatur!

303 1750 359 1801 9.
391 1747 529 1800 Cum
550 1758 690 1813 ergo
710 1758 819 1799 non
836 1743 1075 1798 haberet
1098 1742 1364 1797 idoneum
1390 1741 1523 1812 quid
1542 1741 1883 1810 obtendere,

217 1833 521 1888 indicitur
552 1831 708 1887 aliud
736 1830 1045 1887 concilium
1078 1830 1435 1893 Wormaciaa,
1474 1828 1670 1899 illique
1704 1830 1888 1900 injun-
1919 1847 1969 1906 Β

214 1922 419 1990 gitur,
457 1925 516 1975 ut
546 1936 614 1975 eo
648 1919 1002 1976 conveniens
1030 1933 1159 1974 cum
1188 1918 1481 1989 episcopis
1511 1932 1613 1973 sex
1647 1918 1885 1988 ipseque

211 2009 524 2081 septimus
538 2023 600 2064 se
614 2011 919 2078 expurget.
940 2006 1254 2062 [Iuinanius
1270 2009 1460 2061 autem
1478 2006 1883 2076 decreverunt,

216 2097 573 2170 petentibus
607 2111 709 2167 pro
741 2110 809 2151 eo
858 2096 1128 2151 omnibus
1182 2094 1639 2150 misericordiam
1688 2094 1780 2149 Dei
1827 2100 1883 2149 et

211 2185 607 2242 clementiam
660 2183 852 2240 domni
899 2183 1137 2238 Honorii
1187 2182 1395 2239 summi
1455 2182 1767 2253 pontificis,
1824 2188 1886 2238 ut

210 2273 756 2345 episcopistribus,
773 2272 1085 2328 abbatibus
1100 2271 1347 2340 duobus,
1369 2271 1710 2341 presbiteris
1730 2271 1887 2327 simi-

212 2362 374 2417 liter
387 2362 616 2417 duobus
638 2360 769 2416 boni
787 2359 1107 2415 testimonii
1129 2374 1189 2415 se
1212 2358 1422 2414 debeat
1441 2374 1768 2430 expurgare
1792 2359 1883 2414 die

215 2450 301 2506 ab
340 2449 470 2504 hinc
502 2452 616 2519 640,
648 2448 799 2519 quod
828 2451 916 2504 est
946 2448 1082 2503 ldus
1115 2448 1266 2517 Maii,
1300 2448 1584 2504 dominica
1620 2449 1883 2519 proxima

212 2544 369 2598 ante
399 2546 798 2613 pentecosten.
835 2540 957 2607 Quo
988 2539 1263 2596 videlicet
1294 2539 1656 2595 induciarum
1686 2540 1882 2611 spacio

211 2631 503 2698 decurso,
539 2630 634 2687 ubi
667 2629 1044 2686 Wormaciam
1075 2632 1310 2685 ventum
1360 2634 1467 2697 est,
1522 2643 1631 2684 non
1678 2630 1877 2685 habuit

210 2719 299 2775 de
323 2718 603 2788 injunctis
626 2717 891 2789 personis
916 2717 1013 2788 qui
1037 2716 1380 2786 adiuvarent
1403 2731 1553 2773 eum.
1581 2719 1754 2772 Erant
1781 2732 1879 2774 au-

208 2812 347 2864 tem
398 2806 476 2861 ibi
515 2806 985 2877 supradictorum
1035 2806 1443 2877 episcoporum
1493 2805 1627 2875 duo,
1671 2806 1878 2863 Virdu-

210 2895 433 2953 nensis
456 2899 517 2950 et
537 2894 843 2965 Tullensis,
862 2910 966 2951 nec
984 2909 1095 2949 non
1116 2899 1172 2949 et
1197 2893 1294 2948 alii
1315 2898 1458 2961 tres,
1482 2896 1674 2951 Bucko
1690 2894 1874 2967 ipsius

207 2983 493 3043 civitatis
516 2986 574 3040 et
598 2983 922 3053 Sigefridus
953 2982 1245 3054 Spirensis
1268 2989 1327 3039 et
1350 2983 1697 3039 Uodalricus
1733 2986 1874 3039 Con-

210 3071 595 3142 stantiensis,
626 3072 715 3127 vir
736 3070 907 3128 valde
938 3071 1270 3140 religiosus.
1307 3069 1528 3137 Quibus
1557 3073 1873 3130 conseden-

2015 580 2106 637 cio
2139 580 2539 650 interrogatus
2569 582 2679 639 hoc
2708 580 2929 638 edixit:
2960 581 3136 653 quod,
3172 582 3304 653 quia
3335 582 3664 644 antedictas

2014 684 2299 740 personas
2327 668 2419 703 ³⁸⁶⁰
2451 669 2519 727 ad
2552 669 2994 743 expurgandum
3027 684 3089 726 se
3121 686 3233 728 non
3284 672 3657 746 produceret,

2002 757 2223 826 justum
2256 773 2407 828 esse,
2444 759 2810 831 utdepositis
2858 758 3297 831 episcopalibus
3341 760 3413 816 ab
3464 760 3649 821 oillcio

2008 851 2284 904 cessaret.
2320 848 2479 903 Unde
2515 847 2610 905 ille
2643 848 2979 919 indignatus
3011 855 3071 906 et
3096 848 3412 907 iracundias
3438 850 3655 923 spiritu

2008 935 2291 1005 repletus,
2324 935 2480 1006 cepit
2511 935 2767 991 exortari
2817 951 2918 992 eos
2966 937 3063 1007 qui
3113 952 3309 994 secum
3360 940 3549 1008 erant,
3596 942 3664 994 ut

2006 1022 2224 1092 egressi
2252 1023 2406 1079 foras
2422 1021 2512 1055 ³⁸⁶¹
2536 1036 2694 1078 arma
2716 1023 3081 1095 corriperent
3108 1031 3201 1090 ;et
3225 1025 3476 1095 regressi
3498 1026 3657 1084 intro

2007 1114 2231 1182 partem
2260 1126 2462 1168 eorum
2492 1126 2619 1181 quas
2650 1110 2759 1167 sibi
2811 1112 3058 1169 adversa
3108 1113 3297 1170 fuerat
3359 1114 3659 1171 trucidare

2004 1205 2295 1271 pararent.
2334 1199 2495 1266 Quod
2536 1199 2789 1270 qualiter
2837 1200 3028 1272 gratia
3084 1201 3181 1258 Dei
3234 1202 3659 1260 interveniente

2003 1288 2309 1344 omiserint
2348 1289 2558 1355 facere,
2594 1290 2816 1345 referre
2850 1304 2959 1346 non
2992 1300 3085 1347 est
3116 1291 3187 1346 ab
3221 1305 3298 1345 re.
3322 1291 3535 1362 Nempe
3559 1290 3658 1347 ille

2003 1383 2306 1448 peccatum
2332 1384 2573 1448 peccato
2590 1377 2679 1447 adj
2692 1378 2893 1449 iciens,
2911 1384 3143 1450 sumpto
3161 1394 3327 1436 sacro
3343 1379 3659 1449 ewangelio

1996 1465 2212 1536 juravit
2250 1466 2305 1521 in
2337 1482 2406 1522 eo
2437 1467 2507 1523 de
2542 1465 2795 1537 inposito
2826 1467 2933 1524 sibi
2966 1467 3207 1523 crimine
3240 1468 3550 1524 innocuum
3593 1482 3656 1524 se

2001 1568 2147 1610 esse.
2177 1553 2299 1619 Quo
2326 1554 2501 1623 facto,
2530 1554 2861 1611 suisumma
2895 1569 3026 1611 cum
3052 1555 3433 1613 festinacione
3457 1570 3659 1613 accur-

2002 1646 2221 1710 rentes,
2256 1645 2312 1697 et
2347 1641 2417 1697 ad
2452 1657 2653 1699 manus
2682 1642 2843 1699 illum
2877 1642 3197 1713 trahentes,
3229 1644 3561 1701 eduxerunt
3584 1643 3654 1702 de

2001 1729 2272 1801 concilio,
2304 1736 2362 1787 et
2396 1731 2557 1802 quasi
2586 1730 2910 1789 voluntatis
2951 1746 3073 1790 sua)
3122 1748 3358 1805 compos
3406 1733 3653 1792 effectus

2004 1819 2179 1875 fuerit
2209 1823 2265 1874 et
2298 1819 2619 1876 obtinuerit
2655 1835 2822 1877 suum
2856 1820 3156 1891 honorem,
3194 1836 3297 1893 per
3327 1821 3477 1877 viam
3500 1822 3653 1879 ince-

2002 1908 2359 1964 debantcum
2374 1908 2603 1964 cantico
2622 1925 2635 1974 ;
2652 1907 2967 1978 sicqueille
2991 1913 3316 1966 conventus
3341 1908 3649 1982 impiorum
3750 1974 3767 1986 δ

1999 1996 2182 2051 evasit
2220 2011 2437 2052 manus.
2473 1997 2625 2051 Tunc
2686 1996 3042 2069 cardinalis,‘
3076 1996 3275 2053 habito
3316 2012 3494 2069 super
3540 1998 3649 2055 hoc

1996 2084 2403 2156 episcoporum
2428 2089 2481 2140 et
2509 2085 2701 2141 tocius
2723 2084 2866 2141 cleri
2890 2085 3155 2154 consilio,
3174 2085 3433 2142 decrevit
3458 2102 3646 2157 ipsum

1995 2188 2126 2229 cum
2158 2172 2249 2205 ³⁸³³
2276 2173 2544 2229 omnibus
2577 2173 2674 2244 qui
2702 2189 2833 2230 eum
2865 2173 2936 2230 de
2960 2173 3149 2229 medio
3171 2174 3531 2230 sustulerant
3553 2189 3649 2231 ex-

1996 2262 2427 2317 communicare
2481 2262 2535 2316 in
2587 2262 2926 2318 crastinum.
2985 2261 3149 2328 Quod
3201 2266 3263 2319 ut
3314 2261 3645 2333 audierunt,

1995 2365 2194 2406 omnes
2218 2364 2280 2405 se
2303 2350 2374 2406 de
2394 2349 2554 2407 illius
2577 2349 2963 2406 contubernio
2993 2350 3434 2420 subtraxerunt,
3470 2350 3549 2407 ita
3584 2357 3646 2408 ut

1996 2440 2090 2509 qui
2129 2438 2313 2510 pridie
2347 2439 2517 2495 turba
2554 2436 2736 2494 multa
2769 2437 3086 2495 comitatus
3117 2437 3187 2494 de
3215 2438 3464 2496 concilio
3495 2439 3648 2496 exie-

1995 2533 2105 2593 rat,
2139 2525 2406 2597 sequenti
2438 2525 2530 2581 die
2562 2540 2692 2582 cum
2727 2528 2969 2583 vocatus
2994 2526 3319 2597 adveniret,
3350 2526 3448 2583 vix
3470 2542 3645 2587 unum

1993 2615 2088 2686 qui
2121 2629 2251 2670 eum
2285 2618 2633 2684 sequeretur
2667 2613 2936 2670 habebat.
2976 2613 3136 2670 Unde
3184 2613 3543 2672 conterritus
3591 2615 3643 2672 in

1990 2703 2189 2760 faciem
2225 2717 2285 2758 se
2321 2702 2658 2773 prostravit,
2691 2701 3062 2773 omniumque
3094 2702 3647 2777 miserationiexpo-

1987 2793 2159 2860 situs,
2191 2794 2417 2847 tantum
2450 2790 2584 2845 vitae
2618 2789 2948 2845 necessaria
2968 2790 3208 2846 concedi
3231 2790 3342 2847 sibi
3369 2791 3644 2865 impetra-

1986 2880 2107 2944 vit;
2141 2878 2433 2948 nichilque
2467 2881 2751 2944 moratus,
2778 2876 3173 2949 licetinvitus,
3202 2878 3335 2950 quia
3373 2879 3643 2936 obtinere

1984 2983 2095 3023 non
2130 2966 2341 3039 potuit,
2380 2965 2731 3038 pontificalia
2766 2964 3038 3038 deposuit
3066 2965 3160 3023 die
3202 2971 3270 3024 16
3320 2966 3441 3023 Kal.
3486 2967 3639 3024 Junii

1982 3064 2103 3124 (an.
2141 3060 2321 3128 1127).

1433 3423 2436 3588 APPENDIX

472 3702 1925 3842 MONUMENTORUM
2059 3707 3383 3846 TREVERENSIUM

875 4100 1046 4193 EX
1104 4100 2043 4194 TRANSLATIONE
2140 4100 2569 4193 SANCTI
2669 4100 2994 4193 CELSI

1284 4298 1704 4386 AUCTOR
1722 4300 1779 4385 Ε
1858 4298 2559 4388 TllEODEBICO

286 4491 699 4566 Tlieodericaa,
716 4494 823 4566 qui
843 4507 898 4566 a.
927 4497 1064 4566 1006
1082 4493 1511 4566 monasteriwm
1529 4494 1595 4551 S.
1613 4493 1715 4551 Ma
1724 4494 1864 4551 thier
1894 4495 2244 4553 Trevereme
2262 4496 2571 4566 ingressus
2588 4495 2695 4565 est,
2716 4494 2789 4552 ab
2809 4494 3022 4553 abbate
3042 4493 3345 4566 Richardo
3355 4496 3622 4566 rogatus,

168 4610 169 4613 η
200 4564 491 4637 libellum,
501 4565 572 4621 de
594 4563 991 4637 trarialabiozie
1008 4565 1067 4621 et
1082 4565 1401 4622 miraculis
1419 4567 1485 4622 S.
1517 4565 1675 4637 Celsi
1696 4566 1960 4637 scripsit,
1986 4580 2250 4623 sermone
2271 4563 2509 4637 qaidem
2529 4563 2776 4637 tumido,
2800 4566 2906 4623 sed
2920 4579 3035 4637 quo
3048 4564 3250 4637 multa
3280 4565 3352 4621 de
3370 4563 3623 4637 Egbert?

193 4634 651 4709 rebmgatiaqae
664 4635 882 4709 potata
899 4635 1087 4709 digna
1104 4637 1401 4709 memoria
1413 4636 1693 4709 tradidit,
1705 4634 2064 4709 prce/aliane
2076 4638 2158 4694 ad
2170 4634 2540 4709 Richardam
2558 4634 2832 4709 abbatem
2838 4634 3179 4709 prmissa.
3212 4637 3349 4699 Qua
3360 4634 3436 4691 ea}
3456 4636 3622 4692 Actis

194 4709 327 4764 SS.
363 4702 693 4777 Faba—III,
729 4710 853 4776 396,
885 4702 988 4763 ubi
1019 4720 1093 4763 ea:
1120 4706 1421 4765 codicibus
1448 4702 1776 4764 Badece'risi
1804 4702 1864 4764 et
1896 4709 2241 4766 Trererensi
2267 4708 2430 4765 edita
2458 4708 2617 4778 sunt,
2650 4702 3018 4778 repetitum.

277 4882 790 4940 Excellentissimo
806 4881 1019 4939 Christi
1045 4883 1313 4954 operario
1338 4884 1607 4955 patrique
1631 4898 1857 4956 perma-
1885 4882 1933 4945 C
1964 4899 2073 4939 am.
2109 4885 2294 4953 Rogat
2329 4896 2576 4953 namque
2625 4885 2868 4952 paterna
2921 4880 3110 4951 pietas
3150 4883 3369 4950 vestra,
3419 4880 3615 4937 immol

194 4972 415 5044 gnifico
446 4970 736 5028 Richardo
759 4985 900 5028 suus
931 4970 1029 5027 ille
1061 4986 1294 5028 suorum
1331 4973 1569 5028 ultimus
1599 4973 1851 5029 Theode-

202 5063 382 5133 ricus,
437 5076 550 5133 quo
600 5062 755 5117 inter
806 5061 1115 5117 monachos
1167 5059 1307 5116 nihil
1351 5062 1600 5117 habetur
1653 5063 1847 5132 vilius,

201 5148 504 5206 monastici
540 5152 733 5205 tamen
762 5146 913 5203 haud
976 5144 1276 5205 immemOr
1327 5148 1630 5220 pr0positi,
1694 5149 1845 5205 omni

196 5238 714 5311 apologiaadimota
737 5238 997 5311 ambage,
1014 5252 1168 5296 verae
1182 5237 1532 5295 obedientite
1565 5240 1847 5309 obseque-

1963 4970 2056 5004 ³⁸⁸⁸
2086 4970 2508 5027 inevitabiliter
2541 4967 2881 5040 imperando
2913 4967 3180 5039 injungit,
3216 4972 3504 5039 quatenus
3534 4968 3616 5024 in-

1959 5059 2291 5115 ventionem
2342 5056 2758 5114 sacratissime
2809 5056 2999 5127 glebae
3045 5056 3200 5113 beati
3259 5055 3615 5113 confessoris

1962 5146 2173 5204 Christi
2204 5145 2375 5215 Celsi,
2407 5145 2576 5217 cujus
2612 5144 2890 5217 praeclara
2925 5144 3131 5201 merita
3161 5142 3422 5214 ejusdem
3445 5158 3615 5200 voca-

1959 5236 2127 5292 minis
2151 5234 2479 5307 produntur
2500 5233 2868 5306 etymologia,
2887 5247 2993 5291 nec
3015 5247 3127 5290 non
3154 5247 3265 5303 qua
3284 5231 3610 5300 occasione,

1566 5333 1803 5391 VARIE
1844 5333 2244 5389 LECTIONES.

263 5466 357 5502 ’m
378 5467 652 5541 personis
683 5479 831 5524 corr.
872 5480 1152 5538 personas
1181 5481 1227 5525 c.
1305 5464 1395 5500 ⁸⁸⁶¹
1425 5466 1459 5519 f.
1496 5479 1545 5521 θ.
1577 5480 1727 5525 corr.
1766 5466 1801 5519 f.
1835 5479 1881 5519 η.

198 5555 341 5617 hinc
363 5558 506 5618 inde
531 5554 790 5617 correxi.

1964 5465 2053 5496 9"”
2075 5464 2209 5535 post
2232 5462 2419 5531 ruant.
2453 5477 2500 5519 ο.
2581 5462 2675 5496 ³⁸⁸³
2708 5463 2823 5520 imo
2853 5462 2942 5521 ed.
2973 5459 3302 5522 Scribendi
3318 5456 3615 5515 νωιέοπσγη
