3990 6344
408 325 554 386 1235

1084 326 1352 390 GESTA
1383 326 1740 391 TREVER.
1772 361 1849 374 -
1877 320 2238 389 APPEND.
2274 323 2722 392 TRANSLAT.
2761 327 2829 394 S.
2865 327 3122 395 CELSI.

3664 335 3812 401 1238

401 467 700 526 Divinitati
735 470 965 542 quidem
1011 476 1144 530 ante
1194 473 1476 545 temporis
1527 477 1742 530 motum
1793 471 2045 544 cognita,
2077 451 2134 511 Α
2231 473 2282 524 2.
2320 471 2482 527 Anno
2515 471 2819 532 dominica
2851 474 3272 536 incarnationis
3302 484 3424 550 978,
3462 483 3698 554 quando
3739 483 3817 539 di-

401 561 619 616 nostris
651 565 844 617 autem
881 563 1198 620 faeelentis
1231 565 1458 635 diebus,
1498 564 1604 635 pia
1626 564 1916 620 memoria
1947 563 2051 629 Eg-

402 645 567 704 berto
589 651 910 707 Treverica
939 655 1100 710 urbis
1122 654 1449 722 hierareha,
1469 655 1542 710 ob
1557 667 1849 710 enormem
1876 665 2052 722 quan-

401 734 528 792 dam
553 741 818 797 ecclesia
845 743 1158 798 utilitatem
1185 744 1526 799 solemniter
1553 747 1718 799 nacta
1737 742 1904 797 beata
1930 740 2054 810 ejus

401 821 626 896 lipsana
661 832 1004 887 mortalibus
1024 833 1137 888 sint
1165 833 1397 888 tandem
1422 833 1679 904 detecta,
1708 831 1808 887 sed
1850 827 2057 885 etinsi-

402 917 496 984 gni
527 919 865 975 meritorum
893 921 1050 976 illius
1077 922 1313 990 indicio,
1345 938 1471 990 qua
1494 922 1567 977 ob
1591 921 1738 976 tanti
1789 909 2053 974 thesauri

401 1009 644 1063 eatenus
668 1011 952 1065 occultati
977 1011 1295 1082 optabilem
1321 1011 1654 1066 ostensione
1678 1011 1806 1065 luce
1834 1007 2054 1062 clarius

397 1099 526 1151 acta
564 1115 692 1153 csse
727 1104 1066 1168 noscuntur,
1120 1115 1242 1156 mea
1296 1100 1590 1170 pusillitas
1646 1099 2054 1170 qualicumque

398 1188 589 1245 relatu
621 1188 772 1258 style
807 1189 1239 1260 memoriaque,
1276 1191 1614 1260 posteritati
1667 1189 2049 1260 prOSpiciens,

398 1279 669 1334 mandare
695 1293 802 1333 non
830 1277 1087 1333 differat.
1122 1280 1315 1348 Neque
1336 1280 1487 1334 enim
1511 1294 1738 1348 aquum
1767 1279 1888 1332 fore
1920 1291 2052 1331 ccn-

397 1367 556 1434 setis,
589 1372 650 1422 ut
683 1371 842 1422 tanta
881 1368 1290 1423 miraculorum
1327 1369 1472 1423 tanti
1519 1368 1628 1422 viri
1689 1367 2042 1433 coruscatio,

395 1457 468 1510 oh
499 1456 812 1534 multorum
848 1457 1056 1512 salutis
1085 1461 1454 1526 augmentum
1485 1457 1718 1513 caelitus
1781 1457 2039 1527 profusa,

395 1543 566 1598 inerti
585 1548 878 1598 remaneat
897 1545 1009 1598 taci
1023 1545 1302 1599 turnitatc
1320 1544 1706 1600 abstrusaAd
1727 1545 1876 1615 quod
1903 1559 2038 1613 ego:

393 1631 586 1698 Miror,
625 1633 875 1703 inquam,
913 1631 1219 1688 admodum
1255 1638 1432 1688 tanta
1467 1634 1793 1704 prudentia
1829 1634 2034 1698 virum,

391 1735 454 1774 ac
476 1723 800 1776 vehementi
827 1727 1066 1793 stupore
1093 1722 1400 1794 percellor,
1428 1723 1697 1792 quidnam
1727 1723 1890 1778 vobis
1919 1722 2038 1777 ani-

2161 559 2308 616 vina
2330 563 2618 620 memoria
2644 565 2782 620 Otto
2804 567 3118 637 secundus,
3146 569 3376 625 maximi
3400 573 3641 642 augusti
3659 575 3816 631 Otto.

2163 646 2254 702 nis
2288 648 2588 720 relativus,
2625 653 2894 710 Romana
2927 656 3278 714 monarchia
3311 658 3536 729 apicem
3577 666 3814 720 strenue

2162 737 2540 804 gubernando
2589 743 2865 812 princeps
2915 745 3123 813 agebat
3175 746 3232 800 in
3281 753 3540 819 sceptro,
3596 758 3814 809 sancta

2163 824 2490 883 Trevirensi
2556 845 2584 884 a
2637 832 2750 886 Deo
2799 835 3212 891 conservanda
3259 837 3528 894 ecclesia
3583 841 3817 910 prafuit

2169 913 2351 970 beata
2385 919 2812 976 recordationis
2842 922 2930 976 vir
2959 923 3244 980 virtutum
3295 927 3591 996 Egbertus
3633 931 3815 987 archi-

2167 1003 2452 1060 mandrita
2479 1007 2824 1079 lampabilis,
2841 1009 3036 1067 clarus
3059 1013 3287 1082 quidem
3308 1018 3632 1086 parentela
3645 1033 3813 1088 gene-

2167 1091 2410 1148 rositate
2435 1095 2602 1166 (5'26),
2626 1098 2726 1153 sed
2752 1099 2966 1155 clarior
2993 1101 3174 1158 totius
3187 1104 3504 1173 probitatis
3517 1107 3814 1178 impretia-

2167 1179 2264 1234 bili
2298 1183 2454 1238 dote.
2490 1186 2555 1240 Et
2591 1201 2817 1258 revera,
2847 1188 2976 1258 quia
3013 1189 3136 1260 ipsa
3181 1193 3408 1260 gemina
3456 1193 3812 1254 claritudine

2164 1269 2581 1337 pollucibiliter
2609 1275 2814 1345 viguit,
2869 1277 2950 1333 uti
3003 1295 3188 1334 nonor
3234 1281 3478 1338 debitus
3516 1287 3806 1356 poposcit,

2161 1358 2341 1414 totius
2363 1363 2524 1431 regni
2550 1365 2928 1434 pontificibus
2952 1373 3127 1436 atque
3151 1368 3534 1439 optimatibus
3568 1373 3694 1444 ipsa
3723 1376 3808 1431 sui

2158 1451 2483 1505 reverentia
2519 1453 2865 1522 pracelluit.
2912 1455 3168 1526 Denique
3219 1461 3448 1514 statura
3499 1476 3807 1534 procerus,

2153 1537 2350 1592 vultus
2379 1548 2572 1595 autem
2607 1543 2780 1598 rutila
2817 1545 3181 1602 formositate
3216 1562 3334 1616 pra
3365 1549 3640 1607 omnibus
3667 1555 3805 1610 tunc

2155 1627 2434 1696 temporis
2460 1629 2806 1699 primatibus
2837 1633 3047 1688 enituit
3095 1635 3417 1693 venustius.
3468 1639 3610 1694 Erat
3656 1641 3801 1698 enim

2151 1717 2562 1774 monachorum
2598 1721 2928 1790 pracipuus
2958 1727 3118 1778 tutor
3153 1738 3215 1779 ac
3246 1726 3506 1782 nutritor
3538 1742 3608 1784 ac
3639 1744 3803 1800 regu-

391 1807 584 1878 misit,
609 1812 758 1881 quod
785 1812 1018 1867 omissis
1041 1817 1098 1866 et
1120 1813 1282 1881 quasi
1311 1812 1616 1884 vilipensis
1645 1818 1729 1868 tot
1774 1810 2034 1868 vernulis
2065 1812 2119 1874 B
2153 1803 2290 1860 laris
2325 1807 2646 1878 disciplina}
2679 1811 2953 1880 SPeCialiS
2986 1817 3233 1881 amator,
3276 1815 3495 1886 (ΙΠῘΡΡΘ
3549 1819 3645 1887 (ἰαί
3697 1822 3801 1875 ευῘ)

389 1896 540 1951 domi
571 1901 906 1971 militiaque
932 1901 1406 1969 insugillabiliter
1431 1903 1760 1972 agentibus,
1797 1917 1944 1973 quos
1979 1901 2030 1954 in

389 1988 545 2042 beati
581 1990 844 2044 Eucharii
882 1991 1134 2060 spiritali
1163 1991 1464 2061 gymnasio
1498 1993 1768 2060 dogmate
1822 1991 2031 2046 fovetis

381 2092 566 2142 sacro,
597 2079 882 2149 inexperti
907 2080 1213 2134 ailventitii
1235 2080 1555 2136 imbecilles
1579 2083 1849 2136 humeros
1885 2080 2028 2136 tanti

381 2166 532 2220 mole
572 2168 954 2222 mandaminis
999 2169 1258 2224 caricarc
1307 2169 1543 2224 malitis.
1593 2171 1815 2225 Testem
1875 2170 2025 2224 enim

375 2256 716 2310 omniscium
752 2256 1000 2311 adhibeo
1033 2259 1207 2311 Deum
1266 2289 1334 2296 —
1393 2273 1500 2312 non
1536 2259 1688 2327 quod
1743 2258 2025 2329 ejusmodi

377 2345 587 2398 mentis
613 2344 738 2407 sim,
765 2344 911 2413 quod
942 2351 1151 2400 vestra
1176 2346 1561 2416 prcccptioni,
1597 2349 1748 2417 quod
1787 2349 1868 2404 fas
1917 2364 2024 2404 non

379 2437 486 2500 est,
524 2434 611 2486 vel
665 2434 1028 2489 museitando
1079 2435 1453 2490 recalcitrare
1499 2436 1668 2490 velim
1700 2469 1786 2504 —,
1833 2438 2028 2509 plures

378 2523 590 2576 vestris
623 2522 674 2576 in
709 2522 1005 2577 laboribus
1047 2525 1424 2593 promotioris
1476 2525 1683 2593 ingenii
1746 2532 2026 2597 expertus

379 2627 506 2666 sum
543 2611 774 2680 fratres,
811 2613 1022 2682 quibus
1051 2613 1098 2666 si
1125 2613 1176 2667 id
1203 2613 1384 2682 ipsum
1411 2631 1557 2670 onus
1583 2615 1727 2672 duce
1759 2617 2028 2672 obedien-

385 2701 476 2755 tire
498 2701 718 2755 ratione
737 2703 1156 2771 imponeretur,
1177 2703 1524 2774 impertzrsis
1543 2708 1599 2758 ut
1621 2721 1814 2760 verum
1845 2707 2028 2762 fatear

380 2791 635 2846 humeris
669 2798 925 2861 prirlare,
982 2808 1046 2847 ac
1095 2794 1308 2848 vestris
1357 2809 1459 2863 per
1508 2795 1693 2848 omnia
1754 2796 1908 2850 votis
1953 2796 2023 2850 ad

379 2878 610 2950 plenum
645 2879 984 2934 satisfacere
1020 2880 1363 2950 quivisscnt.
1403 2883 1509 2937 Sed
1563 2883 1701 2952 quid
1759 2884 2024 2954 pluribus

377 2981 524 3037 Opus
547 2972 635 3021 est
661 2969 682 3020 ?
709 2969 1066 3022 Destinatum
1092 2974 1183 3024 est
1209 2969 1439 3038 quidem
1457 2972 1753 3026 monachis
1777 2972 2019 3042 quadam

376 3056 743 3126 specialitate
780 3073 895 3127 pl‘u‘
926 3057 1161 3122 ceteris,
1199 3062 1488 3126 quatenus
1512 3074 1724 3115 moram
1763 3061 2019 3117 nesciant

2148 1893 2348 1950 habitu
2365 1896 2624 1969 episcopi
2641 1899 2856 1954 humile
2872 1902 3406 1970 pectusoccultavit
3433 1905 3798 1964 devotissimi

2145 1985 2430 2055 monachi,
2494 1987 2695 2057 sicque
2750 2005 2878 2044 cum
2939 1992 3159 2046 Martha
3217 1993 3372 2050 foras
3431 1996 3691 2064 profudit
3733 1999 3798 2056 ad

2141 2071 2490 2141 explendum
2527 2076 2801 2146 frequens
2832 2078 3216 2136 ministerium
3250 2082 3494 2152 Domini,
3522 2089 3586 2139 ut
3610 2089 3800 2142 tamen

2137 2174 2264 2215 cum
2301 2163 2473 2218 Maria
2522 2169 2706 2220 totum
2752 2182 2813 2222 se
2858 2169 3152 2224 conferret
3204 2170 3274 2226 ad
3325 2171 3587 2228 studium
3637 2176 3798 2234 verbi

2139 2247 2339 2321 divini,
2371 2252 2590 2308 faciens
2615 2270 2676 2309 se
2701 2255 2993 2311 divinitati
3019 2263 3242 2326 gratam
3270 2258 3540 2330 hostiam,
3579 2261 3634 2316 in
3674 2278 3801 2333 pra-

2138 2339 2290 2395 ctica
2318 2340 2594 2396 videlicet
2625 2343 2970 2410 columbam,
3007 2345 3061 2400 in
3096 2347 3386 2402 rhetorica
3439 2356 3635 2406 autem
3683 2355 3802 2408 tur-

2138 2433 2348 2482 turem.
2373 2429 2451 2485 De
2476 2429 2828 2487 liberalitate
2845 2434 3142 2504 veroejus,
3170 2450 3277 2505 qua
3315 2437 3484 2494 unice
3507 2439 3799 2509 opimatus

2137 2518 2357 2588 extitit,
2389 2519 2524 2588 quid
2548 2521 2896 2591 condignum
2925 2522 3211 2592 eloquar?
3235 2525 3454 2582 Novum
3489 2528 3706 2599 quippe
3743 2530 3796 2584 in

2139 2605 2238 2660 illo
2263 2608 2578 2664 Iohannem
2630 2626 2799 2679 quem
2861 2611 3208 2667 Eleimonem
3269 2621 3478 2670 vocant
3533 2617 3792 2688 videres,

2138 2695 2290 2764 quia,
2341 2712 2482 2767 opes
2530 2713 2680 2767 quas
2731 2700 2782 2754 ei
2832 2701 2984 2755 Deus
3030 2702 3326 2771 profusius
3377 2704 3791 2777 largitusest,

2140 2783 2308 2854 pleno
2350 2789 2410 2839 ut
2462 2786 2538 2840 ita
2588 2787 2831 2842 dixerim
2883 2804 3064 2844 cornu
3108 2805 3210 2861 per
3251 2806 3454 2848 manus
3487 2795 3787 2864 egentium

2136 2873 2461 2928 transmisit
2493 2875 2548 2930 in
2581 2877 2812 2932 coelum.

2204 2966 2254 3017 3.
2293 2965 2636 3020 Monasteria
2669 2980 2934 3035 namque,
2970 2981 3098 3036 qua
3117 2967 3440 3024 Treverica
3474 2969 3789 3039 subjacent

2132 3051 2384 3121 exedra,
2409 3058 2543 3108 ante
2566 3053 2751 3124 ipsius
2773 3069 2911 3109 sane
2938 3059 3195 3126 tempora
3229 3056 3382 3112 ultra
3413 3073 3788 3118 communem

376 3145 432 3200 in
464 3144 770 3215 explendis
801 3145 1062 3215 priorum
1095 3160 1334 3201 suorum
1363 3149 1672 3218 praceptis
1697 3192 1711 3215 ,
1735 3154 1792 3203 et
1826 3165 2022 3220 quam-

2157 3143 2246 3194 )co
2277 3141 2654 3198 servientium
2690 3143 2918 3199 modum
2953 3150 3121 3200 erant
3151 3145 3346 3215 indiga
3377 3150 3553 3216 atque
3588 3162 3790 3220 asper-

376 3247 542 3304 quam
570 3233 686 3288 illis
705 3234 1080 3301 injungantur
1103 3233 1503 3304 impossibilia,
1527 3237 1596 3292 de
1621 3238 1840 3293 Domini
1875 3254 2020 3294 scm-

376 3337 481 3394 per
514 3321 889 3376 miseratione
919 3321 1303 3391 confidentes,
1329 3323 1516 3379 sciant
1541 3325 1653 3380 sibi
1673 3327 1860 3382 omnia
1899 3328 2018 3383 fore

373 3409 710 3480 explchilia.
744 3409 1112 3480 Quapropter
1142 3412 1415 3483 experiar
1445 3414 1598 3470 votis
1623 3431 1747 3484 qum
1777 3416 2020 3486 injungi-

373 3498 471 3564 tis,
508 3503 672 3553 certo
707 3498 928 3554 certius
954 3499 1218 3564 credens,
1247 3501 1400 3570 quod
1429 3503 1634 3560 beatus
1667 3504 1866 3560 Celsus
1896 3506 2018 3562 suis

376 3586 510 3640 mihi
542 3587 815 3656 precibus
846 3587 1033 3658 possit
1062 3587 1348 3659 obtinere,
1383 3597 1671 3661 quatenus
1701 3593 1809 3648 hoc
1859 3597 2018 3663 glau-

375 3690 505 3731 cum
541 3675 782 3747 pelagus
804 3691 1030 3732 merear
1048 3677 1226 3734 salvis
1249 3679 1541 3736 mercibus
1571 3686 1808 3738 enatare
1841 3687 2016 3753 atque

379 3763 446 3818 ad
480 3763 794 3836 optabilem
830 3769 1065 3835 portum
1097 3765 1318 3823 illasus
1349 3768 1570 3824 valeam
1605 3769 1932 3841 pervenire.

447 3856 496 3908 1.
535 3855 671 3908 Cum
705 3853 972 3910 omnibus
1003 3854 1210 3912 divina
1241 3861 1416 3926 atque
1447 3857 1710 3914 humana
1763 3858 2017 3928 philoso-

372 3941 519 4012 phiae
553 3943 949 3998 sectatoribus
985 3943 1204 4014 liquido
1232 3951 1486 4015 constet,
1521 3946 1671 4016 quod
1707 3947 2012 4003 Treverica

369 4029 711 4099 metropolis
761 4034 881 4085 tum
936 4031 1236 4088 mundana
1287 4033 1591 4101 dignitatis
1637 4034 2010 4106 antiquitate,

367 4121 488 4170 tum
517 4117 686 4171 etiam
713 4119 1019 4175 catholica
1049 4120 1178 4176 fidei
1203 4121 1482 4176 cardinali
1513 4123 1834 4192 majestate,
1882 4124 2013 4194 jure

369 4204 694 4276 meritoque
728 4208 910 4263 totius
943 4208 1140 4264 Gallia
1173 4209 1581 4266 archisterium
1607 4209 1754 4282 (525)
1784 4211 1858 4268 sit
1884 4211 2014 4269 hac-

371 4299 542 4349 tenus
558 4294 810 4351 vocitata
833 4299 1008 4366 atque
1023 4296 1361 4368 apostolica
1377 4299 1748 4356 auctoritatis
1765 4299 2010 4370 quadam

370 4383 838 4454 particularitate
861 4385 1078 4440 ceteris
1103 4385 1569 4454 undiqucssecus
1586 4389 1854 4445 ecclesiis
1876 4389 2014 4445 emi-

367 4470 602 4527 nentius
625 4471 936 4528 sublimata
962 4473 1070 4538 ;ob
1087 4473 1188 4528 hoc
1209 4473 1428 4530 scilicet
1447 4475 1700 4533 latabile
1715 4479 2006 4538 accidens.

2132 3227 2273 3282 rima
2291 3228 2624 3285 victualinm
2644 3246 2748 3286 nec
2773 3247 2884 3287 non
2909 3233 3244 3290 utensilium
3274 3235 3540 3291 confecta
3567 3236 3786 3310 inepia,

2129 3320 2184 3370 ct
2211 3318 2283 3371 ob
2308 3317 2411 3371 hoc
2434 3317 2638 3382 religio
2666 3321 2982 3376 monastiea
3017 3335 3126 3376 non
3163 3321 3456 3379 minimum
3490 3337 3663 3394 passa
3697 3330 3788 3381 est

2131 3404 2468 3474 deliquium.
2507 3406 2714 3475 Sicque
2747 3413 3083 3464 rarescente
3113 3425 3335 3465 morum
3389 3411 3788 3480 perfectorum

2128 3492 2500 3562 ventilatore,
2529 3493 2678 3564 ignis
2711 3495 2807 3549 ille
2839 3496 3016 3551 divini
3046 3497 3280 3566 amoris,
3327 3513 3499 3568 quem
3548 3499 3790 3556 Veritas

2129 3581 2284 3635 misit
2321 3581 2375 3636 in
2408 3584 2625 3637 terram
2654 3588 2709 3639 et
2745 3583 2930 3639 voluit
2963 3585 3340 3642 vehementer
3371 3587 3634 3656 accendi,
3665 3587 3790 3658 jam

2127 3668 2460 3725 abundante
2489 3686 2721 3742 quoquo
2754 3671 3012 3728 locorum
3061 3673 3394 3745 iniquitate,
3447 3690 3559 3732 non
3611 3677 3788 3732 modo

2129 3757 2464 3828 frigescere,
2493 3773 2687 3816 verum
2715 3761 2866 3830 quod
2891 3761 3285 3833 periculosius
3311 3768 3421 3834 est,
3447 3764 3640 3820 modis
3665 3780 3790 3820 om-

2130 3845 2298 3901 nibus
2328 3847 2508 3918 coepit
2554 3849 2835 3919 extingui.
2890 3851 3030 3907 Nam
3079 3851 3424 3908 veneranda
3478 3855 3782 3910 memoria

2129 3937 2472 3991 antecessor
2501 3936 2627 4006 ejus
2657 3938 3044 3996 Theodericus
3075 3941 3284 3998 doctor
3312 3941 3546 4012 quidem
3575 3942 3786 3998 extitit

2127 4022 2582 4082 facundissimus
2632 4031 2808 4098 atque
2856 4028 3087 4086 familia
3139 4029 3364 4085 Domini
3422 4035 3786 4102 procurator

2126 4111 2452 4169 industrius
2477 4132 2490 4180 ;
2511 4113 2613 4170 sed
2641 4115 2772 4185 quia
2795 4117 3076 4188 temporis
3099 4118 3371 4187 angustia
3393 4118 3467 4172 ob
3499 4117 3788 4188 multipli-

2122 4214 2222 4257 ces
2254 4200 2336 4256 rei
2365 4201 2616 4272 publica
2643 4205 2982 4260 exactiones
3016 4204 3238 4262 totiens
3272 4205 3612 4276 totiensque
3651 4210 3788 4262 erat

2123 4293 2446 4361 coartatus,
2481 4291 2672 4348 minus
2702 4293 3189 4350 monasteriorum
3230 4293 3786 4350 necessitudinibus

2121 4379 2458 4446 consuluit;
2493 4381 2622 4451 quia
2648 4395 2752 4438 nec
2781 4381 2952 4450 unde,
2988 4383 3224 4438 obvium
3255 4383 3364 4439 sibi
3391 4383 3522 4438 fuit.
3557 4384 3634 4438 At
3668 4383 3784 4438 iste

2124 4482 2346 4524 summo
2393 4470 2764 4527 veneramine
2819 4471 3202 4527 nominandus
3257 4471 3479 4541 regiam
3539 4472 3696 4527 viam
3752 4489 3781 4524 ει

365 4559 520 4628 quod
544 4575 666 4616 eam
694 4561 1093 4616 universitatis
1113 4561 1406 4618 conditrix
1423 4565 1750 4634 personalis
1773 4545 2009 4625 trinitas
2039 4528 2094 4590 D
2124 4555 2350 4612 dextris
2371 4561 2431 4613 θι
2453 4572 2482 4612 3
2507 4557 2767 4615 Βίηίθῐνίε
2789 4558 3086 4625 incedens,
3115 4558 3366 4615 militum
3392 4559 3782 4616 ambitionem

365 4651 542 4718 atque
570 4649 903 4704 cssentialis
927 4649 1120 4705 unitas
1141 4653 1287 4708 Deus
1312 4653 1604 4723 primitivo
1626 4655 1813 4711 sancti
1841 4671 2012 4712 evan-

363 4735 500 4805 gelii
535 4737 758 4807 fulgore
790 4752 895 4808 per
928 4737 1102 4794 trium
1125 4741 1526 4810 operariorum
1551 4757 1785 4800 suorum
1808 4760 2012 4816 perpe-

363 4827 468 4882 tim
501 4825 986 4882 remunerandum
1019 4826 1274 4886 laborem
1305 4829 1510 4887 deiﬁce
1541 4831 1784 4890 visitare
1833 4838 2008 4906 atque

364 4913 694 4970 illuminare
727 4914 962 4983 dignata
993 4921 1120 4972 est:
1156 4917 1300 4974 satis
1334 4933 1539 4976 revera
1585 4920 2011 4992 inconsequens

363 5002 596 5070 visitur,
633 5003 775 5058 sica
824 5018 962 5086 qua.
1003 5009 1118 5060 tam
1167 5005 1261 5039 ⁸⁸⁸⁸
1303 5007 1574 5064 elementi
1635 5017 1904 5081 respectu
1953 5012 2005 5067 in

361 5091 528 5148 calce
560 5094 886 5162 temporum
911 5093 1062 5165 apud
1086 5095 1343 5164 ejusdem
1371 5097 1534 5154 urbis
1556 5099 1893 5170 ariopagum
1918 5117 2008 5158 os-

360 5177 607 5234 tendere
637 5180 889 5250 eensuit,
919 5181 1136 5238 silentii
1170 5188 1407 5256 torpore
1431 5187 1723 5244 fumaliter
1756 5188 1810 5244 in
1835 5203 2008 5247 auras

359 5274 832 5324 evanescant.....

2121 4645 2419 4701 refrenare
2442 4660 2554 4702 non
2578 4646 2791 4716 timuit,
2816 4646 3380 4716 conprovineialium
3409 4647 3782 4716 tyrannidem

2121 4746 2325 4803 aquus
2347 4733 2569 4790 arbiter
2588 4734 2939 4790 auctoritate
2958 4734 3332 4804 compressit,
3348 4739 3410 4790 et
3430 4735 3625 4790 omnia
3651 4749 3782 4805 qua

2120 4821 2496 4878 monasteriis
2547 4823 2746 4879 hostili
2804 4824 3030 4878 fuerant
3087 4821 3396 4878 invasione
3467 4823 3782 4880 subtracta

2121 4923 2290 4965 manu
2321 4909 2676 4980 potestativa
2708 4909 3110 4978 undecumque
3141 4907 3454 4980 recollegit
3489 4923 3554 4967 ac
3587 4925 3784 4966 mona-

2119 4997 2430 5054 steriorum
2448 4999 2714 5070 partibus
2727 4999 2832 5055 sub
2855 5009 3053 5064 magna
3069 4995 3380 5065 vigilantia
3402 4999 3785 5068 reconsigna-

2117 5085 2222 5155 vit,
2251 5089 2307 5141 et
2341 5091 2404 5142 ut
2439 5086 2568 5158 pius
2599 5081 3014 5158 paterfamilias
3047 5081 3322 5152 neglecta
3375 5089 3559 5154 atque
3608 5091 3783 5141 atate

2117 5179 2463 5246 consumpta
2493 5173 2775 5232 resarcire
2807 5175 3112 5239 tantopere
3145 5171 3404 5226 curavit.

2187 5267 2238 5320 4.
2275 5263 2530 5334 Cumque
2563 5268 2802 5335 paterna
2834 5257 3045 5315 lumina
3073 5261 3132 5312 et
3166 5257 3240 5313 ad
3275 5265 3454 5331 septa
3487 5262 3647 5318 beati
3681 5262 3782 5318 Eu-

1733 5371 1970 5433 VARIE
2011 5377 2412 5436 LECTIONES.

1961 5519 2166 5576 NOTzE

430 5429 524 5464 ⁸⁸⁸⁸
547 5429 664 5500 jam
697 5431 786 5488 ed.

458 5661 584 5726 526)
616 5661 694 5714 De
721 5675 834 5729 qua
862 5666 934 5720 cf.
967 5683 1142 5740 supra
1175 5661 1548 5737 Gestawcivﬂt—l:

433 5593 584 5729 E525;
616 5592 771 5647 Idem
801 5600 1142 5658 V0cabulum
1172 5605 1229 5662 in
1260 5607 1386 5666 Vita
1422 5610 1474 5667 S.
1507 5613 1742 5669 Antonii
1777 5619 1836 5671 et
1861 5614 2081 5674 Deicoli
2111 5615 2224 5688 legi
2257 5616 2559 5675 Henschen
2587 5612 2826 5671 notavit.

458 5663 561 5714 ⁵26
616 5661 694 5714 De
721 5675 834 5729 (ιιιει
862 5666 934 5720 cf.
967 5683 1142 5729 supra
1175 5675 1345 5729 Gesta
1375 5695 1426 5729 c-
1461 5687 1548 5729 ac-
