3990 6304
100 344 294 411 4ἓ37
855 340 1123 413 GESTA
1149 343 1505 411 TREVER.
1544 383 1615 391 -—
1646 340 2001 410 APPEND.
2032 342 2487 411 TRANSLAT.
2524 348 2589 413 S.
2634 344 2889 416 CELSI.
3418 353 3573 420 1238

95 500 337 558 charii
376 503 802 574 contorqueret
830 499 1363 572 monachorumque
1389 497 1547 559 illius
1570 512 1816 573 pauper-
1845 477 1897 539 Α
1924 502 2437 561 merearinoenire
2450 503 2876 569 patronumEt
2904 510 3032 580 post
3055 506 3177 567 haec
3190 524 3217 579 ;
3230 507 3342 581 Ite,
3362 506 3572 584 inquit,

97 591 367 650 tatulae
398 592 640 648 nimium
673 591 1034 657 condoleret,
1072 591 1323 663 sapienti
1355 606 1495 647 usus
1544 588 1813 662 concilio,
1926 592 2284 664 quantocius
2301 595 2362 651 et
2398 596 2556 652 omni
2586 596 2894 654 conamine
2908 598 3185 670 spiritali
3201 599 3424 659 instate
3455 602 3579 659 tam

102 678 410 749 primum
441 680 804 736 monasterio
824 680 1057 749 dignum
1085 680 1300 749 delegit
1327 679 1813 750 dispensatorem,
1914 681 2023 753 pio
2045 681 2493 742 labori.Potens
2509 685 2667 743 enim
2683 686 2957 759 estDeus,
2984 688 3092 759 qui
3106 687 3272 747 vobis
3284 690 3581 761 praestitit

106 766 432 825 abbatem
486 769 767 825 videlicet
809 769 1038 824 nomine
1072 768 1429 828 Gotherium.
1466 767 1634 823 unico
1663 767 1815 839 apud
1925 770 2095 841 relle,
2115 769 2573 830 subministrare
2594 774 2828 846 etposse
2852 777 2982 835 Hoc
3000 776 3199 834 autem
3217 776 3351 836 nolo
3366 793 3469 838 vos
3486 778 3583 838 ta-

109 856 473 913 Gandense
518 858 847 913 coenobium
909 856 1369 928 disciplinatum.
1431 857 1531 912 Cui
1593 859 1815 912 tantum
1932 858 3576 941 teat,quiasifervidaooluntateadﬁciendum/unda-

111 945 561 1016 supplementi
586 950 921 1017 sumptuum
948 946 1004 1000 in
1029 946 1185 1014 agris
1213 946 1532 1015 vineisque,
1555 943 1818 1014 exceptis
1925 950 2487 1007 mentuminsudare
2505 953 3302 1026 satagitis,postquammilti
3323 971 3575 1030 comper-

113 1033 284 1089 aliis
302 1033 695 1105 perplurimis
710 1034 1318 1089 donariisornamento
1335 1033 1816 1089 monasteriicon-
1931 1036 2053 1091 tum
2063 1037 2288 1109 fuerit,
2323 1039 2483 1109 quod
2509 1040 2739 1096 tantum
2767 1042 2832 1097 in
2870 1041 3058 1099 altum
3087 1047 3577 1118 consurgatqua-

120 1121 554 1192 ducibilibus,
572 1123 846 1191 contulit,
864 1128 926 1179 ut
943 1122 1214 1193 quamdiu
1234 1122 1575 1177 ﬁrmamenti
1592 1122 1815 1192 sphaera
1931 1125 2099 1183 tenus
2110 1130 2292 1185 unius
2305 1127 2847 1187 cubitimensu/ram
2858 1144 3033 1203 super
3048 1133 3270 1189 terram
3281 1135 3571 1205 ostendat,

115 1209 434 1266 volvitur
461 1211 590 1280 ejus
624 1224 875 1281 perenne
909 1211 1177 1266 meritum
1233 1210 1479 1281 proinde
1511 1209 1701 1280 capiat
1738 1209 1818 1264 in-
1931 1214 2080 1273 tales
2096 1215 2257 1274 vobis
2279 1216 2348 1273 de
2355 1218 2505 1288 ﬁsco
2523 1220 2726 1276 nostro
2747 1221 3056 1292 suppetias
3065 1214 3576 1296 praebebantpar-

120 1304 557 1355 crementum.
592 1299 814 1365 Quanta
872 1303 1062 1355 autem
1096 1299 1227 1354 aliis
1275 1298 1666 1367 monasteriis,
1699 1313 1817 1354 suae
1926 1318 1994 1360 co
2042 1306 2492 1376 aliquantorum
2532 1307 2863 1365 interstitio
2911 1323 3200 1366 annorum
3221 1323 3410 1383 usque
3429 1311 3576 1370 adeo

124 1388 569 1458 pastoralitati
602 1403 766 1457 asque
799 1388 1059 1443 subactis
1084 1391 1141 1442 et
1175 1393 1382 1457 agente
1421 1387 1628 1457 inopia)
1660 1400 1819 1457 pres-
1915 1393 2255 1464 profectum
2276 1393 2405 1449 laeto
2446 1394 2660 1452 sudore
2681 1396 2905 1466 capiat,
2952 1398 3061 1467 qui
3082 1398 3238 1455 citra
3257 1411 3417 1470 spem
3436 1412 3581 1457 eom-

119 1491 286 1531 sura
324 1491 475 1547 pene
501 1475 799 1548 collapsis,
827 1476 895 1532 ad
919 1476 1368 1532 restaurationis
1388 1476 1635 1545 gratiam
1658 1474 1816 1544 larga
1925 1494 2160 1536 munem
2186 1480 2269 1536 ad
2285 1494 2577 1537 summum
2606 1495 2790 1553 usque
2803 1484 3134 1555 pertingat.

125 1578 329 1620 manu
366 1565 752 1634 concesserit,
789 1563 1111 1635 qualiterve
1161 1565 1494 1620 monasticae
1527 1563 1815 1634 religioni,

125 1666 284 1721 quae
324 1657 467 1708 tunc
495 1652 779 1722 temporis
830 1652 1042 1722 ubijue
1076 1652 1442 1723 pessumdari
1485 1652 1814 1721 videbatur,

127 1747 367 1811 utpote
388 1740 1063 1797 favorabilisanimarum
1084 1741 1476 1810 languentium
1497 1740 1809 1809 archiater,

1997 1572 2046 1622 7.
2081 1566 2203 1633 Quo
2222 1582 2481 1624 cmeareo
2520 1568 2815 1638 gloriosus
2835 1570 3098 1641 pontifex
3122 1572 3412 1630 animatus
3442 1590 3575 1646 pro-

1928 1654 2124 1721 misso,
2158 1654 2353 1712 divino
2384 1655 2699 1712 comitatus
2728 1655 2946 1713 auxilio
2977 1658 3190 1715 mentis
3222 1665 3568 1734 conceptum

1929 1746 2291 1809 operetenus
2306 1743 2546 1815 implere
2563 1743 2839 1815 gestiens,
2861 1759 3030 1816 quam
3045 1745 3314 1817 plurimis
3329 1752 3572 1806 strenue

125 1826 733 1884 auctoraliantidoto
763 1828 1140 1895 succurrerit,
1178 1829 1404 1883 modum
1436 1826 1813 1897 atquecalcu-
1846 1832 1893 1891 Β
1927 1830 2232 1888 accersitis
2253 1836 2308 1887 et
2329 1832 2585 1888 corrasis
2606 1832 2995 1889 caementariis
3017 1838 3193 1904 atque
3221 1835 3568 1907 fossoribus,

128 1914 277 1971 lum
314 1917 634 1987 excedunt,
671 1916 918 1987 ideoque
950 1917 1020 1971 ad
1073 1917 1420 1972 narrandum
1456 1931 1646 1971 sermo
1677 1931 1806 1971 suc-

127 2004 417 2059 cumbit.
459 2004 616 2059 Adeo
645 2004 894 2075 denique
924 2005 1202 2061 virtutum
1239 2005 1548 2075 pzcdagoga
1593 2004 1812 2060 caritas

130 2091 197 2146 in
244 2092 383 2160 ejus
413 2097 657 2164 pectore
704 2093 1009 2161 vigorabili
1043 2093 1287 2164 imperio
1336 2102 1632 2163 sceptrum
1666 2092 1813 2147 obti-

133 2179 310 2249 nuit,
350 2185 644 2249 quatenus
674 2195 802 2236 cum
838 2181 1008 2235 beato
1047 2182 1155 2236 Job
1186 2180 1335 2236 haud
1371 2180 1580 2251 injuria
1614 2180 1811 2235 dicere

134 2277 386 2338 posset,
417 2268 553 2338 quia
578 2283 651 2325 ea:
662 2269 827 2325 utero
840 2269 1057 2325 matris
1068 2282 1209 2325 mea
1220 2283 1456 2339 egressa
1476 2268 1564 2325 est
1583 2268 1814 2325 caritas

129 2369 385 2412 mecum
413 2356 565 2424 (Job.
604 2372 759 2426 XXXI,
793 2360 902 2429 18).

222 2449 281 2499 5.
318 2444 518 2500 Doluit
550 2444 831 2515 siquidem
865 2446 1201 2516 frequenter
1222 2446 1469 2516 udisque
1494 2445 1812 2502 luminibus

134 2531 276 2589 alta
313 2532 660 2589 multotiens
692 2535 946 2605 suspiria
1001 2535 1205 2604 traxit,
1239 2534 1387 2604 quod
1422 2533 1719 2597 sacellum,
1756 2533 1808 2587 in

141 2635 279 2691 quo
310 2620 616 2693 pretiosus
649 2622 873 2678 Domini
923 2622 1300 2694 archipracsul
1348 2622 1669 2679 Eucharius
1702 2636 1811 2677 una

135 2724 288 2766 cum
348 2708 703 2767 beatissimis
758 2711 1351 2782 commanipularibus
1409 2711 1532 2766 suis
1584 2711 1636 2765 in
1672 2723 1812 2780 pace

139 2799 425 2869 pausitat
442 2804 499 2855 et
524 2798 835 2855 adventum
861 2799 1270 2871 Redemptoris
1291 2805 1582 2870 expectat,
1609 2798 1809 2858 humili

134 2888 333 2945 nimis
357 2893 535 2956 atque
561 2890 927 2960 paupertino,
950 2894 1038 2945 tot
1065 2889 1401 2945 labentibus
1425 2889 1607 2957 annis,
1645 2889 1813 2944 dura-

141 2982 250 3033 ret
268 2977 700 3042 instrumento;
718 2992 914 3033 secum
930 2977 1200 3033 anxiusin
1220 2978 1455 3033 archivo
1470 2978 1681 3034 mentis
1694 2977 1813 3034 vol-

137 3079 324 3132 vens,
352 3070 642 3133 quatenus
662 3065 838 3121 vitam
856 3065 1142 3137 sospitate
1165 3065 1502 3135 comitante,
1521 3065 1809 3136 condigno

143 3157 449 3223 quantum
483 3152 554 3209 ad
587 3153 879 3209 hominum
922 3153 1363 3210 aestimationem
1396 3158 1699 3225 apparatu,
1728 3154 1811 3224 ja-

140 3246 325 3297 ctato
351 3255 502 3297 novo
518 3240 868 3311 fundamine,
906 3242 1084 3298 tantis
1108 3242 1370 3313 patronis
1388 3242 1696 3312 omnigeno
1726 3240 1810 3298 uti

140 3328 426 3385 decuerit
459 3326 552 3361 ³⁸⁶⁸
575 3332 783 3385 ornatu
819 3328 1218 3386 dominicalem
1254 3344 1443 3398 ungue
1480 3334 1651 3386 tenus
1684 3345 1812 3401 per-

144 3417 384 3489 poliret
428 3415 776 3483 ecclesiam;
835 3417 1003 3475 nauci
1039 3417 1296 3488 pendens
1326 3417 1495 3474 istam
1550 3424 1809 3475 nostram

140 3511 499 3563 veteranam
531 3509 589 3561 et
619 3519 688 3561 ex
717 3505 958 3576 obliquo
998 3520 1214 3563 vocans
1241 3521 1365 3563 eam
1396 3506 1690 3564 redituum
1726 3521 1812 3563 re-

142 3593 534 3667 positorium.

223 3669 276 3721 6.
318 3665 580 3735 Cumque
606 3666 726 3720 tam
760 3664 1014 3736 spiritali
1046 3668 1181 3722 voto
1228 3666 1437 3722 crebra
1486 3666 1811 3723 intentione

138 3758 313 3810 esset
351 3759 698 3825 occupatus,
735 3753 953 3811 accidit
984 3755 1230 3824 quadam
1284 3754 1431 3826 vice,
1467 3760 1530 3812 ut
1563 3756 1810 3827 praefato

142 3840 433 3913 principi,
468 3841 565 3911 qui
599 3856 730 3898 eum
785 3841 1096 3914 apostolici
1156 3842 1391 3900 honoris
1421 3845 1812 3915 praerogativa

144 3930 439 4000 dignatus
469 3934 580 4000 est,
613 3945 731 4001 prae
763 3930 981 3988 ceteris
1010 3930 1395 3988 ecclesiarum
1429 3933 1663 3989 vatibus
1694 3948 1813 3989 mo-

142 4017 267 4075 rali
304 4017 483 4074 aﬂ‘atu
540 4022 790 4089 coesset,
832 4020 1003 4091 eique
1037 4020 1189 4076 inter
1220 4019 1332 4076 alia
1390 4020 1811 4077 ecclesiasticae

137 4105 312 4164 utilit
323 4106 442 4162 atis
461 4106 703 4163 consilia
719 4107 960 4178 hujusce
973 4108 1299 4166 voluntatis
1307 4108 1401 4179 jau
1412 4123 1517 4166 uas
1532 4109 1807 4179 aperiret.

140 4197 479 4267 Imperator
510 4210 673 4265 vero,
703 4197 788 4253 uti
815 4196 1312 4255 catholicissimus
1333 4196 1644 4253 mundialis
1666 4198 1814 4254 aulae

140 4287 377 4354 rector,
409 4286 576 4339 tanto
606 4284 752 4339 tanti
789 4284 1086 4356 pontificis
1127 4284 1495 4355 conjubilans
1529 4289 1666 4342 voto
1695 4301 1815 4357 praa

142 4371 332 4427 nimia
367 4370 580 4427 mentis
613 4370 919 4430 alacritate
950 4373 1005 4428 in
1038 4374 1161 4430 haec
1193 4372 1452 4445 prosiliit
1496 4388 1630 4429 orsa
1664 4393 1674 4428 :
1709 4377 1816 4431 Be-

139 4459 426 4516 nedictus
455 4460 616 4517 Deus
667 4475 847 4533 super
881 4462 1155 4520 thronum
1190 4462 1421 4519 eterna
1473 4463 1816 4534 majestatis

1925 1919 1995 1973 ad
2029 1920 2218 1975 locum
2247 1920 2513 1976 tetendit.
2549 1923 2804 1990 Cumque
2829 1920 2945 1990 jam
2969 1934 3074 1992 per
3098 1920 3222 1977 dies
3245 1922 3466 1994 aliquot
3492 1924 3572 1981 fo-

1924 2006 2135 2065 diendo
2162 2008 2486 2065 laboratum
2513 2008 2741 2077 fuisset,
2771 2015 3009 2080 repente
3035 2009 3287 2066 fossores
3319 2011 3569 2083 inopinis

1925 2095 2136 2152 ictibus
2170 2096 2222 2150 in
2260 2102 2349 2152 ter
2380 2103 2704 2168 quaterque
2747 2097 2900 2153 beati
2931 2097 3098 2167 Celsi,
3136 2095 3224 2154 uti
3251 2098 3553 2156 Divinitati

1926 2182 2169 2254 placuit;
2205 2184 2587 2256 polyandrum
2624 2184 2771 2257 (527)
2801 2184 3195 2257 impegerunt.
3237 2229 3249 2241 .
3298 2229 3311 2242 .
3359 2230 3373 2243 .
3420 2230 3434 2244 .
3480 2230 3495 2245 .
3545 2231 3557 2243 .

1924 2272 2058 2327 Erat
2082 2280 2273 2328 autem
2300 2273 2691 2344 sarcophagus
2714 2272 2857 2344 ipse,
2892 2274 2947 2329 in
2977 2288 3089 2344 quo
3121 2275 3573 2335 resurrectionis

1926 2361 2140 2417 nudum
2171 2376 2412 2431 granum
2446 2362 2776 2418 maturandi
2836 2362 3023 2432 gratia
3057 2376 3161 2434 per
3192 2366 3276 2420 tot
3308 2367 3571 2437 tempora

1927 2449 2117 2519 latuit,
2146 2451 2271 2505 miri
2298 2450 2572 2507 candoris
2593 2456 2778 2521 petra,
2806 2465 2976 2521 quam
2999 2450 3207 2522 vulgus
3229 2456 3449 2509 cretam
3474 2469 3572 2511 vo-

1926 2542 2049 2603 cat;
2081 2542 2137 2592 et
2167 2538 2366 2593 tabula
2401 2537 2653 2609 desuper
2685 2553 3030 2604 marmorea,
3063 2539 3119 2595 in
3151 2555 3259 2610 qua
3293 2543 3571 2599 sanctita-

1926 2625 2002 2680 tis
2031 2626 2157 2695 ejus
2189 2626 2357 2681 index
2389 2625 2602 2681 titulus
2633 2625 2737 2681 fuit
2784 2631 3098 2683 caraxatus
3152 2627 3304 2684 hunc
3334 2630 3566 2687 modum

1925 2713 2230 2769 continens
2265 2732 2277 2767 :

1994 2803 2076 2858 So
2085 2802 2308 2858 [licitas
2320 2802 2681 2872 quicumque
2690 2803 2859 2872 cupis
2870 2815 3212 2874 cognoscere
3223 2802 3505 2876 tumbam,

2065 2889 2587 2959 Praeclarusjaret
2603 2889 2703 2946 hic
2722 2891 2957 2947 nomine
2971 2890 3072 2947 vel
3091 2892 3329 2949 meritis

1999 2979 2223 3049 Celsus,
2249 2994 2421 3052 quem
2440 2978 2729 3036 Dominus
2748 2992 2881 3035 vero
2902 2979 3222 3049 insignivit
3239 2978 3473 3053 honore,

2064 3068 2194 3125 Non
2213 3068 2414 3137 segnis
2423 3066 2650 3137 patria
2668 3079 2894 3137 semper
2912 3065 3134 3137 ubique
3152 3068 3392 3139 vigens;

1997 3155 2111 3221 Qui
2126 3167 2316 3225 genus
2337 3154 2518 3225 atque
2537 3155 2731 3211 ortum
2749 3154 2913 3211 claro
2935 3154 3003 3210 de
3020 3155 3326 3213 stemmate
3348 3156 3560 3228 trama,

2060 3243 2410 3317 Afectuque
2424 3244 2532 3316 pio
2560 3243 2837 3301 conditur
2865 3244 2972 3301 hoc
3002 3243 3244 3301 tinnula.

1991 3338 2042 3391 8.
2079 3332 2396 3405 Operarius
2444 3337 2636 3388 autem
2694 3331 2789 3403 qui
2822 3331 3046 3404 primus
3100 3332 3354 3390 omnium
3386 3333 3442 3389 in
3475 3339 3562 3392 tu-

1922 3422 2138 3480 mulum
2169 3421 2429 3492 oﬂ‘endit,
2464 3421 2718 3478 rusticus
2748 3426 2876 3476 erat
2906 3426 2967 3476 et
2995 3420 3181 3478 totius
3211 3436 3358 3493 pene
3389 3423 3568 3480 ratio-

1922 3512 2029 3580 nis,
2068 3510 2148 3567 uti
2182 3510 2239 3566 id
2282 3509 2574 3566 hominum
2604 3523 2792 3578 genus
2822 3508 3108 3580 noscitur,
3145 3509 3407 3581 incapax.
3441 3512 3565 3568 Non

1921 3600 2073 3656 enim
2108 3599 2329 3656 sciebat
2380 3599 2614 3655 beatum
2644 3598 2752 3653 Job
2783 3596 3003 3654 dixisse
3032 3615 3045 3652 :
3100 3597 3364 3656 Causam
3381 3612 3566 3670 quam

1919 3688 2246 3745 nesciebam
2268 3685 2730 3757 diIigentissime
2754 3684 3192 3756 inuestigabam
3218 3685 3445 3758 (Job.v,
3473 3690 3569 3759 6),-

1923 3777 2026 3832 sed
2064 3774 2513 3846 praacipitationi
2548 3786 2774 3827 manum
2807 3772 3079 3828 incautus
3100 3772 3264 3828 dedit
3286 3773 3568 3832 tabulam-

1923 3877 2032 3934 que
2069 3861 2302 3933 bipenni
2334 3859 2509 3929 rapit,
2542 3864 2603 3914 ut
2636 3858 2732 3913 vix
2763 3871 2794 3913 a
2826 3856 3018 3914 doctis
3049 3857 3192 3913 viris
3210 3858 3424 3916 titulus
3453 3860 3565 3931 legi

1924 3952 2183 4007 inerrato
2216 3947 2523 4017 quivisset,
2568 3988 2580 4001 .
2632 3986 2644 3999 .
2696 3986 2707 3998 .
2756 3986 2771 4000 .
2822 3986 2834 3998 .
2884 3987 2896 3999 .

1993 4025 2043 4077 9.
2078 4014 2332 4090 Cumque
2361 4022 2478 4073 tam
2510 4016 2680 4073 laetus
2710 4015 2908 4072 rumot‘
2929 4014 3039 4072 sud
3060 4015 3265 4073 cursili
3289 4016 3569 4074 festinan-

1922 4111 2003 4166 tia
2035 4108 2106 4165 ad
2143 4107 2218 4179 pii
2253 4105 2545 4178 pontiﬁcis
2575 4104 2841 4160 notitiam
2867 4103 3251 4175 pervenisset,
3276 4104 3571 4163 multilau-

1926 4199 1996 4254 da
2029 4196 2349 4269 gratiarum
2378 4194 2611 4250 actione
2632 4193 2885 4249 omnium
2912 4193 3173 4250 datorem
3195 4193 3568 4264 largitionum

1928 4284 2225 4343 benedixit
2257 4285 2464 4349 Deum;
2489 4281 2690 4353 sicque
2718 4280 2983 4353 impiger,
3015 4295 3191 4339 morte
3214 4282 3469 4354 nescius,
3497 4283 3569 4340 ad

1927 4375 2183 4433 divinum
2211 4370 2609 4444 spectaculum
2668 4370 2917 4442 proruit,
2951 4369 3112 4429 clero
3169 4371 3575 4444 circumstipa-

1930 4470 2043 4520 tus.
2083 4463 2191 4518 Sed
2227 4460 2492 4532 quamvis
2522 4459 2739 4531 incepti
2771 4457 2968 4531 operis
2994 4463 3152 4515 esset
3174 4460 3570 4529 avidissimus,

138 4547 410 4617 su¢,qui
436 4547 605 4606 nobis
629 4549 751 4606 tam
775 4551 1022 4620 gratam
1042 4549 1162 4607 sibi
1194 4551 1498 4624 inspirare
1530 4551 1817 4624 dignatus
1850 4558 1898 4616 1)
1930 4554 2074 4607 hanc
2109 4558 2297 4607 tamen
2340 4548 2826 4619 interruptionem
2884 4546 3166 4603 sustinuit
3211 4545 3570 4618 laetissimus,

140 4634 614 4692 estooluntatem
630 4647 650 4692 ,ν
677 4637 759 4693 Et
780 4637 1119 4695 benedictus
1138 4637 1295 4694 beati
1316 4638 1611 4695 Eucnarii
1624 4655 1819 4697 mona-

140 4722 397 4780 oliorum
408 4724 730 4782 unanimus
752 4726 951 4795 costus,
970 4740 1080 4796 per
1100 4727 1272 4797 cujus
1291 4728 1663 4785 necessarias
1687 4742 1820 4786 ora—

138 4810 338 4868 tiones
356 4812 539 4870 totius
554 4813 796 4884 imperii
811 4812 1003 4871 nostri
1014 4827 1054 4870 a
1065 4815 1316 4871 Domino
1326 4828 1431 4887 reg
1439 4815 1620 4871 untur
1631 4817 1820 4874 sortes

142 4899 297 4957 Etsi
312 4899 525 4957 dicina
536 4914 666 4958 sors
677 4902 744 4958 in
757 4900 962 4960 diebus
972 4903 1197 4959 nostris
1211 4902 1316 4960 hoc
1321 4904 1560 4974 propest
1565 4904 1689 4960 tum
1686 4919 1820 4977 per-

142 4987 504 5045 duaeritad
538 4988 839 5061 ejectum,
870 4991 1039 5048 latus
1076 4992 1203 5064 jam
1214 4992 1469 5063 posthac
1496 4993 1657 5049 ciam
1686 4996 1819 5052 uni-

142 5089 336 5133 versae
350 5079 557 5134 carnis
570 5077 905 5149 ingrediar,
925 5080 1156 5135 tantum
1168 5079 1621 5151 utapudJesum
1646 5081 1819 5140 U/iri'

141 5164 309 5220 stum
327 5162 599 5234 judicem
613 5166 853 5236 justum
878 5166 1110 5223 beatum
1130 5167 1523 5238 Eucherium,
1548 5170 1820 5241 primum

156 5252 464 5309 Trecerice
496 5252 668 5310 urbis
691 5254 981 5311 doctorem
989 5257 1166 5327 pium
1183 5269 1291 5327 pro
1314 5256 1652 5315 excessibus
1668 5259 1820 5317 meis

1931 4655 2065 4698 vera
2100 4640 2209 4695 ﬁde
2241 4653 2310 4694 ex
2342 4637 2501 4693 tituli
2536 4635 2858 4692 assertione
2915 4633 3297 4700 certiﬁcatus.
3333 4633 3486 4703 quod
3517 4634 3572 4691 in

1930 4730 2137 4785 diebus
2159 4727 2282 4783 suis
2309 4740 2485 4796 super
2518 4724 2717 4780 urbem
2739 4720 3101 4777 Trevericam
3134 4719 3460 4776 divinitatis
3493 4721 3577 4777 di-

1926 4820 2176 4889 gnanter
2207 4813 2485 4885 delapsus
2528 4813 2685 4867 esset
2718 4812 3046 4879 respectus.
3084 4807 3363 4865 Omnibus
3395 4808 3576 4877 igitur

1928 4921 2056 4977 quae
2080 4903 2420 4961 acciderant
2435 4897 2761 4971 prudentim
2780 4894 3063 4967 scalpello
3079 4894 3392 4964 diligenter
3407 4895 3577 4953 rima-

1928 4992 2027 5060 tis,
2066 4988 2218 5046 beati
2252 4985 2510 5059 pignoris
2543 4982 2779 5054 taphum
2815 4980 2885 5037 de
2919 4980 3045 5036 loco
3075 4980 3428 5052 depositioni
3458 4997 3576 5038 mo-

1929 5093 2067 5136 vere
2096 5090 2456 5147 nequaquam
2493 5069 2886 5145 praesumpsit,
2920 5068 3021 5124 sed
3063 5071 3290 5124 tantum
3322 5069 3578 5126 auctori-

1931 5167 2071 5223 tatis
2101 5180 2218 5222 suze
2243 5161 2437 5232 sigillo
2461 5162 2567 5218 sub
2595 5157 2831 5228 vigilum
2854 5154 3121 5211 excubiis
3149 5155 3379 5225 signare
3412 5172 3578 5216 cura-

1930 5254 2047 5321 vit;
2100 5249 2476 5325 psalmicines
2510 5245 2740 5302 interim
2777 5242 3088 5300 monachos
3122 5242 3334 5300 ibidem
3360 5248 3551 5303 consti

1450 5368 1453 5373 ’
1523 5388 1762 5445 vanu:
1795 5384 2197 5445 anrlomzs.

206 5481 309 5517 ³⁸⁸⁸
342 5482 677 5539 decreverit
711 5482 865 5539 Bud.

221 5654 373 5724 (527)
407 5648 823 5712 Cmmeterium
856 5654 956 5707 aut
987 5652 1318 5722 sepulcrum
