3990 6290
470 287 622 353 i289
1144 293 1410 358 GESTA
1437 291 1793 358 TREVER.
1825 326 1907 339 -
1934 286 2291 355 APPEND.
2334 288 2790 359 TRANSLAT.
2826 293 2895 360 S.
2929 292 3186 361 CELSI.
3727 301 3858 369 1240

465 453 656 520 tuens,
689 449 786 520 qui
819 451 892 507 ob
943 450 1148 506 merita
1205 451 1352 508 tanti
1376 451 1521 522 justi
1582 445 2124 504 inintermissibiles
2153 425 2208 485 Α
2239 443 2770 519 taeitfregueutiis
2791 449 3156 522 angelorum.
3178 449 3404 507 Iterum
3431 466 3596 524 rogo,
3613 457 3852 529 gaudete,

466 541 866 612 persolverent
891 543 1095 598 laudes
1116 543 1293 598 divini
1308 551 1354 598 ta
1369 543 1430 612 ti,
1457 541 1648 611 quoad
1677 541 1798 610 ipse
1819 539 2124 610 coepisco-
2237 536 2384 606 quia
2406 542 2469 592 ut
2487 551 2690 592 verum
2697 536 2912 608 fatear
2933 552 3050 594 non
3069 538 3258 594 solum
3283 541 3512 596 emi-Iule
3533 541 3697 600 nobis
3717 547 3854 605 salus

463 645 668 703 porum
707 647 941 688 suorum
975 634 1244 688 consultu
1282 632 1510 702 plenius
1548 630 1935 702 perdisceret,
1983 627 2121 698 quid
2237 625 3613 700 auctaest,verumetiampiipastorisprobilas
3629 635 3853 703 ejusdem

463 717 536 775 de
567 735 628 776 re
663 727 822 776 tanta
845 722 965 776 fieri
991 726 1316 792 oporteret;
1348 721 1549 790 sicque
1577 718 1938 789 transcripto
1962 714 2124 772 tituli
2235 713 2422 784 urbis,
2465 730 2637 785 quem
2668 717 3192 788 inprascutiarum
3220 719 3496 790 cernitis,
3539 723 3853 781 enucleati»:

467 811 643 879 tomo,
675 811 955 881 episcopii
992 810 1281 878 delegavit
1317 809 1717 866 claviculario.
2225 802 2541 874 patefacta
2563 805 2838 870 est.Quod
2863 821 2991 862 cum
3017 806 3318 862 audissent
3336 809 3648 880 utriusque
3662 811 3853 870 ordinis

535 904 620 958 10.
652 901 906 968 Cumque
941 900 1258 954 secundum
1313 899 1462 954 tanti
1499 900 1764 970 pastoris
1820 900 2124 956 intemera'
2238 893 2578 950 sacerdotes
2607 895 2851 963 Domini,
2904 895 2999 964 qui
3033 895 3221 952 eidem
3275 911 3466 953 sacrae
3500 897 3853 957 interfuerunt

472 990 588 1047 bile
620 991 906 1045 statutum
941 989 1034 1044 die
1087 992 1385 1058 noctuque
1436 989 1646 1045 fratres
1681 989 1735 1044 in
1785 993 2123 1060 pausatorio

2242 983 2478 1054 synodo,
2501 983 2774 1054 expansis
2791 983 2860 1038 ad
2878 983 3088 1039 coelum
3107 984 3377 1040 manibus
3397 985 3521 1056 pias
3546 989 3851 1058 prmgaudio

462 1078 777 1148 iustorum,
814 1093 965 1135 nunc
998 1079 1105 1134 sub
1137 1079 1270 1133 divo
1306 1093 1458 1134 nunc
1504 1081 1612 1134 sub
1642 1083 1818 1148 tecto,
1867 1081 2122 1136 divinum
2238 1070 2511 1127 fuderunt
2543 1071 2832 1141 lacrimas,
2868 1073 3178 1129 immensas
3228 1075 3534 1130 Conditori
3565 1077 3851 1135 referentes

470 1167 914 1238 frequentarent
930 1167 1618 1238 omcium,summumque
1637 1167 1984 1239 importunis
2000 1186 2124 1241 pre-

2242 1164 2449 1228 gratcs,
2486 1160 2580 1230 qui
2611 1165 2724 1216 tam
2785 1161 3107 1231 gloriosum
3167 1163 3381 1232 pignus
3415 1179 3528 1220 non
3560 1181 3752 1236 passus
3775 1173 3848 1224 est

469 1256 638 1312 cibus
669 1257 1085 1327 compellarent
1137 1257 1336 1320 solem,
1390 1258 1487 1328 qui
1521 1258 1884 1313 voluntatem
1919 1259 2122 1315 timen-

473 1345 615 1400 tium
639 1360 699 1401 se
724 1345 1120 1416 proculdubio
1146 1347 1282 1400 facit
1305 1351 1362 1400 et
1397 1345 1870 1415 deprecationem
1888 1347 2118 1404 illorum

469 1435 752 1492 exaudire
785 1433 930 1489 solet
959 1454 971 1488 :
1004 1451 1112 1489 non
1151 1435 1331 1490 multo
1366 1442 1496 1505 post
1543 1442 1856 1504 corrogata
1898 1443 1990 1494 est
2022 1439 2121 1494 im-

473 1524 678 1596 periali
733 1524 926 1578 edicto
975 1523 1312 1593 sollempnis
1353 1526 1610 1594 synodus
1657 1541 1828 1596 quam
1866 1527 2117 1598 plurium

473 1613 875 1684 episcoporum
958 1617 1133 1681 atque
1190 1613 1486 1682 abbatum,
1563 1620 1791 1685 patrum
1851 1615 2120 1672 videlicet

473 1701 719 1770 Belgica:
753 1717 858 1756 nec
891 1717 1001 1756 non
1035 1701 1375 1770 Germania),
1411 1703 1561 1772 apud
1611 1705 1806 1771 regale
1843 1705 2116 1775 palatium

2235 1251 2556 1305 subterrari
2577 1249 2820 1320 diutius,
2847 1251 2946 1307 sed
2971 1253 3140 1322 cujus
3156 1252 3307 1323 apud
3336 1253 3529 1323 ipsum
3547 1256 3852 1312 essetmeri-

2236 1336 2298 1406 ti,
2333 1337 3095 1396 miraculiscoruscantibus
3113 1340 3658 1412 censuitpaliﬁcari.
3681 1345 3848 1414 Neque

2233 1427 2383 1481 enim
2421 1427 2504 1482 fas
2542 1427 2670 1496 fuit,
2707 1433 2768 1483 ut
2804 1426 2885 1482 illi
2930 1429 3162 1484 deesset
3219 1429 3273 1483 in
3321 1430 3504 1486 terris
3542 1432 3847 1502 obsequium

2233 1515 2648 1572 ecclesiasticae
2704 1516 2945 1586 militiae,
2978 1517 3069 1574 cui
3119 1517 3235 1588 jam
3293 1517 3352 1572 in
3387 1517 3552 1576 caelis
3585 1533 3613 1575 a
3640 1521 3846 1578 Domino

2233 1603 2462 1658 reddita
2486 1609 2612 1660 erat
2637 1605 3142 1675 coronajusticize.
3167 1607 3309 1662 Post
3333 1607 3458 1662 haec
3480 1622 3641 1664 sacro
3661 1609 3846 1679 placuit

2231 1692 2500 1762 concilio,
2538 1697 2828 1763 quatenus
2859 1694 3091 1764 angusti
3127 1700 3534 1766 prostagmate
3568 1697 3700 1767 (530)
3728 1711 3846 1768 prte-

477 1790 628 1861 quod
694 1790 1000 1845 barbarico
1050 1789 1337 1845 vocabulo
1395 1791 1789 1860 Engilcnbcim
1825 1794 2120 1850 vocitatur
2151 1787 2202 1846 Β
2234 1786 2408 1837 eunte
2439 1787 2614 1852 διαιιθ
2649 1783 3060 1854 episcoporum
3103 1783 3546 1854 indisgl‘egabili
3594 1800 3842 1842 ϐοηεθηδυ

476 1878 645 1949 (528),
675 1879 726 1934 in
763 1895 871 1949 qua
909 1879 1182 1935 nonnulla
1208 1879 1626 1936 ecclesiasticae
1662 1881 1899 1937 utilitati
1927 1897 2119 1938 ncces-

474 1968 648 2035 saria,
682 1973 1014 2022 sanctorum
1070 1983 1359 2023 canonum
1395 1970 1711 2040 przeviantc
1743 1971 2116 2041 auctoritate,

476 2055 730 2113 dulciter
754 2062 888 2112 sunt
927 2057 1290 2126 promulgata
1317 2062 1493 2126 atque
1524 2073 1886 2116 successurzc
1932 2066 2121 2131 poste-

477 2145 638 2201 ritati
673 2144 1090 2200 inviolabiliter
1122 2145 1481 2201 «observanda
1508 2147 1752 2203 indicta.
1793 2149 1891 2204 Cui
1929 2164 2122 2205 neces-

478 2233 630 2290 sario
664 2233 928 2289 interfuit
964 2233 1285 2289 Trevericae
1318 2234 1583 2291 ecclesia:
1635 2237 2121 2307 meti-epulitanus

479 2323 625 2378 bene
663 2323 906 2376 meritus
957 2323 1267 2389 Egbertus,
1303 2325 1471 2391 cujus
1519 2325 1813 2394 memoria,
1850 2325 2121 2395 quamdiu

479 2409 655 2466 hodie
684 2409 923 2478 dicitur,
953 2423 1183 2480 semper
1211 2410 1378 2464 estin
1408 2411 1812 2469 benedictione
1835 2414 2119 2485 habenda,

481 2498 612 2568 quia
641 2498 749 2568 piis
772 2498 900 2565 ejus
927 2498 1140 2552 studiis
1161 2499 1530 2570 asscribitur,
1552 2501 1703 2570 quod
1727 2501 2122 2559 sumecclesim

478 2585 673 2642 clerus
733 2586 976 2640 scientia
1010 2601 1077 2641 ac
1121 2586 1400 2655 religione
1431 2589 1794 2647 nobilitatur.
1827 2593 2123 2648 Discussis

482 2689 619 2730 sane
655 2674 792 2729 inibi
825 2675 1022 2729 multis
1057 2691 1183 2745 quae
1243 2677 1513 2744 synodica
1551 2679 1809 2748 postulat
1867 2681 2120 2750 rubrica,

480 2768 788 2834 postquam
821 2767 1020 2818 tantus
1073 2763 1475 2834 archipraasul,
1511 2767 1606 2836 qui
1642 2767 1795 2824 inter
1825 2784 2026 2824 omnes
2061 2769 2125 2824 il-

486 2850 575 2906 los
608 2851 916 2921 primatum
954 2852 1157 2918 tenuit,
1212 2868 1454 2908 vacuum
1488 2855 1596 2908 sibi
1635 2857 1754 2911 fore
1787 2858 1854 2912 ad
1892 2857 2127 2928 loquen-

484 2939 615 2994 dum
653 2939 926 3010 pervidit,
963 2945 1198 3010 arrepto
1223 2941 1499 3010 pitaciolo
1521 2943 1612 2998 cui
1645 2949 1773 2999 erat
1805 2945 2126 3017 inscriptus

482 3027 635 3083 beati
663 3027 810 3083 Celsi
835 3027 1063 3095 titulus,
1086 3028 1288 3082 ordine
1314 3044 1426 3098 quo
1451 3032 1732 3101 Oportuit,
1762 3034 1957 3102 qualia
1975 3035 2125 3105 apud

484 3115 687 3170 urbem
717 3131 877 3172 suam
903 3115 1094 3170 divina
1121 3115 1380 3185 dignatio
1404 3133 1524 3188 pra:
1549 3120 1814 3176 manibus
1836 3122 2130 3178 revelave-
2159 3146 2207 3208 ρ

481 3203 580 3272 rit,
614 3203 872 3258 Tulliana
911 3203 1173 3258 facundia
1199 3219 1392 3260 coram
1425 3207 1738 3278 peroravit,
1777 3208 2127 3280 titulumque

485 3291 608 3362 ipse
643 3291 932 3346 recitavit.
986 3289 1209 3355 Quibus
1238 3291 1454 3348 auditis
1501 3293 1816 3365 imperator
1848 3297 2128 3354 immenso

2231 1869 2568 1940 comitante,
2623 1871 2965 1926 Trevericus
3005 1877 3171 1927 vates
3204 1872 3438 1928 naviter
3499 1873 3683 1929 sedem
3709 1887 3842 1930 suam

2235 1959 2490 2014 revisere
2518 1959 2842 2028 debuisset,
2879 1965 2937 2014 et
2970 1960 3196 2030 glebam
3230 1961 3392 2017 beati
3425 1961 3574 2018 Celsi
3607 1977 3707 2018 una
3735 1978 3840 2019 cum

2233 2047 2436 2103 subice
2469 2047 2627 2103 clero
2652 2049 2721 2104 de
2753 2047 2980 2104 tumulo
3011 2049 3249 2120 proprio
3276 2048 3472 2105 levare
3501 2057 3665 2120 atque
3693 2051 3845 2106 subli-

2234 2140 2404 2191 miter
2437 2136 2492 2190 in
2525 2137 2740 2192 arcella
2773 2137 2934 2207 quasi
2979 2137 3035 2193 in
3067 2137 3320 2208 quodam
3353 2138 3666 2196 divinarum
3695 2155 3839 2210 epum

2233 2225 2651 2295 gazophylacio
2693 2225 3007 2295 collocare,
3070 2227 3274 2296 sicque
3304 2227 3492 2283 totius
3544 2227 3838 2283 sanctitatis

2233 2311 2394 2366 cultu
2417 2311 2534 2365 acsi
2561 2313 2766 2366 summi
2796 2312 2952 2381 regis
2972 2329 3083 2370 non
3109 2314 3538 2385 qualecumque
3559 2315 3837 2372 membrum

2234 2415 2398 2455 sacro
2428 2399 2599 2456 altari
2635 2401 2948 2472 imponere.

2306 2564 2388 2612 11.
2425 2558 2540 2614 Tali
2563 2560 2774 2630 quippe
2795 2558 3066 2616 mandato
3087 2565 3266 2631 atque
3301 2563 3545 2619 consilio
3575 2566 3836 2633 percepto,

2236 2647 2443 2702 beatus
2475 2647 2853 2719 archipraisul
2889 2649 3199 2718 Egbertus,
3237 2651 3326 2706 uti
3360 2650 3612 2722 prudens
3641 2648 3834 2719 animal,

2234 2739 2320 2792 tot
2354 2742 2583 2807 patrum
2615 2751 2677 2792 se
2733 2737 3244 2793 benedictionibus
3305 2743 3482 2810 atque
3519 2738 3838 2794 orationibus

2236 2825 2496 2895 munivit,
2531 2839 2634 2880 nec
2679 2839 2788 2882 non
2825 2826 3108 2897 imperiali
3139 2827 3352 2896 gratia:
3379 2825 3834 2898 tenaciusjunxit,

2236 2913 2438 2984 sicque
2471 2929 2755 2985 prospero
2811 2930 3082 2972 successu
3143 2915 3258 2972 iter
3295 2917 3623 2987 maturavit,
3677 2915 3835 2971 divina

2235 3001 2489 3058 vallatus
2506 3003 2691 3059 tutela
2715 3005 2890 3060 comit
2904 3021 2932 3060 ιι
2943 3020 3032 3075 mq
3045 3021 3110 3061 uc
3136 3005 3431 3062 lateratus
3449 3009 3689 3062 caterva.
3705 3005 3836 3059 Cum-

2239 3105 2348 3161 que
2374 3092 2751 3162 semetipsum
2779 3093 2833 3147 in
2851 3093 3084 3164 propria
3101 3094 3235 3150 sede
3252 3096 3596 3166 recepisset,
3613 3091 3834 3166 pauculis

2239 3178 3124 3252 intereaperlinantibusdiebus,
3147 3183 3492 3240 convocavit
3514 3182 3580 3238 ad
3602 3194 3834 3238 seomnes

2239 3269 2526 3338 sapientia
2545 3269 3079 3340 prmditosabbates
3093 3275 3148 3327 et
3167 3271 3838 3345 monachos,presbyteros

2241 3371 2470 3427 quoque
2504 3361 2562 3412 et
2593 3358 2842 3415 clericos
2875 3359 2944 3414 ad
2980 3375 3144 3416 suam
3173 3360 3461 3418 diocesim
3497 3359 3842 3432 pertinentes;

486 3380 761 3452 perfusus
791 3379 1183 3449 gaudimonio,
1218 3396 1444 3438 sacrum
1475 3391 1535 3438 et
1566 3385 1680 3440 Deo
1712 3386 2016 3443 dechilem
2042 3388 2132 3445 his

483 3468 682 3524 verbis
719 3467 928 3523 aﬁ‘atus
961 3473 1054 3524 est
1095 3475 1441 3526 conventum
1464 3491 1483 3526 .·
1507 3473 1792 3544 Gaudete,
1800 3476 2046 3547 fratres
2075 3479 2136 3533 et

482 3557 687 3627 patres
705 3557 771 3612 in
810 3557 1076 3625 Domino,
1103 3557 1163 3612 et
1197 3558 1440 3615 laudate
1461 3575 1534 3617 ea:
1549 3562 1786 3620 intimis
1806 3565 2131 3623 visceribus

486 3645 787 3702 dominum
801 3645 987 3700 Deum
1000 3645 1284 3715 nostrum,
1300 3649 1409 3717 qui
1422 3649 1577 3705 mira
1592 3650 1956 3709 cet‘ermesuce
1975 3653 2133 3710 boni-

485 3733 548 3789 ta
555 3733 754 3804 tisyra
761 3733 849 3789 tia
860 3733 1152 3805 respicere
1165 3734 1347 3806 digna
1355 3736 1449 3794 tus
1460 3738 1640 3794 estad
1651 3739 1912 3815 tempora
1924 3741 2133 3799 nostra

485 3821 679 3878 dando
691 3823 1082 3880 ecelesiresuse
1092 3824 1256 3894 apud
1273 3826 1640 3884 Trecericam
1656 3837 1912 3900 metropo
1921 3831 2026 3886 lim
2037 3845 2134 3886 uo-

486 3924 622 3966 eum
629 3911 955 3983 patronum
970 3911 1199 3968 beatum
1215 3912 1468 3984 Celsum,
1485 3929 1656 3986 quem
1669 3916 2135 3991 eirtutibusper-

481 3999 721 4072 plumea
736 4002 936 4073 (529)};
945 4002 1255 4074 leuumque
1273 4003 1505 4060 dierum
1517 4019 1552 4061 a
1569 4006 1815 4076 tempore
1827 4009 2027 4066 exitus
2037 4011 2137 4068 sui

2239 3461 2360 3502 rem
2391 3451 2615 3516 gestam
2669 3448 2856 3518 palam
2881 3436 3150 3505 omnibus
3176 3449 3407 3508 retulit.
3434 3450 3584 3518 Quos
3611 3461 3724 3505 cum
3751 3459 3845 3502 om-

2239 3547 2340 3590 nes
2371 3532 2632 3603 synodali
2677 3533 2918 3590 decreto
2956 3541 3393 3594 consentaneos
3424 3535 3706 3603 inveniret,
3740 3544 3844 3603 pro-

2241 3621 2566 3676 ccssionem
2605 3621 2873 3678 festivam
2907 3621 3044 3679 ilico
3077 3624 3438 3695 construxit,
3463 3637 3586 3682 cum
3613 3617 3844 3678 crucibus

2243 3713 2299 3764 et
2332 3709 2543 3777 cereis,
2576 3709 2898 3766 thuribulis
2933 3725 3162 3782 quoque
3195 3713 3575 3783 textibusque
3601 3703 3843 3776 evangelii

2240 3798 2570 3867 gemmatis,
2606 3798 2881 3869 omnique
2911 3799 3327 3858 ecclesiastico
3348 3803 3638 3873 apparatu,
3667 3791 3842 3854 combi-

2244 3886 2399 3941 natis
2429 3885 2712 3943 fratribus
2758 3886 3029 3958 hymnum
3061 3889 3291 3946 Domini
3332 3889 3500 3946 dulce
3529 3881 3842 3945 canentibus,

2245 3973 2469 4045 asylum
2503 3973 2658 4030 beati
2706 3975 2977 4033 Eucharii
3010 3975 3235 4035 laetitiae
3279 3977 3530 4034 lacrimis
3558 3975 3742 4048 plenus
3769 3981 3843 4040 pe-

489 4063 560 4145 de
585 4063 839 4162 ﬂag/pta
869 4063 1165 4150 iacientes
1187 4093 1254 4148 iu
1273 4063 1804 4164 superuissedibus
2249 4063 2532 4120 de‘cn‘im
2581 4063 2723 4120 adi“
2765 4106 2780 4121 ο
2828 4107 2841 4121 ·
2891 4108 2904 4122 ·
2954 4109 2968 4122 ο
3017 4109 3030 4123 -
3077 4107 3091 4122 -
3137 4109 3151 4122 -
3202 4109 3216 4123 -
3267 4108 3280 4122 -
3327 4110 3340 4123 -
3389 4108 3404 4122 -
3452 4109 3465 4122 -
3512 4109 3524 4121 -
3569 4107 3582 4120 -
3622 4104 3634 4118 -
3677 4102 3690 4116 -
3730 4101 3742 4114 -
3781 4098 3790 4111 -
3829 4094 3839 4107 -

563 4355 1134 4444 Expeditistandem,
1169 4375 1875 4448 sermonelicetimpolito
1897 4380 2218 4443 calamo-D
2251 4379 2643 4452 propitiatorii
2683 4422 2696 4436 ο
2747 4425 2760 4438 .
2809 4425 2822 4437 .
2872 4425 2884 4438 .
2935 4427 2948 4439 .
2995 4425 3008 4439 .
3048 4385 3188 4442 Nam
3217 4385 3274 4442 in
3306 4386 3508 4444 eodem
3539 4378 3850 4442 monasterio

491 4477 604 4534 que
634 4462 912 4534 silvestri,
949 4478 1075 4532 quae
1133 4464 1486 4520 narrationis
1536 4466 1722 4522 series
1753 4470 2037 4539 poscebat
2066 4471 2136 4528 de
2251 4469 2439 4526 sancti
2484 4469 2753 4526 Eucharii
2807 4471 2914 4528 fuit
2949 4472 3184 4544 quidam
3247 4472 3634 4546 pauperculus
3661 4466 3850 4526 nomine

490 4551 824 4608 inventione
851 4551 1114 4622 corporis
1137 4552 1323 4608 sancti
1355 4552 1505 4609 Celsi
1535 4555 1891 4612 confessoris
1919 4558 2133 4616 Christi
2249 4557 2576 4615 Richolfus.
2626 4601 2640 4614 .
2687 4601 2699 4614 .
2748 4600 2764 4615 .
2807 4602 2821 4616 .
2871 4603 2884 4615 .
2925 4562 3168 4618 Peracta
3194 4563 3447 4634 denique
3473 4561 3751 4617 missarum
3778 4567 3853 4608 ce-

493 4640 754 4712 pretiosi,
785 4640 1044 4708 binejam
1074 4639 1286 4710 stylum
1312 4646 1611 4700 vertamus
1633 4649 1871 4715 oportet
1893 4646 1966 4702 ad
1997 4648 2140 4705 dilu-

493 4725 739 4782 cidanda
771 4725 896 4794 ejus
930 4725 1130 4782 inclita
1165 4727 1464 4785 miracula.
1504 4771 1518 4784 .
1567 4770 1580 4784 .
1629 4771 1642 4784 .
1689 4773 1703 4786 .

567 4813 826 4870 Servatis
857 4813 1037 4883 igitur
1081 4815 1266 4872 sacris
1294 4816 1562 4888 reliquiis
1593 4818 1746 4874 beati
1782 4819 1934 4876 Celsi
1961 4836 2141 4892 super

493 4901 680 4959 altare
700 4903 886 4959 sancti
911 4903 1182 4960 Eucharii
1205 4910 1334 4976 post
1357 4905 1746 4962 inventionem
1763 4922 1868 4979 per
1888 4925 2139 4967 mensem

495 4991 807 5061 integrum,
825 4991 1050 5063 placuit
1068 4994 1328 5064 ejusdem
1351 4995 1600 5051 coenobii
1622 4997 1773 5068 patri
1794 4998 2141 5056 Gunderado

497 5080 727 5136 nomine
751 5081 1094 5152 cunctisque
1114 5083 1417 5154 fratribus,
1437 5090 1724 5155 quatenus
1741 5100 1932 5142 arcam
1957 5088 2142 5146 sancti

500 5167 651 5224 Celsi
671 5168 898 5226 deferre
914 5171 1254 5228 debuissent
1277 5173 1330 5228 in
1357 5173 1545 5231 navim
1569 5174 1837 5232 ecclesia:
1853 5178 1910 5232 et
1928 5192 2145 5248 ponere

501 5269 676 5326 super
719 5264 940 5314 sanctas
993 5261 1191 5317 Crucis
1239 5261 1424 5318 altare
1483 5263 1636 5334 quod
1668 5269 1762 5321 est
1815 5264 1872 5320 in
1899 5265 2144 5324 introitu

2251 4646 2580 4704 lebratione
2614 4648 3003 4722 omnibusque
3039 4653 3150 4707 rite
3177 4649 3607 4717 consummatis,
3633 4642 3852 4719 pontifex

2251 4735 2401 4792 dona
2435 4734 2599 4791 dedit
2659 4736 2830 4794 beato
2891 4738 3080 4807 Celso,
3140 4745 3200 4796 et
3232 4740 3424 4812 ipsum
3481 4741 3738 4802 sanatum,
3773 4726 3850 4800 qui

2252 4822 2522 4880 omnibus
2555 4823 2820 4894 prodigio
2879 4827 3099 4896 extitit,
3137 4829 3478 4884 monachico
3533 4823 3716 4880 habitu
3745 4829 3853 4875 con-

2253 4913 2633 4970 texit—erat
2668 4913 2820 4969 enim
2855 4913 2925 4970 de
2960 4915 3174 4971 familia
3203 4915 3482 4988 episcopii
3509 4943 3534 4949 —
3573 4915 3662 4983 ,et
3690 4919 3849 4979 quam-

2255 5001 2353 5058 diu
2385 4999 2682 5058 adviveret
2712 5016 2782 5058 ne
2814 5003 2886 5058 ab
2917 5002 3185 5060 ecclesiae
3217 5005 3460 5062 servitio
3481 4999 3668 5074 pedem
3699 5001 3849 5052 retra-

2255 5091 2394 5146 here
2441 5094 2847 5162 prassumeret,
2891 5091 3130 5164 praefixo
3173 5093 3405 5150 mandat
3457 5091 3744 5176 praecepto.
3787 5083 3847 5176 ιξτ

2257 5179 2386 5236 dem
2439 5184 2632 5236 autem
2665 5185 2983 5237 renovatus
3026 5195 3134 5252 pau
3149 5196 3250 5254 per
3305 5179 3564 5255 plurimis
3590 5173 3750 5242 annis,
3781 5172 3842 5224 cli

2253 5269 2458 5340 jussus
2484 5269 2610 5340 fuit,
2637 5269 2692 5324 in
2719 5270 3077 5326 monasterio
3116 5269 3457 5340 deservivit,
3487 5271 3543 5324 et
3573 5267 3692 5338 post
3715 5268 3846 5316 cura-

572 5475 832 5561 (52_8_)_De
867 5493 974 5548 qua
1008 5481 1150 5537 nihil
1185 5482 1322 5540 alibi
1356 5485 1590 5556 legitur.
1627 5487 1738 5544 Sed
1771 5491 1897 5560 post
1927 5505 1976 5546 a.
2014 5401 2306 5561 ΟῚΞΟΤΕ

505 5554 943 5638 quo'blgbertus
991 5554 1467 5638 archiepiscopus
1492 5611 1498 5616 .
1523 5567 1709 5638 fectus
1764 5554 1875 5638 est,
1909 5569 2045 5626 Otto
2076 5554 2125 5625 Il

506 5620 884 5688 l’ngilenheim
918 5640 1064 5682 anno
1101 5620 1328 5690 demum
1359 5620 1672 5708 bSOuve—nitr.

2343 5491 2494 5562 (529)
2524 5491 2856 5564 Emptume’.

2325 5573 2474 5645 (530)
2507 5570 2837 5644 πούσταμχα
2867 5572 2902 5628 i.
2939 5587 2990 5629 e.
3025 5572 3298 5630 edictum.
