3990 6358
222 358 375 421 1241

909 359 1177 425 GESTA
1205 358 1559 424 TREVER.
1592 392 1670 404 —
1699 348 2052 420 APPEND.
2087 355 2545 425 TRANSLAT.
2583 362 2650 426 S.
2686 362 2942 428 CELSI.

3477 358 3623 423 1242

214 512 447 571 tionem
482 517 644 571 tanta
676 512 1042 587 corpulentia
1072 515 1257 585 viguit
1285 518 1344 571 ct
1382 515 1604 573 viribus
1654 514 1873 571 hahun-
1905 497 1953 556 Α
1988 516 2567 575 Horrei'voeahulam
2602 519 2847 592 accepit,
2884 517 3096 585 reginae
3143 517 3277 576 coeli
3324 536 3631 581 consecra-

215 602 407 669 davit,
444 608 508 660 ut
541 605 694 660 inter
722 621 922 661 omnes
953 606 1287 663 monasterii
1323 606 1645 661 scrvitores
1678 619 1869 676 parem

217 694 489 750 invenire
515 695 623 750 sibi
663 710 773 750 non
825 701 1044 765 posset.
1078 696 1238 751 Unde
1286 698 1496 751 factum
1550 699 1663 763 est,
1696 698 1758 750 ut
1803 693 1873 748 ad

216 783 501 851 majorem
539 783 853 839 utilitatem
891 786 1132 841 fratrum
1162 801 1453 842 consensu
1480 785 1755 840 accedere
1781 781 1908 839 de-‘

217 871 475 939 buisset,
515 872 570 927 id
606 879 697 927 est
730 873 797 927 ad
830 874 1076 930 olllcium
1113 874 1366 941 fullonis,
1404 888 1516 943 quo
1552 888 1653 943 per
1679 871 1876 942 plures

216 975 409 1016 annos
446 961 1057 1032 inreprehensibiliter
1082 963 1391 1019 desudavit
1413 968 1587 1033 atque
1610 961 1876 1017 omnibus

215 1049 500 1105 amabilis
533 1052 871 1121 permansit.

292 1137 409 1192 Sed
444 1153 629 1208 neque
663 1141 768 1195 hoc
803 1140 1039 1196 silentio
1072 1140 1342 1197 occulere
1374 1141 1577 1209 debeo,
1616 1138 1769 1209 quod
1819 1138 1875 1193 in

215 1228 541 1297 prmsentia
590 1234 785 1284 nostra
841 1234 974 1285 ante
1022 1244 1234 1300 paucos
1284 1230 1528 1297 contigit
1583 1243 1778 1284 annos.
1817 1228 1875 1280 In

214 1314 427 1370 eodem
466 1316 696 1387 quidem
731 1318 914 1373 sancti
950 1318 1213 1374 Eueharii
1245 1320 1512 1374 ccenohio
1544 1316 1728 1372 crevit
1757 1314 1879 1385 qui-

216 1402 356 1460 dam
397 1406 746 1461 monachilis
782 1407 991 1462 indolis
1026 1407 1302 1477 parvulus
1326 1408 1552 1462 nomine
1578 1405 1875 1473 Martinus,

216 1494 319 1564 qui
357 1495 432 1548 ab
472 1495 617 1566 ipsis
651 1497 929 1551 maternis
960 1497 1185 1552 sinibus
1219 1498 1388 1552 beato
1435 1494 1719 1551 Euchario
1771 1493 1878 1547 fuit

216 1582 464 1639 oblatus
498 1626 510 1639 .
560 1627 570 1638 .
618 1626 629 1638 .
679 1626 690 1638 .
737 1626 748 1639 .
798 1626 809 1637 .
863 1587 1119 1653 Cumque
1171 1601 1480 1655 puerorum
1530 1584 1880 1655 paedagogus

218 1673 461 1729 nomine
494 1672 826 1729 Dominicus
864 1675 1022 1729 home
1054 1674 1573 1743 spciadolescens.
1621 1715 1632 1726 .
1681 1714 1692 1725 .
1740 1713 1751 1725 .
1798 1711 1809 1722 .
1862 1705 1874 1718 .

291 1762 356 1816 In
394 1761 656 1832 ejusdem
696 1762 909 1833 quippe
945 1762 1280 1817 monasterii
1312 1762 1593 1817 suhurhio
1616 1766 1745 1815 ante
1769 1760 1875 1814 hoc

1988 612 2147 673 tum;
2180 608 2234 663 in
2288 623 2401 678 quo
2448 614 2705 679 tempore
2755 609 3065 665 orthodoxi
3114 610 3267 677 regis
3316 610 3625 675 Dagoherti

1988 696 2457 753 sanctimonialcs
2491 713 2720 769 semper
2772 698 2994 753 feminm
3037 700 3152 753 Deo
3202 704 3625 754 consueverant

1988 785 2256 841 devotius
2288 786 2605 842 deservire.
2640 787 2761 841 illic
2803 787 3051 856 denique
3100 788 3361 857 quaedam
3412 787 3625 843 sancti-

1989 874 2254 929 monialis
2290 875 2492 929 femina
2528 876 2597 929 de
2629 876 2785 931 claro
2833 880 3137 931 stemmate
3171 877 3495 947 progenita,
3530 876 3621 932 cui

1988 979 2263 1019 vocamen
2297 969 2423 1019 erat
2455 967 2664 1031 Ilcnza,
2687 980 2792 1019 non
2821 966 3084 1033 minima},
3113 970 3171 1021 ut
3200 966 3376 1035 aiunt,
3406 966 3621 1020 utilita-

1990 1052 2064 1107 tis
2093 1053 2308 1108 extitit.
2355 1096 2369 1111 .
2416 1097 2427 1109 .
2473 1096 2483 1109 .
2533 1095 2544 1108 .

2061 1140 2187 1196 Alio
2253 1158 2484 1213 quoque
2547 1148 2812 1213 tempore
2868 1144 2920 1198 in
2984 1144 3185 1197 eodem
3238 1158 3463 1214 semper
3512 1143 3625 1199 vir-

1986 1230 2137 1297 ginis
2189 1232 2378 1286 Marim
2432 1233 2783 1289 monasterio
2851 1233 3111 1302 quiedam
3173 1231 3626 1288 sanctimonialis

1990 1318 2195 1374 femina
2228 1320 2446 1389 extitit,
2482 1336 2608 1390 quze.
2638 1337 2924 1389 generoso
2972 1320 3249 1387 sanguine
3298 1324 3625 1390 procreata,

1989 1407 2139 1462 haud
2194 1408 2397 1464 ultimo
2449 1410 2500 1465 in
2547 1410 2673 1465 loco
2725 1412 2936 1465 ibidem
2988 1415 3077 1465 est
3132 1410 3347 1478 habita,
3401 1408 3628 1464 nomine

1990 1496 2166 1551 Geila.
2214 1540 2224 1551 .
2272 1540 2283 1551 .
2331 1540 2342 1551 .

2060 1586 2166 1641 Sed
2203 1602 2387 1657 neque
2422 1589 2531 1643 hoc
2563 1588 2797 1643 silentio
2847 1587 3145 1658 prmterire
3199 1588 3281 1640 fas
3327 1601 3457 1642 esse
3502 1600 3633 1641 cen-

1990 1688 2204 1743 semus,
2233 1676 2383 1744 quod
2418 1680 2532 1732 tam
2570 1677 2788 1731 recenti
2820 1676 3089 1730 memoria
3126 1675 3179 1729 in
3212 1675 3412 1729 eodem
3439 1688 3633 1729 mona-

1991 1766 2170 1820 sterio
2198 1766 2530 1821 Divinitatis
2562 1767 2803 1833 benigna
2839 1765 3101 1828 dignatio
3140 1780 3240 1834 per
3279 1764 3429 1819 beati
3481 1762 3630 1817 Celsi

216 1851 344 1905 fere
380 1851 843 1920 quinquennium
880 1851 1111 1919 quidam
1144 1851 1487 1906 adolescens
1524 1850 1731 1905 Thiezo
1780 1864 1876 1903 no-
1903 1851 1959 1913 B
1992 1854 2187 1909 inclita
2212 1856 2414 1909 merita
2438 1855 2749 1909 ostendere
2766 1854 3632 1924 disposuit.Quzedamnamque

220 1939 402 2007 mine,
432 1938 525 2008 qui
553 1938 740 2001 adhuc
768 1943 1059 2008 superest,
1083 1953 1146 1993 ea
1175 1944 1337 2009 peste
1366 1952 1682 2008 percussus
1705 1952 1873 2007 quam

215 2026 617 2096 elephantiam
656 2026 864 2081 medici
896 2032 1126 2093 vocant,
1160 2027 1228 2081 ad
1267 2032 1526 2082 extrema
1551 2026 1708 2081 venit
1742 2067 1753 2079 .
1801 2067 1812 2079 .
1860 2067 1871 2078 .

222 2115 334 2171 Sed
375 2129 723 2184 quamquam
758 2114 883 2170 lues
915 2115 1036 2185 ipsa
1061 2115 1262 2170 eodem
1287 2130 1433 2171 anno
1458 2115 1689 2170 nimium
1716 2128 1878 2183 gras-

219 2207 463 2258 saretur
497 2206 554 2258 et
586 2218 698 2258 non
733 2203 1022 2258 minimam
1056 2209 1309 2272 stragem
1343 2203 1540 2275 populi
1572 2200 1875 2258 christiani

218 2291 511 2347 dedisset.
560 2334 572 2345 .
622 2333 633 2344 .
681 2333 691 2344 .
739 2333 749 2344 .
800 2333 810 2345 .

295 2378 449 2435 Illud
481 2394 711 2449 quoque
742 2394 1108 2450 nequaquam
1141 2381 1194 2435 in
1240 2380 1442 2435 ultimo
1492 2381 1620 2435 loco
1666 2393 1879 2450 ponen-

220 2467 361 2524 dum
416 2482 550 2523 esse
596 2468 817 2538 judico,
874 2470 1027 2539 quod
1075 2470 1127 2525 in
1178 2469 1384 2525 diebus
1433 2468 1658 2525 Liutolﬁ
1710 2467 1881 2536 hujus

223 2557 558 2612 Treverica)
592 2556 757 2612 urbis
786 2558 1214 2629 archiepiscopi
1244 2558 1385 2629 ‘pius
1433 2573 1496 2613 ac
1551 2556 1881 2611 misericors

228 2644 433 2701 mundi
457 2644 793 2716 redemptor
817 2647 1086 2703 Christus
1128 2690 1138 2701 .
1187 2690 1198 2701 .
1247 2690 1257 2701 .
1303 2662 1578 2702 exercere
1607 2645 1879 2713 dignatus

225 2738 343 2789 est.
384 2735 521 2788 Nam
555 2733 811 2801 ejusdem
846 2735 1184 2791 monasterii
1219 2736 1447 2805 quidam
1481 2732 1879 2789 ministerialis

224 2820 542 2879 subulcum
574 2822 779 2878 habuit
809 2826 1037 2879 nomine
1068 2827 1323 2880 Pitrum.
1371 2867 1382 2878 .
1427 2866 1439 2877 .
1487 2866 1497 2876 .

294 2912 452 2965 Ante
505 2910 612 2965 hoc
665 2926 803 2971 sane
859 2911 1301 2981 quadriennium
1354 2911 1537 2967 crevit
1581 2910 1635 2965 in
1679 2908 1881 2965 eodem

224 2998 592 3055 monasterio
628 2999 857 3069 quidam
892 3001 1192 3071 septennis
1233 3015 1376 3071 puer
1423 3000 1651 3055 nomine
1699 2996 1883 3051 Azeli'

224 3101 364 3155 nus,
394 3087 491 3157 qui
515 3087 700 3144 adhuc
737 3088 1047 3145 incolumis
1077 3089 1277 3161 spirat,
1312 3103 1476 3159 quem
1505 3102 1647 3159 pene
1674 3087 1882 3141 fratres

219 3175 414 3233 nostri
445 3191 649 3232 omnes
680 3182 986 3233 noverunt.
1035 3219 1046 3231 .
1093 3220 1104 3231 .
1154 3220 1164 3231 .

299 3268 467 3321 Anno
526 3279 667 3321 vero
730 3264 785 3320 d.
839 3265 874 3319 i.
925 3270 1083 3335 1007,
1137 3265 1450 3321 indictione
1516 3269 1568 3334 5,
1618 3263 1878 3334 qumdam

226 3353 543 3425 arreptitia
579 3354 786 3410 femina
820 3353 889 3409 de
914 3354 1183 3423 contigua
1209 3353 1541 3409 monaslerii
1566 3352 1702 3408 villa
1748 3394 1759 3406 .
1806 3394 1817 3406 .
1866 3393 1876 3405 .

229 3443 489 3499 adducta
553 3446 661 3499 est.
712 3444 966 3512 Cumque
1016 3443 1198 3499 sancti
1261 3443 1477 3498 Valerii
1529 3440 1884 3498 confessoris

227 3531 450 3588 Christi
484 3546 670 3587 annua
698 3531 989 3588 festivitas
1011 3531 1245 3587 adesset
1269 3535 1329 3587 et
1351 3531 1419 3586 ad
1442 3536 1663 3586 tantum
1693 3535 1878 3601 patro-

225 3636 369 3678 num
402 3618 567 3692 plebs
605 3620 910 3675 Treverica
962 3621 1229 3676 certatim
1280 3624 1642 3691 properaret.
1691 3662 1704 3675 .
1748 3662 1759 3673 .
1808 3662 1818 3673 .
1867 3662 1877 3673 .

301 3707 448 3774 Quia
481 3723 621 3764 vero
658 3708 813 3764 beati
842 3708 951 3763 viri
986 3708 1261 3764 miracula
1305 3724 1430 3778 quas
1483 3723 1511 3763 a
1563 3708 1882 3777 veriloquis

229 3797 405 3854 nobis
435 3801 733 3866 comperta
766 3800 900 3852 sunt
931 3796 1307 3865 relatoribus,
1344 3810 1512 3867 quam
1548 3796 1744 3852 verius
1785 3812 1884 3867 p-o-

221 3885 475 3953 tuimus,
504 3884 802 3954 aliquanta
820 3884 934 3953 jam
957 3886 1109 3957 stylo
1130 3885 1676 3950 commendavimus,
1698 3884 1882 3940 modis

223 3972 505 4029 omnibus
535 3972 813 4027 indecens
844 3974 964 4028 fore
996 3987 1320 4042 censemus,
1355 3973 1399 4028 si
1430 3987 1494 4027 ea
1530 3988 1656 4042 quae
1682 3977 1879 4028 nostra

228 4065 410 4117 aetate
433 4074 537 4131 per
559 4058 804 4116 eundem
831 4066 1051 4131 patrem
1078 4061 1408 4116 Divinitatis
1426 4059 1575 4115 velle
1593 4060 1877 4129 exercuit,

222 4148 495 4219 torpenti
527 4148 761 4204 silentio
792 4149 1217 4205 obtumescant.
1243 4151 1299 4203 In
1334 4148 1649 4218 szepedicto
1670 4148 1881 4219 quippe

228 4236 390 4296 beati
427 4236 697 4292 Eucherii
730 4237 995 4293 coenobio
1029 4238 1258 4307 quidam
1309 4236 1623 4307 singularis
1672 4236 1883 4292 indolis

231 4324 590 4383 adolescens
608 4330 991 4382 conversatus
1013 4329 1102 4381 est
1130 4326 1500 4382 Burchardus
1520 4325 1765 4394 nomine,
1785 4326 1881 4395 qui

223 4415 300 4472 ab
335 4414 477 4485 ipsis
512 4427 654 4485 pene
688 4415 1000 4471 cunabulis
1032 4417 1148 4470 Deo
1190 4414 1573 4485 omnipotenti
1625 4414 1883 4469 nutrien-

226 4502 339 4558 dus
373 4502 587 4558 ibidem
619 4516 649 4558 a
682 4503 1025 4573 parentibus
1071 4503 1255 4559 fuerat
1306 4502 1631 4571 delegatus,
1667 4502 1882 4573 quique

227 4590 420 4647 adhuc
456 4596 728 4661 superest
761 4605 826 4647 ac
863 4590 1093 4646 diaconi
1128 4591 1387 4660 fungitur
1418 4590 1607 4647 ofﬁcio
1641 4605 1743 4645 nec
1770 4605 1881 4646 non
1912 4561 1963 4620 D

227 4684 287 4737 et
322 4679 469 4735 mira
500 4679 758 4735 utilitate
791 4695 907 4750 prm
959 4678 1159 4735 multis
1205 4680 1409 4736 honori
1460 4683 1553 4734 est
1600 4684 1885 4735 monaste-

229 4768 339 4824 rio.
389 4809 400 4821 .
447 4809 459 4822 .
507 4810 519 4821 .
567 4810 579 4822 .
626 4809 637 4822 .
682 4769 863 4823 abbas
892 4768 1248 4837 monasterii,
1292 4769 1475 4823 beatae
1498 4767 1770 4823 videlicet
1799 4784 1884 4822 re-

233 4854 596 4913 cordationis
627 4855 1025 4911 Gunderadus.
1072 4896 1084 4909 .
1133 4897 1145 4908 .
1192 4897 1203 4909 .
1251 4898 1262 4910 .
1795 4850 1802 4856 ’

305 4944 601 4999 Hactenus
633 4942 703 4997 de
735 4943 826 4997 his
857 4942 1080 5011 egimus
1106 4958 1231 5013 qua:
1266 4944 1583 4999 domestica
1618 4948 1676 4998 et
1730 4944 1887 4998 fami-

234 5029 368 5088 liari
394 5031 681 5087 relatione
707 5030 776 5085 de
797 5031 983 5086 sancti
1008 5030 1327 5087 virtutibus
1347 5032 1452 5088 viri
1473 5032 1883 5103 comperimus,

237 5119 349 5177 hoc
377 5123 464 5177 est
500 5120 571 5175 de
601 5119 693 5175 his
726 5118 1029 5175 dumtaxat
1062 5135 1189 5189 quae
1221 5120 1313 5175 vel
1346 5120 1399 5175 in
1436 5121 1585 5177 beati
1618 5119 1886 5176 Eucharii

241 5209 491 5281 septulis
558 5208 650 5265 vel
703 5222 757 5262 in
826 5206 1087 5277 ejusdem
1136 5209 1469 5264 monasterii
1531 5207 1891 5279 appendicils

240 5298 514 5368 congruis
560 5295 929 5367 temporibus
991 5295 1305 5365 contigisse
1356 5297 1729 5362 referuntur;
1772 5298 1887 5366 jam

242 5386 387 5443 ordo
419 5386 647 5455 ﬂagitat
675 5383 1067 5453 necessarius,
1104 5387 1164 5439 ut
1200 5383 1269 5438 de
1312 5384 1674 5440 medioximis
1714 5391 1889 5455 atque

240 5476 476 5532 extimis
507 5474 580 5531 ad
613 5477 872 5529 nostram
906 5472 1171 5528 notitiam
1208 5486 1391 5541 usque
1440 5472 1659 5542 perlata
1707 5472 1891 5528 disse-

242 5578 436 5622 ramus
459 5563 674 5633 aliqua.
721 5604 733 5617 .
782 5603 793 5616 .
842 5603 852 5616 .
887 5562 984 5617 Est
1012 5576 1257 5631 namque
1290 5560 1344 5616 in
1369 5560 1567 5615 eadem
1588 5561 1890 5617 Treverica

247 5656 386 5714 urbe
411 5650 707 5727 quoddam
730 5650 1149 5709 monasterium
1170 5650 1367 5721 situm,
1393 5649 1547 5722 quod
1566 5648 1890 5719 antiquitus

1992 1959 2210 2012 magna)
2247 1944 2561 2015 parentclre
2596 1960 2778 1999 nonna
2810 1944 2881 1999 ab
2928 1943 3237 1999 cunabulis
3281 1944 3630 1997 versabatur

1990 2047 2115 2103 quae
2150 2032 2444 2089 Glismoda
2482 2034 2822 2088 vocabatur.
2869 2074 2880 2086 .
2929 2074 2940 2085 .
2986 2074 2997 2085 .

2059 2124 2351 2177 Hactenus
2405 2137 2505 2192 pro
2543 2122 2828 2191 parvitate
2882 2120 3114 2187 igniculi
3168 2120 3445 2176 divinitus
3495 2119 3633 2174 mihi

1989 2209 2185 2265 collati
2219 2209 2417 2264 audita
2455 2215 2679 2264 tantum
2712 2209 3120 2277 qualicumque
3155 2208 3379 2263 dictatu
3413 2207 3629 2273 notavi,

1989 2313 2138 2353 nunc
2159 2299 2271 2366 jam
2300 2298 2352 2352 in
2380 2297 2541 2354 calce
2568 2297 2838 2367 opusculi
2861 2297 3076 2365 aliquid
3103 2296 3246 2352 libet
3269 2296 3630 2365 depromere,

1992 2387 2142 2457 quod
2171 2387 2223 2441 in
2247 2402 2333 2441 me
2355 2387 2543 2441 virtus
2561 2386 2749 2441 divina
2774 2401 2874 2456 per
2899 2387 3127 2441 beatum
3152 2385 3378 2439 Celsum
3400 2383 3637 2452 dignata

1990 2478 2075 2527 est
2144 2474 2493 2535 ostendere;
2548 2474 2646 2529 sed
2699 2473 3087 2544 opportunius
3136 2472 3263 2539 hoc,
3295 2475 3355 2527 ut
3408 2471 3633 2541 opinor,

1990 2561 2295 2629 recitatur,
2333 2563 2375 2617 si
2414 2563 2680 2617 semotim
2710 2563 2947 2632 proprio
2972 2561 3230 2631 capitulo
3254 2564 3471 2615 utatur.
3498 2560 3635 2614 Nam

1990 2650 2141 2706 sicut
2173 2651 2241 2704 ad
2273 2650 2481 2705 divinze
2511 2650 2803 2705 cumulum
2839 2650 3026 2705 laudis
3059 2649 3300 2705 aliorum
3330 2649 3634 2704 commoda

1990 2738 2384 2793 veracissimis
2414 2739 2598 2805 gestis
2632 2738 2888 2793 inserere
2924 2752 3142 2805 magna:
3187 2736 3472 2792 mercedis
3504 2750 3635 2797 esse

1991 2826 2338 2895 dinoscitur,
2366 2827 2442 2882 ita
2471 2827 2699 2896 propria
2726 2827 2975 2881 reticere
2998 2840 3106 2880 non
3134 2825 3381 2880 minimze
3405 2825 3637 2879 damna-

1993 2914 2168 2970 tionis
2198 2914 2479 2971 creditur.
2518 2914 2826 2970 Dominicae
2862 2913 3279 2969 incarnationis
3301 2928 3450 2967 anno
3478 2915 3631 2979 1006,

1994 3003 2089 3072 qui
2120 3006 2207 3058 est
2265 3003 2501 3060 ultimus
2544 3008 2611 3058 25
2663 3001 3190 3059 decennovcnnalis
3240 3001 3385 3069 cycli
3437 3001 3493 3056 in
3547 3015 3636 3056 se-

1994 3092 2180 3146 cunda
2247 3094 2399 3148 serie
2468 3093 2657 3162 magni
2725 3093 2858 3148 anni
2921 3092 3015 3161 qui
3060 3089 3348 3162 paschalis
3398 3088 3632 3158 dicitur,

1906 3205 1965 3266 Α
1996 3181 2277 3237 undosum
2312 3182 2484 3250 hujus
2528 3181 2720 3237 mundi
2772 3180 2953 3237 salum
3000 3179 3227 3235 Christo
3274 3178 3636 3247 gubernante

1994 3270 2184 3325 nudus
2213 3271 2393 3331 evasi.
2425 3275 2480 3325 et
2516 3270 2584 3326 ad
2622 3269 2979 3327 tutissimum
3025 3268 3173 3324 beati
3206 3266 3471 3323 Eucharii
3506 3279 3640 3335 por-

1995 3361 2115 3412 tum
2149 3358 2572 3428 hospitalitatis
2601 3360 2786 3427 gratia
2818 3357 3067 3428 confugi.
3103 3359 3358 3425 Cumque
3389 3355 3459 3409 ah
3488 3352 3639 3423 ejus-

1994 3445 2123 3501 dem
2172 3447 2511 3503 monasterii
2563 3452 2729 3518 patre
2781 3461 3019 3502 summae
3069 3442 3464 3501 venerationis
3510 3442 3638 3497 viro

1995 3536 2223 3591 nomine
2258 3537 2546 3593 Richardo
2570 3537 2931 3606 germanitas
2954 3535 3095 3591 satis
3118 3548 3303 3589 essem
3330 3534 3641 3603 susceptus

1993 3630 2049 3679 et
2085 3625 2236 3679 omni
2272 3625 2578 3681 monachili
2604 3625 2914 3681 devotione
2942 3628 3252 3689 tractatus,
3282 3623 3524 3678 fratrum
3549 3635 3639 3675 me

1994 3714 2306 3769 conventui
2374 3713 2722 3768 immeritum
2779 3712 2955 3781 jussit
3012 3710 3276 3778 adunari,
3328 3724 3433 3765 nec
3478 3710 3638 3779 quasi

1994 3800 2282 3871 hOSpitem
2306 3800 2421 3869 jam
2453 3800 2553 3856 sed
2588 3800 2737 3855 sicut
2773 3798 3283 3853 familiarissimum
3316 3797 3527 3853 affatus
3549 3801 3639 3853 est

1992 3888 2371 3956 grativenam.
2423 3889 2735 3956 Postquam
2792 3888 2984 3941 autem
3028 3884 3408 3955 pusillitatem
3457 3897 3640 3940 meam

1995 3975 2298 4031 monastici
2332 3974 2554 4031 ordinis
2598 3990 2711 4029 non
2758 3973 3047 4028 minimam
3094 3970 3382 4043 persensit
3429 3972 3645 4028 habere

1995 4064 2282 4134 notitiam,
2314 4079 2441 4119 cum
2468 4079 2540 4120 ex
2566 4064 2687 4135 ipsa
2722 4061 2810 4119 sui
2860 4060 3190 4116 columbina
3240 4058 3639 4129 simplicitate,

1997 4157 2115 4207 tum
2148 4157 2206 4208 et
2237 4167 2343 4223 pro
2376 4152 2726 4208 annositatis
2772 4165 2910 4207 mea:
2943 4149 3366 4219 grandaevitate
3398 4146 3640 4203 sciolum

1995 4256 2082 4296 me
2114 4254 2239 4297 esse
2274 4244 2600 4309 autumans,
2637 4256 2766 4297 cum
2800 4254 2906 4295 nec
2940 4238 3159 4311 primis,
3192 4239 3252 4294 ut
3305 4236 3382 4291 ita
3431 4234 3639 4304 dicam,

1994 4328 2212 4385 litteris
2243 4329 2311 4384 ad
2348 4329 2577 4400 plenum
2607 4330 2839 4385 fuissem
2864 4328 3208 4397 instructus,
3237 4330 3474 4397 paterna
3502 4322 3641 4378 mihi

1993 4415 2291 4487 persuasit
2324 4414 2705 4484 auctoritate,
2739 4420 3028 4485 quatenus
3058 4412 3247 4482 aliqua
3282 4412 3335 4466 in
3371 4410 3644 4466 laudibus

1994 4504 2425 4574 Redemptoris,
2460 4503 2531 4559 de
2563 4504 2746 4560 sancti
2791 4504 2938 4559 Celsi
2974 4501 3191 4557 inclitis
3224 4499 3544 4555 virtutibus
3577 4512 3641 4553 ac

1996 4593 2294 4649 miraculis
2321 4593 2550 4648 noviter
2571 4592 2872 4659 exhibitis,
2908 4590 3128 4646 calamo
3157 4587 3291 4642 licet
3322 4587 3639 4655 rusticano,

1996 4682 2333 4753 scriptitare
2365 4681 2525 4737 nullo
2552 4686 2722 4751 pacto
2753 4678 3065 4733 differrem.
3102 4674 3202 4729 Cui
3236 4688 3374 4729 sane
3405 4688 3646 4744 persua-

1996 4770 2139 4825 sioui
2173 4784 2532 4839 nequaquam
2581 4765 2989 4835 rel‘ragandum
3039 4764 3159 4819 fore
3206 4765 3387 4829 ratus,
3428 4760 3640 4831 partim

1996 4858 2146 4912 tanti
2195 4858 2378 4927 patris
2428 4857 2735 4925 imperatu,
2788 4852 2997 4923 partim
3057 4849 3341 4905 communi
3399 4850 3642 4904 fratrum

1998 4945 2333 5015 compulsus
2363 4948 2588 5011 rogatu,
2627 4955 2811 5010 nuper
2858 4939 2911 4993 in
2943 4938 3149 4994 diebus
3178 4936 3643 5007 quadragesimae

2000 5033 2290 5089 tantillum
2352 5030 2552 5086 studui
2622 5028 2928 5083 fabricare.
3002 5027 3277 5095 Cumque,
3329 5030 3393 5080 ut
3443 5039 3643 5080 verum

2000 5124 2202 5188 fatear,
2239 5134 2341 5189 per
2375 5124 2492 5174 tres
2527 5117 2763 5173 fuissem
2796 5114 3110 5171 continuos
3145 5128 3325 5168 annos
3360 5113 3437 5167 ita
3469 5112 3649 5182 poda-

1996 5223 2116 5278 grae
2138 5207 2447 5262 intricatus
2468 5213 2693 5262 tumore
2713 5210 2886 5275 atque
2909 5202 3167 5259 crurium
3188 5199 3649 5270 exulceratione,

2001 5302 2060 5353 ut
2096 5296 2191 5350 vix
2244 5295 2449 5350 baculo
2500 5293 2817 5350 sustentari
2870 5306 3121 5363 possem,
3162 5287 3285 5345 laus
3336 5289 3487 5342 Deo!
3525 5290 3654 5343 tan-

2000 5385 2186 5455 tisper
2220 5384 2289 5439 de
2332 5386 2533 5438 sancto
2581 5381 2749 5437 Celso
2800 5380 2953 5451 quod
3006 5377 3182 5435 didici
3233 5378 3490 5447 peracto,
3530 5379 3651 5430 tam

2002 5470 2258 5544 perfecte
2282 5472 2446 5524 tanto
2472 5471 2714 5538 patrono
2738 5466 3140 5522 intercedente
3167 5461 3478 5519 restitutus
3496 5473 3655 5530 sum,

2003 5563 2298 5632 quatenus
2329 5571 2416 5614 me
2452 5555 2755 5611 Asahelem
2798 5556 2994 5627 potius
3026 5567 3195 5626 quam
3224 5546 3660 5607 claudicantem

2005 5648 2347 5706 monachum
2379 5645 2714 5704 existimare
2743 5644 2957 5715 possis.
