3990 6320
407 355 557 416 1213

1127 637 1279 726 DE
1389 632 1910 723 ABBATIA

1023 353 1288 420 GESTA
1319 351 1676 420 TREVER.
1712 389 1788 402 —
1816 347 2148 422 APPEND
2190 347 2298 416 DE
2325 348 2689 417 ABBATIA
2719 348 2787 416 Β.
2820 345 3184 416 MARTINI.

3681 349 3815 416 1241

2036 630 2472 721 SANCTI
2582 630 3086 720 MARTINI

1225 815 1313 869 EX
1347 815 1508 869 VITA
1541 813 1787 868 SANCTI
1826 810 2210 866 MAGNERICI
2253 806 2579 865 AUCTORE
2609 809 2994 867 EBERWINO

481 973 852 1045 Eberirimzs,
877 974 1062 1033 abbas
1087 977 1156 1033 S.
1182 976 1440 1033 Martini
1471 974 1860 1041 Trererensis,
1885 971 2096 1030 saeculo
2119 985 2173 1024 χι
2195 970 2438 1045 ineunte
2464 969 2531 1045 εςζ.
2560 967 3392 1045 Μααηςγξσῄᾳνσζιίςρέςοφί,
3417 969 3531 1045 qui
3550 969 3816 1045 monaste-

595 1048 692 1130 czzz'
720 1041 846 1128 tW
872 1049 1545 1130 ρνιεεναιῃςιηθατρταίι
1591 1047 1804 1130 Vitta???
1836 1041 2311 1130 Mamaea-
2347 1042 2708 1130 θολιξατςίένιί
2730 1041 3147 1130 έεξλδῖιῖεξῖίέἒ
3182 1041 3817 1130 ivstitiaene?"

406 1119 653 1187 scripsit
678 1110 806 1173 sire
831 1110 1042 1173 abeam
1073 1110 1387 1175 editionem
1417 1117 1681 1186 curarit,
1718 1115 1920 1185 ibique
1951 1114 2020 1168 de
2053 1111 2228 1168 illius
2258 1111 2523 1182 sepulcro
2554 1113 2611 1168 et
2640 1111 2711 1168 de
2713 1111 2882 1184 fatis
2904 1111 3149 1168 cenabit
3169 1111 3298 1168 lucc
3323 1111 3536 1181 iit/im
3553 1110 3783 1168 addidit
3795 1131 3813 1165 .-

485 1253 709 1321 Corpus
731 1253 858 1320 ejus
879 1251 1330 1322 (Magnericiﬁn
1347 1253 1594 1308 ecclesia
1621 1233 1788 1322 quam
1806 1250 2058 1304 diximus
2089 1230 2140 1288 Α
2176 1247 2525 1315 rcVerentia,
2553 1246 2768 1316 ubique
2789 1245 3022 1316 rapinze,
3043 1245 3255 1314 ubique
3283 1243 3592 1310 incendia;
3621 1243 3810 1298 moenia

416 1337 504 1400 (ὧν.
541 1339 801 1396 Martini
831 1341 1192 1411 Trecirmsi)
1215 1347 1303 1395 est
1324 1342 1668 1396 tumulalum
1699 1341 1827 1407 ;ubi
1848 1344 1905 1394 et
1929 1353 2059 1393 con-

414 1425 590 1496 digno
621 1443 768 1483 nunc
802 1430 1020 1484 honore
1048 1436 1374 1485 veneratur.
1411 1429 1574 1494 Quod
1605 1445 1732 1485 cum
1765 1428 2058 1498 aliquibus

411 1516 482 1570 ab
503 1516 671 1571 altari
693 1517 1114 1588 pedibusesset
1133 1520 1446 1586 humatum,
1468 1523 1586 1573 nosl
1605 1519 1681 1573 ris
1699 1517 2058 1588 temporibus

414 1605 643 1660 cuidam
676 1605 921 1660 honesto
950 1607 1074 1661 viro
1123 1607 1350 1661 nomine
1404 1607 1770 1676 llerengario,
1801 1607 2058 1676 ejusdem

417 1693 681 1748 eeclrsim
717 1696 1012 1760 monacho,
1053 1712 1152 1765 per
1181 1695 1456 1750 visionem
1497 1701 1734 1749 sanctus
1783 1693 2058 1749 sacerdos

414 1783 684 1852 apparuit
707 1789 766 1837 et
792 1789 848 1838 ut
876 1783 1188 1854 sepulchro
1211 1784 1478 1839 altarium
1505 1789 1731 1854 aptaret
1759 1784 2054 1854 prmeepit.

411 1870 574 1935 Quod
606 1870 700 1925 ille
741 1872 896 1927 velut
953 1873 1155 1926 S'illmil
1204 1872 1585 1927 deliramenta
1634 1871 2058 1942 parvipendcns

415 1957 691 2026 neglexit,
728 1961 825 2014 sed
863 1961 1066 2014 iterum
1114 1962 1362 2015 secunda
1398 1966 1489 2014 est
1533 1960 1654 2014 vice
1707 1961 2056 2028 admonitus,

413 2047 584 2100 tertia
623 2062 649 2101 a
693 2050 998 2103 sacerdote
1052 2050 1409 2119 increpalus,
1447 2048 1915 2104 reverentissimo
1964 2049 2060 2102 do-

413 2135 566 2189 mino
599 2136 857 2192 Roberto
887 2139 1166 2208 episeopo
1203 2153 1327 2207 quae
1377 2137 1601 2191 viderat
1655 2137 1875 2191 retulit.
1910 2137 2059 2191 Tune

415 2223 730 2293 episcolms
790 2225 857 2279 ad
925 2226 1230 2280 ecclesiam
1298 2226 1534 2280 veniens
1597 2230 1654 2280 et
1701 2225 1897 2279 videns
1947 2240 2060 2294 quo

417 2313 585 2367 modo
621 2327 680 2367 se
715 2329 810 2368 res
847 2314 1106 2374 haberet.
1145 2315 1462 2369 secundum
1510 2314 1822 2384 jussionem
1875 2313 2058 2368 sancti

414 2401 741 2456 sacerdotis
773 2401 1083 2471 sepulchro
1115 2403 1380 2458 altarium
1435 2408 1696 2457 sanctum
1739 2401 1916 2470 jussit
1968 2417 2061 2473 ap-

414 2488 546 2556 tari,
598 2493 655 2542 et
705 2489 973 2559 desuper,
1033 2496 1093 2546 ut
1153 2491 1330 2546 moris
1396 2496 1508 2555 est,
1567 2491 1858 2560 fastigium
1908 2505 2060 2546 com-

414 2575 567 2646 poni.

486 2664 740 2720 Ecclesia
807 2670 1000 2722 autem
1068 2667 1162 2722 illa
1214 2666 1386 2736 longo
1431 2672 1563 2722 ante
1616 2672 1874 2737 tempore
1929 2682 2058 2723 cum

420 2753 582 2808 senio
615 2762 770 2809 esset
810 2755 970 2825 lapsa
1020 2761 1077 2810 et
1125 2757 1454 2811 vastatione
1499 2757 1880 2812 Normannica
1929 2771 2058 2811 cum

414 2841 532 2912 ipsa
569 2842 806 2898 civitate
839 2858 1136 2913 succensa,
1171 2860 1199 2900 a
1247 2846 1526 2899 Rabbodo
1575 2845 1896 2900 Trevirensi
1943 2845 2062 2914 epi-

413 2945 592 3000 sc0po
624 2932 901 3000 Reginoni
937 2934 1134 2988 abbati
1192 2933 1360 3003 (531),
1400 2935 1674 3002 religioso
1727 2933 1952 2989 cuidam
2002 2937 2060 2988 et

413 3018 818 3075 ecclesiastico
849 3021 993 3090 viro,
1031 3027 1120 3077 est
1163 3023 1495 3090 commissa,
1529 3024 1649 3090 (an.
1687 3025 1963 3092 883-917),
2000 3026 2056 3077 ct

413 3107 578 3163 abeo
609 3107 662 3164 in
718 3109 1028 3180 pristinum
1085 3115 1302 3166 statum
1358 3116 1755 3182 reparata;et
1801 3111 1950 3166 sicut
2003 3111 2059 3166 in

412 3196 836 3266 antiquissimis
863 3199 1132 3254 ecclesize
1165 3199 1465 3267 cujusdam
1498 3199 1817 3270 privilegiis
1845 3199 2060 3271 reperi-

414 3298 561 3352 mus,
595 3284 763 3340 locus
801 3285 895 3340 ille
945 3301 1176 3356 semper
1224 3287 1332 3342 sub
1383 3288 1692 3344 abbatibus
1742 3294 1889 3357 erat,
1925 3287 2056 3358 quia

412 3371 601 3441 ibi,.ut
629 3373 682 3427 in
709 3373 837 3428 aliis
853 3373 1165 3444 praecipuis
1189 3377 1353 3431 urbis
1373 3376 1666 3445 ceelesiis,
1688 3377 1864 3431 statio
1887 3376 2057 3432 sedes

411 3462 468 3514 et
509 3460 715 3516 domus
745 3467 870 3516 erat
903 3463 1212 3532 pontificis,
1247 3468 1302 3518 et
1335 3479 1402 3518 ex
1433 3464 1748 3520 traditione
1774 3464 1926 3520 beati
1951 3465 2059 3519 Ma-

409 3549 631 3616 gnerici
665 3550 908 3605 abbates
941 3549 1100 3606 illius
1124 3551 1235 3607 loci
1262 3552 1696 3623 pontificalibus
1720 3552 1917 3608 infulis
1936 3558 2058 3608 ute-

414 3636 628 3692 bantur
649 3642 706 3692 et
728 3637 880 3694 vices
909 3639 1201 3710 pontificis
1215 3641 1284 3696 ad
1301 3640 1556 3696 divinum
1571 3641 1814 3697 officium
1831 3646 2055 3698 tantum

412 3724 512 3780 illo
544 3727 784 3782 absente
814 3729 1306 3798 exsequebantur.

483 3813 770 3869 Defuncto
811 3819 1001 3870 autem
1051 3816 1344 3886 Reginone
1389 3817 1617 3886 abbate,
1655 3816 1818 3872 laieis
1866 3823 1955 3871 est
1999 3817 2054 3872 in

415 3901 759 3958 beneficium
793 3903 948 3973 data,
980 3910 1036 3958 et
1070 3905 1315 3975 primum
1357 3907 1688 3976 Bertoaldo,

415 3990 540 4058 geri
573 3992 854 4062 epiSCOpi,
890 3993 1098 4048 deinde
1129 3993 1260 4049 aliis
1293 4000 1467 4064 atque
1490 3995 1620 4050 aliis
1643 3993 1935 4049 abbatiola
1957 3994 2054 4050 illa

411 4078 615 4134 divisa.
645 4079 850 4149 Sicque
879 4086 1005 4150 post
1032 4081 1153 4137 hzee
1177 4087 1440 4154 tempore
1469 4082 1687 4138 Alberti
1715 4083 1862 4151 (53-2)
1891 4083 2058 4139 ducis

411 4167 535 4222 sive
568 4167 830 4237 f‘onradi,
866 4184 994 4224 cum
1039 4186 1192 4240 szepe
1249 4172 1490 4226 maxima
1539 4176 1698 4226 esset
1747 4186 2054 4240 regnorum

414 4255 674 4310 turbatio
709 4261 883 4326 atque
917 4259 1150 4328 seditio,
1185 4260 1256 4314 ab
1288 4259 1659 4314 invasoribns
1707 4264 1922 4315 sanctae
1965 4273 2056 4314 ec-

408 4342 603 4398 clesia:
636 4344 997 4416 episcopium
1033 4361 1201 4402 omne
1233 4347 1308 4401 ita
1343 4348 1661 4418 przedatum
1693 4353 1805 4416 est,
1831 4352 1892 4402 ut
1916 4346 2054 4401 nihil

408 4432 555 4487 infra
579 4436 634 4486 et
659 4437 822 4487 extra
851 4433 1151 4490 civitatem
1178 4441 1334 4490 esset
1362 4435 1512 4504 quod
1541 4451 1648 4490 non
1681 4435 1788 4490 sibi
1823 4435 2052 4504 maligni

407 4521 706 4576 invasores
739 4522 1121 4579 vendicarent
1161 4523 1282 4578 sive
1333 4522 1654 4594 diriperent
1705 4523 1814 4577 ³⁸⁸⁸.
1850 4523 2054 4579 Nullus

407 4613 544 4664 tunc
561 4609 613 4664 in
631 4609 991 4665 sacerdotem
1009 4611 1104 4666 Dei
1121 4614 1246 4665 erat
1266 4615 1594 4682 respectus,
1613 4610 1767 4666 nulla
1794 4610 2054 4667 ecclesia:

2174 1333 2652 1402 destruebantur,
2687 1334 2974 1403 ecclesiae,
3000 1333 3400 1390 violabamur.
3423 1334 3578 1389 Tunc
3602 1346 3810 1402 quoque

2171 1429 2228 1477 ct
2263 1423 2386 1494 ipse
2419 1422 2584 1478 locus
2607 1425 2678 1478 ab
2707 1422 2953 1478 inimicis
2975 1422 3072 1477 Dei
3099 1421 3256 1478 velut
3285 1435 3316 1476 a
3340 1421 3570 1476 rabidis
3588 1419 3810 1476 canibus

2171 1516 2227 1565 et
2263 1510 2415 1582 lupis
2443 1511 2698 1576 invasus,
2737 1511 2811 1565 ita
2847 1511 3187 1566 destructus
3219 1514 3337 1579 est,
3372 1514 3436 1564 ut
3473 1513 3684 1580 praeter
3725 1523 3807 1580 pa-

2176 1601 2356 1656 rietes
2405 1600 2687 1661 ecclesiae,
2723 1615 2835 1656 non
2870 1600 3057 1655 dicam
3099 1598 3376 1668 :editicia,
3413 1597 3520 1654 sed
3554 1612 3655 1654 nec
3699 1598 3806 1668 ipsa

2175 1694 2542 1742 remanerent
2576 1689 3080 1743 fundamentorum
3125 1685 3366 1742 indicia.
3401 1685 3658 1742 Ecclesia
3689 1699 3809 1756 quo-

2173 1792 2282 1844 que
2313 1777 2513 1831 eadem
2547 1777 2782 1831 detecta
2815 1784 2990 1847 atque
3024 1777 3260 1832 deserta
3293 1775 3508 1830 bestiis
3557 1789 3805 1830 nonnum-

2173 1880 2339 1934 quam
2373 1869 2495 1919 erat
2527 1865 2743 1936 pervia.

2245 1997 2401 2054 Unde
2431 1997 2671 2053 tandem
2702 1998 3076 2054 miseratione
3119 2011 3352 2054 summa
3401 1996 3612 2053 ductus
3653 2008 3802 2052 vene-

2172 2087 2375 2143 rabilis
2404 2087 2795 2143 Theodericus
2838 2087 3152 2158 episcopus
3178 2087 3334 2157 (533)
3384 2099 3514 2142 cum
3551 2083 3661 2154 jam
3709 2096 3798 2138 suo

2172 2179 2434 2245 tempore
2460 2174 2648 2229 locum
2671 2175 2829 2244 regia
2855 2173 3209 2230 auctoritate
3226 2177 3633 2245 recuperasset
3647 2171 3793 2241 (538),

2172 2263 2400 2316 cuidam
2435 2261 2709 2331 religioso
2742 2261 2939 2318 abbati
2972 2261 3342 2332 Angilberto,
3379 2274 3550 2316 servo
3595 2259 3705 2328 Dei,
3735 2256 3794 2313 ad

2173 2349 2489 2418 regendum
2521 2349 2788 2419 tradidit,
2823 2349 3120 2406 concessis
3151 2349 3202 2405 ei
3234 2347 3536 2406 nonnullis
3574 2361 3691 2418 qua
3733 2343 3793 2401 ad

2173 2437 2418 2492 eundem
2448 2437 2637 2494 locum
2671 2439 2968 2510 pertinent
2989 2437 3486 2510 possessionibus,
3516 2433 3723 2492 scilicet
3741 2436 3794 2488 ut

2177 2525 2500 2595 regularem
2537 2526 2614 2582 ibi
2647 2527 2822 2582 vitam
2849 2525 3206 2583 instituendo
3234 2526 3638 2582 monachorum
3655 2521 3791 2576 dein-

2174 2630 2312 2684 ceps
2343 2619 2499 2670 esset
2531 2615 2933 2684 commoratio,
2969 2629 3073 2670 nec
3098 2615 3215 2685 jam
3244 2613 3302 2670 in
3328 2612 3660 2670 beneficium
3679 2621 3793 2666 con-

2173 2703 2506 2772 cederetur,
2541 2707 2601 2758 ut
2632 2703 2739 2759 bac
2770 2703 2930 2774 quasi
2975 2702 3287 2758 occasione
3333 2701 3494 2758 locus
3532 2696 3791 2771 periclita-

2175 2794 2357 2856 retur,
2394 2789 2495 2845 sed
2529 2791 2644 2846 Deo
2673 2791 3010 2860 sanctisque
3045 2789 3172 2858 ejus
3205 2790 3495 2847 serviens.
3540 2783 3788 2857 episcopi,

2172 2891 2286 2932 non
2318 2880 2694 2946 tyrannorum
2727 2877 2980 2932 dominio
3015 2875 3396 2934 subderetur.
3429 2871 3784 2942 Quividelicet

2172 2965 2351 3020 abbas
2384 2965 2847 3021 monasterialem
2885 2965 2959 3022 ibi
2985 2965 3414 3022 habitationem
3439 2965 3664 3030 faciens,
3689 2973 3785 3014 mo-

2172 3053 2358 3107 dicam
2387 3053 2617 3122 quidem
2651 3053 2752 3110 sed
2784 3053 3085 3109 honestam
3115 3055 3236 3111 Deo
3277 3051 3644 3109 servientium
3686 3060 3782 3102 mo-

2173 3140 2483 3196 nachorum
2520 3141 2639 3197 illic
2687 3141 2963 3198 adunavit
3012 3141 3541 3213 congregationem,
3571 3137 3781 3208 ejusque

2174 3230 2474 3285 industria:
2505 3230 2787 3300 bonisque
2815 3230 3026 3287 studiis
3065 3231 3384 3302 episcopus
3425 3224 3776 3297 congaudens,

2172 3333 2300 3373 cum
2333 3319 2568 3372 Romam
2603 3323 2897 3389 pergeret,
2935 3323 3352 3375 testamentum
3380 3317 3508 3373 inde
3539 3309 3779 3387 apostoli-

2176 3422 2303 3462 cum
2339 3406 2486 3478 (535)
2517 3407 2750 3477 detulit,
2785 3423 2887 3479 per
2914 3407 3066 3478 quod
3086 3407 3252 3464 locus
3275 3407 3373 3462 ille
3397 3419 3573 3474 nuper
3593 3406 3781 3458 restau-

2176 3499 2338 3550 ratus
2367 3495 2673 3566 privilegio
2711 3497 2964 3566 praefata:
2997 3496 3336 3552 traditionis
3385 3493 3650 3551 subnixus
3690 3500 3776 3544 sua

2172 3582 2450 3654 deinceps
2472 3583 2747 3640 firmitate
2773 3587 3052 3654 maneret,
3074 3583 3485 3653 monachisque
3503 3587 3776 3636 concessus

2170 3671 2427 3742 episcopi
2459 3687 2570 3726 non
2599 3671 2847 3728 alterius
2876 3672 3150 3742 potestati
3176 3675 3432 3744 pareret,
3460 3668 3664 3741 ipsique
3681 3677 3775 3718 mo-

2171 3759 2334 3814 nachi
2363 3759 2714 3828 regulariter
2739 3759 2986 3816 vivendo
3011 3760 3326 3817 secundum
3343 3753 3773 3815 constitutionem

2171 3848 2351 3904 sancti
2372 3847 2665 3903 Benedicti
2681 3848 3023 3904 electionem
3042 3863 3277 3919 quoque
3291 3847 3579 3903 haberent.
3595 3840 3769 3909 Sicque

1727 3906 1898 4008 Γνθξνί,
2089 3937 2137 3999 Ο
2171 3935 2356 3992 locum
2395 3935 2716 4007 apostolica
2764 3906 3157 4008 praeceptione
3181 3906 3486 3992 .munitum
3533 3942 3649 3986 cum
3687 3906 3770 3996 lle"
3816 3957 3818 3961 ·

2167 4024 2402 4096 aliquod
2436 4029 2666 4096 tempus
2702 4025 3024 4096 przedictns
3055 4024 3143 4080 vir
3169 4025 3566 4095 gubernassct,
3595 4016 3658 4070 ab
3683 4013 3768 4066 hac

2168 4111 2296 4168 luce
2331 4112 2580 4169 feliciter
2611 4113 2904 4169 discessit.

2238 4257 2375 4310 Post
2425 4269 2594 4325 quem
2645 4255 2884 4311 eandem
2931 4254 3159 4324 cellam,
3207 4255 3489 4310 annuente
3525 4245 3762 4317 episcopo

2166 4359 2295 4399 cum
2316 4344 2561 4399 fratrum
2589 4342 2898 4412 electione,
2923 4357 3030 4398 nos
3055 4343 3150 4413 qui
3179 4343 3303 4398 haec
3325 4337 3628 4398 scribimus,
3651 4327 3766 4382 lical

2167 4431 2406 4502 indigni,
2427 4431 2736 4500 regendam
2765 4432 3150 4503 suscepimus,
3178 4435 3232 4486 rt
3261 4441 3439 4498 usque
3461 4434 3597 4479 nunc
3617 4415 3760 4503 proul

2165 4501 2480 4592 possumus
2511 4520 2564 4574 in
2601 4520 2764 4575 vinea
2798 4501 3040 4587 Domini,
3073 4519 3228 4575 servi
3263 4513 3517 4588 quamvis
3542 4501 3758 4566 inutiles,
3818 4589 3826 4595 ι

2167 4609 2516 4665 laboramus.
2559 4651 2571 4663 .
2622 4650 2635 4664 .
2679 4651 2692 4664 .
2740 4651 2753 4664 .

1767 4725 2001 4780 νΑΒιίΕ
2032 4723 2438 4778 LECTIONES.

474 4818 568 4854 ³⁸⁸⁸
598 4822 935 4894 deriperent
961 4823 1047 4879 ed.

1999 4918 2044 4972 Ν
2051 4917 2202 4974 ΟΤιΕ

481 5041 628 5108 (531)
663 5041 798 5096 Cum
855 5041 1129 5096 Browcro
1169 5038 1377 5110 Annal.
1414 5040 1752 5094 Treverens.
1791 5039 1830 5110 Ι,
1866 5056 1918 5110 p.
1955 5043 2058 5097 440

405 5116 466 5166 et
515 5112 536 5165 l
585 5111 828 5167 Boscbio
881 5114 1004 5166 Act.
1037 5111 1130 5166 SS.
1166 5109 1203 5164 l.
1239 5111 1300 5176 1.,
1337 5126 1388 5181 p.
1433 5115 1529 5165 I75
1581 5109 2058 5181 putarim,’l{egi-

406 5195 612 5236 nonem
639 5182 1034 5237 Prumiensem
1059 5195 1191 5236 esse
1216 5181 1682 5250 intelligendum,
1706 5181 1802 5250 qui
1827 5183 2056 5238 Prumia

405 5251 686 5322 expulsus
713 5252 942 5322 Treveri
966 5252 1139 5322 ,vixit,
1178 5252 1374 5321 ibique
1407 5251 1650 5306 Ratbodi
1677 5252 1845 5320 jussu
1873 5251 2057 5309 libros

406 5321 826 5402 De;_d_i_sci.plina
855 5321 1260 5402 ecclesiastica
1296 5322 1557 5402 scripsit.

479 5393 629 5463 (532)
661 5394 931 5463 Fortasse
965 5393 1115 5448 idem
1159 5408 1324 5463 quem
1378 5391 1731 5461 Sigehardus
1776 5392 1967 5448 Mirac.
1999 5394 2054 5448 S.

407 5461 778 5534 Maximinic.
817 5467 909 5534 16,,
938 5463 1031 5517 SS.
1061 5464 1152 5534 IV,
1177 5461 1288 5519 933
1321 5464 1580 5519 nominat
1607 5480 1620 5527 ;
1647 5477 1842 5534 neque
1865 5468 2057 5520 tamen

405 5532 502 5604 hic
531 5531 649 5586 dux
702 5532 828 5604 fuit.
882 5531 1183 5604 Conradgus
1230 5548 1410 5602 gener
1460 5533 1690 5604 Ottonis
1726 5531 1763 5604 Ι
1812 5533 2056 5604 intelligi

407 5601 666 5680 videtur.
702 5600 840 5654 Nam
873 5601 942 5654 de
981 5601 1198 5680 praeliis
1232 5600 1478 5680 Conradi
1509 5608 1568 5658 et
1599 5603 1900 5659 Adalberti
1926 5618 1972 5660 s.
2003 5600 2054 5660 ῑί.

408 5671 520 5726 inc.
560 5671 655 5722 vix
685 5680 876 5722 sermo
903 5671 1032 5726 esse
1062 5675 1277 5740 potest.

2240 5043 2384 5112 ($333)
2414 5043 2476 5096 Α.
2511 5043 2802 5112 964-975η
2911 5111 2946 5112 η
3037 5111 3066 5112 η
3119 5109 3128 5112 Α
3493 5083 3699 5112 "dum:

2223 5087 2840 5195 ,ἰὲξέᾥξᾴςῖ“ο“ιὶόἱιίε
2905 5111 2950 5165 u
3017 5109 3266 5180 diploma
3342 5118 3427 5173 ap.
3493 5087 3748 5151 nontheim

2170 5184 2315 5238 llist.
2348 5184 2389 5250 Ι,
2420 5186 2540 5237 310.

2241 5255 2387 5324 (535)
2424 5250 2720 5324 Benedicti
2761 5251 2876 5324 Vill.
2908 5249 3136 5306 Editum
3171 5254 3258 5306 est
3289 5247 3407 5324 aet.
3441 5226 3742 5324 SS;':l;nl-hla):

2176 5292 2387 5378 "at?
2421 5292 2725 5378 assam;
2776 5292 3258 5390 iii'stt‘z'ai‘hié:
3288 5292 3472 5390 itii"?
3498 5292 3746 5390 Χίὲέιλέεξξ

2168 5359 2390 5474 gazas
2406 5359 3476 5464 mantaassesatnmaa
3495 5359 3742 5464 aenea...

2171 5462 2548 5518 intelligenda
2573 5467 2666 5518 est
2697 5475 2865 5518 quam
2898 5463 3019 5516 hac
3050 5461 3122 5516 ab
3145 5460 3435 5515 Eberwmo
3467 5433 3737 5518 ρρξιξηιβξζ

2171 5464 2548 5532 intelligenda
2573 5467 2666 5518 est
2697 5475 2865 5531 quam
2898 5464 3019 5516 hac
3050 5464 3122 5516 ab
3145 5464 3435 5515 Eberwmo
3467 5464 3582 5524 p95}
3607 5464 3723 5515 ευου

2171 5534 2353 5614 derici
2375 5539 2434 5614 et_
2455 5532 3210 5615 Benedictipapaitempore
3223 5508 3738 5643 scriptaﬂmsrdtclgl:

2173 5604 2316 5643 valla
2371 5605 2518 5643 Vlla:
2548 5607 2856 5643 gnhnnlnm
2885 5603 3007 5643 han!
3033 5605 3248 5643 tantum
3270 5597 3336 5643 de
3478 5585 3628 5641 artlnl

2173 5580 2353 5682 teis;
2371 5580 3736 5682 i’it-aavahtiqu—iéri'hvzectdn'tuni'de'ﬁ.‘ﬂg£li£m:

2172 5648 2434 5730 stataria
2445 5648 3450 5746 me;assentimus;esse.
3475 5652 3546 5710 cr.
3572 5648 3732 5712 θηρη-
