3990 6364
78 367 292 435 1245
896 343 1165 439 essm
1190 373 1542 441 ranvna.
1573 412 1639 424 -
1677 374 2031 442 APPEND.
2065 375 2179 441 ex
2203 376 2656 444 MIRACULIS
2687 378 2753 444 s.

3437 371 3589 441 1216

88 510 3591 534 W

814 660 973 752 EX
1077 663 1722 757 MIRACULIS
1836 665 2271 756 SANCTI
2365 666 2965 757 SYMEONIS

1326 852 1798 926 AUCTORE
1852 854 1975 925 EB
1990 855 2393 928 ERWINU

196 1020 581 1105 Εᾷςνῖσίηο
612 1023 835 1105 abbati,
861 1026 967 1105 qui
998 1042 1128 1105 cuni
1160 1028 1462 1105 Richarda
1496 1030 1857 1105 Virduneuse
1878 1029 2106 1105 abbate,
2131 1044 2204 1105 ea:
2224 1032 2384 1087 terra
2404 1032 2614 1105 sumta
2635 1032 2846 1105 reduc,
2869 1034 3215 1105 .Sﬁumeouem
3236 1030 3588 1105 inquae/tum

96 1094 509 1172 οοηῖῖῖίίξίῖιις
532 1096 681 1163 erat,
704 1097 967 1172 (Nimiam
977 1099 1184 1169 postea
1203 1102 1265 1154 iu
1286 1101 1639 1155 monasterio
1657 1116 1761 1172 suo
1784 1094 2171 1171 exceperant
2193 1117 2374 1170 uer/ue
2396 1104 2478 1157 ad
2499 1103 2733 1157 mortem
2745 1102 2823 1171 fu
2834 1094 3127 1157 miliarii/1
3140 1104 3190 1155 te
3214 1104 3329 1172 ipsi
3338 1104 3372 1171 j
3381 1102 3588 1157 unctus

98 1174 241 1241 εἴα
258 1164 316 1241 ζ,
362 1166 569 1241 Ρολητο
591 1164 1070 1239 ανσήίθρὶδσορηε
1092 1172 1271 1225 vitam
1294 1172 1487 1225 saucii
1510 1174 1580 1227 ut
1596 1164 1961 1227 ridebatur-li
1972 1174 2085 1227 mni
2095 1175 2153 1225 ui
2161 1188 2187 1225 δ’
2206 1164 2577 1228 scribendum
2605 1164 2894 1241 iujuurit.
2928 1174 3091 1236 Quod
3109 1164 3321 1227 mulius
3338 1164 3449 1229 ille
3472 1186 3589 1226 m0-

102 1232 338 1289 desto
377 1232 583 1312 animo
608 1232 870 1312 suscepit
897 1232 1069 1296 et'itu
1099 1242 1377 1297 executus
1408 1243 1510 1307 est,
1542 1244 1611 1297 ut
1641 1242 1893 1299 breviter
1922 1244 2396 1312 simpliciterque
2453 1232 2740 1300 uari-arei
2763 1258 2894 1312 (/me
2924 1232 2994 1298 (ib
3040 1244 3164 1311 ipso
3192 1244 3476 1298 audierat
3498 1242 3592 1295 vel

92 1317 447 1432 graviscae;
463 1308 730 1433 ﬁderat.
784 1312 921 1392 [fisz
944 1313 1230 1367 uouuullu
1252 1314 1390 1381 post
1415 1314 1657 1369 mortem
1674 1316 1854 1386 facta
1884 1308 2176 1370 miracula
2205 1308 2447 1385 adjecit,
2484 1308 2785 1384 totumyué
2816 1330 2958 1384 opus
2989 1308 3249 1384 Poppoui
3280 1313 3597 1382 inscripsit

361 1392 457 1434 ms
547 1394 585 1434 ιι
614 1394 920 1434 memisse
948 1404 967 1434 .-

344 1393 585 1447 ῃηειοία
608 1394 920 1449 prcemzssa
948 1404 967 1438 .'

206 1511 501 1566 Domino
533 1517 592 1567 et
624 1514 939 1570 venerabili
974 1517 1230 1586 Pepponi
1263 1517 1699 1588 archiepiscopo
1723 1519 1833 1572 fra-
1860 1518 1916 1581 A
1950 1520 2088 1575 fisus
2121 1519 2295 1587 igitur
2318 1519 2387 1573 de
2407 1519 2501 1573 Dei
2525 1518 2833 1587 adjutorio,
2861 1518 2979 1572 tuis
3004 1518 3367 1584 jussionihus
3396 1531 3591 1586 quam-

114 1599 242 1653 ter
310 1600 696 1669 Eberwinus,
750 1604 979 1659 abbatis
1012 1606 1238 1661 nomine
1269 1606 1553 1675 indignus,
1589 1606 1835 1661 devotus
1946 1609 2033 1664 vis
2084 1614 2338 1663 tremens
2387 1610 2770 1677 obtempero;
2807 1605 2977 1676 plano
3030 1606 3189 1660 brevi
3236 1610 3296 1660 et
3341 1604 3587 1675 simplici

123 1688 500 1758 utriusque
534 1690 779 1745 hominis
828 1693 1156 1748 famulatus.
1191 1696 1383 1749 Mones
1430 1695 1598 1748 immo
1641 1695 1830 1763 jubcs,
1946 1711 2215 1751 sermone
2249 1696 2590 1750 describens
2616 1712 2742 1764 qum
2766 1694 2855 1747 vel
2882 1694 3004 1763 ipse
3030 1710 3097 1749 ex
3120 1694 3246 1761 ejus
3272 1708 3371 1747 ore
3398 1694 3590 1747 audivi

121 1777 1049 1851 sanctissimepater,utimpar
1074 1782 1322 1849 ingenio,
1342 1782 1829 1853 stultuseloquio,
1945 1785 2030 1840 vel
2068 1802 2093 1838 a
2129 1785 2397 1839 fidelibus
2431 1784 2573 1839 viris
2604 1784 2674 1837 ab
2713 1784 2834 1852 ipso
2865 1784 3060 1837 audita
3098 1784 3221 1837 sive.
3250 1784 3319 1836 de
3346 1783 3590 1836 miracu-

122 1864 414 1934 aliquid
447 1867 518 1921 de
550 1867 665 1921 vita
694 1873 753 1922 et
784 1871 1227 1933 conversatione
1258 1876 1315 1926 et
1364 1871 1526 1924 obitu
1576 1871 1679 1924 viri
1734 1870 1829 1925 Dci
1946 1872 2014 1926 lis
2048 1874 2161 1926 visa
2200 1872 2394 1926 didici.
2429 1873 2526 1927 Tui
2560 1872 2737 1937 igitur
2769 1871 3050 1925 examinis
3092 1879 3183 1925 est
3220 1870 3505 1939 judicare,
3542 1869 3591 1923 si

127 1953 489 2021 Symeonis
521 1959 580 2009 et
612 1955 682 2010 dc
712 1955 1006 2012 miraculis
1053 1974 1179 2027 quas
1227 1974 1330 2028 per
1378 1974 1506 2013 eum
1556 1959 1830 2013 Dominus
1944 1962 2097 2017 istud
2130 1961 2423 2015 tantillum
2477 1976 2619 2029 opus
2661 1960 2866 2028 jubeas
2914 1960 2964 2013 in
3017 1959 3310 2029 publicum
3363 1958 3581 2026 venire,

126 2048 473 2113 operatus
495 2049 583 2099 est
610 2045 928 2101 edisseram
950 2047 1266 2117 multisque
1292 2048 1358 2103 ad
1389 2048 1613 2103 laudem
1637 2052 1691 2101 ct
1716 2047 1832 2115 glo—
1941 2050 2061 2105 sive
2092 2049 2207 2102 tuis
2236 2048 2563 2103 scolasticis
2606 2048 2673 2101 ad
2728 2048 3134 2115 corrigendum
3187 2046 3584 2102 exornandam

132 2130 328 2185 riam
363 2133 591 2187 Domini
646 2133 1116 2192 desiderantibus
1158 2137 1307 2191 scire
1357 2144 1551 2191 notum
1603 2136 1824 2191 faciam.
1942 2137 2372 2192 dilatandumvc
2400 2138 2676 2191 tribuere.
2706 2136 2996 2206 Quidquid
3022 2136 3171 2189 enim
3198 2135 3249 2189 in
3279 2149 3366 2189 me
3391 2148 3585 2204 repre-

132 2218 393 2274 Fateor
420 2221 641 2286 grande
674 2236 821 2278 onus
856 2223 987 2277 mihi
1022 2224 1248 2279 infirmo
1284 2224 1549 2294 imponis,
1586 2225 1827 2279 maxime
1939 2226 2246 2291 bendctur,
2283 2225 2387 2279 tibi
2426 2225 2618 2294 potius
2651 2224 3011 2295 preecipienti
3048 2238 3214 2293 quam
3260 2223 3393 2277 mihi
3446 2224 3583 2277 obe-

133 2321 309 2363 cum
341 2313 473 2363 toto
508 2324 752 2380 corpore
783 2310 993 2366 debilis
1026 2312 1387 2367 tremendum
1422 2313 1519 2366 Dei
1547 2312 1827 2380 judicium
1941 2315 2119 2369 clienti
2154 2314 2488 2369 necessario
2519 2314 2920 2383 imputabitur.

142 2399 618 2469 pertimescam,
652 2401 699 2455 si
732 2400 950 2470 aliquid
993 2402 1265 2459 falsitatis
1314 2404 1655 2470 contingam.
1690 2402 1829 2456 (Ion-

258 2531 567 2606 Vitgz/zeec,
594 2547 725 2602 qua
752 2533 816 2588 iu
837 2536 1047 2591 multis
1068 2537 1268 2591 exs/at
1286 2535 1604 2597 codicibus.
1631 2548 1882 2606 quorum.
1911 2536 1966 2590 et
1991 2537 2116 2604 ipse
2139 2536 2342 2604 plures
2372 2536 2499 2591 ridi
2532 2549 2716 2606 neque
2749 2537 2941 2591 tamen
2973 2534 3282 2606 exscripsi,
3311 2532 3469 2606 edito
3506 2532 3597 2606 est

146 2603 720 2731 ﬁczéS'SkJuuéﬁlg
745 2622 805 2674 1).
838 2610 926 2675 89,
957 2606 1096 2663 Μαὸ
1131 2608 1267 2662 lim.
1306 2609 1427 2663 Act.
1464 2608 1586 2662 0rd.
1613 2603 1678 2663 δ’.
1714 2603 2022 2663 Benedicti
2069 2603 2161 2673 Vl,
2184 2622 2241 2676 p.
2269 2612 2388 2661 372.
2422 2603 2991 2675 Qumdumexcerpla
3012 2605 3253 2661 ezlzibet
3272 2603 3592 2658 Hont/zeim

224 2690 271 2728 τ·
358 2690 409 2728 ν.
482 2717 496 2731 .
529 2692 580 2731 n.
725 2719 735 2731 .

224 2690 409 2728 rear.
445 2690 496 2741 ι,
528 2692 580 2741 ρ.
615 2690 735 2731 una.

246 2746 611 2815 Symeouem
645 2761 717 2801 ea:
743 2749 1099 2804 monasterio
1128 2749 1344 2803 montis
1373 2749 1555 2802 Sinni
1590 2751 1646 2802 ἰν
1679 2748 2031 2803 neci/lentem
2051 2749 2297 2803 missum
2322 2747 2391 2801 ut
2404 2747 2688 2816 pecunias
2708 2761 2747 2803 α
2768 2746 3068 2803 Riclzardo
3090 2745 3592 2802 Nortmaunorum

158 2814 334 2873 duce
352 2819 692 2885 promissas
722 2818 1046 2889 colligeret,
1081 2821 1410 2876 Antiochia
1439 2820 1794 2875 Eberieiuus
1828 2819 2059 2874 invenit
2085 2821 2191 2887 qui
2224 2820 2311 2873 ita
2342 2814 2560 2874 aur-rat
2587 2839 2605 2873 .-

248 2966 332 3020 Ea
370 2965 550 3034 igitur
578 2970 928 3037 tempestate
958 2969 1241 3037 contingit
1273 2969 1622 3025 Richardum
1658 2969 1830 3024 abba-
1865 2969 1913 3026 Β
1946 2968 2055 3023 sibi
2081 2982 2356 3038 reSjionsa
2380 2968 2566 3037 daret,
2595 2966 2995 3021 moestitiealus
3020 2962 3462 3034 aliquantulum.
3510 3006 3521 3017 .
3568 3004 3580 3015 .

155 3056 324 3122 tem,
364 3054 548 3109 virum
583 3056 858 3125 perfectis
887 3057 1549 3128 virisimitabilem,pia:
1574 3058 1832 3112 devotio-
1948 3057 2083 3127 quid
2153 3062 2349 3123 ageret
2420 3056 2628 3125 (μιωινίι
2689 3054 3019 3120 consilium,
3074 3051 3344 3107 Occurrit
3396 3055 3589 3107 autem

162 3140 272 3196 nis
300 3141 503 3210 gratia
530 3149 729 3199 sancta
760 3145 1171 3215 Hierosolyma}
1207 3147 1353 3201 velle
1387 3147 1639 3202 invisere
1682 3146 1828 3200 loca.
1948 3145 2154 3213 animo,
2180 3150 2423 3199 utsuum
2445 3145 2809 3199 carissinmm
2835 3148 3073 3213 patrem,
3104 3140 3452 3195 Richardum
3480 3138 3590 3194 sci-

161 3229 327 3285 Dum
358 3243 501 3300 ergo
536 3246 636 3302 per
666 3233 1026 3289 Antiochiam
1063 3234 1172 3288 iter
1203 3235 1611 3290 habuissemus
1638 3234 1833 3303 ibique
1949 3232 2083 3288 licet
2118 3234 2405 3301 abbatem,
2434 3248 2653 3302 nosque
2673 3247 2810 3287 suos
2835 3232 3079 3285 comites
3104 3229 3408 3293 inviseret;
3437 3227 3588 3297 quod

165 3318 553 3375 necessitate
577 3318 1831 3391 itineriseogentealiquamdiumoraremur,
1949 3326 2003 3375 et
2038 3322 2190 3377 fecit.
2235 3323 2341 3376 Pcr
2392 3322 2624 3390 longum
2674 3326 2863 3376 autem
2920 3326 3145 3391 tempus
3195 3320 3451 3372 moratus
3498 3320 3593 3371 cst

166 3406 444 3463 famulus
476 3407 574 3463 Dei
608 3408 849 3479 Symeon
877 3410 1116 3479 junctus
1147 3416 1232 3466 est
1262 3412 1430 3467 nobis
1458 3411 1509 3465 in
1558 3411 1833 3481 amicitia,
1952 3410 2273 3477 nobiseum,
2307 3416 2362 3464 et
2400 3416 2461 3465 ut
2497 3410 2749 3465 breviter
2783 3408 2875 3440 ³⁸⁴τ⁸
2916 3408 3275 3471 concludam,
3313 3404 3587 3476 quamdiu

170 3494 534 3565 praedictum
570 3499 840 3554 abbatem
880 3499 1228 3555 Richardum
1282 3501 1566 3569 adeptans
1617 3500 1726 3555 sibi
1782 3500 1835 3555 in
1950 3500 2102 3569 apud
2140 3514 2242 3553 nos
2276 3499 2505 3562 mansit,
2541 3496 3138 3568 irreprebensibiliter
3168 3495 3330 3549 vixit.

174 3588 450 3654 patrem;
487 3586 581 3642 cui
605 3601 735 3641 cum
762 3587 1133 3658 exposuisset
1160 3604 1263 3658 per
1288 3589 1548 3644 ordinem
1578 3604 1703 3658 qua}
1729 3587 1837 3643 sibi
2026 3590 2247 3643 interea
2283 3588 2549 3643 dminus
2597 3589 2793 3657 Poppo
2844 3585 3336 3656 archiepiscopus,
3371 3585 3586 3635 sanctze

173 3672 450 3741 injuncta
480 3679 675 3730 essent
698 3674 787 3731 vel
814 3691 940 3745 quae
960 3676 1366 3746 contigissent,
1395 3677 1637 3743 addidit,
1668 3676 1841 3731 nullis
1952 3676 2311 3731 Trevirensis
2334 3675 2597 3731 ecclesitc
2622 3679 2897 3730 strenuus
2921 3675 3207 3743 provisor,
3234 3671 3474 3725 audiens
3500 3667 3597 3723 de-

178 3761 474 3834 periculis
496 3760 584 3818 vel
610 3763 895 3833 angustiis
914 3778 974 3819 se
1000 3765 1433 3835 retineriposse
1457 3766 1590 3835 quin
1614 3765 1841 3820 abbatis
1954 3768 2087 3819 vote
2117 3765 2459 3834 prophetam
2496 3763 2565 3817 de
2600 3763 2826 3816 Christo
2860 3762 3145 3816 (licentem
3181 3780 3191 3813 :
3230 3761 3307 3815 Ει
3348 3758 3465 3813 erit
3511 3771 3595 3813 se-

182 3850 279 3906 sui
316 3849 589 3906 mandata
626 3850 894 3922 impleret
927 3868 1032 3923 pro
1060 3868 1250 3922 posse.
1276 3854 1428 3908 Imus
1453 3869 1590 3922 ergo
1612 3859 1667 3908 et
1696 3852 1843 3907 redi-
1947 3853 2220 3922 pulcrum
2236 3850 2882 3921 ejusgloriosum(Isai.
2904 3865 2961 3917 ιι,
2984 3848 3293 3918 10),gratia
3310 3845 3594 3901 orationis

190 3953 353 4008 mus,
387 3953 636 4008 eumque
661 3940 959 3996 nobiscum
986 3941 1180 3996 venire
1207 3949 1470 4011 paratum
1497 3942 1836 3998 invenimus.
1953 3939 2392 3995 "ierosolimam
2425 3938 2546 4007 ivit,
2583 3938 2848 4005 huncque
2882 3936 3154 3990 fanmlum
3190 3934 3285 3988 Dei
3320 3934 3511 3988 eundo
3536 3938 3595 3987 et

183 4026 455 4097 Cumque
488 4027 540 4082 in
575 4028 858 4083 comitatu
894 4034 1098 4084 nostro
1132 4036 1289 4085 esset
1332 4031 1666 4099 frequenter
1700 4031 1843 4101 inju-

182 4114 384 4169 riatus
415 4118 591 4185 atque
624 4114 971 4183 ﬂagellatus,
1010 4118 1173 4186 quasi
1222 4116 1523 4172 mitissima
1571 4117 1697 4171 ovis
1749 4132 1843 4186 pa-

187 4202 414 4257 tienter
444 4203 716 4273 portavit.
751 4204 1164 4259 Pervenicntcs
1188 4205 1382 4274 itaque
1408 4219 1588 4274 usque
1611 4205 1678 4259 ad
1705 4205 1839 4259 civi-

184 4294 373 4345 tatem
406 4289 823 4360 Bellegradam,
857 4307 983 4361 quae
1015 4297 1103 4348 est
1155 4292 1208 4346 in
1248 4293 1499 4347 confinio
1546 4291 1816 4361 Bulgario
1874 4324 1920 4384 Ο

186 4389 321 4434 rum
365 4381 541 4448 atque
590 4379 993 4447 Ungariorum,
1051 4394 1081 4435 a
1134 4380 1393 4435 civitatis
1443 4379 1837 4435 infelicissimo

189 4466 460 4539 principe
493 4467 823 4538 prohibitus
851 4474 941 4523 est
993 4470 1295 4524 nobiscum
1347 4468 1618 4524 transire.
1660 4470 1838 4538 igitur

191 4553 343 4609 ﬂens
366 4558 424 4609 et
447 4556 562 4610 Deo
587 4556 807 4625 gratias
824 4570 1020 4625 agens,
1049 4557 1284 4626 reliquit
1309 4572 1414 4611 nos
1443 4556 1642 4611 tristes
1666 4563 1838 4625 atque

192 4641 423 4698 ﬂentes.
460 4644 598 4699 Post
626 4642 716 4676 ³⁸⁸⁷
750 4644 962 4700 multas
986 4644 1234 4715 denique
1258 4646 1560 4714 angustias
1580 4650 1633 4700 et
1665 4645 1840 4700 Iatro-

193 4746 329 4787 num
358 4730 602 4786 insidias
636 4733 953 4789 revertitur
982 4748 1165 4803 usque
1198 4734 1266 4789 ad
1288 4749 1479 4798 mare;
1512 4748 1625 4803 quo
1648 4738 1839 4788 trans-

193 4831 327 4878 acto
359 4834 817 4892 prosperumque
848 4822 960 4877 iter
990 4822 1224 4889 faciens,
1257 4838 1357 4895 per
1382 4825 1612 4878 Romam
1640 4839 1842 4894 perve-

196 4911 281 4966 nit
313 4910 370 4964 in
406 4909 721 4965 Franciam.
761 4912 802 4964 A
837 4911 1081 4981 quodam
1114 4911 1293 4980 igitur
1322 4913 1434 4967 sibi
1464 4918 1601 4967 noto
1626 4913 1838 4968 comite

196 4997 504 5054 Wilhelmo
539 4998 781 5066 benigne
808 5000 1123 5069 suscipitur
1145 5005 1202 5053 et
1233 5000 1382 5071 apud
1409 5016 1537 5057 cum
1564 5001 1841 5071 aliquam-

199 5085 295 5144 diu
340 5090 625 5143 moratur.
672 5130 680 5138 .
734 5128 744 5140 .
801 5129 811 5140 .
860 5129 870 5140 .
921 5129 931 5141 .
982 5129 994 5142 .
1034 5087 1190 5143 venit
1240 5090 1679 5159 ltotbomagum,
1713 5106 1838 5160 qua:

199 5181 289 5231 est
317 5175 531 5230 civitas
564 5175 1050 5230 Nortmannorum
1080 5176 1462 5245 nobilissima,
1498 5180 1681 5234 sancti
1731 5182 1839 5235 Au-

200 5264 365 5321 doeni
384 5264 745 5321 confessoris
768 5278 1016 5335 corpore
1039 5270 1098 5320 et
1115 5266 1338 5322 meritis
1352 5267 1517 5322 valde
1534 5268 1833 5337 praeclara.

201 5354 302 5411 Ubi
330 5369 460 5411 cum
492 5352 844 5410 Ricbardum
876 5353 1142 5409 comitem
1170 5354 1286 5421 jam
1337 5359 1624 5409 mortuum
1680 5371 1839 5426 repe-

204 5442 370 5500 tisset
402 5447 464 5499 et
495 5441 567 5497 de
601 5441 843 5514 pecunia
874 5446 932 5497 et
976 5456 1176 5511 censu,
1209 5442 1306 5513 qui
1356 5443 1425 5497 de
1472 5446 1625 5497 terra
1680 5443 1837 5499 illius

206 5548 301 5604 pro
340 5532 656 5590 elemosina
711 5546 817 5590 suo
863 5531 1216 5588 monasterio
1269 5531 1613 5601 debebatur,
1644 5531 1839 5588 nullus

1955 4028 2250 4083 redeundo
2275 4042 2464 4083 secum
2483 4026 2881 4081 comitatorcm
2900 4039 2962 4078 ac
2978 4023 3373 4078 conviatorcm
3391 4021 3593 4075 habuit

1952 4117 2121 4185 eique
2156 4123 2284 4186 post
2320 4116 2568 4170 reditum
2604 4114 2657 4168 in
2695 4129 2800 4169 suo
2840 4113 3181 4184 episcopatu
3228 4122 3594 4179 quocumque

1953 4204 2127 4259 vellet
2165 4220 2286 4258 man
2312 4204 2426 4258 ‘ndi
2464 4202 2796 4259 facultatem
2848 4201 3061 4256 obtulit
3108 4205 3165 4255 et
3206 4196 3594 4252 libentissime

1951 4293 2260 4348 concessit.
2316 4294 2394 4347 Ex
2448 4290 2804 4347 revelatione
2843 4290 3017 4359 igitur
3062 4288 3159 4342 Dei
3210 4288 3596 4358 prospectans

1951 4381 2055 4437 sibi
2090 4381 2277 4436 locum
2313 4382 2550 4449 Symcou
2590 4379 2836 4435 famulus
2872 4377 3104 4445 Christi,
3139 4375 3233 4431 ubi
3274 4374 3433 4429 solus
3469 4387 3595 4443 pos-

1950 4476 2032 4527 ειςι
2065 4485 2271 4527 vacare
2305 4469 2577 4537 orationi,
2616 4469 2665 4522 in
2706 4468 2850 4524 turri
2886 4484 3011 4536 qua)
3036 4471 3202 4520 antea
3230 4464 3400 4530 Nigra
3427 4464 3590 4531 porta

1949 4561 2288 4628 vocabatur,
2328 4573 2564 4629 parvum
2600 4558 2892 4626 tugurium
2917 4554 3162 4625 expetiit
3185 4570 3199 4619 ;
3225 4552 3317 4607 ubi
3342 4550 3589 4605 domnus

1950 4647 2163 4721 praesul
2196 4648 2412 4717 Poppo,
2453 4650 2738 4716 praesente
2771 4646 2928 4700 clero
2950 4650 3005 4699 et
3034 4640 3265 4713 populo,
3294 4638 3345 4691 in
3374 4636 3588 4691 festivi-

1949 4741 2067 4792 tate
2098 4735 2281 4791 sancti
2316 4734 2559 4789 Andreze
2593 4732 2752 4787 illum
2781 4732 3039 4788 reclusit.
3086 4773 3097 4784 .
3148 4772 3159 4783 .
3206 4769 3216 4781 .
3268 4769 3278 4780 .
3328 4768 3338 4779 .
3384 4767 3393 4777 .
3444 4765 3456 4777 .
3504 4764 3516 4775 .
3568 4766 3578 4776 .

2018 4828 2172 4879 'I‘unc
2216 4822 2498 4893 siquidem
2543 4821 2847 4891 temporis,
2898 4818 3151 4891 peccatis
3202 4812 3418 4871 nostris
3462 4827 3588 4883 pro-

1951 4913 2333 4978 merentibus,
2356 4909 2526 4964 nimia
2552 4922 2830 4978 aquarum
2858 4907 3192 4964 inundantia
3220 4903 3461 4960 increvit
3488 4916 3591 4957 sre-

1948 5003 2117 5058 culis.
2154 5003 2335 5055 Causa
2387 4997 2628 5068 periculi
2682 4997 2853 5066 hujus
2901 4998 3145 5067 Symeon
3194 4992 3592 5065 imputabatur

1950 5092 2020 5146 ab
2048 5088 2337 5156 omnibus,
2372 5087 2522 5142 hunc
2554 5084 2874 5141 maleﬁcum
2908 5099 3061 5153 csse,
3098 5101 3203 5155 pro
3245 5082 3365 5138 suis
3411 5078 3591 5135 scele-

1951 5179 2111 5233 ribus
2144 5179 2251 5231 hoc
2284 5174 2492 5231 malum
2528 5173 2738 5229 mundo
2787 5172 3120 5236 imminere;
3154 5177 3211 5226 ut
3265 5171 3593 5239 deponatur

1948 5280 1976 5321 a
2026 5264 2316 5336 pontifice,
2372 5262 2622 5334 populus
2676 5260 2951 5315 acclamat
3001 5257 3280 5327 quotidie.
3317 5258 3399 5310 Ex
3445 5253 3589 5309 urbe

1947 5353 2179 5407 tandem
2210 5366 2492 5406 occursus
2528 5351 2740 5419 agitur,
2777 5348 2843 5401 ad
2877 5344 3145 5403 cellulam
3175 5343 3282 5396 viri
3328 5341 3425 5396 Dei
3461 5353 3592 5409 pro-

1948 5445 2222 5512 peratur;
2258 5454 2394 5495 saxa
2427 5441 2480 5494 in
2508 5439 2683 5494 altum
2705 5436 3039 5508 projiciunt,
3067 5429 3283 5501 tugurii
3308 5429 3592 5482 fenestras

1948 5529 2223 5595 obruunt,
2258 5530 2592 5598 Symeonem
2623 5525 2881 5598 lapidare
2918 5519 3297 5579 contendunt.
3335 5513 3599 5567 Vidimus

1561 5643 1796 5701 VARIAS
1837 5644 2233 5701 LECTIONES.

264 5719 351 5756 ³⁸⁸⁷
377 5722 494 5778 Per
524 5718 614 5778 ad.
695 5715 789 5751 ³⁸⁸⁸
820 5716 1029 5774 leviter
1060 5716 1146 5776 ad.
